4072 6078
360 306 466 356 685

1618 292 2005 350 DlStJll’LlNA
2044 292 2441 352 CLERICALIS

3548 314 3649 365 (586

346 440 474 480 nem
502 420 820 494 madidum
848 428 901 478 ει
931 419 1095 477 ﬁliam
1126 434 1306 477 meum
1336 434 1579 479 amorem
1599 460 1612 487 ,
1645 433 1943 491 numquam
1970 417 2026 476 A
2053 432 2420 493 consurgens,
2453 421 2603 477 venit
2631 423 2703 478 ad
2734 424 2933 482 ostium
2964 435 3018 486 et
3047 438 3296 501 apertum
3321 430 3534 503 clausit,
3562 434 3659 490 tiro

346 510 402 567 in
449 528 644 569 canem
691 518 995 566 mutaretur
1044 507 1179 565 tilia.
1233 509 1330 567 Cui
1378 509 1453 566 ait
1501 507 1695 567 mulier
1740 511 1938 565 casta:

348 608 595 664 Obsecro
616 615 674 667 ut
702 604 993 665 consilium
1024 606 1187 675 hujus
1219 606 1292 661 rei
1325 605 1452 663 utile
1484 604 1666 669 dicas,
1703 619 1773 659 ne
1805 620 1940 673 pro-

344 699 461 771 pria
496 696 671 753 forma
701 695 906 769 privata
936 694 1143 752 eﬂiciar
1170 694 1443 749 canicula.
1484 697 1710 750 Aunus:
1747 692 1939 747 Liben-

344 797 427 841 ter
463 802 560 857 pro
591 785 690 839 Dei
714 801 901 841 amore
923 793 973 840 et
1002 783 1243 839 remedio
1278 782 1473 837 anima:
1518 797 1689 850 mem,
1728 791 1781 839 et
1815 780 1939 853 quia

341 874 611 929 misereor
656 872 733 928 tui
780 873 924 929 hunc
962 872 1329 942 supradictum
1373 870 1635 941 juvenem
1675 884 1934 940 quaeram,

342 980 394 1039 et
424 972 470 1028 si
501 986 607 1042 quo
639 970 889 1026 invenire
920 978 1127 1041 potero,
1159 970 1233 1025 ad
1262 978 1313 1024 te
1343 968 1625 1025 reducam.
1675 966 1771 1023 Cui
1796 982 1935 1039 gra-

340 1061 441 1115 tias
465 1060 575 1133 egit
605 1059 819 1126 mulier,
854 1067 907 1113 et
946 1059 1026 1114 sic
1074 1074 1212 1114 anus
1260 1055 1555 1114 artificiosa
1585 1056 1742 1113 dictis
1772 1055 1935 1113 fidem

333 1148 587 1220 praebuit.
624 1146 796 1217 Quem
828 1147 1078 1219 promisit
1098 1146 1615 1217 reduxitjnvenem,
1650 1154 1697 1201 et
1730 1144 1811 1202 sic
1839 1160 1936 1202 eos

335 1236 656 1292 adsociavit.

404 1333 716 1405 Discipulus
744 1333 1005 1408 magistro
1038 1351 1050 1388 :
1081 1334 1373 1408 Nunquam
1415 1326 1596 1391 audivi
1627 1343 1731 1391 tam
1764 1334 1932 1390 mira-

327 1422 438 1478 bile
469 1423 617 1497 quod
646 1431 698 1478 et
726 1432 853 1494 puto
884 1422 998 1477 fieri
1044 1432 1162 1478 arte
1206 1422 1450 1494 dyaboli.
1507 1423 1768 1494 Magister
1801 1441 1812 1478 :
1848 1424 1928 1479 Ne

325 1522 572 1578 dubites.
608 1521 951 1592 Discipulus:
987 1522 1162 1592 Spero
1184 1522 1329 1593 quod
1352 1522 1397 1581 si
1427 1521 1548 1594 quis
1577 1529 1687 1577 tam
1710 1522 1930 1592 sapiens

327 1610 427 1681 erit
451 1619 509 1666 ut
537 1626 756 1680 semper
785 1609 974 1663 timeat
1003 1625 1063 1664 se
1094 1626 1261 1679 posse
1291 1609 1473 1681 decipi
1504 1618 1621 1666 arte
1655 1610 1923 1677 mulieris,

327 1696 574 1754 forsitam
606 1699 675 1753 ab
704 1698 851 1755 illius
882 1697 1102 1771 ingenio
1133 1714 1193 1753 se
1225 1698 1504 1753 custodire
1536 1698 1760 1754 valebit.
1802 1699 1921 1752 Ma-

2051 516 2237 581 mavit,
2286 517 2581 575 fenestram
2627 524 2894 591 ascendit,
2940 526 3198 598 stetitque
3242 528 3319 583 ibi
3345 529 3524 589 donec
3558 531 3651 588 in-

2048 604 2275 660 camisia
2305 622 2529 662 uxorem
2568 626 2724 667 suam
2768 623 3136 670 revertentem
3183 616 3336 682 vidit,
3389 636 3509 690 qua
3539 621 3651 677 do-

2052 706 2195 745 mum
2240 694 2456 750 rediens
2505 697 2703 753 ostium
2734 700 2988 771 pulsavit.
3035 704 3130 760 Vir
3174 705 3458 762 mulierem
3490 724 3647 766 suam

2047 788 2282 846 audiens
2314 799 2367 849 et
2396 792 2606 861 videns,
2656 810 2723 853 ae
2771 795 2819 853 si
2865 800 3103 859 nesciret
3138 801 3503 876 interrogavit
3529 807 3652 878 quis

2047 886 2216 965 esset.
2248 883 2315 937 At
2335 879 2450 951 ipsa
2473 882 2649 961 culpa:
2679 886 2892 943 veniam
2914 897 3104 958 petens
3124 898 3180 946 et
3202 908 3504 965 numquam
3531 912 3647 952 am-

2046 964 2188 1033 plius
2218 983 2277 1022 se
2309 969 2411 1023 hoc
2436 969 2711 1026 facturum
2735 975 3061 1045 promittens
3100 978 3233 1035 nihil
3269 964 3517 1052 profecit,
3543 988 3643 1045 sed

2043 1061 2130 1115 vir
2159 1063 2327 1119 iratus
2357 1064 2431 1119 ait
2459 1068 2605 1139 quod
2634 1085 2756 1124 eam
2785 1088 2893 1128 non
2923 1072 3131 1133 intrare
3160 1079 3523 1149 permitteret,
3541 1084 3640 1139 sed

2043 1165 2166 1205 esse
2195 1168 2348 1208 suum
2373 1154 2486 1211 suis
2507 1159 2825 1226 parentibus
2847 1164 3184 1221 ostenderet.
3216 1172 3285 1223 At
3311 1168 3428 1241 ipsa
3460 1172 3639 1243 magis

2041 1255 2093 1336 et
2123 1248 2299 1323 magis
2329 1250 2573 1311 clamans
2602 1254 2736 1311 dixit
2766 1258 2913 1329 quod
2934 1259 3039 1315 nisi
3071 1263 3275 1319 ostium
3305 1266 3629 1336 recluderet,

2034 1335 2095 1390 in
2125 1343 2348 1406 puteum
2380 1340 2468 1410 qui
2492 1341 2647 1411 juxta
2683 1345 2902 1403 domum
2932 1356 3047 1404 erat
3076 1349 3266 1407 saliret
3293 1364 3345 1407 et
3370 1355 3444 1410 ita
3468 1335 3633 1415 vitam

2037 1422 2234 1516 finiret,
2268 1427 2455 1516 sicque
2477 1430 2547 1484 de
2577 1441 2749 1487 morte
2781 1451 2880 1490 sua
2908 1436 3099 1493 amicis
3128 1446 3182 1494 et
3211 1442 3530 1516 propinquis
3554 1463 3630 1504 ra:

2035 1511 2236 1567 tionem
2267 1515 2541 1575 redderet.
2574 1520 2817 1590 Sepretis
2832 1523 2995 1584 minis
3015 1511 3266 1583 dominus
3297 1511 3633 1591 suae—mulie-

2032 1600 2129 1667 ris,
2162 1600 2368 1660 intrare
2399 1622 2506 1659 non
2537 1607 2806 1677 permisit.
2842 1611 3034 1667 Mulier
3063 1629 3195 1671 vero
3229 1616 3395 1687 plena
3431 1628 3544 1678 arte
3574 1630 3629 1679 et

2033 1688 2328 1781 calliditate
2342 1694 2576 1781 sumpsit
2597 1694 2833 1765 lapidem
2860 1716 3023 1770 quem
3046 1704 3274 1772 projecit
3294 1706 3350 1760 in
3378 1718 3623 1781 puteum,

326 1788 535 1858 gister:
565 1786 758 1843 Audivi
789 1786 856 1840 de
887 1786 1121 1858 quodam
1149 1786 1371 1841 homine
1394 1786 1487 1857 qui
1512 1785 1744 1847 multum
1772 1786 1925 1841 labo-
1959 1777 2012 1849 Β
2041 1776 2142 1831 hac
2166 1777 2461 1835 intentione
2503 1789 2561 1836 ut
2603 1783 2684 1837 vir
2726 1801 2856 1839 suus
2900 1789 3089 1845 audito
3132 1793 3313 1850 sonitu
3343 1776 3539 1871 lapidis
3571 1776 3626 1856 in

328 1876 460 1931 ravit
490 1883 547 1930 ut
576 1891 730 1929 suam
760 1875 1077 1941 custodiret,
1109 1874 1208 1930 sed
1239 1874 1371 1933 nihil
1405 1873 1628 1945 profuit.
1662 1875 1919 1947 Discipu-

326 1974 413 2027 lus
446 1973 738 2047 magistro:
770 1973 869 2028 Dic
899 1971 1031 2026 mihi
1072 1971 1202 2045 quid
1241 1971 1387 2039 fecit,
1420 1980 1477 2026 ut
1501 1971 1695 2027 melius
1725 1972 1917 2040 sciam,

326 2062 372 2116 si
403 2078 564 2135 quam
595 2062 824 2130 duxero,
852 2060 1009 2119 illam
1040 2059 1333 2116 custodire.
1366 2058 1623 2134 Magister
1656 2081 1667 2115 :

912 2182 1182 2239 FABULA
1219 2181 1323 2235 XII
1337 2223 1352 2236 .

392 2310 628 2380 Quidam
651 2309 867 2380 juvenis
895 2307 990 2365 fuit
1031 2307 1121 2380 qui
1160 2312 1329 2362 totam
1374 2306 1730 2362 intentionem
1762 2322 1913 2361 suam

320 2409 378 2455 et
404 2409 573 2456 totum
630 2415 853 2455 sensum
907 2404 962 2452 et
1033 2396 1210 2451 adhuc
1263 2404 1431 2451 totum
1486 2403 1701 2466 tempus
1754 2412 1913 2450 suum

320 2489 472 2545 misit
516 2489 587 2545 ad
635 2487 737 2544 hoc
782 2496 838 2541 ut
886 2486 1053 2543 sciret
1099 2484 1469 2540 omnimodam
1514 2492 1691 2540 artem
1722 2482 1913 2540 mulie-

314 2590 417 2654 ris,
477 2596 531 2644 et
584 2588 688 2643 hoc
743 2586 883 2642 facto
930 2584 1097 2640 voluit
1133 2583 1334 2638 ducere
1360 2598 1611 2638 uxorem.
1656 2582 1767 2638 Sed
1797 2582 1911 2653 pri-

314 2679 480 2733 mitus
543 2676 780 2747 perrexit
843 2688 1090 2746 quaerere
1157 2671 1444 2727 consilium
1494 2677 1547 2725 et
1617 2670 1911 2742 sapientio-

314 2782 435 2822 rem
461 2766 605 2821 illius
652 2764 891 2836 regionis
935 2762 1069 2817 adiit
1107 2760 1399 2816 hominem.
1448 2758 1694 2828 Qualiter
1720 2769 1910 2816 custo-

316 2856 439 2910 dire
480 2861 666 2927 posset
709 2869 870 2925 quam
917 2851 1123 2906 ducere
1188 2836 1405 2905 volebat
1469 2848 1719 2921 quaesivit
1766 2866 1909 2905 uxo-

310 2960 450 2999 rem.
488 2943 716 3015 Sapiens
745 2956 878 2997 vero
910 2941 1015 2995 hoc
1045 2938 1276 2994 audiens
1303 2937 1407 2993 sibi
1439 2937 1592 2991 dedit
1617 2937 1906 2993 consilium

307 3031 453 3107 quod
482 3037 825 3088 construeret
870 3028 1093 3084 domum
1148 3026 1272 3082 altis
1321 3025 1620 3096 parietibus
1651 3026 1899 3096 lapideis,

2032 1882 2254 1944 puteum
2279 1878 2484 1932 ruentis
2512 1888 2725 1950 putaret
2754 1900 2879 1939 sese
2908 1884 2963 1939 in
2994 1895 3216 1957 puteum
3249 1892 3533 1962 cecidisse,
3569 1908 3623 1954 et

2028 1963 2134 2018 hoc
2181 1974 2406 2034 perneto
2447 1967 2642 2024 mulier
2684 1982 2805 2041 post
2847 1981 3067 2043 puteum
3100 1993 3160 2033 se
3187 1977 3492 2039 abscondit.
3534 1986 3627 2042 Vir

2028 2047 2258 2121 simplex
2314 2060 2476 2126 atque
2528 2056 2816 2129 insipiens,
2879 2062 3062 2117 audito
3117 2066 3295 2122 sonitu
3343 2068 3538 2141 lapidis
3568 2074 3624 2130 in

2025 2155 2248 2218 puteum
2305 2151 2534 2219 ruentis,
2593 2169 2730 2210 mox
2778 2155 2849 2211 de
2901 2157 3068 2217 domo
3096 2163 3409 2235 egrediens,
3454 2169 3625 2228 celeri

2024 2250 2190 2331 cursu
2240 2237 2310 2291 ad
2367 2248 2588 2311 puteum
2642 2243 2812 2312 venit,
2864 2254 3063 2317 putans
3093 2267 3284 2311 verum
3315 2271 3439 2317 esse
3479 2261 3624 2331 quod

2024 2324 2308 2381 mulierem
2363 2329 2607 2391 audisset
2662 2331 2951 2409 cecidisse.
3012 2337 3209 2395 Mulier
3265 2359 3402 2401 vero
3432 2324 3625 2403 videns

2022 2412 2223 2504 ostium
2253 2415 2449 2504 domus
2479 2427 2745 2491 apertum,
2777 2431 2831 2478 et
2861 2439 2967 2479 non
2999 2426 3167 2484 oblita
3198 2439 3283 2485 est
3328 2450 3440 2489 suae
3469 2436 3622 2504 artis,

2021 2499 2245 2558 intravit
2298 2503 2541 2571 domum,
2600 2508 2919 2584 firmatoque
2972 2514 3115 2571 ostio
3171 2522 3416 2577 ascendit
3464 2499 3623 2581 fene;

2021 2598 2209 2645 stram.
2246 2590 2341 2649 Ille
2363 2602 2546 2650 autem
2582 2597 2771 2653 ridens
2805 2616 2867 2655 se
2900 2618 3024 2658 esse
3063 2605 3372 2679 deceptum,
3405 2612 3618 2686 inquit:

2023 2686 2069 2743 Ο
2100 2687 2293 2744 mulier
2320 2687 2498 2758 fallax,
2544 2692 2706 2764 plena
2733 2705 2851 2752 arte
2880 2698 3103 2766 diaboli,
3135 2706 3388 2774 permitte
3415 2726 3502 2766 me
3530 2710 3619 2767 in-

2020 2782 2187 2843 trare,
2221 2784 2274 2832 et
2303 2779 2567 2853 quidquid
2597 2782 2729 2837 mihi
2760 2782 2894 2840 foris
2932 2786 3106 2845 fecisti
3138 2807 3224 2847 me
3272 2796 3618 2855 condonatu-

2018 2880 2137 2961 rum
2168 2865 2261 2919 tibi
2290 2867 2479 2961 crede.
2519 2873 2587 2924 At
2615 2871 2707 2926 illa
2735 2888 2858 2927 eum
2908 2874 3202 2949 increpans
3232 2880 3619 2961 introitumque

2014 2952 2213 3009 domus
2244 2956 2466 3011 omnino
2504 2966 2558 3014 et
2588 2971 2930 3019 sacramento
2977 2965 3259 3043 denegans
3289 2972 3361 3027 ait
3396 2989 3408 3027 :
3445 2974 3491 3031 Ο
3516 2952 3613 3032 se-

2013 3040 2228 3131 ductor,
2261 3052 2410 3098 tuum
2441 3061 2562 3101 esse
2616 3057 2779 3122 atque
2836 3058 2988 3108 tuum
3046 3040 3262 3114 facinus
3291 3065 3613 3131 parentibus

307 3129 646 3214 poneretque
683 3118 827 3172 intus
868 3116 1171 3214 mulierem,
1219 3115 1489 3214 daretque
1535 3114 1638 3214 sibi
1668 3115 1801 3169 satis
1832 3116 1903 3170 ad
1935 3112 1984 3185 Ο
2012 3130 2117 3185 mis
2160 3132 2467 3201 ostendam,
2520 3136 2640 3208 quia
2680 3112 3001 3214 Quaquaque
3046 3112 3211 3202 nocte
3246 3112 3611 3210 egi—galia;

307 3206 706 3264 comedendum
727 3212 778 3261 et
799 3220 905 3261 non
924 3204 1198 3276 superﬂua
1218 3202 1551 3272 indumenta,
1587 3203 1902 3275 faceretque

302 3298 379 3352 ita
409 3297 631 3351 domum
662 3295 809 3368 quod
839 3310 948 3349 non
992 3300 1139 3349 esset
1172 3291 1226 3346 in
1259 3307 1321 3348 ea
1351 3291 1455 3346 nisi
1486 3291 1667 3347 solum
1701 3293 1900 3348 ostium

308 3386 538 3458 solaque
567 3384 809 3441 fenestra
856 3400 955 3455 per
976 3381 1379 3455 quamvideret,
1412 3388 1465 3437 et
1492 3382 1585 3436 tali
1620 3382 1902 3439 altitudine

304 3491 403 3546 per
424 3491 588 3547 quam
637 3488 799 3529 nemo
841 3470 1046 3527 intrare
1094 3478 1280 3542 posset
1318 3469 1409 3525 vel
1455 3469 1631 3526 exire.
1679 3472 1902 3527 Juvenis

304 3574 460 3630 vero,
518 3562 702 3617 audito
757 3558 1330 3631 consilio'sapientis,
1392 3558 1551 3614 sicuti
1587 3559 1638 3617 ei
1661 3559 1905 3629 jusserat

304 3651 438 3724 egit.
462 3651 618 3707 Mane
638 3665 771 3707 vero
801 3666 921 3706 cum
950 3648 1166 3718 juvenis
1186 3648 1364 3703 exibat
1395 3647 1463 3702 de
1492 3647 1674 3715 domo,
1702 3650 1901 3704 ostium

302 3740 552 3795 ﬁrmabat
582 3748 633 3796 et
659 3738 910 3795 similiter
938 3737 1159 3810 quando
1188 3735 1446 3791 intrabat.
1464 3736 1696 3805 Quand‘o
1718 3745 1900 3793 autem

301 3829 629 3893 dormiebat,
662 3829 765 3883 sub
796 3827 972 3899 capite
1005 3842 1104 3881 suo
1134 3824 1342 3882 clavem
1373 3824 1764 3881 abscondebat.
1786 3826 1902 3883 Hoc

301 3926 481 3974 autem
508 3918 676 3992 longo
705 3929 951 3989 tempore
1009 3915 1137 3987 egit.
1196 3912 1445 3983 Quadam
1478 3930 1608 3970 vero
1653 3915 1741 3971 die
1773 3915 1902 3971 dum

288 4007 508 4075 juvenis
537 4007 638 4063 iret
666 4005 736 4061 ad
768 4005 967 4072 forum,
1007 4004 1225 4070 mulier,
1267 4012 1322 4057 ut
1354 4013 1468 4057 erat
1500 4003 1657 4058 solita
1695 4003 1898 4073 facere,

301 4095 555 4151 ascendit
599 4095 890 4151 fenestram
925 4101 981 4149 et
1018 4100 1211 4148 euntes
1259 4099 1313 4146 et
1346 4090 1647 4148 redeuntes
1696 4092 1900 4150 intente

298 4184 534 4256 aspexit.
572 4185 690 4242 Hac
718 4196 821 4240 una
850 4183 939 4238 die
959 4198 1083 4238 cum
1114 4181 1184 4235 ad
1217 4180 1517 4236 fenestram
1545 4186 1730 4248 staret,
1765 4183 1900 4237 vidit

299 4271 598 4345 quemdam
622 4274 887 4343 juvenem
922 4271 1218 4327 formosum
1269 4284 1508 4340 corpore
1543 4278 1708 4341 atque
1737 4271 1895 4340 facie,

303 4378 414 4433 quo
433 4363 555 4417 vtiso
574 4360 756 4416 statim
786 4360 931 4415 illius
947 4372 1130 4414 amore
1157 4372 1428 4414 succensa
1450 4357 1567 4426 fuit,
1590 4364 1642 4413 et
1662 4365 1717 4413 ut
1735 4376 1899 4431 supra

2014 3218 2082 3315 i‘ta
2112 3219 2291 3275 furtim
2314 3237 2346 3277 a
2378 3224 2638 3315 meexire
2668 3234 2719 3281 et
2753 3230 3072 3287 meretrices
3095 3234 3246 3293 adire
3271 3256 3282 3301 ;
3309 3245 3364 3299 et
3385 3238 3457 3295 ita
3478 3243 3612 3315 egit.

2014 3298 2275 3363 Parentes
2308 3324 2440 3366 vero
2471 3311 2591 3369 hac
2636 3316 2941 3373 audientes
2988 3328 3153 3394 atque
3196 3298 3383 3381 verum
3417 3298 3610 3385 existi-

2011 3404 2229 3452 mantes
2257 3397 2673 3471 increpaverunt
2693 3418 2836 3473 eum,
2864 3410 2917 3460 et
2947 3407 3019 3462 ita
3041 3410 3232 3467 mulier
3258 3414 3354 3471 illa
3380 3416 3612 3476 liberata

2012 3501 2131 3549 arte
2161 3510 2260 3550 sua
2290 3494 2553 3569 ﬂagitium
2577 3500 2720 3571 quod
2740 3512 3010 3563 meruerat
3039 3508 3094 3561 in
3125 3510 3300 3565 virum
3356 3513 3608 3588 detrusit,

2012 3589 2101 3645 cui
2128 3590 2261 3646 nihil
2304 3591 2505 3663 profuit
2548 3595 2714 3652 immo
2760 3596 2909 3654 oﬂ'uit
2953 3602 3238 3661 mulierem
3269 3612 3597 3671 custodisse.

2011 3683 2152 3746 Nam
2183 3691 2285 3748 iste
2312 3694 2470 3760 etiam
2501 3697 2698 3754 accidit
2723 3701 2973 3758 cumulus
3009 3705 3248 3766 miserim
3277 3712 3425 3784 quod
3455 3715 3607 3771 exis-

2012 3779 2290 3837 timatione
2346 3782 2699 3855 plurimorum
2772 3792 2918 3860 quod
2991 3778 3312 3865 patiebatur~
3345 3778 3613 3862 meruisse

2010 3870 2350 3963 crederetur,
2384 3873 2527 3929 unde
2544 3874 2763 3945 quidem
2785 3877 2941 3936 bonis
2964 3886 3377 3957 quampluribus
3397 3894 3607 3963 pulsus,

2010 3956 2367 4030 dignitatibus
2396 3969 2604 4030 exutus,
2640 3965 3040 4026 existimatione
3057 3956 3290 4033 fmdatus
3318 3956 3604 4038 ob-uxoris

2011 4059 2411 4132 maliloquium,
2444 4062 2681 4120 incestus
2711 4066 2830 4122 tulit
2860 4071 3211 4141 supplicium.

2082 4155 2406 4227 Discipulus.
2461 4160 2636 4218 Nemo
2693 4172 2775 4219 est
2834 4166 2926 4238 qui
2974 4168 3042 4223 ab
3091 4170 3316 4243 ingenio
3358 4179 3606 4239 mulieris

2011 4245 2284 4337 custodire
2312 4263 2372 4303 se
2410 4249 2602 4337 possit,
2653 4251 2759 4307 nisi
2806 4271 2971 4325 quem
3010 4258 3159 4317 Deus
3187 4265 3530 4337 custodierit,
3556 4281 3611 4329 et

2010 4332 2127 4388 haec
2173 4334 2295 4389 talis
2341 4336 2582 4399 narratio
2634 4355 2703 4397 ne
2752 4341 2958 4399 ducam
3007 4363 3233 4407 uxorem
3281 4369 3483 4429 magna
3517 4332 3607 4417 est

300 4429 509 4506 dictum
538 4454 641 4520 est,
665 4449 933 4506 custodita
956 4446 1117 4516 coepit
1142 4447 1392 4518 cogitare
1419 4447 1694 4519 quomodo
1717 4457 1768 4504 et
1796 4429 1898 4519 qua

2022 4429 2626 4531 iehortatio.IMagister
2674 4439 2841 4496 :Non
2871 4441 3042 4503 debes
3097 4461 3291 4505 omnes
3344 4455 3609 4517 mulieres

299 4547 417 4594 arte
444 4546 632 4609 posset
659 4536 804 4609 loqui
833 4551 955 4592 cum
986 4532 1472 4604 adamatojnvene.
1493 4538 1561 4589 At
1590 4536 1709 4607 ipsa
1737 4538 1896 4608 plena

301 4627 527 4700 ingenio
558 4641 622 4681 ac
652 4622 953 4681 dolositatis
970 4630 1091 4679 arte
1109 4623 1374 4693 cogitavit
1405 4625 1552 4695 quod
1582 4625 1770 4682 claves
1804 4627 1901 4682 do-

302 4724 436 4779 mini
467 4723 550 4778 sui
578 4723 851 4778 furaretur
894 4722 1026 4776 dum
1076 4720 1360 4786 dormiret,
1404 4728 1458 4777 et
1488 4722 1559 4777 ita
1588 4723 1726 4796 egit.
1770 4724 1898 4780 Haec

299 4828 436 4869 vero
466 4820 685 4867 assueta
713 4818 828 4866 erat
861 4810 1143 4866 dominum
1191 4824 1347 4864 suum
1378 4824 1706 4884 unaquaque
1736 4822 1897 4871 nocte

252 4979 257 4983 ρ
300 4910 574 4967 inebriare
602 4909 730 4965 vino
760 4916 816 4963 ut
844 4904 1091 4964 securius
1138 4907 1208 4962 ad
1254 4907 1483 4963 amicum
1517 4926 1671 4964 suum
1710 4916 1898 4981 posset

303 4999 461 5056 exire
493 4996 546 5054 et
574 5012 726 5053 suam
763 4996 1093 5053 voluntatem
1148 4995 1383 5067 explere.
1447 4997 1710 5054 Dominus
1763 5018 1896 5059 vero

301 5096 453 5166 illius
480 5093 870 5168 philosophicis
918 5093 1031 5162 jam
1089 5093 1316 5148 edoctus
1350 5094 1567 5150 monitis
1620 5096 1737 5153 sine
1768 5099 1896 5157 dolo

301 5184 483 5241 nullos
512 5190 638 5240 esse
670 5181 971 5239 muliebres
992 5189 1162 5246 actus,
1195 5179 1355 5252 cmpit
1377 5184 1617 5256 cogitare
1640 5188 1770 5258 quid
1797 5206 1895 5245 sua

300 5281 504 5351 coniux
562 5288 793 5337 strueret
852 5278 1124 5352 frequenti
1171 5283 1224 5332 et
1260 5280 1535 5337 cotidiana
1592 5286 1892 5355 potatione,

305 5371 451 5451 quod
482 5379 540 5433 ut.
580 5370 682 5427 sub
712 5366 930 5426 occulto
982 5374 1210 5439 poneret
1240 5383 1297 5422 se
1332 5367 1481 5424 ﬁnxit
1510 5371 1719 5428 ebrium
1751 5392 1892 5439 esse.

303 5459 473 5530 Cujus
502 5459 584 5515 rei
615 5458 823 5529 mulier,
855 5456 1028 5521 inscia
1053 5455 1122 5511 de
1164 5455 1307 5512 lecto
1346 5463 1506 5515 nocte
1535 5477 1877 5536 consurgens

303 5556 544 5637 perrexit
574 5552 643 5611 ad
672 5552 869 5609 Ostium
902 5551 1115 5617 domus,
1157 5563 1208 5607 et
1239 5562 1426 5624 aperto
1465 5557 1625 5613 exivit
1657 5562 1725 5619 ad
1756 5561 1896 5616 ami-

304 5662 457 5703 cum.
516 5645 605 5700 Vir
657 5648 841 5699 autem
894 5658 1024 5697 suus
1080 5642 1134 5695 in
1193 5642 1409 5697 silentio
1456 5646 1628 5701 noctis
1661 5650 1900 5706 suaviter

376 5770 497 5845 (at)
523 5770 663 5843 Cap.
697 5783 849 5836 xxxi,
878 5770 1057 5823 10.31.
1094 5808 1104 5820 .
1145 5807 1156 5820 .
1193 5807 1203 5821 .
1242 5808 1254 5821 .
1289 5777 1474 5832 Nam
1508 5780 1580 5830 ηε
1610 5755 1902 5836 Sin-mum

2009 4518 2232 4618 credere
2261 4521 2416 4618 .tales
2441 4539 2603 4621 Iesse,
2656 4528 2915 4598 quoniam
2941 4548 3150 4608 magna
3186 4537 3407 4598 bonitas
3436 4554 3605 4621 atque

2007 4608 2230 4667 castitas
2259 4608 2313 4663 in
2345 4610 2533 4668 multis
2564 4617 2875 4687 repperitur
2918 4622 3256 4696 mulieribus,
3290 4638 3344 4685 et
3372 4608 3601 4693 sciasin

2006 4697 2150 4752 bona
2200 4698 2425 4755 muliere
2479 4702 2680 4757 bonam
2729 4706 3043 4765 societatem
3101 4718 3361 4787 repperiri
3408 4738 3595 4792 posse.

2004 4794 2150 4849 Bona
2179 4795 2371 4851 mulier
2401 4796 2576 4854 fidelis
2605 4810 2790 4857 custos
2820 4813 2902 4859 est
2932 4815 2982 4862 et
3012 4809 3155 4866 bona
3192 4813 3406 4872 domus.
3439 4819 3595 4879 Salo-

2004 4908 2133 4948 mon
2157 4892 2213 4948 in
2243 4890 2347 4950 fine
2378 4894 2507 4951 libri
2538 4898 2959 4959 Proverbiorum
2987 4922 3207 4964 suorum
3235 4912 3427 4986 viginti
3455 4918 3597 4977 duos

2004 5005 2199 5045 versus
2228 4991 2295 5047 de
2324 4991 2481 5049 laude
2509 5002 2670 5065 atque
2706 4996 2948 5054 bonitate
2975 5001 3216 5062 mulieris
3258 5009 3415 5069 bonae
3444 5029 3596 5073 com-

2005 5088 2185 5158 posuit
2212 5089 2344 5159 (ξι).
2366 5091 2678 5163 Discipnlus
2705 5095 2775 5151 ad
2801 5096 2958 5181 haec:
2985 5099 3129 5159 Bene
3150 5121 3238 5162 me
3256 5110 3592 5185 confortasti,

2006 5185 2103 5241 sed
2131 5185 2329 5247 audisti
2349 5194 2532 5244 tamen
2552 5189 2784 5262 aliquam
2834 5194 3117 5253 mulierem
3138 5216 3260 5273 qua:
3285 5207 3369 5261 sui
3397 5226 3596 5272 sensus

2004 5278 2291 5352 ingenium
2320 5283 2586 5341 niteretur
2627 5287 2681 5342 in
2725 5289 2931 5347 bonum
2976 5295 3239 5355 mittere?
3278 5304 3542 5381 Magister
3575 5330 3590 5368 :

2005 5377 2221 5445 Audivi.
2254 5378 2558 5450 Discipulus
2590 5399 2604 5436 :
2630 5383 2794 5440 Refer
2815 5387 2946 5444 mihi
2975 5390 3045 5448 de
3074 5392 3187 5463 illa,
3224 5400 3348 5473 quia
3371 5377 3596 5465 videtur

2004 5476 2135 5533 mihi
2166 5492 2257 5532 res
2285 5493 2449 5533 nova.
2487 5479 2744 5551 Magister
2773 5502 2790 5539 :

2562 5648 2840 5710 FABULA
2877 5657 3036 5715 Xlll.

2077 5776 2293 5835 Dictum
2324 5776 2419 5835 fuit
2449 5779 2583 5837 mihi
2613 5786 2760 5861 quod
2797 5790 3017 5864 quidam
3047 5795 3316 5871 Hispanus
3347 5808 3594 5875 perrexit
