4028 6070
427 296 528 346 687

1360 282 1556 337 PETRI
1598 277 1951 335 ALPHONSI
1993 277 2089 334 EX
2125 275 2362 333 JUD/EO
2402 277 2795 334 CHRISTIANI

3620 291 3727 341 688

423 415 599 478 Mech,
622 419 673 468 et
692 411 822 467 dum
851 409 964 466 ibat
984 407 1301 480 pervenitin
1320 407 1634 478 .Egyptum,
1667 403 1758 477 qui
1787 403 2004 459 deserta
2031 403 2091 466 Α
2119 401 2356 473 primum
2385 399 2646 457 scrinium
2691 399 2830 457 sicut
2856 399 2906 458 ei
2948 409 3286 477 praeceptum
3331 406 3508 462 fuerat
3539 407 3718 464 venit.

425 522 580 567 terra
610 509 810 564 intrare
839 506 1029 562 volens
1059 513 1113 560 et
1156 503 1410 571 transire,
1445 501 1701 575 cogitavit
1729 500 1876 574 quod
1907 515 2012 572 pe-

425 600 645 657 cuniam
679 612 846 653 suam
893 593 949 648 in
987 595 1218 666 zEgypto
1266 592 1601 657 demitteret,
1635 598 1690 646 et
1719 597 2014 661 antequam

427 698 697 754 dimittere
721 693 982 751 voluisset
1002 689 1356 763 interrogavit
1373 689 1419 745 si
1435 688 1628 762 aliquis
1651 687 1824 744 fidelis
1853 688 2018 743 homo

429 793 576 842 esset
607 785 662 839 in
702 783 800 839 illa
815 782 1038 855 regione
1055 779 1138 837 cui
1160 787 1348 851 posset
1367 779 1710 834 committere
1731 775 2018 848 pecuniam

427 898 604 948 suam,
636 887 689 937 et
735 877 1088 936 ostenderunt
1120 875 1171 932 ei
1200 874 1482 947 antiquum
1516 873 1792 930 hominem
1837 871 2019 928 nomi-

429 995 610 1042 natum
638 981 907 1054 probitate
935 978 1223 1045 tidelitatis,
1255 977 1342 1034 cui
1387 977 1456 1032 de
1504 990 1609 1031 suo
1645 973 1791 1030 mille
1822 973 2024 1029 talenta

429 1072 719 1141 commisit,
750 1071 970 1126 demum
998 1067 1254 1140 perrexit,
1286 1065 1542 1138 factoque
1572 1063 1763 1120 itinere
1783 1062 1852 1118 ad
1872 1062 2022 1116 illum

429 1162 591 1221 rediit
618 1161 706 1218 cui
753 1157 1040 1231 pecuniam
1088 1155 1380 1222 commisit,
1412 1162 1466 1210 et
1499 1153 1644 1226 quod
1675 1151 2025 1210 commiserat

432 1255 502 1310 ab
531 1268 598 1309 eo
627 1247 896 1322 quaesivit.
930 1249 996 1302 At
1024 1245 1115 1300 ille
1145 1245 1340 1316 plenus
1387 1243 1636 1316 nequitia:
1678 1241 1832 1298 illum
1860 1256 2023 1295 num-

433 1357 594 1415 quam
626 1347 785 1395 antea
816 1352 874 1391 se
905 1334 1104 1389 vidisse
1127 1333 1362 1390 dicebat.
1389 1332 1482 1388 Ille
1503 1347 1632 1386 vero
1658 1331 1736 1386 sic
1761 1329 2026 1400 deceptus

431 1439 672 1513 perrexit
699 1435 764 1490 ad
796 1434 999 1506 probos
1031 1432 1278 1487 homines
1323 1429 1568 1501 regionis
1607 1428 1774 1494 illius,
1808 1435 1860 1484 et
1889 1443 2026 1500 quo-

433 1529 598 1584 modo
627 1531 912 1581 tractasset
941 1537 1065 1577 eum
1099 1522 1260 1575 homo
1290 1519 1378 1574 ille
1419 1519 1511 1574 cui
1541 1516 1826 1589 pecuniam
1870 1532 2024 1572 com-

433 1618 655 1673 miserat
684 1612 763 1668 eis
788 1609 987 1666 retulit.
1021 1608 1195 1665 Vicini
1226 1623 1356 1663 vero
1403 1607 1550 1662 illius
1580 1606 1648 1661 de
1679 1621 1744 1661 eo
1774 1605 1896 1659 talia
1925 1621 2025 1660 au-

431 1716 645 1772 dientes
676 1712 897 1769 credere
938 1709 1250 1775 noluerunt,
1284 1709 1382 1763 sed
1413 1707 1544 1762 nihil
1582 1707 1685 1762 hoc
1715 1721 1838 1762 esse
1869 1705 2027 1761 dixe-

434 1813 578 1860 runt.
611 1801 714 1872 Qui
744 1815 877 1855 vero
909 1797 1194 1870 pecuniam
1225 1795 1551 1868 perdiderat,
1588 1808 1914 1863 unaquaque
1940 1792 2029 1848 die

429 1894 500 1950 ad
527 1892 750 1948 domum
783 1888 927 1942 illius
959 1887 1048 1958 qui
1078 1886 1352 1940 retinebat
1369 1883 1566 1953 injuste
1587 1881 1871 1954 pecuniam
1895 1881 2024 1949 ibat,

429 1981 751 2052 blandisque
779 1975 1030 2049 precibus
1061 1991 1184 2030 eum
1225 1972 1627 2044 deprecabatur
1657 1979 1716 2025 ut
1745 1969 2029 2042 pecuniam

430 2075 707 2140 redderet,
761 2071 908 2144 quod
964 2070 1225 2139 deceptor
1273 2067 1522 2134 audiens,
1581 2065 1879 2136 increpavit
1904 2080 2026 2120 eum

430 2165 616 2221 dicens
633 2178 702 2217 ne
723 2159 953 2231 amplius
974 2158 1081 2212 tale
1112 2157 1240 2229 quid
1270 2156 1338 2211 de
1360 2171 1426 2211 eo
1448 2155 1656 2212 diceret
1686 2153 1772 2210 vel
1803 2153 1872 2210 ad
1904 2168 2027 2209 eum

428 2261 660 2326 veniret,
693 2257 841 2330 quod
873 2256 918 2310 si
969 2255 1188 2322 faceret,
1230 2267 1426 2324 poenas
1453 2269 1518 2308 ex
1555 2250 1750 2307 merito
1787 2250 2019 2306 subiret.

428 2349 640 2407 Auditis
669 2347 832 2401 minis
861 2344 1004 2399 illius
1033 2342 1278 2414 quinum
1308 2342 1627 2412 deceperat,
1662 2340 1832 2396 tristis
1864 2339 2030 2410 coepit

432 2437 631 2500 redire,
653 2442 706 2489 et
730 2433 782 2486 in
805 2429 1086 2487 redeundo
1107 2429 1354 2485 obviavit
1375 2427 1589 2484 cuidam
1611 2427 1806 2483 vetulas
1831 2425 2027 2498 pannis

430 2521 837 2583 heremitalibus
853 2519 1071 2574 indutae.
1097 2519 1226 2574 Ilaec
1245 2526 1426 2573 autem
1455 2516 1649 2573 baculo
1679 2531 1777 2571 suo
1803 2514 2028 2587 fragiles

431 2623 579 2670 artus
608 2610 962 2674 sustentabat,
993 2616 1046 2663 et
1073 2624 1176 2679 per
1205 2607 1348 2663 viam
1380 2605 1655 2662 laudando
1677 2606 1851 2660 Deum
1882 2602 2025 2675 lapi-

429 2714 533 2770 des
560 2727 628 2766 ne
654 2706 1050 2764 transeuntium
1081 2704 1249 2777 pedes
1277 2703 1608 2760 laederentur
1639 2703 1868 2759 locabat.
1894 2703 2028 2770 Quae

431 2801 622 2858 videns
652 2796 924 2853 hominem
955 2795 1192 2859 ﬂentem,
1245 2793 1505 2865 cognovit
1533 2808 1656 2848 eum
1688 2807 1811 2847 esse
1842 2798 2026 2846 extra-

427 2905 620 2946 neum.
679 2887 959 2942 Commota
1003 2883 1202 2954 pietate
1245 2881 1297 2936 in
1346 2881 1704 2953 angiportum
1735 2879 1947 2936 vocavit
1976 2889 2031 2935 et

431 2978 562 3050 quid
592 2976 641 3032 ei
670 2973 958 3030 accidisset
980 2970 1367 3043 interrogavit.
1411 2973 1479 3024 At
1509 2969 1599 3024 ille
1629 2968 1878 3025 ordinate
1903 2984 2029 3024 nar-

432 3067 592 3123 ravit.
624 3063 864 3121 Ftemina
894 3059 1093 3116 auditis
1132 3058 1313 3114 verbis
1345 3060 1465 3128 ejus
1496 3058 1667 3128 inquit
1693 3076 1705 3111 :
1738 3057 1946 3125 Amice,
1984 3057 2031 3112 si

2122 499 2218 554 Ille
2274 514 2404 555 vero
2435 497 2528 571 qui
2549 497 2839 570 pecuniam
2857 498 3157 568 celaverat,
3179 502 3374 573 pienus
3396 503 3654 576 nequitia:
3677 513 3735 561 et

2122 593 2281 648 malae
2310 592 2459 661 artis,
2491 601 2549 648 ut
2577 592 2712 649 vidit
2757 594 3035 651 hominem
3076 597 3386 654 venientem
3431 601 3525 656 cui
3555 616 3729 672 pecu-

2124 683 2270 738 niam
2301 681 2593 749 celaverat,
2639 683 2837 740 timens
2885 700 2954 740 ne
2985 686 3033 740 si
3064 685 3352 756 pecuniam
3393 687 3728 760 requireret,

2125 770 2263 826 alius
2284 775 2377 843 qui
2397 785 2552 826 suam
2575 773 2860 843 pecuniam
2882 772 3190 829 adducebat
3212 790 3320 831 non
3345 777 3735 843 committeret,

2127 867 2314 915 contra
2369 875 2494 914 eum
2548 859 2624 914 ita
2680 860 2914 917 dicendo
2966 862 3245 934 perrexit;
3307 864 3353 919 Ο
3409 864 3605 932 amice,
3638 866 3733 920 ubi

2129 956 2275 1012 fuisti
2302 963 2355 1013 et
2382 957 2473 1012 ubi
2503 956 2778 1012 diutinasti
2799 959 2826 1012 τ
2847 959 2983 1014 Veni
3005 967 3059 1016 et
3080 960 3268 1033 accipe
3296 961 3582 1033 pecuniam
3603 962 3736 1020 ﬁdei

2128 1069 2264 1111 mea:
2287 1054 2491 1124 jamdiu
2533 1055 2992 1124 commendatam,
3045 1058 3178 1131 quia
3219 1058 3407 1115 inveni
3439 1063 3498 1115 et
3527 1060 3733 1116 amodo

2128 1143 2294 1200 taedet
2323 1159 2409 1199 me
2435 1143 2736 1200 custodire.
2767 1144 2944 1202 Atille
2969 1145 3129 1201 laetus
3161 1154 3214 1203 et
3244 1148 3496 1221 gaudens
3522 1151 3738 1221 recepit

2131 1239 2418 1311 pecuniam
2447 1239 2651 1312 gratias
2699 1255 2896 1312 agens.
2949 1240 3165 1306 Vetula,
3197 1250 3254 1297 ut
3282 1243 3424 1300 vidit
3452 1243 3736 1300 hominem

2129 1328 2419 1399 pecuniam
2449 1343 2604 1384 suam
2626 1329 2856 1396 habere,
2892 1329 3141 1384 surrexit
3167 1338 3224 1386 et
3252 1329 3433 1402 inquit
3463 1347 3476 1386 :
3530 1333 3739 1387 Ibimus

2132 1433 2236 1490 ego
2266 1425 2319 1474 et
2349 1416 2528 1473 socius
2560 1433 2716 1473 meus
2747 1425 2938 1473 contra
2970 1418 3212 1475 scrinios
3243 1429 3464 1476 nostros
3495 1428 3548 1476 et
3592 1421 3745 1477 festi-

2131 1529 2266 1570 nare
2303 1514 2694 1587 pacipiemus;
2737 1523 2792 1570 tu
2828 1529 2963 1572 vero
2986 1525 3219 1588 expecta
3238 1517 3420 1574 donec
3438 1519 3742 1575 redeamus

2133 1611 2186 1658 et
2215 1603 2353 1660 bene
2369 1619 2531 1659 serva
2550 1603 2696 1676 quod
2710 1604 2825 1675 jam
2855 1604 3199 1662 adduximus.
3254 1605 3348 1663 Ille
3376 1614 3556 1663 autem
3587 1607 3744 1663 laetus

2141 1700 2322 1756 animo
2353 1701 2498 1770 quod
2553 1709 2835 1773 acceperat
2893 1701 3156 1770 servavit,
3207 1703 3612 1777 adventumque
3641 1719 3743 1760 eo-

2142 1806 2280 1859 rum,
2330 1790 2475 1861 quod
2520 1790 2697 1846 adhuc
2739 1798 2936 1861 potest,
2999 1792 3330 1862 expectavit,
3381 1801 3434 1847 et
3478 1793 3548 1846 ita
3597 1793 3743 1848 bono

2137 1877 2360 1951 ingenio
2392 1877 2588 1934 vetulae
2617 1878 2827 1933 reddita
2857 1878 2954 1934 fuit
2981 1879 3095 1934 viro
3126 1897 3335 1934 summa
3366 1881 3632 1951 pecunias.

2209 1973 2520 2045 Discipulus
2560 1991 2572 2030 :
2620 1975 2772 2030 Istud
2821 1975 3018 2030 mirum
3089 1976 3189 2031 fuit
3244 1977 3524 2050 ingenium
3577 1986 3743 2049 atque

2139 2062 2303 2132 utile;
2337 2078 2440 2119 nec
2480 2071 2608 2134 puto
2656 2063 2804 2134 quod
2851 2063 3050 2136 aliquis
3093 2065 3453 2138 philosophus
3483 2066 3740 2123 subtilius

2140 2152 2405 2223 cogitaret
2434 2168 2534 2223 per
2563 2153 2708 2224 quod
2737 2151 2913 2208 levius
2943 2153 3026 2209 vir
3056 2169 3212 2209 suam
3252 2155 3547 2226 pecuniam
3582 2171 3747 2212 recu-

2137 2257 2382 2320 peraret.
2437 2248 2734 2321 Magister:
2794 2251 2940 2306 Bene
3002 2259 3194 2321 posset
3240 2252 3598 2324 philosophus
3645 2269 3746 2308 suo

2137 2337 2319 2394 facere
2338 2338 2572 2394 naturali
2593 2337 2838 2409 ingenio.
2869 2338 3180 2411 Discipulus
3201 2360 3212 2396 :
3249 2341 3365 2398 Hoc
3382 2341 3520 2398 bene
3539 2342 3709 2399 credo
3729 2359 3745 2405 ;

2137 2435 2236 2490 sed
2265 2434 2311 2490 si
2339 2434 2578 2508 aliquem
2609 2435 3057 2507 philosophorum
3082 2437 3238 2506 hujus
3270 2438 3418 2492 modi
3448 2437 3743 2510 reposuisti

2134 2523 2189 2578 in
2219 2524 2402 2580 cordis
2430 2523 2716 2591 amariolo,
2749 2524 2955 2597 largire
2986 2525 3117 2580 mihi
3147 2525 3442 2598 discipulo,
3469 2536 3522 2582 et
3543 2542 3650 2598 ego
3679 2527 3742 2580 ti-

2135 2612 2244 2667 deli
2265 2613 2539 2669 memoria:
2557 2612 2978 2682 commendabo,
3004 2622 3066 2668 ut
3082 2614 3412 2687 quandoque
3448 2614 3738 2687 discipulis

2134 2701 2275 2757 lacte
2329 2701 2688 2773 philosOphiae
2745 2702 2992 2759 educatis
3047 2703 3495 2760 delicatissimum
3546 2704 3745 2777 largiri

2139 2789 2345 2861 possim
2374 2789 2709 2846 alimentum.
2748 2791 3040 2864 Magister.

2713 2914 2983 2972 FABULA
3023 2915 3170 2972 XIV.

2210 3038 2445 3110 Contigit
2465 3039 2607 3112 quod
2630 3039 2848 3111 quidam
2871 3040 3035 3097 homo
3065 3041 3253 3097 habuit
3287 3041 3463 3098 ﬁlium
3495 3041 3582 3099 cui
3617 3050 3745 3116 post

1235 3111 1716 3204 teram—ﬁtibilinde
2068 3111 2118 3174 Ο
2146 3135 2394 3223 mortem
2411 3145 2567 3223 suam
2589 3128 2720 3184 nihil
2749 3138 2952 3200 praeter
2965 3130 3185 3186 domum
3216 3130 3440 3223 dimisit.
3474 3133 3585 3188 Iste
3614 3111 3742 3187 cum

431 3256 499 3311 Et
519 3254 608 3310 ille
641 3267 653 3307 :
689 3249 976 3322 Quomodo
1006 3255 1167 3319 potes
1198 3247 1304 3302 hoc
1335 3247 1536 3312 facere,
1569 3245 1765 3302 ancilla
1792 3246 1938 3302 Dei?
1966 3251 2034 3303 At

434 3345 527 3399 illa
556 3340 730 3413 inquit
755 3356 768 3394 :
802 3337 991 3394 Adduc
1021 3335 1153 3390 mihi
1173 3335 1452 3391 hominem
1481 3335 1549 3390 de
1578 3342 1724 3390 terra
1751 3343 1846 3390 tua
1875 3337 2032 3406 cujus

437 3441 593 3498 iactis
623 3446 677 3494 et
715 3436 879 3493 dictis
913 3433 1075 3490 ﬁdem
1105 3434 1312 3489 habere
1338 3432 1538 3504 possis.
1573 3432 1752 3491 Atille
1782 3434 2029 3490 adduxit.

437 3533 670 3586 Demum
697 3524 910 3596 decepti
940 3523 1090 3579 socio
1121 3521 1382 3593 przecepit
1410 3521 1603 3578 decem
1631 3523 1811 3578 cofros
1844 3531 2030 3579 exter-

438 3620 523 3676 nis
543 3614 798 3691 pretiosis
825 3611 1072 3684 depictos
1093 3609 1386 3677 coloribus,
1416 3617 1577 3680 atque
1603 3609 1746 3666 ferro
1777 3610 2035 3684 deargen-

443 3717 553 3765 tato
581 3707 775 3777 ligatos
806 3716 932 3757 cum
957 3699 1114 3754 bonis
1144 3697 1284 3754 seris
1303 3713 1487 3753 emere
1517 3705 1569 3754 et
1600 3697 1669 3753 ad
1698 3699 1919 3754 domum
1949 3699 2034 3755 sui

444 3795 671 3868 hospitis
700 3790 911 3856 aﬂerre,
961 3787 1342 3859 lapidibusque
1394 3785 1740 3842 comminutis
1769 3787 2024 3858 implere.

439 3890 513 3942 At
541 3886 658 3955 ipse
685 3881 761 3936 ita
788 3878 920 3950 egit.
954 3875 1150 3932 Mulier
1167 3889 1302 3931 vero
1332 3882 1388 3930 ut
1416 3875 1552 3930 vidit
1578 3875 1761 3930 omnia
1790 3875 1884 3931 illa
1912 3894 2033 3949 quae

442 3977 780 4048 praeceperat
809 3983 934 4024 esse
962 3973 1166 4038 parata,
1191 3964 1265 4019 ait
1296 3982 1310 4019 :
1347 3965 1504 4021 Nunc
1540 3964 1731 4020 decem
1782 3964 2033 4022 homines

437 4062 694 4138 perquire
723 4055 815 4130 qui
843 4062 1032 4112 euntes
1061 4054 1132 4109 ad
1181 4053 1411 4108 domum
1438 4051 1586 4108 illius
1614 4051 1705 4125 qui
1733 4059 1786 4108 te
1814 4053 2036 4126 decepit

442 4176 654 4219 mecum
685 4161 740 4213 et
769 4170 893 4212 cum
925 4151 1074 4208 socio
1095 4159 1183 4207 tuo
1203 4149 1450 4206 deferant
1478 4151 1710 4208 scrinios
1740 4168 1882 4208 unus
1910 4162 2037 4225 post

442 4253 608 4308 alium
637 4245 921 4304 venientes
953 4241 1146 4297 ordine
1175 4239 1364 4314 longo,
1399 4249 1451 4297 et
1481 4257 1642 4314 quam
1679 4242 1787 4299 cito
1823 4241 2032 4314 primus

442 4346 654 4406 venerit
680 4343 752 4400 ad
781 4342 1002 4398 domum
1055 4339 1290 4394 hominis
1347 4338 1440 4411 qui
1494 4347 1547 4394 te
1600 4340 1816 4412 decepit
1860 4350 1912 4396 et
1939 4359 2033 4397 re-

446 4438 689 4512 quiescet
718 4430 810 4497 ibi,
839 4429 964 4486 veni
994 4435 1047 4484 et
1077 4428 1360 4499 interroga
1389 4427 1696 4498 pecuniam,
1722 4437 1775 4484 et
1803 4445 1907 4502 ego
1925 4436 2033 4484 tam

441 4533 660 4594 confido
689 4530 744 4585 in
773 4529 953 4584 Deum
981 4524 1128 4597 quod
1159 4523 1373 4580 reddita
1401 4524 1499 4580 tibi
1541 4533 1631 4580 tua
1650 4527 1881 4597 pecunia
1909 4527 2034 4584 fue-

442 4627 527 4682 rit.
553 4626 621 4680 At
640 4623 758 4695 ipse
775 4617 932 4674 sicuti
951 4614 1138 4670 vetula
1157 4613 1402 4687 jusserat
1423 4613 1566 4681 fecit,
1593 4631 1715 4686 qua:
1735 4631 1844 4672 non
1864 4616 2036 4674 oblita

436 4721 637 4794 incepti
674 4717 819 4791 quod
863 4721 1216 4786 praeceperat,
1267 4711 1370 4767 iter
1409 4711 1606 4784 incepit
1638 4721 1689 4768 et
1719 4716 1868 4771 venit
1909 4731 2032 4773 cum

440 4823 590 4880 socio
618 4814 832 4887 decepti
861 4813 928 4869 ad
959 4812 1180 4867 domum
1229 4810 1539 4882 deceptoris
1569 4814 1622 4868 et
1651 4812 1858 4885 inquit:
1895 4814 2032 4882 Qui-

440 4916 572 4969 dam
621 4911 785 4964 homo
818 4905 888 4960 de
932 4899 1207 4972 Hyspania
1251 4897 1560 4970 hospitatus
1609 4915 1826 4957 mecum
1859 4902 1956 4956 fuit
1981 4911 2033 4958 et

436 5001 550 5057 vult
595 4997 749 5053 Mech
788 4992 956 5055 adire,
999 4988 1301 5060 quaeritque
1353 4993 1511 5042 antea
1557 4989 1846 5059 pecuniam
1876 5005 2032 5046 suam

439 5105 557 5161 qua:
585 5093 666 5142 est
693 5085 748 5139 in
776 5082 969 5138 decem
1009 5077 1224 5135 scriniis
1269 5076 1594 5133 servandam
1634 5077 1796 5134 alicui
1826 5079 2033 5135 homini

439 5179 614 5233 donec
653 5177 960 5228 revertatur
1007 5165 1396 5224 commendare
1448 5182 1461 5220 :
1507 5181 1708 5238 precor
1745 5167 1934 5237 itaque
1973 5175 2032 5224 ut

439 5263 548 5322 mei
567 5276 733 5318 causa
751 5258 805 5312 in
825 5257 943 5313 aede
963 5263 1054 5310 tua
1074 5255 1375 5322 custodias,
1407 5262 1462 5310 et
1481 5255 1604 5325 quia
1623 5255 1802 5312 audivi
1836 5264 1888 5312 et
1917 5259 2032 5314 scio

439 5373 494 5420 te
522 5361 726 5416 bonum
765 5353 1039 5411 hominem
1087 5359 1141 5408 et
1177 5351 1395 5408 ﬁdelem
1439 5368 1582 5421 esse,
1637 5352 1763 5408 nolo
1793 5352 2031 5424 aliquem

441 5459 606 5518 alium
635 5460 830 5527 praeter
858 5459 912 5505 te
941 5447 1120 5505 solum
1150 5449 1312 5519 hujus
1345 5449 1588 5518 pecuniae
1616 5452 2030 5512 commendato-

439 5579 553 5620 rem
603 5557 818 5614 adesse.
869 5551 940 5605 Et
985 5549 1113 5605 dum
1154 5549 1228 5605 ita
1271 5550 1582 5620 loqueretur
1625 5553 1774 5609 venit
1824 5555 2031 5628 primus

438 5660 694 5719 deferens
722 5650 998 5716 scrinium,
1029 5647 1151 5702 aliis
1181 5664 1211 5700 a
1237 5647 1397 5720 longe
1426 5651 1839 5721 apparentibus.
1882 5656 2031 5712 Inte-

439 5760 541 5820 rim
572 5757 832 5827 deceptus
861 5751 1261 5822 praeceptorum
1287 5743 1481 5809 vetulae
1505 5762 1614 5808 non
1646 5750 1866 5823 oblitus,
1896 5761 2021 5826 post

2141 3232 2339 3289 magno
2381 3217 2570 3273 labore
2607 3219 2820 3284 corpori
2867 3234 2968 3274 suo
3012 3219 3110 3275 vix
3162 3219 3325 3275 etiam
3369 3236 3490 3292 qua:
3541 3227 3742 3275 natura

2141 3306 2314 3378 exigit
2359 3306 2755 3377 suppeditabat,
2805 3315 2859 3363 et
2897 3316 3081 3364 tamen
3126 3308 3347 3366 domum
3399 3325 3575 3374 suam,
3611 3308 3742 3364 licet

2141 3418 2340 3474 magna
2384 3412 2603 3461 coactus
2648 3404 2848 3476 inedia,
2902 3406 3148 3463 vendere
3189 3406 3435 3462 nolebat.
3488 3406 3745 3462 Habebat

2142 3501 2322 3548 autem
2355 3508 2492 3564 puer
2531 3493 2634 3550 iste
2678 3494 2969 3566 quemdam
3029 3495 3266 3551 vicinum
3309 3495 3475 3552 valde
3513 3494 3740 3551 divitem

2142 3581 2235 3654 qui
2263 3581 2485 3638 domum
2509 3598 2694 3638 emere
2709 3583 2960 3655 cupiebat
2986 3591 3044 3639 ut
3071 3599 3228 3639 suam
3248 3583 3551 3657 largiorem
3582 3583 3741 3640 face-

2143 3677 2240 3726 ret.
2278 3670 2424 3726 Puer
2449 3679 2630 3726 autem
2662 3686 2764 3728 nec
2783 3687 2965 3743 prece,
2991 3687 3092 3727 nec
3119 3671 3296 3743 pretio
3318 3671 3557 3728 vendere
3587 3672 3745 3728 vole-

2143 3759 2253 3814 bat.
2317 3758 2475 3828 Quod
2525 3767 2816 3832 postquam
2875 3759 2977 3817 iste
3023 3760 3178 3817 dives
3221 3759 3494 3832 comperit
3539 3760 3744 3831 quibus

2141 3847 2375 3920 ingeniis
2404 3852 2462 3905 et
2485 3848 2684 3920 quibus
2703 3849 2914 3904 artibus
2931 3865 3104 3921 puero
3131 3849 3480 3906 subtraheret
3509 3849 3736 3906 domum

2141 3937 2451 4009 cogitabat;
2498 3938 2566 3993 ad
2591 3939 2806 4007 juvenis
2845 3939 3146 3995 secundum
3176 3954 3340 4011 posse
3371 3955 3540 3996 suum
3574 3938 3745 3995 fami-

2139 4033 2422 4091 liaritatem
2449 4035 2566 4105 ejus
2590 4035 2867 4093 devitavit.
2907 4035 3154 4108 Denique
3191 4035 3544 4092 contristatus
3574 4035 3734 4092 dives

2142 4123 2232 4178 ille
2261 4137 2428 4181 causa
2459 4123 2655 4180 domus
2682 4128 2736 4180 et
2764 4124 2911 4198 quod
2949 4141 3066 4181 non
3100 4133 3292 4197 posset
3321 4141 3552 4197 puerum
3582 4125 3745 4182 deci-

2142 4227 2292 4283 pere,
2325 4211 2561 4284 quadam
2591 4212 2681 4268 die
2710 4215 2857 4270 venit
2885 4214 2956 4269 ad
3004 4229 3234 4285 puerum
3263 4221 3317 4270 et
3345 4213 3524 4286 inquit
3550 4213 3604 4270 ei
3638 4233 3648 4268 :
3696 4213 3744 4269 Ο

2141 4317 2300 4372 puer,
2332 4301 2693 4358 accommoda
2740 4301 2871 4357 mihi
2895 4310 3108 4374 partem
3155 4318 3384 4374 parvam
3431 4310 3540 4358 tuae
3574 4301 3745 4359 curiae

2144 4391 2336 4461 pretio,
2370 4390 2626 4462 quoniam
2653 4391 2707 4446 in
2727 4407 2794 4448 ea
2814 4391 2916 4447 sub
2952 4399 3095 4448 terra
3128 4392 3322 4448 decem
3351 4390 3588 4448 tonellos
3612 4408 3738 4447 cum

2067 4487 2119 4547 D
2149 4477 2273 4535 oleo
2300 4479 2580 4536 custodire
2609 4479 2750 4547 volo,
2777 4484 2832 4536 et
2850 4479 2984 4536 nihil
3012 4479 3111 4536 tibi
3131 4480 3423 4546 nocebunt,
3444 4479 3545 4535 sed
3564 4480 3743 4535 habe-

2142 4567 2227 4623 bis
2253 4565 2380 4624 inde
2409 4568 2629 4640 aliquod
2659 4576 3143 4626 sustentamentum
3174 4569 3316 4625 vitae.
3369 4569 3519 4624 Puer
3547 4575 3737 4625 autem

2137 4671 2360 4720 coactus
2381 4665 2709 4721 necessitate
2729 4665 3066 4722 concessitet
3080 4666 3232 4722 dedit
3251 4665 3301 4721 ei
3321 4664 3510 4721 claves
3531 4665 3744 4720 domus

2137 4753 2360 4808 Iuvenis
2404 4769 2534 4810 vero
2575 4754 2769 4810 iterum
2810 4771 2963 4811 more
3013 4754 3180 4810 solito
3229 4753 3413 4810 liberis
3442 4753 3742 4809 liberaliter

2137 4841 2391 4897 serviens
2420 4843 2619 4900 victum
2648 4843 2990 4916 perquisivit.
3024 4846 3090 4898 At
3111 4843 3271 4898 dives
3299 4845 3463 4898 homo
3493 4843 3742 4913 acceptis

2139 4930 2378 4987 clavibus
2399 4932 2601 4988 curiam
2613 4932 2832 5001 juvenis
2853 4931 3171 5001 suﬂ'odiens,
3210 4933 3446 5004 quinque
3476 4929 3741 4986 tonellos.

2139 5019 2332 5090 plenos
2359 5019 2480 5077 oleo
2510 5019 2584 5076 ibi
2613 5019 2918 5076 recondidit
2937 5027 2990 5075 et
3011 5018 3609 5091 quinque’dimidios,et
3637 5019 3745 5073 hoc

2139 5109 2283 5166 facto
2296 5110 2552 5179 juvenem
2571 5109 2854 5166 advocavit
2869 5108 3166 5180 clavesque
3186 5107 3377 5163 domus
3398 5106 3471 5161 illi
3489 5106 3745 5163 tribuens

2141 5197 2348 5270 inquit:
2382 5198 2427 5252 Ο
2450 5197 2684 5268 juvenis,
2718 5197 2896 5254 oleum
2929 5213 3111 5253 meum
3142 5195 3240 5250 tibi
3269 5195 3549 5251 committo
3599 5203 3654 5250 et
3685 5195 3741 5249 in

2140 5294 2229 5341 tua
2258 5286 2503 5343 custodia
2530 5287 2716 5343 trado.
2751 5286 2977 5343 Iuvenis
3025 5284 3257 5357 simplex
3303 5292 3498 5356 putans
3545 5299 3743 5339 omnes

2141 5374 2372 5431 tonellos
2409 5391 2536 5430 esse
2577 5375 2801 5447 plenos,
2853 5373 2909 5429 in
2951 5373 3200 5430 custodia
3229 5372 3453 5444 recepit.
3501 5374 3569 5427 At
3616 5380 3742 5443 post

2141 5472 2364 5546 longum
2399 5480 2612 5545 tempus
2663 5473 2892 5546 contigit
2939 5471 3086 5546 quod
3129 5471 3185 5526 in
3231 5479 3376 5527 terra
3423 5469 3514 5526 illa
3553 5470 3740 5527 oleum

2140 5576 2329 5618 carum
2379 5561 2500 5617 fuit.
2557 5562 2721 5618 Dives
2760 5562 2877 5618 haec
2923 5560 3152 5617 audiens
3193 5574 3368 5632 puero
3415 5558 3636 5631 inquit:
3689 5556 3738 5614 0

2138 5658 2333 5725 amice,
2365 5658 2488 5715 veni
2510 5667 2558 5715 et
2577 5659 2704 5729 juva
2726 5674 2815 5715 me
2835 5658 3016 5715 oleum
3039 5655 3282 5715 effodere
3303 5655 3451 5729 quod
3469 5662 3577 5711 tuae
3599 5654 3742 5724 jam-

2139 5755 2346 5817 dudum
2376 5756 2626 5815 mandavi
2657 5756 2938 5829 custodiae,
2972 5763 3023 5817 et
3051 5753 3261 5814 laboris
3291 5752 3575 5830 praemium
3604 5750 3740 5810 acci-
