4072 6078
375 249 480 309 689

1587 251 1981 309 DlSClPLINA
2023 251 2425 311 CLERICALIS

3569 257 3672 316 690

371 376 494 448 pies
523 382 574 432 et
605 375 804 431 tutelae.
835 373 1059 432 Juvenis
1087 374 1270 432 audita
1299 387 1465 447 prece
1497 389 1622 432 cum
1672 377 1846 449 pretio
1881 377 1961 432 di-
2002 378 2055 439 Α
2087 380 2304 435 nomine
2318 379 2599 436 Auxilium
2614 380 3187 441 miserorum.lterum
3205 380 3505 455 discipulus
3527 400 3539 437 :
3561 384 3677 440 Etsi

374 465 469 521 viti
503 465 774 522 concessit
795 473 852 520 ut
880 465 1180 522 secundum
1209 480 1374 536 posse
1404 481 1561 520 suum
1595 480 1716 520 eum
1739 466 1968 535 juvaret.

374 563 541 618 Dives
571 578 680 618 non
707 562 908 619 oblitus
935 578 1052 619 suae
1078 562 1290 618 fraudis
1331 562 1701 635 nequissimae,
1747 563 1973 620 adduxit

373 652 632 708 homines
651 659 711 707 ut
739 652 923 708 oleum
944 658 1209 708 emerent.
1237 651 1448 721 Quibus
1466 652 1734 720 adductis,
1768 661 1973 709 terram

371 749 712 810 aperuerunt
740 748 792 798 et
821 741 1060 814 quinque
1105 740 1300 812 plenos
1349 740 1583 797 tonellos
1632 748 1686 798 et
1734 743 1973 814 quinque

377 835 636 894 dimidios
665 837 1010 895 invenerunt.
1041 837 1322 910 Perceptis
1352 837 1550 895 talibus
1580 839 1807 896 vocavit
1833 856 1972 912 pue-

368 942 490 982 rum
524 926 595 982 ita
624 926 891 984 dicendo:
924 927 1129 992 Amice.
1162 942 1330 984 causa
1359 935 1464 984 tuae
1506 928 1766 984 custodite
1811 929 1968 985 amisi

369 1015 589 1086 oleum;
623 1017 849 1088 insuper
876 1016 1022 1088 quod
1054 1015 1151 1072 tibi
1179 1015 1430 1073 commisi
1458 1016 1832 1074 fraudulenter
1847 1017 1971 1074 abs-

365 1111 558 1181 tulisti,
589 1121 921 1186 quapropter
949 1113 1078 1170 volo
1108 1119 1168 1168 ut
1193 1112 1326 1168 mihi
1375 1128 1498 1168 mea
1542 1114 1822 1169 restituas.
1873 1115 1969 1170 His

365 1209 527 1266 dictis
554 1227 678 1266 eum
708 1210 851 1283 cepit
871 1217 925 1266 et
941 1209 1105 1266 vellet
1138 1208 1309 1266 nollet
1327 1208 1397 1264 ad
1418 1208 1684 1279 justitiam
1713 1209 1963 1266 deduxit.

359 1299 578 1354 Justitia
607 1315 730 1355 eum
747 1299 946 1355 videns
966 1299 1365 1368 accusavit,sed
1381 1297 1600 1368 juvenis
1617 1298 1750 1371 quid
1772 1307 1966 1355 contra

361 1387 579 1444 diceret
608 1388 861 1454 nescivit,
892 1396 1133 1444 attamen
1161 1387 1412 1444 inducias
1443 1386 1603 1443 unius
1652 1386 1760 1443 diei
1807 1405 1963 1460 quae-

359 1487 505 1554 sivit,
539 1487 682 1559 quod
707 1485 941 1557 justitia,
970 1485 1094 1558 quia
1114 1486 1319 1556 justum
1349 1492 1492 1555 erat,
1541 1485 1845 1542 concessit.
1904 1488 1964 1543 In

357 1576 573 1632 civitate
612 1585 792 1632 autem
837 1576 931 1632 illa
976 1576 1292 1632 morabatur
1335 1575 1555 1648 quidam
1603 1574 1961 1647 philosophus

357 1667 449 1736 qui
477 1665 968 1737 cognominabatur
991 1665 1268 1720 Auxilium
1299 1664 1596 1738 egentium,
1636 1665 1809 1719 bonus
1852 1666 1958 1722 ho-

352 1778 446 1818 mo
475 1771 528 1818 et
556 1762 870 1834 religiosus.
898 1763 1120 1819 Iuvenis
1148 1762 1333 1819 audito
1364 1761 1619 1818 bonitatis
1647 1761 1945 1834 illiuspras—

352 1851 520 1908 conio
548 1852 789 1924 perrexit
817 1852 888 1908 ad
917 1868 1062 1922 eum,
1095 1850 1458 1924 quaesivitque
1489 1850 1558 1906 ab
1579 1866 1644 1906 eo
1660 1851 1949 1908 consilium

354 1941 585 1998 dicens:
618 1940 676 1997 Si
705 1957 834 1997 vera
864 1948 1142 2014 suntquae
1189 1941 1258 1996 de
1305 1947 1356 1996 te
1407 1941 1533 1995 mihi
1583 1941 1947 1997 referentibus

352 2037 541 2094 multis
571 2038 712 2094 dicta
744 2046 867 2093 sunt
890 2054 1043 2094 more
1062 2035 1384 2103 domestico,
1406 2036 1490 2092 fer
1510 2037 1640 2092 mihi
1669 2037 1944 2108 auxilium,

354 2127 558 2182 etenim
588 2126 784 2195 injuste
835 2143 1083 2183 accusor.
1143 2125 1505 2197 Philosophus
1557 2126 1740 2181 audita
1785 2142 1947 2197 prece

347 2217 567 2286 juvenis
595 2215 956 2287 interrogavit
984 2215 1027 2270 si
1053 2215 1202 2285 juste
1242 2214 1329 2269 vel
1377 2213 1582 2287 injuste
1623 2224 1947 2272 accusarent

352 2329 506 2369 eum.
543 2314 772 2370 Juvenis
801 2329 932 2368 vero
952 2313 1096 2384 quod
1117 2313 1313 2382 injuste
1335 2321 1691 2370 accusaretur
1713 2311 1948 2368 ﬁrmavit

353 2410 728 2458 sacramento.
761 2401 970 2457 Audita
999 2403 1075 2457 rei
1108 2401 1333 2458 veritate
1361 2400 1722 2473 philosophus
1749 2401 1946 2472 pietate

356 2500 665 2547 commotus
688 2491 799 2546 ait:
825 2491 1134 2546 Auxiliante
1163 2492 1280 2547 Deo
1310 2489 1478 2546 feram
1511 2490 1607 2545 tibi
1637 2490 1894 2546 auxilium
1930 2505 1944 2560 ;

353 2589 453 2644 sed
485 2588 628 2645 sicut
659 2604 691 2644 a
715 2589 926 2659 justitia
969 2594 1282 2660 respectum
1325 2605 1510 2660 usque
1547 2589 1602 2642 in
1650 2588 1945 2644 crastinam

353 2677 498 2733 diem
528 2677 805 2748 accepisti,
835 2677 945 2732 noli
973 2677 1242 2733 dimittere
1266 2677 1395 2750 quin
1424 2693 1520 2732 eas
1550 2676 1620 2731 ad
1661 2675 1943 2746 placitum,

353 2781 452 2822 ero
480 2765 577 2821 tibi
606 2775 830 2838 paratus
849 2782 1177 2822 succurrere
1204 2774 1308 2822 tuae
1339 2765 1544 2822 veritati
1565 2773 1726 2838 atque
1757 2780 1946 2821 eorum

354 2879 560 2920 nocere
579 2863 818 2920 falsitati.
841 2867 868 2920 ιι
877 2865 1066 2921 uvenis
1081 2879 1258 2920 autem
1280 2865 1426 2937 quod
1443 2863 1801 2935 pliilOSOphus
1823 2881 1946 2920 eum

345 2953 582 3024 jusserat
613 2953 746 3028 egit.
779 2955 934 3010 Mane
954 2963 1136 3010 autem
1175 2954 1341 3018 facto,
1388 2953 1537 3009 venit
1586 2953 1946 3025 philosophus

351 3042 421 3097 ad
444 3042 731 3111 justitiam,
763 3059 925 3115 quem
955 3050 1249 3115 postquam
1273 3042 1403 3098 vidit
1423 3042 1628 3112 justitia
1650 3051 1708 3097 ut
1732 3042 1946 3114 sapien-

351 3148 461 3197 tem
491 3149 546 3195 et
573 3141 957 3211 philosophum
999 3139 1230 3206 vocavit,
1276 3147 1638 3212 vocatumque
1686 3140 1842 3210 juxta
1885 3155 1947 3194 se

354 3229 552 3284 sedere
580 3228 863 3285 fecit.lnde
885 3227 1088 3297 justitia
1113 3227 1327 3284 vocavit
1344 3238 1675 3285 accusantes
1705 3237 1758 3284 et
1777 3243 1944 3284 accu-

355 3326 534 3374 satum
568 3363 581 3385 ,
621 3319 992 3393 praecepitque
1047 3317 1195 3392 quod
1250 3334 1476 3374 suorum
1530 3316 1946 3373 recmdarentur

352 3415 678 3488 placitorum
709 3425 759 3472 et
808 3417 884 3473 ita
939 3415 1202 3474 fecerunt.
1264 3415 1377 3470 lllis
1436 3431 1566 3471 vero
1619 3414 1944 3481 astantibus,

348 3505 565 3576 justitia
590 3505 663 3560 ait
691 3505 1018 3577 philosopho
1047 3505 1193 3576 quod
1221 3519 1417 3562 causas
1458 3504 1676 3558 audiret
1724 3510 1778 3559 et
1819 3503 1946 3558 inde

348 3592 618 3659 judicium
647 3593 874 3650 faceret.
909 3595 1040 3650 lude
1060 3593 1424 3664 philosOphus
1450 3610 1462 3647 :
1497 3591 1756 3662 Pracipe,
1776 3591 1941 3660 justi-

355 3693 449 3759 tia,
490 3691 694 3748 clarum
724 3692 906 3748 oleum
936 3692 1004 3747 de
1035 3691 1276 3763 quinque
1307 3691 1520 3747 tonellis
1565 3691 1740 3761 plenis
1785 3707 1945 3746 men-

354 3780 550 3846 surari,
583 3789 636 3836 et
666 3781 810 3838 scias
839 3790 1100 3852 quantum
1130 3780 1200 3834 sit
1229 3779 1324 3835 tibi
1353 3779 1489 3836 clari
1517 3779 1644 3846 olei,
1691 3788 1745 3834 et
1789 3779 1945 3834 simi-

354 3868 481 3925 liter
507 3869 577 3925 de
603 3869 842 3941 quinque
867 3869 1132 3936 dimidiis,
1165 3876 1218 3925 et
1248 3869 1392 3925 scias
1422 3875 1676 3940 quantum
1708 3867 1781 3924 ibi
1818 3868 1946 3924 clari

352 3964 460 4021 olei
489 3966 672 4022 fuerit.
705 3966 915 4021 Deinde
943 3966 1181 4037 spissum
1211 3965 1389 4022 oleum
1419 3951 1488 4021 de
1512 3965 1750 4037 quinque
1771 3965 1948 4036 plenis

351 4055 572 4110 tonellis
600 4055 668 4109 sit
698 4061 1031 4110 mesuratum
1062 4061 1113 4110 et
1145 4055 1287 4110 scias
1330 4063 1584 4125 quantum
1630 4054 1791 4123 spissi
1839 4053 1946 4112 olei

356 4143 410 4197 in
441 4142 522 4198 eis
553 4142 640 4208 sit,
672 4150 726 4198 et
756 4141 1006 4198 similiter
1050 4142 1120 4198 de
1178 4142 1419 4214 quinque
1475 4142 1714 4197 dimidiis
1778 4141 1949 4197 facias

349 4241 677 4307 mensurari,
711 4249 763 4296 et
791 4240 931 4296 scias
962 4249 1216 4312 quantum
1252 4239 1422 4310 spissi
1469 4240 1577 4296 olei
1626 4240 1790 4296 fuerit
1829 4240 1901 4294 ibi
1932 4258 1945 4305 ;

351 4337 405 4384 et
436 4330 480 4383 si
508 4338 711 4384 tantum
740 4329 902 4400 spissi
931 4328 1039 4384 olei
1069 4329 1344 4384 inveneris
1373 4329 1426 4383 in
1455 4329 1698 4384 dimidiis
1736 4328 1950 4384 tonellis

2076 469 2187 539 jam
2219 469 2408 526 audita
2436 479 2616 525 mente
2648 471 2970 541 sedeant,ad
3001 471 3330 528 audiendum
3361 473 3520 542 plura
3541 472 3674 529 inci-

2083 572 2224 621 tant.
2261 565 2528 638 Magister
2558 567 2770 640 inquit:
2802 567 3056 625 Libenter
3099 568 3196 625 tibi
3245 567 3448 636 dicam,
3503 577 3554 625 et
3599 570 3676 626 sic

2081 653 2254 726 inquit
2287 675 2298 710 :

2665 834 2935 892 FABULA
2974 837 3094 891 XV.

2150 990 2365 1048 Dictum
2394 991 2492 1048 fuit
2519 992 2589 1050 de
2619 993 2857 1068 quodam
2886 995 3052 1052 divite
3081 996 3137 1052 in
3175 996 3458 1055 civitatem
3507 1005 3672 1056 eunte

2080 1081 2229 1152 quod
2257 1079 2546 1137 sacculum
2575 1097 2700 1138 cum
2729 1083 2879 1140 mille
2918 1084 3134 1140 talentis
3181 1085 3421 1142 deferret
3461 1102 3668 1156 secum,

2077 1177 2132 1225 et
2161 1168 2386 1240 insuper
2413 1185 2642 1226 aureum
2674 1180 2981 1243 serpentem
3012 1173 3200 1229 oculos
3248 1175 3540 1231 habentem
3581 1178 3672 1246 ja-

2075 1256 2345 1314 cinctinos
2375 1258 2429 1313 in
2451 1258 2668 1316 sacculo
2693 1260 2909 1325 eodem,
2944 1262 3089 1333 quod
3121 1270 3288 1318 totum
3321 1263 3481 1319 simul
3521 1271 3665 1320 ami-

2074 1346 2161 1402 sit.
2196 1344 2431 1414 Quidam
2463 1363 2594 1404 vero
2620 1364 2824 1420 pauper
2853 1349 2952 1405 iter
2981 1350 3183 1407 faciens
3213 1352 3435 1422 invenit,
3485 1353 3667 1410 dedit-

2071 1449 2176 1506 que
2205 1435 2356 1490 uxori
2387 1451 2523 1500 sum,
2554 1445 2609 1492 et
2629 1437 2902 1509 quomodo
2923 1438 3219 1495 invenisset
3247 1441 3448 1497 retulit.
3471 1441 3666 1498 Mulier

2070 1523 2179 1580 hoc
2208 1524 2442 1580 audiens
2472 1525 2547 1580 ait
2582 1545 2592 1580 :
2628 1525 2786 1594 Quod
2800 1528 2946 1583 Deus
2963 1527 3113 1584 dedit
3132 1530 3663 1586 custodiamus.Alia

2068 1611 2156 1667 die
2185 1627 2282 1683 per
2313 1613 2452 1668 viam
2502 1628 2686 1685 praeco
2743 1614 2819 1670 ita
2873 1616 3161 1673 clamando
3211 1618 3496 1688 perrexit:
3556 1618 3661 1688 Qui

1974 1736 2030 1800 Β
2068 1700 2229 1757 talem
2261 1717 2487 1757 censum
2516 1703 2722 1759 invenit
2751 1703 2962 1770 reddat,
2999 1710 3052 1760 et
3081 1706 3290 1778 absque
3318 1707 3507 1779 aliquo
3536 1723 3663 1779 pec-

2060 1806 2183 1855 cato
2224 1807 2442 1857 centum
2473 1800 2677 1857 talenta
2707 1801 2834 1858 inde
2863 1802 3074 1858 habeat.
3122 1805 3250 1860 Haec
3291 1803 3522 1860 audiens
3570 1805 3657 1861 in-

2058 1906 2248 1955 ventor
2277 1914 2494 1966 census,
2525 1899 2660 1954 dixit
2702 1901 2856 1957 uxori
2891 1919 2901 1952 :
2955 1901 3266 1958 Reddamus
3315 1918 3540 1959 censum
3597 1914 3652 1960 et

2057 1987 2264 2058 absque
2294 1995 2522 2059 peccato
2549 1996 2774 2044 centum
2805 1989 3004 2045 talenta
3028 1989 3154 2047 inde
3181 1991 3499 2048 habeamus.
3521 1994 3654 2049 Inde

2057 2075 2252 2132 mulier
2279 2075 2401 2131 ait:
2433 2076 2489 2134 Si
2520 2077 2666 2133 Deus
2715 2077 2864 2133 illum
2925 2078 3191 2135 voluisset
3237 2081 3379 2136 hunc
3425 2097 3650 2138 censum

2056 2164 2276 2232 habere,
2305 2182 2412 2221 non
2442 2165 2747 2232 amisisset;
2778 2167 2922 2240 quod
2945 2167 3096 2224 Deus
3125 2169 3346 2225 donavit
3368 2171 3649 2226 custodia-

2057 2269 2209 2308 mus.
2249 2255 2503 2310 lnventor
2531 2271 2730 2310 census
2760 2264 2824 2311 ut
2850 2256 3173 2312 redderetur
3210 2256 3544 2325 elaboravit,
3595 2266 3646 2316 at

2054 2340 2175 2412 ipsa
2200 2341 2429 2397 omnino
2459 2342 2790 2415 denegabat,
2829 2352 2883 2398 et
2915 2352 3095 2399 tamen
3128 2344 3289 2400 vellet
3314 2345 3481 2401 nollet
3527 2363 3650 2402 mu-

2054 2429 2173 2496 lier,
2206 2429 2458 2486 dominus
2487 2431 2668 2485 reddit
2694 2439 2747 2486 et
2776 2431 2921 2503 quod
2951 2448 3132 2502 prteco
3181 2432 3506 2504 promiserat
3544 2450 3649 2490 ex-

2053 2518 2224 2590 petiit.
2250 2518 2415 2574 Dives
2437 2527 2617 2574 autem
2640 2518 2836 2590 plenus
2856 2521 3111 2592 nequitiae
3134 2522 3208 2576 ait
3233 2541 3243 2576 :
3279 2522 3466 2579 Adhuc
3486 2521 3652 2579 alium

2054 2616 2364 2678 serpentem
2393 2607 2529 2662 mihi
2561 2607 2758 2663 deesse
2785 2608 2991 2664 sciatis.
3025 2610 3140 2665 Hoc
3161 2626 3324 2680 prava
3354 2611 3654 2668 intentione

2055 2695 2270 2751 dicebat
2300 2703 2356 2749 ut
2386 2695 2615 2766 pauperi
2648 2695 2854 2752 homini
2885 2697 3084 2752 talenta
3114 2714 3220 2752 non
3249 2699 3503 2754 redderet
3525 2716 3653 2772 pro-

2052 2794 2222 2851 missa
2248 2811 2261 2865 ;
2293 2811 2500 2867 pauper
2529 2811 2661 2851 vero
2691 2811 2751 2851 se
2781 2796 2913 2850 nihil
2944 2796 3177 2868 amplius
3204 2797 3478 2854 invenisse
3499 2797 3652 2855 dice—

2055 2883 2172 2939 bat.
2213 2886 2280 2939 At
2306 2884 2555 2940 homines
2586 2884 2824 2940 civitatis
2852 2885 2996 2940 illius
3028 2884 3184 2940 diviti
3218 2885 3461 2942 faventes
3509 2903 3656 2959 pau-

2053 2972 2172 3044 peri
2193 2972 2524 3044 derogantes
2548 2971 2884 3028 inexorabilc
2906 2981 3095 3028 contra
3109 2971 3380 3028 fortunam
3393 2974 3656 3046 pauperis

2053 3061 2236 3117 odium
2267 3069 2547 3134 gerentes,
2580 3061 2730 3116 illum
2762 3061 2832 3116 ad
2881 3060 3150 3130 justitiam
3199 3072 3651 3132 provocaverunt.

2057 3151 2269 3222 Pauper
2295 3157 2496 3217 autem,
2530 3157 2586 3204 ut
2613 3165 2781 3220 supra
2802 3150 3006 3206 dictum
3037 3157 3138 3216 est,
3171 3167 3230 3205 se
3259 3150 3388 3206 nihil
3420 3151 3654 3222 amplius

2052 3238 2328 3294 invenisse
2374 3237 2616 3293 dicebat.
2685 3237 2793 3294 Sed
2848 3238 2977 3294 dum
3033 3254 3213 3294 sermo
3269 3239 3655 3309 hujuscemodi

2054 3343 2356 3398 pauperum
2386 3327 2721 3399 divitumque
2753 3343 2849 3398 per
2879 3343 2977 3382 ora
3006 3327 3343 3384 discurreret
3390 3327 3652 3382 ministris

2056 3415 2419 3471 referentibus
2449 3416 2666 3470 tandem
2698 3415 2965 3487 percussit
2995 3431 3087 3471 ora
3109 3417 3275 3487 regis.
3310 3415 3470 3484 Quod
3491 3415 3653 3471 simul

2053 3504 2256 3558 audivit
2276 3503 2505 3558 divitem
2537 3517 2592 3558 et
2621 3519 2915 3575 pauperem
2947 3510 3000 3558 et
3027 3503 3316 3574 pecuniam
3355 3503 3458 3558 sibi
3503 3519 3651 3574 pra:-

2055 3591 2260 3646 sentari
2307 3592 2585 3663 praecepit.
2649 3591 2908 3649 Adductis
2959 3592 3232 3660 omnibus,
3273 3592 3651 3664 philosophum

2054 3681 2259 3736 scilicet
2291 3681 2567 3735 Auxilium
2600 3681 2928 3737 miserorum
2973 3696 3103 3738 cum
3149 3681 3270 3736 aliis
3317 3681 3653 3753 sapientibus

2054 3769 2121 3823 ad
2153 3785 2212 3824 se
2245 3771 2476 3836 vocavit,
2507 3769 2695 3842 eisque
2725 3770 3058 3826 accusatoris
3089 3786 3277 3826 vocem
3316 3778 3370 3826 et
3416 3770 3651 3826 accusati

2055 3858 2247 3913 audire
2267 3867 2320 3914 et
2335 3859 2580 3915 enodare
2593 3858 3240 3930 praecepiLPhilosophus
3261 3859 3378 3914 haec
3399 3859 3651 3924 audiens,

2056 3955 2360 4002 commotus
2392 3947 2593 4017 pietate
2624 3946 2882 4018 pauperis
2911 3947 2981 4001 ait
3015 3966 3027 4000 :
3080 3945 3395 4001 Auxiliante
3437 3949 3552 4004 Deo
3602 3957 3654 4004 te

2057 4035 2287 4090 liberare
2317 4034 2580 4090 conabor.
2619 4034 2703 4089 Ad
2725 4037 2826 4089 hoc
2872 4049 3127 4104 pauper:
3180 4033 3294 4089 Scit
3337 4035 3484 4090 Deus
3526 4036 3654 4107 quia

2058 4122 2270 4178 reddidi
2303 4132 2564 4194 quantum
2593 4121 2803 4177 inveni.
2861 4121 2993 4176 lnde
3038 4121 3396 4192 philosophus
3441 4121 3510 4176 ad
3560 4139 3650 4177 re-

2057 4227 2188 4280 gem
2213 4227 2226 4264 :
2249 4211 2303 4264 Si
2323 4217 2528 4265 rectum
2547 4209 2809 4278 judicium
2833 4209 2959 4264 inde
2978 4209 3133 4265 vobis
3149 4209 3340 4264 audire
3363 4208 3648 4280 placuerit,

2057 4299 2254 4354 dicam.
2291 4299 2406 4354 Rex
2439 4299 2556 4353 haec
2584 4298 2814 4352 audiens
2841 4306 2899 4352 ut
2918 4297 3193 4366 judicaret
3223 4297 3462 4369 rogavit.
3501 4298 3650 4354 Tunc

350 4427 611 4489 quantum
633 4417 685 4472 in
715 4395 914 4490 plenis,
946 4419 1088 4474 scias
1117 4418 1296 4474 oleum
1317 4417 1482 4472 fuisse
1514 4416 1767 4471 furatum.
1801 4418 1867 4472 Et
1889 4416 1933 4471 si
1972 4447 2024 4508 D
2054 4397 2418 4508 ΡιιῖΙοδξὶρπυε
2439 4396 2561 4508 regi
2595 4416 2612 4451 -’
2645 4396 2945 4508 Ῑῗξξξιοιηο
2975 4395 3130 4508 dive:
3162 4396 3338 4508 basi“?
3365 4404 3461 4508 ,θεῖ
3503 4396 3650 4451 mul-

349 4515 404 4569 in
435 4515 674 4569 dimidiis
705 4513 918 4570 tonellis
949 4514 1224 4570 inveneris
1255 4513 1417 4568 talem
1448 4521 1656 4583 partem
1685 4513 1940 4584 spissitu-

347 4603 492 4658 diuis
518 4603 735 4676 qualem
765 4607 947 4658 oleum
979 4603 1190 4658 clarum
1217 4602 1295 4656 ibi
1317 4601 1556 4657 existens
1600 4601 1766 4672 exigit
1797 4601 1944 4673 quod

349 4691 568 4762 quidem
602 4700 654 4746 et
684 4691 736 4746 in
770 4690 946 4762 plenis
979 4691 1194 4745 tonellis
1223 4691 1474 4745 invenire
1519 4689 1750 4762 poteris,
1799 4690 1942 4746 scias

345 4787 528 4843 oleum
559 4805 665 4844 non
695 4788 864 4843 fuisse
895 4787 1148 4843 furatum.
1183 4786 1399 4842 Justitia
1417 4788 1531 4842 haec
1553 4786 1782 4843 audiens
1804 4803 1940 4843 con-

346 4876 894 4948 ﬁrmavitjudicium,
929 4875 1238 4948 factumque
1268 4877 1465 4940 estita,
1518 4885 1571 4930 ct
1619 4878 1721 4931 hoc
1780 4876 1941 4932 modo

340 4973 566 5044 juvenis
594 4974 767 5029 evasit
797 4990 962 5028 sensu
992 4972 1319 5044 philosophi.
1356 4973 1542 5027 Finitis
1588 4973 1804 5044 placitis
1850 4975 1941 5042 ju-

348 5062 504 5118 venis
517 5061 843 5133 philosopho
871 5070 1058 5134 grates
1087 5061 1340 5116 reddidit.
1375 5063 1525 5116 Tunc
1573 5062 1942 5132 philosomius

347 5163 422 5217 ait
452 5162 530 5217 illi
563 5179 575 5216 :
602 5164 972 5234 Nunquamne
1003 5162 1130 5216 illud
1153 5162 1466 5232 phi1050phi
1514 5161 1717 5215 audisti
1747 5162 1774 5214 ?
1821 5163 1942 5217 Non

349 5266 505 5306 emas
535 5250 756 5306 domum
785 5259 1074 5323 antequam
1103 5265 1411 5322 cognoscas
1443 5251 1697 5305 vicinum.
1732 5251 1809 5304 Ad
1842 5251 1942 5306 hoc

343 5339 567 5408 juvenis
602 5357 613 5394 :
649 5339 889 5393 Primum
919 5339 1208 5394 habuimus
1237 5340 1458 5394 domum
1487 5349 1777 5410 antequam
1791 5339 1940 5408 juxta

349 5451 456 5491 nos
489 5435 873 5507 hospitaretur.
907 5436 1004 5490 Cui
1036 5435 1393 5506 phiIOSOphus
1421 5454 1432 5490 :
1472 5436 1706 5491 Primum
1740 5436 1943 5492 vendas

350 5539 512 5596 quam
545 5540 762 5578 maneas
787 5525 940 5593 juxta
975 5523 1178 5578 malum
1209 5524 1471 5579 vicinum.

421 5630 735 5702 Discipulus
764 5651 775 5685 :
809 5630 936 5684 Tale
959 5629 1226 5698 judicium
1248 5637 1479 5700 apparet
1525 5646 1649 5686 esse
1692 5630 1942 5702 philoso-

349 5727 464 5798 phi,
489 5735 542 5784 et
572 5728 675 5787 hoc
701 5735 781 5785 est
813 5727 995 5800 gratia
1019 5727 1148 5783 Dei.
1200 5727 1396 5785 Merito
1443 5735 1667 5786 vocatus
1712 5737 1796 5784 est
1837 5727 1944 5786 hoc

2054 4493 2183 4549 tum,
2217 4493 2269 4540 et
2301 4501 2407 4540 non
2440 4491 2523 4540 est
2570 4483 2836 4540 credibile
2880 4501 3004 4540 eum
3055 4484 3258 4556 aliquid
3307 4485 3648 4555 interrogare

2052 4574 2198 4646 quod
2227 4590 2335 4628 non
2367 4573 2678 4640 amisisset;
2729 4590 2799 4628 ex
2847 4573 2956 4629 alia
3002 4582 3159 4645 parte
3209 4573 3471 4629 credibile
3516 4574 3648 4627 mihi

2051 4663 2265 4718 videtur
2285 4662 2434 4733 quod
2459 4663 2559 4717 iste
2584 4678 2794 4734 pauper
2825 4664 2987 4718 homo
3010 4661 3141 4717 nihil
3175 4661 3412 4733 amplius
3443 4661 3647 4716 invenit

2052 4777 2214 4832 quam
2240 4759 2492 4826 reddidit,
2519 4760 2646 4831 quia
2675 4761 2853 4815 malus
2887 4761 3048 4816 homo
3078 4759 3124 4812 si
3154 4765 3321 4824 esset,
3347 4774 3456 4812 non
3499 4757 3644 4830 quod

2052 4849 2285 4905 reddidit
2314 4849 2584 4913 redderet,
2632 4848 2742 4904 imo
2799 4857 2967 4904 totum
3025 4847 3246 4904 celaret.
3309 4846 3442 4901 Inde
3499 4861 3648 4901 rex:

2051 4937 2193 5006 Quid
2223 4946 2404 4993 autem
2439 4935 2565 4992 inde
2590 4937 2824 5006 judicus,
2839 4937 3161 5008 philosophe
3181 4936 3209 4989 ἱ)
3237 4935 3604 5005 PhilosOphus
3631 4954 3642 4989 :

2052 5028 2184 5094 ltex,
2227 5042 2380 5081 sume
2410 5041 2656 5091 censum,
2692 5033 2746 5079 et
2793 5025 2859 5080 da
2908 5041 2972 5080 ex
3023 5040 3089 5079 eo
3144 5023 3372 5094 pauperi
3428 5032 3643 5078 centum

2051 5113 2269 5181 talenta,
2301 5122 2355 5169 et
2381 5115 2528 5187 quod
2561 5115 2890 5170 remanserit
2918 5127 3076 5168 serva
3105 5111 3282 5168 donec
3324 5110 3506 5167 veniat
3553 5113 3646 5183 qui

2050 5217 2274 5258 censum
2306 5211 2538 5274 quaerat,
2571 5203 2698 5275 quia
2726 5219 2834 5258 non
2865 5209 2946 5257 est
2976 5202 3063 5257 hic
3091 5202 3245 5270 cujus
3287 5199 3388 5256 iste
3444 5216 3644 5256 census

2051 5291 2139 5357 sit,
2173 5300 2226 5347 et
2253 5291 2352 5347 iste
2384 5292 2539 5348 dives
2571 5293 2740 5348 homo
2787 5299 2869 5347 est
2912 5290 2980 5345 ad
3027 5305 3334 5361 praeconem
3384 5297 3438 5346 et
3484 5289 3644 5345 faciat

2052 5378 2397 5453 interrogare
2425 5381 2685 5438 sacellum
2717 5397 2842 5437 cum
2873 5380 3086 5435 duobus
3115 5378 3482 5450 serpentibus.
3506 5378 3642 5447 Regi

2050 5477 2226 5523 autem
2253 5469 2456 5539 placuit
2482 5470 2588 5525 hoc
2610 5470 2891 5539 judicium,
2927 5477 3094 5540 atque
3125 5467 3377 5525 omnibus
3423 5467 3496 5520 ibi
3537 5466 3643 5521 cir-

2051 5556 2470 5612 cumstantibus.
2511 5558 2676 5613 Dives
2709 5573 2839 5612 vero
2879 5557 2971 5628 qui
3006 5557 3266 5613 sacellum
3308 5554 3638 5625 perdiderat.

2052 5645 2157 5699 hoc
2188 5644 2420 5699 audiens
2439 5644 2647 5715 inquit:
2672 5646 2816 5700 Bone
2839 5660 2955 5711 rex,
3006 5644 3129 5699 dico
3177 5642 3271 5697 tibi
3314 5641 3372 5695 in
3419 5641 3642 5696 veritate

2051 5747 2278 5790 censum
2302 5733 2462 5789 istum
2484 5731 2651 5789 fuisse
2673 5731 2977 5798 meum,sed
3001 5731 3125 5801 quia
3146 5729 3373 5787 voleban
3395 5727 3624 5799 pauperi
