4028 6070
330 210 427 265 691

1270 206 1464 260 PETRI
1505 198 1845 256 ALPHONSI
1887 196 1982 257 EX
2019 191 2256 250 JUDJiO
2298 191 2690 247 EIIRISTIANI

3524 182 3634 235 093

335 333 539 390 nomini
565 329 709 405 quod
738 344 921 403 praeco
961 332 1287 402 promiserat
1333 328 1567 388 auferre,
1620 322 1729 379 dixi
1758 321 1917 375 .mihi
1951 324 2000 381 Α
2033 315 2111 371 Ad
2139 316 2253 369 hinc
2283 329 2449 368 senex
2482 332 2493 366 :
2540 312 2698 366 Nunc
2741 309 2916 382 magis
2957 307 3153 362 tardati
3205 305 3357 367 estis,
3413 309 3470 357 et
3515 300 3632 354 illis

338 423 504 479 alium
534 429 842 492 serpentem
873 421 1050 475 adhuc
1071 420 1299 482 deesse;
1332 418 1429 472 sed
1460 415 1641 477 modo,
1668 429 1787 478 rex,
1820 409 1933 465 mei

342 512 606 567 miserere
665 517 723 564 et
773 507 921 573 quod
975 522 1158 579 prmco
1204 505 1452 577 promisit
1510 503 1733 558 reddam
1790 515 1931 570 pau—

342 600 480 671 peri.
514 598 645 653 Inde
674 613 770 652 rex
807 612 1033 653 censum
1085 595 1319 651 reddidit
1367 592 1539 657 diviti,
1584 591 1739 645 dives
1786 604 1930 659 pau—

345 687 485 759 peri.
518 688 593 741 Ita
630 685 986 757 philosophus
1027 702 1192 740 sensu
1251 692 1302 738 et
1360 682 1581 754 ingenio
1637 692 1929 750 pauperem

342 774 620 831 liberavit.

422 872 730 943 Discipulus
765 892 781 925 :
810 875 1050 943 Apparet
1078 873 1183 928 hoc
1212 887 1335 927 esse
1366 868 1644 940 ingenium
1687 863 1934 936 philoso-

348 961 524 1032 phias;
557 962 663 1016 hoc
693 962 943 1031 exemplo
972 976 1082 1016 non
1113 968 1198 1015 est
1226 960 1417 1013 mirum
1446 956 1590 1029 quod
1622 955 1690 1010 de
1724 950 1935 1008 duabus

346 1050 666 1105 mulieribus
695 1049 953 1104 Salomon
981 1049 1241 1116 judicavit
1271 1049 1410 1115 (ἐξ).

424 1147 787 1219 Ρὴίιοεορὴιιε
808 1146 885 1200 ait
910 1164 923 1200 :
947 1146 1027 1200 Ne
1049 1144 1390 1218 aggrediaris
1422 1143 1561 1198 viam
1592 1157 1711 1197 cum
1753 1138 1935 1211 aliquo

349 1234 453 1291 nisi
480 1232 633 1305 'prius
664 1251 787 1289 eum
818 1236 1168 1306 cognoveris.
1203 1233 1256 1287 Si
1286 1232 1570 1305 quisquam
1601 1232 1820 1302 ignotus
1841 1226 1935 1281 tibi

355 1325 410 1378 iu
443 1324 530 1378 via
559 1323 913 1379 associaverit
942 1323 1153 1394 iterque
1181 1331 1330 1376 tuum
1363 1319 1802 1392 investigaverit,
1851 1316 1937 1371 dic

350 1421 402 1467 te
433 1411 574 1466 velle
604 1410 820 1483 longius
851 1411 931 1465 ire
957 1426 1118 1481 quam
1148 1410 1504 1482 disposueris,
1536 1417 1586 1462 et
1617 1409 1659 1461 si
1688 1405 1940 1462 detulerit

350 1500 616 1566 lanceam,
641 1500 780 1554 vade
803 1500 869 1553 ad
891 1500 1210 1566 dexteram;
1244 1500 1287 1553 si
1312 1515 1520 1563 ensem,
1546 1497 1612 1551 ad
1632 1496 1929 1551 sinistram.

347 1588 520 1643 Arabs
549 1587 837 1661 castigavit
865 1586 1031 1641 filium
1064 1604 1218 1645 suum
1252 1587 1441 1643 dicens
1468 1604 1479 1643 :
1510 1587 1749 1659 Sequere
1773 1583 1940 1639 calles

346 1676 593 1747 quamvis
613 1676 719 1731 sint
741 1675 947 1731 semitis
976 1676 1272 1749 longiores.
1298 1678 1433 1730 Item
1473 1675 1659 1745 accipe
1697 1672 1934 1745 puellam
1965 1672 2018 1732 B

342 1766 399 1819 in
428 1781 653 1821 uxorem
685 1764 935 1836 quamvis
963 1765 1032 1819 sit
1063 1765 1258 1830 vetula,
1293 1774 1353 1819 et
1380 1765 1574 1819 iterum
1606 1762 1688 1817 fer
1725 1774 1935 1815 merces

344 1862 463 1908 tuas
493 1853 563 1908 ad
591 1869 828 1923 magnas
857 1853 1105 1908 civitates
1135 1853 1385 1926 quamvis
1415 1853 1573 1905 vilius
1604 1851 1676 1905 ibi
1697 1849 1934 1905 vendere

342 1950 524 2013 putes.
558 1943 644 1997 Ad
676 1944 791 1998 haec
820 1941 962 1997 ﬁlius
995 1961 1006 1997 :

904 2122 993 2176 ΡΑ
1004 2120 1181 2175 BULA
1222 2120 1345 2175 XVI
1358 2161 1370 2174 .

410 2253 611 2309 Verum
642 2260 724 2307 est
755 2250 901 2322 quod
933 2250 1116 2306 dixisti
1146 2251 1214 2305 de
1245 2249 1464 2322 magnis
1495 2248 1616 2316 viis,
1653 2263 1774 2303 nam
1798 2263 1935 2319 qua-

337 2342 461 2399 dam
488 2342 578 2395 die
607 2341 734 2395 dum
767 2355 872 2412 ego
903 2347 956 2394 et
987 2339 1120 2393 socii
1148 2338 1254 2394 mei
1285 2339 1686 2408 perrexerimus
1717 2338 1784 2391 ad
1835 2354 1931 2391 ur—

340 2430 462 2485 bem
496 2428 611 2484 sole
641 2430 707 2483 ad
738 2443 995 2483 occasum
1027 2427 1428 2499 propinquante
1457 2434 1510 2481 et
1549 2428 1725 2482 adhuc
1770 2425 1933 2497 longe

340 2533 591 2585 essemus
620 2533 649 2571 a
681 2517 923 2585 civitate,
960 2516 1195 2571 vidimus
1217 2516 1451 2577 semitan
1479 2531 1600 2587 quia
1633 2514 1932 2570 secundum

339 2609 513 2671 visum
535 2609 687 2665 ituris
722 2609 794 2664 ad
822 2608 1096 2665 civitatem
1135 2608 1481 2680 promittebat
1530 2608 1929 2677 compendium.

339 2698 651 2769 Invenimus
683 2714 871 2753 senem
902 2713 934 2750 a
956 2713 1063 2768 quo
1086 2697 1463 2768 requisivimus
1484 2698 1551 2753 de
1573 2697 1768 2751 itinere
1790 2696 1933 2750 illius

341 2786 587 2841 semitre:
617 2793 672 2840 at
701 2802 866 2841 senex
890 2785 964 2840 ait
997 2803 1008 2839 :
1048 2786 1274 2856 Propius
1325 2786 1513 2841 semita
1561 2785 1709 2840 ducit
1755 2785 1823 2843 ad
1864 2785 1934 2840 ci-

344 2875 573 2930 vitatem
604 2890 765 2946 quam
796 2890 994 2946 magna
1028 2874 1134 2941 via,
1168 2883 1219 2928 et
1249 2884 1429 2929 tamen
1473 2875 1628 2930 citius
1676 2890 1773 2943 per
1812 2889 1932 2928 ina-

339 2980 503 3033 gnam
531 2963 671 3017 viam
702 2962 772 3018 ad
803 2960 1073 3019 civitatem
1107 2962 1334 3023 venietis
1356 2980 1514 3033 quam
1537 2980 1635 3035 per
1657 2962 1928 3017 semitam.

336 3051 464 3106 Hzec
493 3051 948 3109 audientesillum
995 3067 1096 3123 pro
1146 3052 1314 3106 stulto
1358 3052 1666 3117 habuimus,
1717 3058 1769 3107 et
1815 3067 1922 3105 ma-

339 3156 506 3211 gnam
548 3140 696 3194 viam
744 3141 1219 3211 prmtermittentes
1263 3141 1470 3199 semitae
1517 3140 1928 3211 declinavimus,

342 3246 504 3299 quam
533 3228 846 3285 insistentes
874 3229 944 3283 ad
960 3229 1237 3284 dexteram
1272 3237 1323 3283 et
1344 3230 1411 3284 ad
1435 3230 1711 3285 sinistram
1735 3238 1932 3300 quanta

340 3317 445 3373 fuit
472 3334 578 3373 nox
607 3316 1006 3381 deerravimus,
1038 3334 1145 3373 nec
1170 3317 1237 3372 ad
1268 3318 1537 3373 civitatem
1562 3318 1930 3389 pervenimus.

339 3408 409 3461 At
439 3405 483 3459 si
512 3422 611 3478 per
637 3406 833 3461 callem
862 3405 1255 3467 tendissemus.
1307 3406 1497 3477 procul
1544 3407 1709 3462 dubio
1758 3408 1934 3463 media

342 3503 501 3549 nocte
529 3494 799 3563 civitatem
833 3493 1323 3553 subintrassemus.

419 3611 575 3666 Pater
602 3611 673 3666 ad
703 3611 819 3669 hau:
850 3631 868 3669 :
901 3612 1024 3668 Hoc
1060 3611 1218 3667 nobis
1265 3612 1371 3667 alia
1419 3612 1540 3670 vice
1586 3613 1767 3671 evenit
1815 3628 1938 3670 cum

347 3714 705 3772 pergeremus
734 3716 833 3772 per
862 3715 1125 3773 magnam
1156 3702 1297 3757 viam
1330 3702 1399 3757 ad
1446 3702 1738 3758 civitatem.
1788 3705 1939 3758 Prae-

349 3796 459 3841 erat
486 3787 645 3843 nobis
676 3788 871 3845 ﬂuvius
900 3806 1061 3860 quem
1093 3805 1438 3862 quocumque
1467 3791 1631 3847 modo
1664 3792 1942 3847 transituri

352 3892 570 3941 eramus
597 3886 885 3947 antequam
915 3877 1189 3935 civitatem
1227 3879 1577 3943 intraremus.
1610 3880 1799 3953 sicque
1838 3896 1942 3936 no~

354 3966 439 4021 bis
469 3965 572 4020 iter
599 3967 886 4037 agentibus
918 3966 972 4021 in
1001 3966 1138 4024 duas
1168 3976 1355 4039 partes
1384 3974 1533 4025 secta
1563 3978 1647 4024 est
1692 3971 1794 4035 via,
1820 3987 1947 4040 qua-

355 4069 477 4108 rum
506 4069 612 4111 una
634 4055 705 4111 ad
732 4055 1009 4112 civitatem
1040 4072 1137 4127 per
1169 4057 1386 4124 vadum,
1416 4057 1585 4113 altera
1609 4074 1708 4129 per
1727 4068 1945 4130 pontem

360 4142 612 4213 ducebat.
652 4143 882 4201 Demum
919 4146 1207 4215 quemdam
1235 4162 1423 4201 senem
1482 4148 1715 4202 vidimus
1775 4165 1936 4218 quem

362 4232 432 4287 de
459 4230 668 4287 duabus
700 4232 804 4286 viis
837 4249 958 4303 quas
985 4234 1137 4303 prius
1158 4234 1390 4291 duceret
1419 4236 1488 4290 ad
1533 4237 1814 4293 civitatem
1862 4238 1950 4292 iu-

364 4318 782 4391 terrogavimus.
808 4320 985 4383 Senex
1006 4321 1081 4379 ait
1105 4338 1117 4376 :
1144 4323 1367 4380 Brevior
1387 4333 1472 4379 est
1500 4326 1587 4380 via
1623 4342 1719 4396 per
1756 4326 1950 4384 vadum

2039 401 2241 458 relictis
2272 400 2377 459 laeti
2419 398 2846 454 subintravimus
2900 404 3087 466 portas
3132 395 3310 449 urbis.
3356 391 3488 445 'I‘ale
3545 396 3633 442 est

2036 491 2386 564 proverbium
2419 489 2565 559 quod
2592 486 2772 543 audivi
2799 504 2813 540 :
2844 485 3018 556 Magis
3046 483 3185 540 valet
3211 482 3376 553 longa
3400 479 3487 535 via
3510 492 3635 550 qua:

2038 591 2107 645 ad
2138 588 2470 660 paradisum,
2501 601 2665 657 quam
2694 584 2881 640 brevis
2909 583 2979 637 ad
3008 581 3306 637 infernum.

2114 690 2288 745 Arabs
2311 688 2598 759 castigavit
2624 685 2813 741 ﬁlium.
2845 685 2966 749 Fili,
3001 684 3047 739 si
3077 682 3244 737 fueris
3273 681 3328 734 in
3379 680 3470 734 via
3511 693 3637 733 cum

2042 780 2224 849 aliquo
2251 777 2424 843 socio,
2456 776 2626 848 dilige
2655 790 2780 829 eum
2809 774 2950 829 sicut
2978 781 3030 827 te
3057 772 3255 841 ipsum,
3276 778 3328 825 et
3371 784 3442 823 ne
3470 767 3641 822 medi-

2043 868 2176 922 teris
2204 867 2444 938 aliquem
2474 864 2731 935 decipere
2774 878 2844 917 ne
2898 870 2954 916 et
3006 869 3062 915 tu
3118 857 3410 929 decipiaris
3468 855 3642 909 veluti

2044 957 2257 1012 duobus
2283 953 2513 1024 contigit
2542 952 2913 1024 burgansibus
2941 958 2997 1004 et
3024 947 3246 1013 rustico.
3277 946 3447 1001 Filius
3471 962 3486 997 :
3523 945 3639 998 Ro—

2045 1045 2125 1100 fer
2153 1044 2281 1098 mihi
2307 1051 2364 1097 ut
2393 1041 2599 1114 aliquid
2631 1039 2879 1096 utilitatis
2908 1038 3039 1094 inde
3088 1035 3359 1110 accipiant
3406 1031 3638 1106 posteri.

2598 1218 2863 1275 FABULA
2900 1216 3051 1273 XVII
3067 1257 3080 1270 .

2117 1381 2328 1436 Dictum
2372 1377 2467 1433 fuit
2513 1376 2582 1435 de
2635 1374 3006 1447 burgensibus
3063 1371 3279 1427 duobus
3330 1377 3382 1425 et
3437 1367 3647 1422 rustico

2047 1485 2211 1527 causa
2239 1467 2494 1523 orationis
2525 1465 2676 1519 Mecb
2706 1462 3032 1518 adeuntibus
3080 1458 3227 1533 quod
3275 1467 3460 1513 essent
3508 1456 3647 1511 socii

2049 1559 2223 1627 victus
2255 1558 2430 1611 donec
2451 1553 2697 1610 venirent
2722 1552 2897 1617 lllecli,
2916 1559 2968 1604 et
2989 1559 3114 1605 tunc
3135 1547 3336 1603 defecit
3360 1546 3467 1600 illis
3488 1546 3646 1600 cibus

2048 1648 2122 1703 ita
2152 1646 2294 1718 quod
2325 1661 2432 1700 non
2493 1641 2750 1697 remansit
2807 1640 2886 1694 eis
2944 1639 3238 1710 quicquam
3279 1636 3383 1690 nisi
3432 1644 3641 1689 tantum

2048 1746 2233 1802 farinae
2263 1760 2364 1815 qua
2396 1741 2571 1798 solum
2600 1756 2799 1813 panem
2831 1748 2884 1795 et
2914 1754 3141 1809 parvum
3187 1735 3451 1792 facerent.
3504 1735 3644 1788 Bur—

2049 1850 2250 1907 genses
2278 1848 2407 1887 vero
2435 1831 2541 1886 hoc
2572 1827 2823 1885 videntes
2844 1827 3100 1882 dixerunt
3130 1826 3196 1880 ad
3228 1824 3459 1879 invicem
3489 1839 3501 1876 :
3536 1824 3644 1877 Pa—

2043 1940 2166 1978 rum
2197 1921 2351 1994 panis
2381 1921 2650 1974 habemus
2682 1926 2734 1972 et
2770 1926 2960 1972 noster
2988 1914 3215 1969 multum
3264 1912 3499 1969 comedit
3540 1928 3642 1966 so-

2042 2014 2177 2081 eius,
2211 2016 2542 2084 quapropter
2568 2013 2784 2079 oportet
2814 2021 2914 2063 nos
2943 2003 3146 2059 habere
3176 2001 3465 2058 consilium
3496 2016 3642 2072 quo-

2041 2101 2205 2156 modo
2236 2098 2338 2153 sibi
2368 2105 2577 2169 partem
2609 2095 2765 2166 panis
2797 2093 3015 2149 auferre
3060 2092 3354 2163 possimus,
3393 2098 3447 2144 et
3490 2089 3640 2160 quod

2042 2199 2324 2256 nobiscum
2342 2197 2503 2251 debet
2543 2194 2647 2251 soli
2668 2193 3041 2249 comedamus.
3073 2189 3278 2245 Deinde
3308 2196 3644 2259 acceperunt

2041 2286 2417 2357 hujuscemodi
2450 2285 2593 2355 quod
2626 2284 2867 2338 facerent
2899 2296 3095 2353 panem
3127 2289 3176 2334 et
3209 2287 3533 2349 coquerent,
3586 2284 3645 2330 et

2041 2379 2171 2433 dum
2200 2384 2531 2448 coqueretur
2558 2373 2883 2437 dormirent,
2918 2378 2969 2425 et
2999 2368 3244 2441 quisquis
3293 2382 3480 2422 eorum
3532 2365 3639 2419 mi—

2041 2466 2297 2522 rabiliora
2328 2462 2655 2519 somniando
2686 2462 2918 2525 videret,
2952 2458 3101 2513 solus
3130 2473 3325 2528 panem
3374 2455 3640 2511 comede-

2042 2563 2140 2611 ret.
2175 2555 2300 2608 Ila‘c
2334 2550 2623 2607 artificiose
2653 2549 2911 2605 dicebant
2940 2546 3067 2619 quia
3117 2544 3418 2615 simplicem
3468 2542 3641 2597 rusti-

2041 2660 2161 2698 rum
2186 2642 2251 2697 ad
2283 2640 2589 2710 liujusmodi
2625 2637 2811 2694 tictitia
2865 2635 3215 2707 deputabant.
3270 2635 3334 2687 Et
3390 2632 3640 2687 fecerunt

2042 2757 2234 2812 panem
2268 2755 2428 2811 quem
2460 2744 2742 2800 coxerunt,
2774 2734 2991 2790 demum
3011 2733 3297 2802 jacuerunt
3329 2736 3384 2784 ut
3415 2728 3632 2784 dormi-

2041 2838 2177 2884 rent.
2212 2830 2285 2884 At
2316 2828 2570 2892 rusticus,
2605 2832 2857 2896 percepta
2887 2838 3074 2877 eorum
3108 2820 3321 2885 astutia,
3358 2816 3638 2873 dormien-

2041 2920 2184 2972 tibus
2213 2916 2393 2982 sociis,
2430 2914 2589 2971 traxit
2620 2929 2814 2985 panem
2875 2912 3248 2975 semicoctum,
3300 2906 3540 2964 comedit
3590 2914 3644 2959 et

1957 3032 2005 3096 Ο
2038 3007 2239 3063 iterum
2265 3006 2453 3075 jacuit.
2510 3005 2661 3060 Unus
2710 3002 2779 3058 de
2836 3001 3205 3070 burgcusibus
3262 2998 3400 3053 sicut
3449 3010 3645 3050 so'nno

2037 3095 2359 3168 perterritus
2388 3100 2533 3148 esset
2565 3090 2845 3162 evigilavit
2893 3088 3208 3160 sociumque
3260 3085 3503 3153 vocavit,
3554 3085 3642 3138 cui

2039 3184 2175 3239 alter
2204 3184 2272 3238 de
2303 3180 2668 3254 burgensibus
2695 3180 2800 3234 ait:
2828 3176 2972 3248 Quid
2993 3176 3300 3230 babes?At
3322 3172 3412 3228 ille
3433 3173 3640 3243 inquit:

2040 3271 2291 3327 Mirabile
2324 3269 2591 3324 somnium
2622 3268 2753 3331 vidi,
2787 3282 2912 3320 nam
2942 3263 3072 3318 mihi
3123 3262 3303 3317 visum
3347 3260 3444 3316 fuit
3492 3259 3641 3332 quad

2042 3362 2156 3416 duo
2187 3359 2366 3431 angeli
2397 3358 2715 3429 aperiebant
2744 3363 2928 3426 portas
2958 3352 3081 3409 θωιί
3134 3360 3188 3407 et
3230 3367 3319 3406 me
3363 3357 3646 3405 sumentes

2043 3450 2313 3505 ducebant
2343 3455 2466 3502 ante
2500 3448 2700 3502 Deum.
2739 3444 2835 3499 Cui
2866 3443 3049 3499 socius
3078 3460 3090 3496 :
3128 3439 3378 3495 Mirabile
3408 3447 3489 3493 est
3540 3439 3648 3491 hoc

2046 3538 2319 3595 somnium
2348 3535 2493 3608 quod
2516 3534 2697 3589 vidisti
2730 3551 2744 3596 ;
2776 3540 2830 3587 at
2858 3546 2964 3603 ego
2996 3528 3263 3585 somniavi
3280 3528 3424 3599 quod
3450 3543 3485 3582 a
3504 3526 3653 3581 duo-

2046 3629 2148 3683 bus
2173 3626 2387 3698 angelis
2416 3641 2504 3680 me
2532 3622 2855 3680 ducentibus
2885 3628 2942 3675 et
2967 3628 3171 3674 terram
3200 3616 3536 3672 ﬁndentibus
3594 3616 3653 3670 in

2047 3716 2604 3771 infernuin'ducerer.
2643 3711 2904 3767 Rusticus
2936 3710 3042 3763 hoc
3073 3715 3252 3762 totum
3293 3705 3554 3761 audiebat
3604 3713 3661 3758 et

2050 3822 2111 3861 se
2140 3804 2377 3860 dormire
2401 3803 2640 3873 ﬁngebat
2665 3819 2679 3865 ;
2703 3799 2800 3855 sed
2826 3799 3132 3870 burgenses
3154 3794 3374 3865 decepti
3395 3793 3659 3865 decipere

2050 3894 2296 3951 volentes
2325 3902 2382 3948 ut
2409 3892 2734 3965 evigilarent
2767 3888 3029 3943 rusticum
3060 3891 3410 3941 vocaverunt.
3464 3880 3658 3941 Rusti-

2051 3999 2148 4038 cus
2177 3998 2304 4037 vero
2335 3980 2530 4037 callide
2560 3986 2614 4034 et
2644 3986 2702 4033 ut
2733 3976 2955 4032 territus
2983 3980 3130 4029 esset
3175 3970 3460 4042 respondit
3488 3989 3502 4024 :
3550 3968 3658 4037 Qui

2055 4079 2178 4126 sunt
2207 4072 2303 4142 qui
2334 4086 2421 4124 me
2452 4069 2695 4124 vocant?
2727 4069 2789 4120 At
2836 4063 2911 4121 illi
2945 4083 2956 4118 :
3010 4061 3155 4117 Socii
3191 4060 3265 4117 tui
3314 4074 3530 4117 sumus.
3596 4059 3661 4112 Et

2055 4157 2291 4213 rusticus
2326 4176 2337 4210 :
2372 4154 2616 4211 Redistis
2641 4153 2753 4222 jam
2780 4154 2806 4205 ‘2
2836 4153 2907 4207 At
2932 4148 3034 4219 ipsi
3089 4154 3276 4203 contra
3307 4165 3319 4202 :
3367 4144 3487 4213 Quo
3534 4161 3660 4215 per-

2054 4240 2295 4296 reximus
2331 4240 2475 4295 unde
2502 4237 2684 4293 redire
2714 4236 3013 4290 debeamus
3046 4232 3071 4286 ἱ)
3103 4231 3183 4291 Λᾶ
3212 4231 3318 4286 hoc
3368 4229 3609 4285 rusticus
3643 4248 3659 4283 :

2061 4331 2232 4392 Nunc
2259 4329 2435 4384 visum
2466 4335 2585 4382 erat
2620 4324 2749 4380 mihi
2798 4322 2942 4395 quod
2991 4322 3100 4376 duo
3148 4317 3331 4393 angeli
3380 4333 3545 4372 unum
3595 4333 3660 4373 ex

369 4407 442 4463 ad
472 4406 747 4463 civitatem
767 4407 981 4463 duobus
1002 4410 1247 4467 miliariis
1277 4428 1437 4481 quam
1469 4414 1556 4469 via
1584 4391 1679 4485 per
1708 4423 1948 4486 pontem,
1980 4391 2032 4452 D
2065 4418 2218 4474 vobis
2246 4416 2588 4487 accipiebant
2619 4422 2673 4469 et
2700 4391 3019 4483 aperiebant
3063 4391 3250 4480 portas
3301 4407 3445 4471 caeli,
3490 4407 3665 4460 duce-

368 4493 465 4547 sed
495 4501 671 4550 tamen
702 4494 862 4555 citius
890 4497 1117 4566 potestis
1148 4498 1227 4553 ire
1256 4516 1354 4569 per
1382 4509 1623 4571 pontem.
1646 4504 1715 4558 Et
1734 4505 1956 4576 quidam

368 4598 433 4637 ex
468 4582 667 4639 nostris
696 4582 846 4639 illum
875 4601 1061 4641 senem
1089 4586 1227 4643 sicut
1256 4604 1353 4643 vos
1385 4598 1623 4645 vestrum
1653 4601 1810 4649 antea
1853 4593 1956 4649 de-

366 4671 609 4726 riserunt
634 4679 687 4728 et
720 4688 818 4742 per
846 4674 1044 4731 vadum
1074 4675 1175 4730 iter
1206 4678 1627 4750 aggressisunt;
1661 4682 1756 4737 sed
1770 4697 1958 4738 eorum

367 4760 457 4814 alii
487 4760 667 4817 socios
689 4762 1009 4818 submersos
1031 4764 1370 4832 dimiserunt,
1392 4768 1483 4827 alii
1523 4785 1692 4840 equos
1739 4779 1795 4826 et
1833 4788 1955 4831 sar-

369 4848 519 4904 cinas
552 4850 920 4922 perdiderunt,
951 4853 1171 4925 quidam
1203 4873 1332 4912 vero
1362 4874 1462 4928 per
1498 4874 1715 4916 amnem
1763 4862 1953 4919 made-

368 4936 538 4992 factos
561 4938 697 4995 alios
727 4941 947 4997 omnino
977 4942 1207 4998 amissos
1234 4945 1595 5014 delleverunt,
1627 4950 1721 5003 sed
1756 4966 1855 5005 nos
1902 4960 1956 5005 et

365 5040 529 5122 senex
562 5030 863 5122 noster-qui
894 5048 994 5102 per
1021 5042 1247 5103 pontem
1271 5036 1618 5097 transivimus
1640 5038 1758 5097 sine
1788 5039 1957 5111 impr-

364 5112 609 5171 dimento
638 5124 690 5171 et
717 5118 922 5190 absque
953 5122 1099 5176 omni
1119 5123 1467 5183 incommodo
1497 5130 1866 5198 processimus
1903 5137 1957 5186 et

370 5215 466 5253 eos
497 5217 659 5271 super
689 5205 865 5277 ripam
899 5208 1136 5265 ﬂuminis
1165 5214 1342 5271 adhuc
1362 5215 1633 5284 jacturam
1686 5220 1954 5275 delleutrs

370 5294 729 5359 repperimus.
766 5292 975 5362 Quibus
1005 5296 1261 5357 flentibus
1291 5312 1343 5359 et
1373 5321 1497 5361 cum
1524 5309 1716 5363 rastris
1766 5316 1819 5362 et
1867 5324 1955 5363 sa-

366 5391 509 5444 gena
539 5376 647 5435 ima
680 5381 823 5435 lluvii
846 5390 1317 5453 perscrutantibus
1347 5409 1514 5450 senex
1544 5396 1615 5453 ait
1643 5414 1655 5450 :
1681 5397 1734 5453 Si
1767 5397 1931 5452 nobis

364 5480 489 5564 cum
516 5477 860 5564 pernpon‘tem
892 5475 1287 5546 peirexissetis,
1322 5497 1431 5536 non
1462 5484 1535 5539 ita
1592 5486 1947 5558 contigisset.

364 5556 530 5635 Aiunt
557 5573 572 5613 :
606 5556 720 5613 Hoc
745 5556 973 5615 fecimus
1004 5561 1130 5632 quia
1156 5564 1296 5621 viam
1327 5572 1547 5631 tardare
1588 5556 1946 5632 nolebamus.

2065 4507 2302 4579 bantque
2332 4506 2480 4559 illum
2511 4510 2636 4557 ante
2673 4503 2840 4556 Deum
2868 4518 2882 4564 ;
2914 4497 3113 4554 deinde
3138 4494 3305 4551 alium
3327 4493 3669 4566 accipiebant

2065 4596 2173 4650 duo
2201 4595 2293 4649 alii
2324 4592 2526 4665 angeli,
2560 4600 2613 4647 et
2645 4598 2835 4661 aperta
2867 4596 3012 4642 terra
3053 4585 3326 4641 ducebant
3375 4583 3429 4637 in
3484 4583 3659 4637 infer-

2063 4700 2214 4757 num,
2245 4691 2296 4738 et
2326 4682 2410 4737 his
2441 4680 2571 4735 visis
2600 4677 2786 4751 putavi
2822 4674 3093 4733 neminem
3120 4673 3229 4741 jam
3260 4671 3494 4742 amplius
3527 4670 3667 4724 redi-

2066 4782 2268 4836 turum,
2301 4779 2352 4826 et
2382 4767 2596 4825 surrexi
2628 4774 2682 4823 et
2713 4781 2908 4836 panem
2939 4762 3180 4817 comedi.

2137 4861 2187 4915 Ο
2209 4858 2279 4913 fili
2304 4861 2316 4914 l
2341 4860 2423 4914 sic
2441 4856 2621 4913 evenit
2643 4856 2719 4910 eis
2743 4854 2832 4919 qui
2859 4852 3073 4907 socium.
3089 4848 3344 4920 decipere
3362 4848 3665 4909 voluerunt,

2065 4952 2184 5024 quia
2218 4965 2320 5005 suo
2350 4946 2574 5020 ingenio
2593 4943 2805 5013 decepli
2829 4941 3066 4995 fuerunt.
3086 4939 3239 4993 Tunc
3264 4936 3435 4993 ﬁlius:
3460 4938 3534 4992 Ita
3554 4954 3669 4993 eve-

2064 5041 2143 5095 nit
2164 5041 2242 5095 eis
2260 5039 2398 5093 sicut
2420 5038 2472 5090 in
2495 5032 2784 5105 proverbio
2808 5030 3006 5085 dictum
3037 5036 3137 5082 est:
3158 5026 3262 5095 Qui
3286 5035 3454 5081 totum
3478 5026 3665 5087 voluit,

2061 5138 2235 5187 totum
2261 5125 2520 5198 perdidit.
2547 5124 2675 5177 Haec
2697 5128 2777 5174 est
2801 5127 2979 5172 autem
3003 5123 3198 5170 natura
3227 5113 3379 5169 canis
3409 5114 3493 5168 cui
3527 5113 3669 5168 {avr-

2058 5227 2189 5275 rtint
2219 5217 2295 5271 illi
2327 5227 2557 5286 quorum
2615 5225 2753 5263 unus
2779 5207 2867 5261 alii
2900 5207 3077 5261 cibum
3110 5202 3323 5258 auferre
3354 5202 3523 5270 cupit,
3573 5202 3664 5255 sed

2064 5309 2109 5362 si
2140 5314 2386 5361 naturam
2417 5299 2613 5354 cameli
2663 5303 3047 5367 sequerentur,
3107 5291 3376 5346 mitiorem
3426 5298 3669 5345 naturam

2060 5396 2406 5452 imitarentur
2441 5407 2451 5442 :
2485 5404 2609 5441 nam
2644 5385 2765 5439 talis
2796 5391 2885 5438 est
2932 5390 3121 5435 natura
3169 5380 3395 5443 came-li,
3455 5379 3669 5449 quando

2068 5484 2289 5541 insimul
2319 5481 2477 5534 datur
2505 5474 2799 5547 praebenda
2842 5470 3043 5533 multis,
3095 5469 3278 5523 nullus
3325 5482 3517 5523 eorum
3562 5482 3662 5523 co-

2068 5573 2249 5629 medet
2276 5570 2452 5625 donec
2476 5579 2668 5621 omnes
2696 5562 2861 5618 edant
2892 5557 3107 5613 insimul
3136 5576 3150 5622 ;
3181 5564 3238 5612 et
3267 5556 3312 5611 si
3336 5572 3479 5612 unus
3510 5554 3661 5611 inﬁr—

435 5656 547 5723 (22)
580 5655 653 5711 nt
686 5656 857 5729 Κεφ,
891 5672 1018 5727 cap.
1062 5659 1150 5726 tu,
1183 5662 1277 5718 9.7.
1318 5674 1436 5727 una
1461 5681 1571 5730 κγ,
1595 5684 1809 5740 “mn
1842 5658 1920 5742 κς,

2053 5682 2115 5733 ηπ
2145 5681 2263 5728 sm
2296 5651 2455 5725 τηινηπ
2482 5676 2570 5725 rm
2592 5645 2668 5718 π’)
2696 5672 2770 5719 an
2800 5668 2980 5720 vos“
3001 5641 3149 5741 350‘
3181 5664 3347 5725 73m"

276 5816 289 5831 Δ

292 5834 389 5895 Ἃ.
