4072 6078
322 302 422 355 603

1548 294 1929 349 DISfIlI‘IdNA
1972 297 2385 355 CLERICALIR.

3514 297 3616 352 694

321 431 504 478 matur
538 420 687 491 quod
717 430 952 491 nequeat
993 419 1306 481 comedere,
1357 420 1526 474 donec
1572 426 1918 472 removeatur
1949 421 1999 478 Α
2034 418 2279 492 quaesivit
2319 424 2390 475 ab
2429 423 2683 478 eumicbo
2742 420 2870 492 quid
2919 422 3158 478 fecisset.
3212 422 3504 477 Eunuchus
3549 424 3619 477 ad

318 512 410 565 alii
453 510 805 579 jejunahunt.
850 509 940 563 Isti
978 510 1280 582 hurgenSes
1326 514 1613 578 postquam
1660 506 1917 560 volebant

317 598 612 654 animalem
646 605 889 653 naturam
928 598 1034 652 sibi
1083 612 1319 662 sumere,
1364 595 1633 650 mitissimi
1664 594 1915 648 animalis

317 704 567 751 naturam
600 694 702 750 sibi
730 694 1051 750 debuissent
1072 694 1396 758 vendicare,
1429 700 1480 747 et
1509 692 1701 747 merito
1730 691 1910 747 cibum

314 786 642 840 amiserunt.
680 783 824 854 Quin
855 784 1019 840 etiam
1066 785 1174 839 hoc
1215 783 1293 839 eis
1336 781 1587 837 evenisse
1616 780 1912 836 voluissem

316 883 461 956 quod
483 884 748 956 magistro
777 898 901 939 meo
932 890 1194 937 narrante
1220 882 1540 952 jamdudum
1569 879 1757 935 audivi
1786 895 1906 935 eve-

313 973 462 1026 nisse
518 970 739 1027 incisori
799 972 949 1043 regis
1002 987 1104 1042 pro
1150 970 1418 1041 discipulo
1476 984 1574 1024 suo
1629 969 1908 1040 proprium

311 1075 510 1115 nomen
531 1059 728 1121 Nediu.
748 1067 805 1114 ut
823 1059 1055 1114 fustibus
1076 1059 1439 1115 caederentur.
1459 1059 1617 1112 Pater
1645 1057 1712 1111 ad
1749 1056 1865 1111 bare
1891 1076 1902 1110 :

310 1158 408 1213 Dic
430 1158 582 1223 mihi,
617 1156 711 1222 iiii,
760 1157 890 1229 quid
934 1155 1130 1212 audisti
1170 1156 1446 1228 quomodo
1470 1154 1697 1227 contigit
1733 1153 1904 1209 disci-

307 1247 455 1317 pulo,
489 1246 748 1318 quoniam
802 1245 930 1301 talis
988 1246 1226 1300 narratio
1272 1244 1438 1299 animi
1469 1244 1569 1299 erit
1601 1242 1894 1297 recreatio.

306 1336 508 1390 Filius:

848 1442 1119 1499 FABULA
1156 1442 1359 1496 XVIII.

374 1548 639 1604 Narravit
694 1548 830 1603 mihi
890 1549 1149 1621 magister
1190 1563 1345 1602 meus
1388 1546 1681 1619 quemdam
1713 1561 1897 1616 regem

303 1639 562 1694 habuisse
595 1638 888 1693 incisorem
911 1638 1001 1710 qui
1022 1637 1277 1692 diversos
1297 1636 1538 1690 diversis
1561 1634 1898 1705 temporibus

304 1736 463 1798 aptos
492 1727 540 1781 ei
572 1727 847 1781 incidebat
876 1741 1110 1796 pannos.
1146 1729 1211 1780 At
1240 1724 1329 1779 ille
1354 1723 1651 1795 discipulos
1682 1731 1896 1779 sutores

303 1823 543 1877 habebat
598 1838 828 1894 quorum
886 1824 1112 1895 quisque
1169 1820 1459 1876 artificiose
1514 1820 1707 1876 suebat
1752 1819 1898 1892 quod

303 1910 566 1984 magister
613 1911 814 1967 incisor
860 1911 1009 1983 regis
1050 1910 1347 1966 incidebat.
1398 1910 1542 1964 Inter
1584 1925 1722 1980 quos
1760 1925 1901 1963 unus

305 2008 422 2054 erat
452 1999 756 2071 discipulus
788 2000 1006 2054 nomine
1046 1998 1223 2053 Nediu
1264 1997 1357 2070 qui
1396 1997 1575 2053 socios
1604 2005 1719 2053 arte
1747 2005 1899 2054 suto-

307 2098 391 2152 ria
420 2098 713 2169 superabat
792 2097 899 2152 Sed
929 2098 1018 2153 die
1077 2099 1216 2153 festo
1267 2096 1517 2151 veniente
1547 2110 1646 2152 rex
1679 2111 1903 2151 suorum

307 2185 605 2241 ineisorem
634 2202 943 2257 pannorum
978 2186 1192 2243 vocavit
1213 2194 1265 2241 et
1288 2184 1559 2257 pretiosas
1590 2194 1771 2240 vestes
1801 2184 1902 2239 sibi

307 2292 361 2338 et
409 2283 774 2339 familiaribus
817 2283 1001 2355 parari
1050 2285 1328 2356 praecepit.
1382 2283 1537 2354 Quod
1574 2287 1637 2338 ut
1664 2283 1822 2338 citius
1851 2290 1904 2337 et

314 2372 432 2427 sine
464 2373 852 2444 impedimento
901 2372 1074 2439 lierct,
1125 2389 1291 2427 unum
1340 2372 1407 2427 de
1445 2372 1762 2429 camerariis
1793 2371 1904 2425 suis

316 2473 626 2528 eunuchum
657 2473 814 2541 cujus
843 2471 976 2527 illud
1009 2480 1126 2527 erat
1156 2470 1393 2527 officium
1426 2471 1699 2525 sutoribus
1728 2477 1908 2525 custo-

311 2561 439 2616 dem
462 2560 689 2620 addidit.
724 2570 777 2615 et
806 2568 864 2615 ut
894 2576 1079 2616 eorum
1104 2576 1306 2615 curvos
1327 2575 1537 2633 ungues
1568 2558 1904 2623 observaret,

311 2659 367 2704 et
396 2649 476 2704 eis
504 2648 575 2703 ad
605 2646 982 2705 sufficientiam
1030 2648 1337 2705 necessaria
1371 2648 1701 2703 ministraret
1747 2663 1910 2719 roga-

310 2738 407 2792 vit.
439 2737 545 2793 Sed
579 2736 632 2791 in
664 2755 769 2791 una
818 2738 1025 2793 dierum
1074 2737 1306 2792 ministri
1355 2736 1586 2792 calidum
1632 2752 1829 2808 panem
1862 2743 1913 2790 et

309 2836 418 2892 mel
449 2853 572 2892 cum
605 2836 725 2891 aliis
756 2834 973 2891 ferculis
993 2836 1214 2891 iucisori
1247 2844 1297 2891 et
1329 2835 1607 2892 consociis
1628 2833 1915 2890 comeden-

310 2927 440 2981 dum
475 2925 764 2995 dederunt,
798 2935 847 2981 et
879 2926 971 2998 qui
1000 2926 1230 2980 aderant
1273 2925 1565 2980 comedere
1597 2931 1905 2995 eruperunt.

310 3015 526 3084 Quibus
558 3014 907 3087 epulantibus
932 3015 1247 3071 eunuchus:
1278 3014 1457 3082 Quare
1480 3015 1715 3069 absente
1737 3011 1916 3067 chiu

2025 510 2127 564 hnc
2154 529 2165 565 :
2198 509 2339 565 Dixit
2369 510 2500 565 mihi
2533 510 2706 564 Nediu
2738 510 3038 579 discipulus
3070 518 3191 564 tuus
3216 510 3357 582 quod
3379 511 3623 582 quando-

2024 614 2129 669 que
2157 599 2425 653 insanires
2456 607 2508 653 et
2539 614 2645 653 non
2679 599 2779 653 nisi
2829 598 3021 653 vinclis
3047 605 3100 653 et
3131 598 3454 654 verberibus
3486 615 3617 656 cor-

2023 706 2209 769 reptus
2244 714 2514 765 cessares,
2550 706 2600 755 et
2634 696 2757 752 ideo
2787 704 2839 753 te
2879 696 3063 770 ligavi.
3112 698 3226 753 Hoc
3254 696 3437 752 audito
3476 696 3617 753 inci-

2021 810 2114 851 sor
2141 795 2318 851 Nediu
2356 794 2680 865 discipulum
2720 811 2876 850 suum
2916 794 3133 851 vocavit
3160 803 3211 850 et
3241 793 3353 850 ait:
3403 794 3612 859 Amice,

2019 884 2236 955 quando
2264 899 2352 939 me
2384 884 2584 939 novisti
2632 885 2879 939 insanum
2922 885 2952 935 ‘2
2978 884 3058 939 Ad
3102 886 3207 939 hoc
3263 883 3561 953 discipulus
3596 904 3607 937 :

2018 972 2245 1041 Quando
2275 972 2470 1026 novisti
2502 988 2588 1027 me
2608 972 2712 1027 mel
2737 987 2842 1027 non
2864 972 3155 1028 comedere
3182 975 3210 1025 ?
3243 972 3535 1027 Eunuchus
3556 979 3610 1027 et

2015 1069 2105 1123 alii
2163 1069 2280 1124 hzcc
2336 1067 2623 1123 audientes
2681 1068 2935 1133 riserunt,
2987 1075 3043 1124 et
3073 1074 3368 1140 utrumque
3414 1068 3606 1124 merito

2014 1173 2204 1229 pt'rnas
2233 1160 2545 1228 suscepisse
2567 1157 2983 1225 judicaverunt.

2086 1246 2165 1301 Ad
2224 1246 2327 1303 hoc
2374 1254 2559 1317 pater:
2594 1246 2789 1300 Merito
2844 1246 2946 1300 hoc
3006 1243 3082 1299 illi
3135 1245 3351 1311 accidit,
3406 1245 3529 1317 quia
3558 1245 3607 1300 si

2011 1335 2311 1392 custodiret
2339 1335 2480 1407 quod
2504 1336 2718 1405 Moyses
2748 1333 3007 1405 praecepit
3032 1341 3088 1389 ut
3112 1333 3362 1406 diligeret
3384 1334 3606 1389 fratrem

2012 1441 2170 1479 suum
2202 1424 2338 1479 sicut
2367 1424 2608 1493 seipsum
2642 1425 2775 1493 (23),
2808 1438 2916 1478 non
2950 1424 3053 1478 hoc
3082 1421 3131 1477 ei
3162 1422 3454 1480 evenisset.

2081 1521 2380 1593 Castigavit
2409 1520 2581 1575 lilium
2628 1537 2786 1575 suum
2817 1520 3040 1577 dicens:
3086 1520 3216 1577 Vide
3246 1536 3314 1576 ne
3349 1521 3597 1592 imponas

2007 1619 2230 1690 aliquod
2274 1618 2478 1675 crimen
2524 1618 2676 1674 socio
2718 1621 2811 1673 tuo
2863 1633 3024 1674 servo
3062 1616 3177 1673 sive
3205 1617 3400 1682 libero,
3426 1634 3497 1673 ne
3528 1618 3598 1672 ita

2008 1707 2105 1762 tibi
2132 1706 2421 1779 contingat
2477 1706 2617 1763 sicut
2670 1706 2886 1761 duobus
2933 1706 3330 1775 joculatoribus
3369 1707 3601 1777 contigit

2010 1812 2132 1859 ante
2162 1819 2369 1874 regem.
2403 1804 2484 1859 Ad
2516 1805 2620 1858 hoc
2651 1802 2794 1858 tilius
2815 1823 2826 1858 :
2846 1804 3024 1858 Narra
3054 1802 3204 1869 mihi,
3239 1808 3420 1875 pater,
3441 1804 3601 1861 obsc-

2010 1909 2131 1950 cro.
2174 1894 2329 1949 Pater
2354 1908 2365 1947 :
2403 1893 2533 1948 Fiat.

2586 2015 2854 2073 FABULA
2890 2014 3045 2071 XIX.

2086 2140 2243 2196 Venit
2269 2140 2487 2213 quidam
2510 2140 2777 2209 joculator
2803 2141 2869 2195 ad
2900 2157 3110 2213 regem,
3161 2157 3321 2214 quem
3352 2149 3603 2199 vocatum

2014 2247 2103 2285 rex
2135 2245 2257 2285 cum
2290 2229 2397 2284 alio
2440 2228 2740 2298 joculatore
2785 2230 2911 2285 fecit
2952 2230 3143 2285 sedere
3190 2238 3357 2302 atque
3408 2246 3599 2286 come-

2014 2319 2184 2382 dere;
2221 2320 2318 2372 scd
2348 2318 2440 2390 qui
2488 2317 2642 2389 prius
2691 2325 2811 2373 erat
2848 2318 3119 2387 joculator
3163 2319 3327 2389 cmpit
3359 2318 3603 2374 invidere

2016 2406 2427 2479 supervenienti
2475 2422 2635 2477 quem
2676 2423 2767 2461 rex
2817 2406 2918 2461 sibi
2966 2406 3290 2478 praeferebat
3333 2414 3386 2462 et
3413 2422 3605 2463 omnes

2017 2495 2201 2552 aulici.
2235 2493 2391 2564 Quod
2425 2511 2493 2550 ne
2524 2495 2751 2549 duraret
2782 2494 2872 2548 diu
2921 2495 3191 2565 pudorem
3223 2495 3297 2548 illi
3330 2494 3512 2551 facere
3550 2506 3609 2551 ut

2018 2585 2096 2639 sic
2118 2582 2310 2639 saltem
2354 2581 2637 2656 aufugeret
2679 2582 2955 2656 cogitavit.
3005 2583 3194 2655 Itaque
3238 2583 3611 2639 nescientibus

2020 2682 2141 2738 aliis
2170 2698 2298 2737 ossa
2327 2681 2558 2737 latenter
2610 2680 2820 2751 primus
2870 2680 3145 2750 joculator
3190 2682 3532 2738 coordinavit
3561 2691 3615 2738 et

2022 2779 2144 2826 ante
2176 2770 2382 2826 socium
2410 2768 2606 2839 posuit,
2639 2766 2895 2840 ﬁnitoque
2922 2769 3152 2840 prandio
3173 2769 3227 2823 in
3258 2770 3613 2841 opprobrium

2023 2859 2230 2913 socium
2265 2858 2581 2929 conjectans
2631 2864 2833 2910 struem
2879 2857 3081 2912 ossium
3128 2857 3251 2930 regi
3298 2859 3534 2914 ostendit
3562 2869 3613 2914 et

2022 2954 2355 3009 mordacitcr
2382 2952 2588 3024 inquit:
2640 2951 2888 3018 Domine,
2946 2951 3128 3007 socius
3175 2969 3332 3007 meus
3374 2954 3613 3008 omnium

2025 3042 2229 3098 ossium
2260 3043 2487 3097 istorum
2520 3039 2834 3095 vestituram
2884 3040 3136 3096 comedit.
3180 3040 3294 3096 Ilex
3327 3058 3459 3098 vero
3497 3051 3614 3097 tor-

309 3113 606 3168 comeditis
658 3131 759 3170 nec
801 3113 950 3168 illum
1001 3112 1354 3185 expectatis?
1397 3113 1656 3184 Magister
1688 3112 1863 3183 inquit
1902 3132 1905 3165 τ

2028 3133 2108 3186 vis
2138 3131 2308 3186 oculis
2341 3128 2597 3200 respexit.
2631 3130 2936 3183 Accusatus
2992 3137 3175 3183 autem
3206 3130 3327 3201 regi
3357 3131 3429 3184 ait
3450 3151 3467 3186 :
3499 3131 3614 3186 Do-

312 3201 456 3269 Quia
487 3202 591 3256 mel
624 3219 731 3256 non
763 3202 1078 3257 comederet
1116 3202 1328 3256 etiamsi
1360 3203 1610 3267 adesset;
1644 3210 1697 3256 et
1727 3217 1911 3257 come-

314 3293 537 3347 derunt.
571 3290 776 3344 Deinde
808 3291 953 3346 venit
1009 3291 1186 3345 Nediu
1247 3297 1301 3345 ct
1330 3292 1401 3345 ait
1432 3311 1449 3346 :
1484 3290 1669 3358 Quare
1702 3307 1787 3344 me
1817 3291 1912 3343 ab-

316 3395 472 3442 sente
502 3387 805 3453 comedisti,
834 3403 934 3444 nec
956 3396 1161 3459 partem
1194 3404 1370 3442 meam
1400 3386 1724 3441 rescrvastis
1753 3387 1778 3441 ‘P
1810 3387 1913 3441 Eu-

316 3475 525 3530 nuchus
578 3475 644 3529 ad
677 3475 827 3530 lia-cz
863 3476 1123 3548 Magister
1167 3485 1290 3529 tuus
1321 3476 1453 3529 dixit
1494 3476 1633 3546 quod
1668 3474 1772 3531 mel
1804 3492 1911 3529 non

312 3564 638 3620 comcdcrcs
666 3563 875 3618 etiamsi
896 3565 1140 3619 adesses.
1166 3562 1339 3618 Atille
1364 3563 1524 3618 tacuit
1555 3571 1605 3618 et
1636 3564 1914 3635 quomodo

312 3660 579 3733 magistro
610 3678 709 3716 suo
749 3660 881 3715 illud
928 3678 1346 3732 recompensare
1392 3669 1576 3732 posset
1619 3660 1902 3733 cogitavit,

312 3750 381 3804 Et
413 3751 515 3806 hoc
549 3747 709 3814 facto,
744 3748 1015 3821 magistro
1045 3751 1300 3816 absente,
1339 3750 1512 3804 chiu
1541 3759 1753 3805 secreto
1780 3750 1913 3805 dixit

311 3849 563 3903 eunucho
589 3868 601 3904 ι
638 3849 887 3918 Domine,
916 3849 1183 3923 magister
1214 3866 1366 3903 meus
1386 3849 1707 3920 quandoque
1735 3847 1909 3903 frene-

309 3932 411 3984 sim
442 3933 656 4002 patiens
685 3949 907 3988 sensum
939 3934 1116 4004 perdit
1145 3942 1197 3989 et
1223 3934 1517 3988 indiscrete
1547 3933 1913 3988 circumstan-

308 4036 392 4080 tes
425 4027 676 4083 verberat
705 4039 754 4083 et
785 4029 1064 4084 interimit.
1112 4031 1208 4084 Cui
1261 4031 1541 4085 eunuchus
1576 4050 1593 4084 :
1627 4029 1681 4083 Si
1711 4028 1907 4083 scirem

313 4117 507 4169 horam
540 4117 756 4187 quando
788 4118 836 4171 ei
859 4119 1147 4191 contingit,
1182 4136 1250 4173 ne
1281 4119 1406 4189 quid
1438 4117 1738 4172 inconsulte
1770 4132 1907 4185 age-

306 4215 389 4259 ret
421 4204 648 4277 ligarem
678 4215 727 4260 et
763 4206 893 4261 loris
924 4208 1203 4279 corrigere
1236 4206 1695 4279 constringerem.
1722 4207 1909 4260 AtNe-

305 4303 398 4357 diu
432 4303 508 4356 ait
542 4323 552 4357 :
588 4302 719 4358 Cum
759 4304 957 4357 videris
977 4320 1096 4356 eum
1122 4305 1225 4357 huc
1257 4310 1309 4357 et
1328 4303 1454 4358 illuc
1476 4303 1825 4374 aspicientem
1855 4311 1907 4358 et

312 4401 514 4446 terram
536 4392 784 4447 manibus
804 4392 1181 4447 verberantcm
1197 4401 1249 4446 et
1268 4407 1299 4447 a
1322 4409 1416 4446 sua
1433 4393 1564 4447 sede
1587 4402 1902 4464 surgentem

2025 3221 2170 3275 mine
2193 3219 2295 3275 feci
2325 3217 2467 3291 quod
2524 3226 2719 3271 natura
2777 3215 3014 3271 humana
3059 3216 3391 3288 requirebat,
3426 3234 3616 3274 carnes

2025 3308 2238 3364 comedi
2272 3316 2323 3362 et
2350 3321 2477 3360 ossa
2498 3304 2677 3359 dimisi
2702 3319 2715 3370 ;
2742 3303 2923 3360 socius
2945 3313 3126 3359 autem
3150 3321 3304 3360 meus
3326 3305 3451 3361 fecit
3473 3308 3614 3379 quod

2026 3411 2125 3450 sua
2156 3403 2340 3449 natura
2373 3393 2577 3449 scilicet
2610 3393 2799 3448 canina
2851 3392 3177 3465 inquirebat,
3226 3393 3347 3465 quia
3382 3396 3618 3452 comedit

2025 3501 2219 3540 carnes
2249 3491 2302 3538 et
2330 3499 2455 3539 ossa
2469 3525 2482 3538 .

2096 3582 2242 3637 Dixit
2272 3581 2664 3651 philosophus:
2699 3581 2919 3635 Honora
2948 3580 3221 3637 minorem
3252 3590 3303 3638 te
3331 3591 3383 3637 et
3412 3583 3481 3639 da
3511 3584 3615 3639 sibi

2021 3671 2090 3726 de
2122 3679 2212 3725 tuo
2243 3670 2382 3725 sicut
2414 3670 2499 3723 vis
2534 3669 2676 3739 quod
2700 3669 2872 3736 major
2902 3678 2951 3724 te
2980 3671 3208 3726 honoret
3239 3679 3287 3725 et
3310 3670 3377 3726 de
3400 3689 3502 3728 suo
3524 3673 3621 3727 tibi

2022 3759 2248 3813 tribuat.
2316 3758 2504 3812 Alius:
2538 3758 2719 3827 Turpe
2776 3757 2997 3827 quidem
3054 3767 3136 3812 est
3188 3758 3420 3813 multum
3466 3760 3619 3816 diviti

2021 3874 2143 3912 esse
2174 3872 2421 3920 avarum,
2469 3854 2728 3909 mebiocri
2777 3854 3058 3925 pulchrum
3089 3871 3212 3910 esse
3250 3855 3487 3928 largum.
3525 3857 3618 3912 Di-

2020 3944 2265 4016 scipulus
2296 3944 2406 3999 ait:
2440 3942 2824 3998 Diﬁinitionem
2871 3941 3011 4015 largi
3042 3951 3094 3997 et
3123 3944 3269 3997 avari
3304 3952 3355 3998 et
3396 3947 3612 4019 prodigi

2017 4035 2147 4089 mihi
2179 4032 2487 4089 subscribe.
2525 4032 2678 4086 Pater
2715 4050 2725 4085 :
2762 4029 2863 4099 Qui
2896 4031 2986 4085 dat
3013 4030 3212 4101 quibus
3242 4032 3482 4086 dandum
3506 4044 3610 4094 est.

2016 4131 2067 4177 et
2099 4122 2295 4175 retinet
2326 4120 2523 4192 quibus
2582 4118 2927 4172 retinendum
2980 4127 3080 4181 est,
3112 4117 3307 4191 largus
3354 4127 3466 4183 est;
3512 4123 3611 4194 qui

2014 4219 2264 4290 prohibet
2294 4217 2488 4289 quibus
2537 4215 2939 4286 prohibendum
2971 4230 3079 4270 non
3109 4223 3210 4284 est,
3256 4233 3455 4273 avarus
3486 4228 3607 4274 est:

2013 4314 2101 4385 qui
2132 4314 2219 4368 dat
2253 4314 2450 4383 quibus
2481 4311 2720 4366 dandum
2766 4319 2851 4365 est
2883 4319 2935 4366 et
2967 4312 3165 4383 quibus
3210 4328 3318 4367 non
3351 4322 3435 4368 est
3465 4315 3607 4371 dan-

2011 4402 2159 4468 dum,
2195 4400 2486 4471 prodigus.
2511 4399 2701 4455 Alius:
2734 4400 2858 4454 Noli
2901 4399 3165 4455 associari
3211 4402 3287 4456 rei
3329 4401 3608 4459 deficienti

306 4489 359 4534 et
382 4495 665 4534 scamnum
698 4496 865 4550 super
894 4480 1037 4551 quod
1061 4480 1215 4533 sedet
1240 4496 1400 4535 manu
1424 4482 1745 4551 rapientem,
1770 4488 1899 4534 tunc
1926 4479 1979 4539 D
2012 4497 2063 4546 et
2094 4507 2161 4545 ne
2190 4504 2467 4560 proponas
2499 4496 2549 4544 te
2583 4488 2656 4542 rei
2689 4489 2979 4544 crescenti.
3032 4488 3224 4545 Alius:
3256 4490 3431 4563 Magis
3463 4492 3607 4547 valet

306 4568 450 4622 scias
471 4584 595 4622 eum
626 4584 747 4623 esse
770 4568 1034 4635 insanum,
1057 4572 1109 4622 et
1132 4567 1232 4621 nisi
1260 4568 1355 4622 tibi
1377 4578 1427 4623 et
1449 4567 1553 4622 tuis
1573 4567 1897 4639 provideris,

303 4672 466 4734 caput
498 4663 636 4719 fuste
667 4664 889 4721 dolabit.
914 4663 1138 4718 Talibus
1160 4664 1320 4720 dictis
1342 4665 1516 4719 Nediu
1540 4663 1795 4736 sequenti
1814 4664 1901 4720 die

304 4752 553 4823 magistri
569 4753 653 4806 sui
670 4752 887 4808 forfices
908 4762 1121 4809 secreto
1142 4753 1451 4820 abscondit,
1473 4761 1524 4806 at
1545 4753 1745 4808 incisor
1761 4769 1905 4825 qua?-

305 4857 430 4894 rens
462 4839 677 4896 forfices
707 4849 759 4895 et
790 4857 895 4897 non
929 4842 1212 4896 inveniens
1228 4841 1391 4910 cmpit
1420 4842 1670 4895 manibus
1701 4850 1897 4897 terram

304 4936 589 4999 percutere
612 4938 661 4983 et
681 4931 783 4983 huc
801 4938 849 4983 et
874 4929 998 4985 illuc
1021 4930 1269 4999 uapicere
1286 4938 1339 4983 et
1358 4946 1494 4983 asua
1515 4930 1643 4984 sedc
1665 4945 1899 5003 surgere

303 5025 356 5071 et
387 5033 667 5071 scamnum
699 5034 869 5086 super
916 5017 1061 5088 quod
1119 5017 1349 5071 sedebat
1390 5035 1550 5073 manu
1598 5019 1895 5073 dimovere.

306 5106 433 5160 Hzec
457 5104 649 5159 videns
707 5106 984 5160 eunuchus
1038 5106 1218 5159 statim
1262 5123 1390 5161 suos
1422 5107 1635 5162 vocavit
1676 5107 1900 5162 clientes

302 5193 980 5265 praeceptiqucincisorem
1001 5194 1160 5266 ligari
1183 5203 1231 5248 ct
1256 5211 1320 5247 ne
1335 5195 1557 5266 aliquos
1580 5196 1901 5252 verberaret

302 5282 834 5353 gravitervcrberari
852 5323 864 5335 .
895 5282 1002 5335 Sed
1019 5282 1222 5337 incisor
1247 5283 1518 5338 clamabat
1544 5285 1615 5338 ita
1633 5284 1895 5340 dicendo:

304 5370 447 5437 Quid
481 5370 615 5425 foris
637 5370 760 5436 feci,
793 5378 847 5424 ut
877 5370 1005 5441 quid
1036 5371 1230 5425 talibus
1263 5388 1358 5428 me
1391 5373 1631 5444 atiligitis
1662 5374 1903 5428 verberi-

301 5459 406 5512 bus
426 5460 453 5511 εν
484 5462 550 5513 At
579 5458 655 5513 illi
686 5459 870 5514 acrius
928 5460 1271 5515 verberando
1328 5463 1606 5518 tacebant.
1667 5462 1901 5532 Quando

301 5555 485 5601 autem
518 5546 647 5601 lassi
679 5547 899 5602 fuerunt
931 5547 1272 5604 verberando
1300 5566 1528 5605 exosum
1561 5552 1686 5606 vitae
1716 5551 1900 5607 solve-

304 5642 435 5690 runt
484 5636 574 5706 qui
633 5635 913 5707 respirans
961 5636 1058 5691 sed
1109 5635 1276 5710 longo
1326 5639 1586 5710 temporis
1614 5638 1901 5695 intervallo

378 5778 491 5835 (23)
531 5775 754 5831 Levitic.
788 5792 896 5840 xix,
932 5777 1015 5830 18.
1040 5788 1166 5863 ’πῆ-,τ
1195 5762 1345 5865 T115
1374 5790 1548 5838 metu

2010 4593 2178 4649 parva
2202 4578 2479 4632 beatitudo
2509 4591 2669 4649 quam
2694 4576 2856 4646 plena
2879 4576 3071 4631 domus
3095 4592 3231 4633 auro
3262 4586 3315 4634 et
3345 4587 3604 4652 argento.

2010 4668 2160 4723 Alius
2196 4684 2208 4721 :
2243 4666 2401 4722 Utilia
2447 4666 2702 4738 perquire
2752 4680 2953 4738 magno
3001 4682 3186 4730 sensu,
3248 4682 3354 4722 non
3404 4684 3606 4741 magna

2008 4754 2315 4811 velocitate.
2363 4755 2550 4809 Alius:
2610 4754 2693 4808 Ne
2749 4753 3012 4824 respicias
3067 4753 3319 4809 ditiorem
3366 4762 3419 4809 te
3451 4771 3520 4808 ne
3550 4757 3603 4810 in

2008 4861 2132 4899 eum
2188 4859 2405 4915 pecces,
2462 4843 2558 4897 sed
2617 4844 2826 4914 respice
2884 4843 3263 4914 pauperiorem
3310 4849 3363 4895 te
3391 4850 3448 4897 et
3480 4843 3604 4897 inde

2006 4941 2194 5003 grates
2228 4934 2340 4987 Deo
2372 4930 2565 4987 redde.
2604 4930 2797 4985 Alius:
2858 4932 2978 4985 Non
3010 4931 3253 5002 deneges
3302 4931 3472 4984 Deum
3504 4946 3604 5001 pro

2007 5021 2370 5092 pauperitate,
2404 5035 2504 5091 pro
2535 5018 2736 5073 divitiis
2762 5017 2870 5072 noli
2892 5019 3195 5089 superbire.
3224 5017 3380 5072 Alius
3404 5036 3415 5073 :
3441 5018 3603 5087 Quis-

2006 5109 2130 5177 quis
2178 5109 2347 5163 multa
2394 5111 2563 5176 cupit,
2612 5108 2879 5172 majorum
2931 5105 3070 5160 fame
3117 5104 3368 5161 tabescit.
3401 5108 3597 5162 Alius:

2007 5198 2061 5251 Si
2094 5197 2176 5251 vis
2199 5198 2252 5250 in
2282 5198 2384 5251 hoc
2416 5195 2618 5250 sweulo
2652 5202 2861 5249 tantum
2902 5195 3099 5249 habere
3131 5204 3393 5267 quantum
3426 5195 3599 5252 suile-

2006 5286 2142 5342 cerit
2186 5292 2410 5345 naturae.
2463 5299 2571 5337 non
2615 5283 2781 5337 multa
2816 5290 2866 5340 te
2896 5283 3108 5339 decebit
3136 5300 3514 5359 congregare;
3547 5297 3600 5342 et

2007 5374 2052 5430 si
2081 5373 2279 5445 cupido
2325 5370 2635 5427 satisfacere
2685 5371 2922 5427 volucris
2960 5372 3161 5439 animo,
3203 5370 3328 5429 licet
3358 5389 3599 5445 congre-

2007 5464 2148 5535 gatis
2177 5477 2516 5535 quaecunque
2546 5460 2601 5514 in
2634 5468 2744 5516 toto
2778 5460 2980 5516 mundo
3018 5461 3222 5516 ambitu
3258 5463 3599 5519 continentur

2007 5550 2229 5617 divitiis,
2281 5549 2399 5603 sitis
2434 5557 2616 5604 tamen
2673 5547 2886 5603 ardebit
2942 5549 3201 5604 habendi.
3250 5550 3458 5605 Alius:
3493 5548 3599 5618 Qui

2010 5653 2174 5710 parce
2205 5652 2300 5691 sua
2349 5636 2642 5708 dispendit,
2695 5636 2787 5691 diu
2814 5636 3012 5692 durant
3041 5637 3090 5691 ei
3117 5653 3396 5709 possessa.
3439 5637 3598 5693 Alius
