4028 6070
454 272 562 325 ϐε)ῐῖ

1377 266 1575 321 PETRI
1617 263 1968 320 ALPHONSI
2008 264 2107 320 EX
2142 265 2387 321 ΗΠ).Εο
2430 263 2835 322 CllRlSTlANl

3586 236 3749 324 -696

450 393 555 461 Qui
590 392 694 449 vult
716 391 1029 464 relinquere
1058 389 1339 457 saeculum,
1375 390 1552 445 videat
1586 406 1654 444 ne
1685 389 1888 462 aliquid
1923 390 2046 446 reti-
2075 392 2133 451 Α
2163 397 2309 443 recto
2353 390 2559 445 tramite
2606 390 2809 446 nollent
2847 390 3129 461 incedere,
3171 393 3369 466 quibus
3396 393 3532 449 dixit
3567 413 3578 448 :
3616 393 3749 464 Lupi

451 500 575 545 neat
623 491 770 561 quod
802 491 868 544 sit
922 490 1069 544 illius
1126 488 1376 560 partium,
1420 488 1682 557 quoniam
1714 488 2049 543 tantumdem

451 578 631 632 valent
659 594 724 633 ac
764 578 809 633 si
866 578 1039 649 paleis
1081 577 1267 647 ignem
1311 576 1679 647 extingueret.
1714 576 1910 631 Alius:
1943 576 2048 644 Qui

448 667 739 737 pecuniam
768 674 1074 739 congregat
1112 665 1338 721 multum
1386 664 1616 731 laborat,
1650 664 1854 736 vigiliis
1891 666 2045 720 tabe-

450 756 551 811 scit
579 771 647 810 ne
676 756 884 826 perdat,
917 756 987 810 ad
1018 754 1262 809 ultimum
1284 753 1431 809 dolet
1454 753 1676 825 quando
1704 752 1881 824 perdit
1901 754 2045 825 quod

448 851 788 907 obtinuerat.
830 850 1144 923 Discipulus
1162 852 1425 922 magistro
1450 869 1464 914 ;
1492 849 1697 905 Laudas
1718 849 2047 923 congregari

448 940 737 1012 pecuniam
763 940 792 994 ?
818 941 1117 1012 Magister:
1152 941 1253 1006 lta,
1285 939 1511 1011 acquire
1534 940 1684 1009 juste
1731 946 1785 994 et
1813 938 1869 992 in
1900 939 2044 995 bono

448 1029 714 1100 expende,
747 1044 850 1085 nec
881 1029 931 1083 in
967 1029 1224 1084 thesauro
1269 1028 1530 1085 reconde.
1571 1028 1754 1083 Alius:
1788 1028 1870 1082 Ne
1899 1028 2044 1083 desi-

447 1118 606 1172 deres
653 1133 744 1172 res
800 1117 1023 1173 alterius
1080 1126 1133 1173 et
1162 1133 1231 1173 ne
1281 1116 1472 1174 doleas
1502 1116 1574 1171 de
1608 1116 1824 1171 amissis
1851 1116 2038 1181 rebus,

448 1213 704 1286 quoniam
732 1213 919 1270 dolore
948 1213 1203 1269 nibilerit
1233 1213 1634 1284 recuperabile,
1658 1211 1799 1269 unde
1812 1213 2038 1269 dicitur:

1036 1316 1305 1372 FABULA
1344 1317 1470 1371 XX.

517 1422 757 1492 Quidam
789 1422 980 1478 habuit
1008 1423 1304 1495 virgultum
1327 1423 1381 1477 in
1408 1438 1515 1494 quo
1535 1422 1721 1478 rivulis
1749 1422 2040 1479 fluentibus

442 1510 612 1565 herba
642 1511 832 1566 viridis
874 1520 1013 1577 erat,
1053 1519 1106 1566 et
1147 1528 1250 1583 pro
1298 1512 1578 1567 habilitate
1607 1511 1711 1567 loci
1741 1514 2036 1567 convenie-

444 1608 574 1660 bant
603 1606 679 1661 ibi
709 1609 962 1663 volucres
993 1608 1362 1664 modulamine
1399 1624 1595 1665 vocum
1624 1615 1818 1665 cantus
1847 1609 2036 1664 diver-

443 1710 541 1749 sos
570 1704 923 1751 exercentes.
970 1694 1218 1764 Quadam
1267 1697 1357 1753 die
1385 1698 1510 1752 dum
1544 1698 1597 1752 in
1628 1713 1727 1752 suo
1775 1697 2036 1768 fatigatus
2064 1715 2118 1779 Β

442 1784 751 1854 quiesceret
784 1786 1050 1854 pomerio,
1075 1785 1326 1857 quaedam
1343 1786 1564 1841 avicula
1593 1802 1756 1857 super
1781 1787 2037 1842 arborem

438 1882 707 1936 cantando
732 1882 1130 1938 delectabiliter
1156 1883 1323 1938 sedit.
1382 1883 1557 1952 Quam
1590 1892 1646 1938 ut
1677 1883 1810 1938 vidit
1838 1892 1889 1939 et
1919 1885 2037 1952 ejus

438 1976 654 2023 cantum
686 1969 912 2036 audivit,
945 1970 1228 2041 deceptam
1260 1971 1453 2043 laqueo
1475 1973 1732 2043 sumpsit.
1764 1972 1843 2026 Ad
1873 1989 2035 2044 quem

436 2056 585 2111 avis:
621 2057 731 2111 Cur
784 2062 987 2113 tantum
1047 2058 1314 2114 laborasti
1372 2077 1461 2115 me
1517 2076 1736 2131 capere,
1774 2061 1862 2115 vel
1889 2062 2033 2133 quod

432 2151 735 2221 proﬁcuum
767 2152 819 2207 in
848 2170 972 2210 mea
995 2156 1253 2226 captione
1284 2156 1517 2226 sperasti
1547 2156 1770 2211 habere.
1804 2157 1885 2211 Ad
1916 2158 2032 2212 haec

432 2241 597 2297 homo
620 2260 631 2296 :
666 2242 826 2298 Solos
855 2253 1048 2298 cantus
1080 2255 1202 2299 tuos
1222 2245 1407 2300 audire
1430 2247 1612 2317 cupio.
1638 2246 1733 2300 Cui
1756 2247 1901 2301 avis:
1928 2248 2032 2302 Pro

435 2329 630 2397 nihilo,
666 2332 792 2401 quia
824 2348 926 2387 nec
960 2348 1123 2403 prece
1154 2349 1256 2388 nec
1296 2334 1470 2404 pretio
1507 2335 1757 2390 cantabo.
1793 2338 1859 2390 At
1901 2336 2029 2389 ilte:

436 2418 556 2472 Nisi
589 2421 918 2485 cantaveris,
942 2420 1014 2475 ite
1035 2422 1345 2476 comedam.
1372 2423 1439 2477 Et
1460 2424 1605 2477 avis:
1641 2422 1928 2492 Quomodo
1943 2439 2033 2479 co-

442 2515 680 2569 medes?
706 2514 761 2570 Si
790 2516 1101 2571 comederis
1130 2526 1340 2573 coctam
1370 2535 1528 2590 aqua,
1551 2519 1676 2591 quid
1694 2520 1891 2575 valebit
1913 2521 2031 2575 avis

431 2611 542 2658 tam
574 2609 784 2673 parva?
813 2605 881 2659 Et
912 2605 1072 2660 etiam
1095 2622 1226 2661 caro
1254 2607 1363 2663 erit
1387 2608 1618 2678 hispida.
1639 2609 1695 2663 Si
1710 2618 1889 2664 assata
1910 2625 2027 2676 ero,

425 2702 597 2755 multo
627 2702 809 2756 minor
838 2703 1036 2771 fuero;
1072 2704 1167 2759 sed
1198 2705 1243 2758 si
1275 2721 1361 2760 me
1392 2706 1597 2761 habere
1629 2706 1907 2761 dimiseris
1924 2722 2028 2762 ma-

425 2805 591 2857 gnam
626 2790 909 2845 utilitatem
939 2792 1313 2863 consequeris.
1341 2796 1406 2847 At
1426 2794 1517 2849 ille
1549 2802 1772 2850 contra:
1807 2793 2028 2864 Quam?

428 2887 601 2941 Avis:
637 2886 936 2943 Ostendam
971 2888 1067 2942 tibi
1098 2898 1211 2944 tres
1242 2891 1519 2961 sapientes
1566 2892 1842 2947 manet-ias
1888 2911 2025 2965 quas

424 2974 645 3041 majoris
676 2976 835 3047 pretii
868 2976 1034 3033 facies
1063 2994 1225 3049 quam
1280 2978 1441 3034 trium
1492 2980 1778 3036 vitulorum
1808 2998 2020 3038 carnes.

2158 502 2256 541 vos
2285 486 2614 543 comedent!
2648 486 2807 556 Quod
2838 488 2999 560 lupus
3032 491 3259 547 audiens
3287 492 3588 563 acquievit,
3612 491 3747 545 Cum

2155 575 2272 630 dies
2298 575 2598 631 declinaret
2624 585 2678 631 et
2700 577 2821 645 jam
2848 578 3087 635 rusticus
3114 579 3185 636 de
3213 589 3397 637 aratro
3428 581 3600 637 boves
3629 581 3745 635 sol-

2155 662 2344 732 visset,
2376 663 2525 719 venit
2553 664 2626 720 ad
2670 680 2794 719 eum
2825 665 2985 738 lupus
3014 669 3238 725 dicens:
3284 671 3363 726 Da
3408 669 3541 724 mihi
3579 669 3750 724 boves

2154 777 2293 834 quos
2323 762 2646 832 promisisti.
2700 761 2785 816 Ad
2837 766 2957 822 haec
2999 775 3182 823 arator
3213 786 3226 822 :
3259 766 3315 821 Si
3354 767 3583 823 verbum
3613 765 3748 846 dixi,

2152 867 2263 907 non
2290 862 2635 910 sacramento
2663 855 2904 911 ﬁrmavi.
2942 857 3016 911 Et
3053 855 3215 927 lupus
3260 864 3490 912 contra:
3530 855 3749 910 Habere

2150 940 2327 997 debeo
2356 942 2477 1014 quia
2508 945 2854 1002 concessisti.
2899 945 3158 1000 Dixerunt
3183 944 3400 1000 tandem
3430 943 3578 1016 quod
3608 944 3751 999 irent

2148 1039 2216 1094 ad
2240 1039 2527 1108 judicium.
2562 1041 2722 1111 Quod
2759 1044 2887 1099 dum
2917 1042 3158 1101 facerent
3188 1043 3339 1115 vulpi
3367 1043 3750 1100 obviaverunt.

2150 1127 2360 1196 Quibus
2400 1130 2729 1186 adeuntibus
2785 1133 2859 1187 ait
2914 1132 3141 1205 vulpes:
3193 1131 3314 1202 Quo
3363 1132 3631 1188 tenditis?
3661 1132 3748 1187 llli

2149 1229 2292 1301 quod
2326 1228 2525 1286 factum
2556 1228 2727 1286 fuerat
2754 1238 3118 1288 narraverunt
3142 1231 3309 1303 vulpi.
3329 1230 3543 1300 Quibus
3569 1230 3705 1286 dixit
3730 1251 3744 1286 :

2149 1317 2263 1374 Pro
2294 1318 2463 1375 nihilo
2493 1318 2654 1375 alium
2685 1320 2926 1393 quaeritis
2947 1320 3210 1390 judicem,
3243 1320 3501 1393 quoniam
3532 1328 3746 1375 rectum

2148 1414 2304 1469 vobis
2339 1415 2532 1471 laciam
2572 1415 2876 1486 judicium;
2927 1418 3026 1472 sed
3079 1418 3229 1490 prius
3275 1417 3529 1489 permitte
3591 1417 3748 1489 loqui

2147 1503 2376 1560 consilio
2406 1504 2497 1559 uni
2527 1521 2593 1560 ex
2623 1505 2778 1561 vobis
2808 1514 2863 1561 et
2890 1506 3090 1562 deinde
3120 1506 3231 1574 alii,
3263 1515 3317 1562 et
3345 1506 3391 1561 si
3418 1514 3608 1578 potero
3639 1521 3747 1562 vos

2147 1593 2480 1648 concordare
2503 1593 2619 1648 sine
2643 1594 2868 1664 judicio,
2904 1595 3174 1650 sententia
3203 1594 3497 1661 celabitur;
3530 1596 3615 1649 sin
3645 1610 3746 1650 au-

2149 1689 2278 1749 tem,
2311 1681 2364 1737 in
2394 1697 2682 1738 commune
2698 1684 2876 1740 detur.
2899 1686 2964 1739 At
2986 1684 3091 1756 ipsi
3118 1694 3522 1741 concesserunt.
3550 1684 3745 1756 Vulpis

2147 1778 2386 1850 primum
2440 1779 2617 1836 locuta
2665 1795 2788 1835 cum
2844 1787 3057 1836 aratore
3106 1780 3185 1835 ait
3227 1800 3238 1835 :
3295 1781 3373 1835 Da
3413 1781 3744 1837 miliiunam

2144 1868 2404 1941 gallinam
2434 1878 2487 1923 et
2532 1868 2685 1924 uxori
2725 1885 2863 1925 mea:
2917 1869 3162 1938 alteram,
3196 1877 3249 1925 et
3277 1869 3506 1925 habebis
3545 1870 3740 1926 boves.

2145 1967 2352 2021 Arator
2380 1967 2671 2034 concessit,
2705 1976 2758 2022 et
2785 1968 2890 2022 hoc
2921 1967 3065 2023 facto
3094 1983 3215 2024 cum
3237 1968 3367 2039 lupo
3384 1968 3630 2040 loquitur
3660 1969 3745 2024 di-

2142 2069 2302 2110 cens:
2335 2054 2547 2121 Amice,
2579 2056 2731 2110 audi:
2766 2055 2967 2111 Meritis
3003 2057 3107 2111 tuis
3147 2057 3572 2127 procedentibus
3603 2073 3741 2129 pro-

2141 2150 2195 2199 te
2222 2143 2405 2209 debet,
2439 2143 2484 2197 si
2515 2159 2621 2216 qua
2651 2153 2733 2198 est
2763 2143 3036 2214 facundia,
3068 2145 3344 2200 laborare.
3390 2146 3616 2200 Tantum
3650 2146 3739 2201 lo-

2140 2240 2266 2288 cuta
2294 2248 2412 2287 sum
2442 2249 2562 2287 cum
2596 2236 2794 2289 rustico
2815 2234 2961 2305 quod
2991 2234 3037 2287 si
3076 2235 3246 2289 boves
3276 2234 3419 2289 illius
3459 2235 3739 2290 dimiseris

2141 2321 2362 2376 omnino
2390 2321 2622 2394 quietos,
2656 2322 2806 2378 dabit
2835 2322 2931 2377 tibi
2959 2338 3180 2378 caseum
3210 2323 3279 2378 ad
3301 2324 3738 2394 magnitudinem

2140 2409 2317 2481 clypei
2348 2411 2567 2466 factum.
2600 2411 2714 2466 Hoc
2744 2410 2901 2482 lupus
2938 2413 3228 2468 concessit.
3261 2413 3358 2467 Cui
3389 2413 3578 2484 vulpes
3608 2413 3685 2468 ait
3718 2433 3731 2467 :

2140 2499 2392 2554 Concede
2420 2507 2691 2554 aratorem
2723 2500 2891 2554 boves
2912 2516 3042 2556 suos
3061 2501 3281 2570 ducere,
3312 2509 3364 2556 et
3392 2517 3497 2574 ego
3525 2503 3731 2557 ducam

2138 2607 2190 2654 te
2219 2597 2286 2653 ad
2320 2599 2497 2655 locum
2523 2599 2614 2653 ubi
2650 2608 2919 2670 parantur
2957 2599 3098 2654 illius
3141 2601 3311 2667 casei,
3345 2607 3401 2656 ut
3433 2618 3596 2671 quem
3628 2618 3728 2657 vo-

2136 2687 2303 2743 lueris
2343 2687 2413 2743 de
2461 2688 2645 2742 multis
2692 2688 2901 2759 eligere
2950 2688 3156 2760 possis.
3215 2689 3324 2744 Sed
3350 2688 3511 2762 lupus
3538 2698 3733 2745 astuta:

2136 2786 2315 2857 vulpis
2344 2786 2606 2858 deceptus
2635 2787 2817 2842 verbis
2846 2788 3089 2859 quietum
3119 2788 3267 2844 abire
3295 2789 3542 2860 permisit
3572 2789 3736 2843 rusti-

2134 2890 2284 2930 cum.
2328 2874 2531 2946 Vulpes
2562 2892 2690 2932 vero
2710 2879 2963 2950 vagando
2978 2879 3089 2933 huc
3119 2886 3172 2933 et
3199 2877 3324 2932 illuc
3347 2886 3611 2950 quantum
3645 2893 3733 2949 po-

2133 2965 2233 3019 tuit
2280 2963 2471 3036 lupum
2517 2966 2771 3034 deviavit,
2818 2983 2980 3040 quem
3013 2967 3261 3023 veniente
3290 2969 3528 3022 obscura
3569 2977 3732 3023 nocte

423 3065 493 3117 At
522 3063 610 3118 ille
641 3080 867 3120 securus
899 3065 1149 3135 promissi
1206 3083 1364 3122 avem
1415 3069 1663 3139 permisit
1691 3070 1862 3125 abire.
1922 3071 2019 3126 Cui
2050 3068 2099 3131 C
2129 3062 2197 3118 ad
2227 3062 2393 3117 altum
2422 3071 2641 3134 puteum
2673 3064 2913 3131 deduxit.
2963 3066 3050 3122 cui
3094 3081 3257 3136 super
3294 3074 3514 3136 puleum
3565 3065 3730 3120 stanti

424 3151 549 3205 avis
576 3151 652 3205 ait
681 3172 691 3207 :
730 3153 906 3207 Unum
938 3162 1019 3208 est
1048 3154 1118 3209 de
1163 3157 1471 3226 promissis,
1503 3174 1571 3213 ne
1602 3159 1800 3214 credas
1844 3160 2023 3215 omni-

426 3248 528 3302 bus
563 3248 720 3304 dictis
747 3265 760 3317 ;
794 3251 1115 3321 secundum,
1146 3254 1288 3324 quod
1312 3262 1466 3309 tuum
1491 3255 1593 3309 erit
1613 3272 1832 3326 semper
1850 3257 2019 3324 habe;

424 3336 670 3404 tertium,
720 3355 789 3393 ne
850 3339 1037 3394 doleas
1076 3344 1146 3395 de
1192 3342 1429 3397 amissis.
1464 3344 1577 3398 Hoc
1606 3343 1770 3411 dicto,
1808 3346 2023 3401 avicula

424 3436 681 3491 arborem
728 3440 1050 3494 conscendit
1084 3448 1137 3494 et
1180 3441 1322 3497 dulci
1371 3457 1571 3498 canore
1601 3445 1784 3500 dicere
1809 3446 1971 3517 erepit
2004 3465 2017 3501 :

422 3524 742 3581 Benedictus
781 3527 1045 3582 Dominus
1093 3529 1184 3600 qui
1234 3539 1447 3585 tuorum
1506 3532 1680 3588 aciem
1734 3535 2020 3589 oculorum

420 3611 615 3668 clausit
643 3624 695 3668 et
725 3615 1031 3685 sapieutam
1080 3617 1323 3685 abstulit,
1367 3621 1622 3690 quoniam
1654 3622 1700 3676 si
1729 3621 2020 3678 intestino-

422 3724 543 3763 rum
596 3711 769 3780 plicas
832 3727 1084 3767 meorum
1141 3716 1530 3787 perquisisses,
1562 3717 1721 3773 unius
1764 3720 2021 3789 ponderis

418 3799 915 3867 uucimjacinctum
950 3802 1272 3857 invenisses.
1322 3805 1447 3860 Haec
1482 3806 1711 3861 audiens
1741 3807 1830 3863 ille
1858 3808 2022 3879 erepit

420 3886 550 3941 flere
581 3895 632 3941 et
662 3888 858 3958 palmis
891 3898 1080 3959 pectus
1110 3901 1421 3961 percutere,
1456 3895 1709 3965 quoniam
1739 3894 1901 3951 ﬁdem
1931 3897 2019 3951 di-

420 3974 522 4031 ctis
551 3977 856 4047 praebuerat
884 3978 1130 4035 aviculae.
1159 3981 1227 4033 At
1256 3981 1370 4035 avis
1401 3982 1473 4036 ait
1502 3982 1579 4037 illi
1619 4002 1631 4037 :
1676 3985 1791 4040 Cito
1822 3984 2021 4040 oblitus

423 4079 484 4117 es
515 4080 711 4120 sensus
742 4083 901 4137 quem
936 4067 1028 4121 tibi
1060 4068 1536 4126 dixi.Nonnedixi
1557 4072 1649 4126 tibi
1673 4090 1684 4126 :
1710 4074 1789 4128 Ne
1820 4075 2019 4130 credas

426 4161 680 4233 quicquid
711 4164 803 4217 tibi
832 4165 1042 4220 dicetur
1070 4169 1097 4219 ἱ)
1129 4166 1421 4234 Quomodo
1451 4171 1629 4225 credis
1658 4171 1803 4241 quod
1845 4172 1899 4225 in
1932 4188 2019 4227 me

424 4249 493 4303 sit
520 4250 790 4318 jacinctus
822 4252 910 4325 qui
945 4254 1015 4307 sit
1045 4256 1307 4325 ponderis
1339 4258 1496 4313 unius
1526 4260 1723 4326 unciae,
1755 4277 1875 4315 cum
1916 4278 2019 4331 ego

424 4353 531 4399 tota
562 4360 670 4399 non
701 4361 818 4399 sum
851 4348 982 4401 tanti
1018 4350 1278 4419 ponderis
1308 4353 1335 4404 ξ)
1382 4355 1444 4407 lit
1476 4370 1581 4410 non
1610 4356 1724 4410 dixi
1770 4357 1901 4411 tibi:
1935 4358 2018 4411 Ne

2133 3152 2361 3207 formam
2420 3152 2558 3207 lunae
2616 3154 2932 3224 semiplenae
2989 3154 3043 3208 in
3099 3154 3206 3209 ima
3253 3154 3398 3226 putei
3462 3153 3730 3209 radiantis

2133 3240 2371 3296 ostendit
2398 3249 2451 3296 et
2480 3241 2653 3314 inquit
2679 3261 2690 3296 :
2724 3243 2824 3299 Hic
2853 3251 2935 3298 est
2949 3258 3146 3299 caseus
3168 3259 3331 3316 quem
3352 3242 3448 3298 tibi
3470 3242 3725 3314 promisi,

2132 3339 2410 3395 descende
2438 3340 2484 3393 si
2515 3339 2712 3411 placet,
2743 3349 2796 3395 et
2828 3342 3075 3397 comede.
3108 3341 3191 3396 Ad
3225 3343 3340 3397 haec
3365 3342 3562 3413 lupus:
3612 3341 3726 3396 De-

2133 3428 2335 3483 scenda
2366 3428 2631 3498 primitus,
2663 3436 2716 3484 et
2746 3430 2791 3483 si
2823 3429 2940 3484 sola
2961 3429 3179 3486 deferre
3197 3446 3304 3484 non
3324 3430 3551 3501 poteris,
3586 3438 3645 3484 ut
3676 3437 3728 3484 te

2125 3517 2312 3585 juvem
2342 3516 2535 3571 faciam
2568 3518 2713 3589 quod
2762 3519 3022 3574 hortaris.
3061 3519 3131 3573 Et
3161 3520 3265 3574 hoc
3294 3519 3440 3574 dicto
3470 3517 3728 3573 viderunt

2130 3613 2356 3669 cordam
2405 3614 2733 3684 pendentem
2789 3616 2844 3669 in
2885 3624 3085 3685 putueo
3126 3616 3179 3669 in
3225 3617 3382 3685 cujus
3410 3623 3573 3686 caput
3604 3623 3727 3671 erat

2127 3702 2351 3757 urceola
2380 3702 2540 3773 ligata
2571 3711 2625 3758 et
2653 3705 2707 3758 iu
2740 3703 2850 3759 alio
2871 3704 3046 3775 capite
3071 3705 3249 3759 corda
3277 3704 3455 3759 altera
3477 3703 3722 3768 urceola,

2130 3798 2182 3845 et
2204 3791 2516 3861 pendebant
2545 3791 2639 3846 tali
2669 3792 2890 3863 ingenio
2931 3793 3075 3865 quod
3107 3807 3214 3847 una
3261 3800 3520 3864 surgente
3550 3790 3723 3847 altera

2128 3888 2521 3945 descendebat.
2555 3889 2712 3959 Quod
2743 3891 2933 3961 vulpes
2981 3891 3142 3945 simul
3171 3906 3233 3946 ac
3262 3890 3398 3945 vidit
3427 3889 3581 3962 quasi
3612 3891 3723 3944 ob-

2129 3962 2363 4048 sequens
2395 3979 2652 4048 precibus
2694 3979 2803 4050 lupi
2861 3979 3133 4034 urceolam
3164 3979 3386 4034 intravit
3416 3987 3468 4033 et
3499 3978 3567 4033 ad
3600 3978 3727 4032 fun—

2128 4066 2257 4120 dum
2288 4067 2457 4121 venit.
2498 4068 2678 4138 Lupus
2708 4075 2889 4122 autem
2912 4068 3038 4123 inde
3059 4068 3310 4141 gravisus
3336 4068 3438 4123 ait:
3474 4067 3582 4123 Cur
3611 4083 3722 4121 non

2128 4163 2289 4219 affers
2320 4164 2447 4219 mihi
2478 4166 2739 4221 caseum?
2772 4164 2973 4237 Vulpes
2993 4166 3093 4220 ait:
3118 4166 3343 4238 Nequeo
3371 4182 3483 4236 prae
3513 4167 3729 4236 magni-

2129 4254 2311 4309 tudine
2338 4272 2350 4317 ;
2386 4254 2482 4308 sed
2514 4255 2655 4309 intra
2677 4254 2839 4309 aliam
2870 4255 3150 4310 urceolam
3180 4264 3233 4309 et
3264 4255 3383 4309 veni
3414 4254 3553 4310 sicut
3588 4256 3725 4308 mihi

2128 4343 2493 4414 spOpoudisti.
2536 4343 2684 4414 Lupo
2708 4344 2938 4398 intrante
2955 4343 3115 4398 aliam
3136 4344 3432 4408 urceolam,
3458 4343 3723 4414 ponderis

424 4431 615 4487 doleas
642 4432 710 4486 de
738 4434 904 4488 rebus
932 4437 1190 4492 amissis?
1224 4438 1408 4506 Quare
1439 4458 1538 4511 pro
1562 4444 1800 4510 jacinclo
1837 4447 1928 4518 qui
1964 4447 2016 4503 in
2046 4424 2098 4484 Ῐ)
2128 4441 2497 4513 magnitudine
2528 4441 2690 4497 ducta
2747 4440 2853 4497 cito
2910 4441 3136 4496 fundum
3180 4441 3351 4512 petiit,
3392 4440 3562 4496 altera
3593 4459 3724 4496 sur-

426 4535 519 4575 me
548 4527 631 4575 est
650 4519 855 4578 doles?
884 4522 1106 4579 Talibus
1147 4526 1303 4582 dictis
1344 4530 1548 4585 rustico
1592 4531 1776 4589 deriso
1818 4536 1933 4590 avis
1961 4536 2017 4592 in

424 4608 665 4664 nemoris
694 4609 819 4665 avia
849 4611 1145 4668 devolavit.

496 4697 855 4769 PliilOSOpltus
884 4716 1040 4755 suum
1084 4702 1374 4776 castigavit
1422 4705 1751 4778 discipulum
1780 4710 1969 4767 dicens
2002 4731 2014 4767 :

424 4785 693 4857 Quicquid
726 4786 971 4845 invenies
993 4789 1164 4861 legas,
1182 4793 1278 4847 sed
1308 4809 1417 4849 non
1447 4796 1639 4852 credas
1662 4798 1919 4871 quicquid
1952 4802 2019 4857 le-

423 4875 594 4945 geris.
652 4877 732 4931 Ad
782 4878 898 4934 haec
941 4878 1241 4951 discipulus
1277 4899 1290 4937 :
1330 4883 1506 4939 Credo
1538 4901 1646 4940 non
1675 4903 1797 4943 esse
1826 4906 2015 4945 verum

422 4960 676 5032 quicquid
707 4962 785 5016 esi
816 4962 869 5017 in
901 4961 1072 5028 libris,
1109 4981 1232 5020 nam
1265 4968 1443 5023 simile
1477 4971 1601 5026 huic
1634 4970 1739 5040 legi
1772 4972 1824 5026 iu
1858 4974 2008 5028 libris

421 5056 474 5101 et
503 5049 809 5117 proverbiis
842 5051 1292 5124 philosophorum
1320 5074 1332 5111 :
1384 5057 1563 5114 Multae
1594 5068 1718 5114 sunt
1761 5061 2010 5130 arbores,

422 5135 520 5188 sed
551 5152 620 5189 no
650 5153 840 5193 oumes
871 5139 1076 5196 faciunt
1107 5141 1375 5210 fructum;
1429 5147 1579 5201 multi
1622 5157 1747 5203 sunt
1786 5150 2009 5217 fructus,

420 5222 518 5307 sed
576 5239 682 5276 non
753 5240 944 5282 omnes
1017 5234 1404 5289 comestibiles.
1482 5235 1781 5307 Castigavu
1836 5241 2011 5294 Arabs

421 5306 588 5363 filium
638 5327 790 5365 suum
838 5314 1052 5371 dicens:
1108 5321 1225 5389 Fili,
1260 5340 1327 5377 ne
1370 5323 1605 5379 dimittas
1642 5306 1756 5397 pro
1811 5327 2007 5383 futuris

415 5398 722 5486 praesentia,
754 5416 820 5454 ne
852 5401 1075 5459 forsitan
1097 5411 1294 5476 perdas
1327 5421 1637 5486 utrumque,
1666 5416 1805 5471 sicut
1828 5418 2005 5472 evenit

412 5482 544 5556 lupo
574 5485 641 5540 de
669 5486 843 5541 bobus
872 5494 1163 5560 promissis
1200 5513 1233 5552 a
1263 5500 1489 5556 rustico.

1008 5615 1280 5676 FABULA
1316 5623 1468 5677 XXI.

468 5730 685 5789 Dictum
714 5746 951 5806 namque
979 5735 1076 5793 fuit
1105 5738 1173 5795 de
1219 5748 1435 5800 aratore
1474 5746 1619 5817 quod
1649 5747 1822 5807 boves
1854 5748 1997 5811 illius

2127 4539 2293 4602 gente
2324 4545 2447 4585 cum
2480 4529 2638 4601 vulpe
2670 4546 2789 4601 quae
2829 4537 2947 4584 erat
2995 4529 3187 4585 levior.
3239 4530 3533 4601 Vulpecula
3579 4540 3722 4587 tacto

2127 4634 2220 4673 ore
2253 4618 2395 4689 putei
2427 4617 2571 4673 foras
2606 4618 2772 4673 cxiliit
2801 4626 2852 4674 et
2882 4618 2935 4671 iu
2965 4627 3135 4689 puteo
3179 4618 3367 4689 lupum
3411 4619 3635 4685 dimisit,
3669 4629 3724 4674 et

2125 4708 2196 4761 ita
2228 4708 2356 4780 quia
2387 4724 2486 4779 pro
2518 4706 2697 4763 futuro
2755 4723 2998 4779 praesens
3053 4707 3275 4773 dimisit,
3331 4707 3493 4779 lupus
3527 4709 3722 4764 merito

2126 4795 2295 4852 boves
2325 4804 2378 4852 et
2407 4811 2627 4851 caseum
2659 4794 2918 4866 perdidit.

2196 4884 2381 4938 Arabs
2420 4883 2711 4957 castigavit
2741 4883 2912 4938 tilium
2952 4899 3140 4938 suum:
3190 4884 3273 4938 Ne
3303 4884 3495 4941 eredas
3535 4886 3719 4940 omni-

2123 4973 2350 5028 consilio
2382 4974 2525 5044 quod
2555 4973 2745 5027 audies
2775 4973 2950 5028 donec
2997 4972 3159 5027 fuerit
3200 4971 3490 5042 probatum
3526 4975 3579 5028 in
3612 4975 3715 5029 ali-

2123 5077 2231 5133 quo
2259 5078 2326 5116 an
2357 5062 2425 5116 sit
2451 5061 2598 5127 utile,
2632 5077 2699 5117 ne
2728 5062 3011 5132 contingat
3043 5061 3135 5116 tibi
3166 5062 3303 5117 sicut
3351 5062 3545 5117 latroni
3575 5079 3713 5117 con-

2121 5151 2241 5223 tigit
2269 5151 2360 5222 qui
2392 5151 2622 5206 consilio
2668 5150 2874 5205 domini
2903 5151 3187 5219 cujusdam
3218 5151 3413 5205 domus
3458 5153 3709 5207 credidit.

2120 5240 2199 5295 Ad
2233 5241 2347 5297 lucc
2376 5238 2515 5294 filius
2550 5259 2562 5295 :
2598 5238 2905 5309 Quomodo,
2946 5248 3121 5310 pater,
3165 5240 3344 5296 evenit
3375 5240 3421 5296 ei
3452 5240 3481 5295 ?
3514 5241 3704 5296 Pater:

2676 5366 2952 5422 FABULA
2986 5365 3165 5419 XXII.

2183 5489 2397 5546 Dictum
2447 5496 2527 5544 est
2576 5489 2708 5544 mihi
2763 5490 2908 5562 quod
2964 5489 3184 5562 quidam
3213 5489 3350 5544 latro
3380 5491 3450 5545 ad
3481 5491 3700 5546 domum

2111 5579 2393 5649 cujusdam
2425 5577 2605 5633 divitis
2636 5580 2869 5651 perrexit
2904 5579 3200 5635 intentione
3233 5579 3467 5634 furandi.
3489 5582 3703 5636 Ascen-

2110 5670 2247 5724 dcns
2276 5675 2477 5725 tectum
2518 5669 2583 5723 ad
2634 5669 2926 5724 fenestram
2969 5684 3068 5740 per
3099 5684 3262 5740 quam
3305 5670 3481 5724 fumus
3521 5669 3702 5723 exibat

2109 5765 2161 5814 et
2191 5758 2234 5814 si
2261 5756 2462 5831 aliquis
2494 5758 2634 5814 intus
2664 5758 2914 5830 vigilaret
2941 5758 3283 5816 auscultarit.
3315 5757 3473 5828 Quod
3505 5767 3561 5814 ut
3588 5757 3692 5814 do-
