4072 6078
279 309 383 363 697

275 432 456 487 minus
504 429 699 484 domus
744 418 1033 493 comperit,
1083 411 1322 470 suaviter
1364 421 1480 463 suae
1523 398 1682 457 uxori
1722 396 1795 451 ait
1844 409 1856 447 :

276 524 562 590 Interroga
589 517 693 571 alta
725 528 859 569 voce
892 509 1040 565 unde
1058 503 1209 561 venit
1230 497 1479 555 mihiiste
1498 501 1612 590 tam
1635 498 1869 590 magnus

276 625 480 666 census
493 571 673 678 oquem
704 603 882 657 habeo
907 617 921 663 ;
953 594 1099 668 quod
1124 600 1180 647 ut
1210 604 1328 645 rem
1347 585 1490 642 scias
1505 577 1735 637 multum
1765 571 1871 629 ela-

277 700 431 753 bora.
467 666 617 750 Tdnc
647 693 769 762 ipsa
810 689 921 743 alta
964 666 1100 741 voce
1129 681 1202 736 ait
1232 696 1245 733 :
1282 673 1533 736 Domine,
1566 666 1711 722 unde
1759 669 1870 717 tam

275 800 538 857 magnum
568 758 795 838 censum
825 771 1062 832 habuisti
1103 784 1227 857 cum
1254 775 1553 857 numquam
1598 758 1872 857 mercatgr

806 858 963 928 Quod
987 858 1135 912 Deus
1149 849 1368 908 donavit
1387 833 1543 901 serva
1563 847 1617 897 et
1641 839 1728 928 fac
1745 833 1872 888 inde

279 958 616 1014 voluntatem
646 959 796 1006 tuam
835 927 898 1003 iet
936 961 1045 1001 non
1091 939 1343 1013 inquiras
1373 934 1518 990 unde
1545 927 1677 985 mihi
1724 929 1874 979 tanta

278 1044 514 1119 pecunia
555 1039 784 1097 venerit.
835 1041 903 1092 At
963 1035 1085 1105 ipsa
1120 1031 1261 1085 sicut
1315 1025 1611 1094 injunctum
1673 1015 1871 1077 fuerat,

278 1107 461 1207 inagis
499 1139 550 1187 et
597 1128 778 1201 magis
824 1133 878 1180 ut
923 1139 1039 1179 rem
1084 1119 1250 1175 sciret
1290 1109 1606 1184 instigabat.
1638 1107 1870 1161 Demum

279 1194 437 1296 quavsi
466 1194 976 1288 coactus'precibus
1005 1207 1190 1265 uxoris
1221 1220 1334 1260 sum
1364 1198 1538 1272 inquit
1566 1194 1820 1251 dominus
1854 1206 1869 1242 :

279 1290 417 1379 V-ide
448 1337 517 1376 ne
561 1317 813 1388 cuiquam
845 1317 1054 1369 secreta
1084 1315 1270 1364 nostra
1306 1304 1571 1367 detegas;
1603 1295 1746 1350 latro
1775 1290 1870 1346 fui.

278 1417 349 1467 At
373 1411 495 1482 ipsa
523 1408 598 1462 ait
629 1425 642 1461 :
675 1387 868 1460 Mirum
901 1399 1029 1456 mihi
1058 1397 1272 1454 videtur
1299 1387 1575 1465 quomodo
1605 1393 1712 1440 tam
1750 1394 1874 1482 ma:

272 1515 447 1574 gnum
496 1511 723 1553 censum
772 1490 1054 1546 latrocinio
1090 1483 1376 1556 acquirere
1427 1473 1668 1550 potuisti,
1729 1467 1875 1541 quod

279 1557 579 1659 numquam
614 1580 924 1639 audivimus
954 1577 1249 1634 clamorem
1271 1572 1386 1626 sive
1405 1567 1644 1639 aliquam
1673 1557 1878 1616 calum-

280 1687 430 1742 niam
463 1682 612 1738 inde.
657 1682 734 1735 At
763 1678 883 1751 ipse
912 1675 985 1730 ait
1014 1691 1028 1737 ;
1059 1671 1295 1742 Quidam
1323 1665 1583 1736 magister
1605 1674 1762 1715 meus
1788 1670 1878 1710 me

281 1798 510 1839 carmen
557 1778 773 1834 edocuit
802 1773 946 1848 quod
977 1770 1226 1826 dicebam
1269 1763 1484 1837 quando
1512 1755 1878 1848 ascendebam

279 1888 450 1944 super
493 1877 693 1924 tectum
727 1873 778 1920 et
822 1844 1053 1918 veniens
1081 1856 1149 1913 ad
1193 1856 1488 1912 fenestram
1539 1844 1878 1917 accipiebam

279 1961 489 2017 radium
508 1959 652 2013 luna:
673 1970 833 2009 manu
861 1959 912 2008 et
930 1962 1148 2006 carmen
1177 1959 1362 2000 meum
1391 1939 1593 2012 septies
1609 1933 1876 1999 dicebam,

279 2051 510 2115 scilicet,
537 2047 776 2110 saniem,
805 2045 858 2098 et
902 2040 976 2094 ita
1022 2032 1426 2092 descendebam
1473 2028 1589 2082 sine
1619 2019 1877 2096 periculo.

283 2145 568 2218 Quidquid
597 2141 892 2215 pretiosum
934 2133 1278 2192 inveniebam
1311 2130 1364 2184 in
1392 2127 1556 2182 domo
1585 2119 1882 2179 corrodens

284 2207 596 2290 sumebam.
630 2231 745 2284 Hoc
784 2227 925 2283 facto
951 2227 1143 2280 iterum
1174 2221 1243 2276 ad
1285 2217 1498 2274 radium
1527 2214 1669 2268 luna:
1690 2207 1882 2265 venie-

282 2325 430 2388 bam,
454 2329 506 2376 et
535 2320 728 2375 eodem
755 2315 998 2374 carmine
1030 2311 1234 2383 septies
1278 2308 1445 2372 dicto,
1477 2319 1600 2360 cum
1630 2297 1884 2356 omnibus

284 2414 342 2467 in
383 2412 548 2465 domo
593 2406 821 2478 sumptis
859 2401 1244 2465 ascendebam,
1285 2405 1339 2452 et
1368 2393 1514 2468 quod
1564 2389 1886 2446 sustuleram

291 2509 364 2565 ad
410 2506 703 2577 hospitium
751 2500 1090 2558 defer-ehem.
1122 2495 1238 2552 Tali
1274 2491 1498 2565 ingenio
1529 2490 1670 2543 hunc
1719 2499 1888 2577 quem

283 2571 547 2670 possideo
577 2608 801 2648 censum
836 2589 1034 2644 habeo.
1067 2589 1133 2641 At
1164 2582 1358 2638 mulier
1386 2580 1460 2636 ait
1491 2597 1503 2633 :
1539 2579 1681 2632 Bene
1712 2571 1888 2630 fecisti

287 2694 440 2768 quod
488 2691 619 2747 mihi
666 2689 792 2745 talia
841 2685 1050 2750 dixisti,
1080 2699 1204 2739 nam
1247 2681 1293 2735 si
1350 2676 1680 2750 quandoque
1719 2671 1888 2726 filium

285 2761 557 2848 habuero,
591 2795 659 2834 ne
706 2792 915 2848 pauper
943 2775 1126 2846 degat,
1159 2773 1262 2826 hoc
1301 2781 1529 2825 carmen
1559 2761 1792 2818 docebo.
1826 2761 1894 2813 At

290 2871 558 2928 dominus
607 2866 780 2939 inquit
830 2883 842 2919 :
889 2862 1142 2918 Permitte
1198 2875 1286 2914 me
1342 2854 1589 2912 dormire
1642 2848 1893 2922 quoniam

293 2975 494 3017 somno
525 2935 852 3030 aggravatus
881 2952 1010 3008 volo
1039 2950 1343 3022 quiescere,
1363 2950 1417 3000 et
1447 2952 1504 3000 ut
1531 2939 1710 3013 magis
1739 2935 1893 2992 deci-

287 3057 467 3122 peret,
530 3025 684 3118 quasi
740 3040 1024 3098 dormiens
1080 3045 1313 3093 stertere
1387 3031 1568 3104 erepit.
1621 3025 1893 3097 Perceptis

291 3147 529 3217 denique
578 3143 778 3199 talibus
826 3139 1026 3200 verbis.
1078 3137 1166 3192 fur
1207 3134 1334 3189 inde
1379 3129 1608 3204 gavisus
1650 3133 1703 3180 et
1745 3123 1889 3178 dicto

290 3236 499 3308 septies
529 3232 798 3297 carmine,
832 3237 885 3285 et
914 3235 1132 3298 sumpto
1160 3239 1326 3279 manu
1358 3219 1510 3274 radio
1555 3213 1889 3280 lunie,laxa-

287 3303 372 3381 tis.
406 3323 659 3379 manibus
691 3329 744 3376 et
793 3317 1026 3390 pedibus
1058 3331 1159 3386 per
1215 3311 1512 3368 fenestram
1542 3306 1598 3361 in
1646 3303 1890 3364 domum,

294 3437 559 3494 magnum
608 3418 812 3473 faciens
856 3429 1072 3476 sonum,
1123 3409 1320 3466 cecidit
1361 3416 1411 3462 et
1439 3405 1608 3461 fracto
1650 3416 1811 3456 crure
1841 3415 1896 3460 et,

299 3489 525 3566 brachio
583 3504 918 3578 congemuit.
953 3505 1018 3558 At
1062 3499 1314 3556 dominus
1351 3495 1547 3551 domus
1589 3489 1747 3563 quasi
1794 3504 1895 3542 ne-

299 3599 482 3656 sciens
511 3596 687 3667 inquit
713 3612 726 3648 :
759 3594 838 3647 Tu
869 3591 990 3664 quis
1019 3606 1080 3644 es
1109 3587 1200 3660 qui
1248 3587 1320 3641 ita
1348 3581 1634 3641 cecidisti?
1666 3578 1750 3634 Ad
1779 3578 1897 3631 haec

298 3689 442 3744 latro
475 3705 487 3741 :
521 3666 643 3758 Ego
674 3699 793 3740 sum
827 3681 916 3737 ille
949 3679 1036 3735 fur
1063 3676 1255 3734 infelix
1286 3673 1384 3747 qui
1415 3671 1520 3726 tuis
1559 3667 1764 3725 credidi
1793 3666 1898 3722 fal-

297 3776 514 3832 lacibus
541 3774 746 3830 verbis.

376 3866 456 3920 Ad
505 3865 609 3918 hoc
676 3861 869 3916 filius:
913 3858 1091 3922 Pater,
1135 3861 1192 3908 tu
1233 3849 1596 3914 benedicaris,
1647 3843 1902 3917 quoniam

303 3954 496 4010 dolosa
541 3949 804 4008 edocuisti
851 3963 942 4003 me
988 3945 1168 4000 vitare
1215 3940 1460 3998 consilia.
1494 3935 1898 4006 Philosophus:

304 4053 452 4106 Cave
501 4048 790 4106 consilium
842 4045 1073 4100 azimum
1137 4041 1312 4096 donec
1379 4036 1449 4091 sit
1497 4035 1902 4090 fermentatum.

309 4415 454 4469 bono
485 4429 552 4468 ne
585 4426 782 4483 pecces
808 4409 955 4474 inde,
989 4406 1252 4479 quoniam
1284 4398 1585 4471 saepissime
1611 4394 1909 4450 maximum

311 4482 700 4559 comminuitur
752 4509 952 4554 bonum
1003 4493 1089 4550 vel
1139 4491 1426 4547 amittitur.
1480 4484 1794 4556 Discipulus
1840 4482 1910 4537 ad

310 4601 670 4674 magistrum:
706 4595 986 4653 Prohibuit
1023 4589 1382 4665 philosophus
1425 4585 1764 4642 benefactum
1810 4597 1914 4636 ne-

313 4716 472 4770 gare.
507 4698 590 4754 Ad
621 4699 725 4753 hoc
773 4695 1035 4767 magister
1067 4709 1080 4748 :
1114 4690 1220 4759 Qui
1264 4688 1503 4759 denegat
1547 4683 1912 4757 benefactum,

319 4798 566 4868 denegat
595 4794 788 4857 Deum,
822 4797 875 4845 et
921 4787 1014 4842 ille
1047 4787 1136 4858 qui
1169 4801 1278 4840 non
1311 4782 1493 4838 obedit
1532 4780 1654 4852 regi
1702 4779 1913 4834 victori.

307 4903 390 4952 est
422 4890 743 4948 inobediens
793 4889 928 4943 Deo.
965 4883 1277 4956 Discipulus
1312 4899 1325 4936 :
1358 4878 1602 4937 Ostende
1648 4877 1778 4931 mihi
1826 4891 1915 4930 ra-

309 4997 518 5051 tionem
551 4989 824 5064 quomodo
847 4989 953 5044 hoc
982 5001 1106 5042 esse
1135 4982 1334 5055 possit.
1372 4980 1658 5052 Magister:
1694 4976 1914 5033 Nullum

310 5094 660 5151 benefactum
688 5087 937 5161 procedit
967 5085 1038 5140 de
1095 5092 1354 5140 creatura
1381 5080 1448 5134 ad
1481 5086 1790 5135 creaturam
1813 5074 1917 5129 nisi

311 5211 378 5248 ex
411 5193 518 5246 deo
545 5186 826 5261 procedat,
858 5193 909 5239 et
939 5183 1016 5238 illi
1061 5181 1156 5253 qui
1209 5180 1482 5250 denegant
1517 5173 1914 5240 benefactores,

313 5299 368 5345 et
398 5291 472 5343 ita
498 5288 777 5358 denegant
803 5285 1002 5338 Deum.
1037 5279 1188 5334 Alius
1223 5293 1234 5332 :
1272 5274 1492 5331 Custodi
1521 5281 1572 5328 te
1603 5287 1636 5326 a
1666 5287 1800 5343 rege
1824 5270 1918 5325 illo

313 5387 407 5459 qui
439 5387 588 5441 ferus
617 5389 784 5440 estut
838 5381 947 5446 leo,
979 5378 1064 5434 cui
1115 5383 1199 5431 est
1233 5373 1368 5429 levis
1407 5371 1620 5426 animus
1666 5376 1724 5423 ut
1759 5382 1912 5438 puer.

312 5483 466 5538 Alius
500 5499 512 5534 :
548 5478 653 5547 Qui
680 5475 881 5531 malum
914 5473 1042 5528 dicit
1070 5473 1138 5526 de
1170 5485 1324 5540 rege,
1357 5475 1482 5522 ante
1512 5473 1727 5536 tempus
1757 5479 1915 5518 suum

312 5581 601 5636 morietur.
653 5575 844 5630 Alius:
880 5571 1090 5626 Diutius
1133 5569 1335 5625 durare
1384 5566 1586 5638 patitur
1632 5565 1780 5618 Deus
1826 5577 1915 5618 re-

312 5696 489 5751 gnum
534 5675 682 5746 regis
726 5674 780 5728 in
822 5686 918 5725 sua
959 5681 1196 5741 persona
1241 5663 1518 5736 peccantis
1549 5663 1596 5717 si
1643 5662 1819 5716 bonus
1848 5660 1916 5714 sit

313 5776 573 5849 gentibus
603 5779 654 5830 et
714 5767 885 5835 mitis,
920 5781 1077 5838 quam
1138 5761 1344 5819 faceret
1368 5759 1520 5829 justo
1581 5756 1702 5829 regi
1731 5756 1783 5811 in
1816 5770 1914 5812 sua

1501 266 1894 332 DISCIPLINA
1932 255 2338 320 CLERICALIS

1844 409 1856 447 :
1973 398 2210 459 persona
2240 381 2287 436 si
2315 377 2503 436 malus
2533 380 2686 432 esset
2725 368 2984 445 gentibus
3023 373 3076 422 et
3115 361 3375 423 crudelis.
3403 362 3576 418 Alius.

3472 239 3577 292 698

1979 484 2129 539 Tene
2160 487 2362 536 rectam
2397 473 2658 546 justitiam
2705 471 2848 523 inter
2885 464 3136 522 homines
3165 472 3218 516 et
3247 461 3472 531 diligent
3501 461 3574 523 te,

1977 588 2079 628 nec
2129 544 2410 641 properes
2447 563 2541 619 ulli
2590 558 2822 617 reddere
2865 563 3112 610 mutuum
3146 551 3272 606 boni
3316 548 3400 604 vel
3428 544 3577 609 mali,

1984 660 2113 733 quia
2131 633 2342 712 diuiius
2371 649 2678 726 expectabit
2707 654 2759 702 te
2788 643 3018 709 amicus,
3055 647 3110 697 et
3136 639 3338 695 diutius
3369 633 3580 691 timebit

1979 756 2031 804 te
2061 745 2334 802 inimicus.

2527 880 2796 937 FABULA
2836 876 3037 932 XXIII.

2053 1024 2203 1078 Plato
2233 1020 2422 1077 retulit
2453 1018 2509 1074 in
2539 1017 2679 1072 libro
2709 1017 2778 1072 de
2820 1011 3125 1085 Prophetiis
3177 1005 3324 1080 quod
3353 1003 3577 1077 quidam

1983 1130 2080 1170 rex
2128 1119 2245 1168 erat
2285 1110 2341 1164 in
2389 1105 2607 1162 Graecia
2655 1118 2822 1160 senex
2852 1101 3108 1176 gentibus
3141 1095 3400 1154 crudelis.
3441 1091 3580 1147 Huic

1981 1201 2151 1258 crevit
2180 1198 2478 1254 maximum
2503 1211 2534 1250 c
2560 1193 2744 1248 multis
2785 1190 3029 1264 partibus
3078 1185 3305 1250 bellum,
3334 1182 3495 1254 cujus
3525 1187 3583 1233 ut

1984 1291 2149 1347 sciret
2176 1296 2452 1351 eventum,
2485 1283 2651 1339 totius
2682 1298 2795 1337 sum
2827 1276 3071 1351 regionis
3103 1283 3157 1330 et
3185 1271 3392 1329 viciniae
3422 1285 3576 1324 man-

1982 1381 2129 1438 davit
2184 1379 2559 1452 philosOphos,
2594 1375 2794 1448 quibus
2842 1366 3196 1442 congregatis
3241 1366 3353 1420 ait:
3386 1362 3577 1417 Videte

1985 1479 2242 1551 quoniam
2290 1490 2550 1548 magnum
2599 1471 2730 1526 mihi
2778 1476 2831 1526 et
2898 1466 3055 1524 vobis
3103 1465 3318 1534 ingruat
3358 1459 3579 1525 bellum,

1985 1568 2130 1640 quod
2161 1572 2384 1638 propter
2413 1578 2600 1619 meum
2629 1559 2798 1616 credo
2831 1557 2985 1614 vobis
3014 1553 3237 1610 evenire
3259 1556 3539 1622 peccatum
3569 1564 3584 1612 ;

1987 1636 2084 1711 sed
2128 1636 2174 1709 si
2204 1652 2409 1726 aliquid
2438 1659 2519 1707 est
2555 1651 2607 1704 in
2638 1665 2726 1704 me
2767 1646 2907 1718 quod
2948 1644 3018 1700 sit
3046 1636 3582 1712 reprehendendum,

1990 1743 2150 1800 dicite
2179 1750 2232 1797 et
2261 1723 2446 1798 vestro
2471 1737 2686 1811 judicio
2715 1736 2998 1806 corrigere
3025 1728 3314 1786 festinabo.
3338 1723 3586 1780 Philoso-

1989 1835 2126 1904 phus
2159 1846 2170 1884 :
2205 1831 2284 1885 De
2333 1826 2708 1885 criminalibus
2749 1825 2800 1878 in
2851 1835 3083 1891 corpore
3134 1824 3320 1873 vestro
3377 1811 3586 1868 nullum

1989 1920 2211 1988 scimus,
2243 1932 2346 1974 nec
2375 1916 2506 1988 quid
2533 1914 2691 1971 nobis
2723 1919 2776 1968 et
2805 1909 2960 1967 vobis
2991 1915 3277 1963 venturum
3296 1904 3366 1956 sit
3382 1914 3589 1972 cogno

1991 2017 2236 2079 scimus;
2269 2013 2367 2069 sed
2415 2011 2507 2068 hic
2546 2026 2712 2084 prope
2745 2008 2827 2064 via
2881 2006 3040 2060 trium
3083 2003 3292 2058 dierum
3337 2004 3591 2054 moratur

1996 2105 2220 2177 quidam
2267 2102 2483 2174 sapiens
2520 2101 2686 2156 homo
2732 2095 2950 2152 nomine
2999 2093 3292 2156 Marianas,
3353 2086 3446 2159 qui
3493 2100 3593 2156 per

1998 2173 2259 2264 Spiritum
2289 2173 2537 2246 sanctum
2566 2186 2822 2258 loquitur.
2857 2183 2942 2237 Ad
2987 2196 3109 2236 eum
3143 2193 3277 2250 ergo
3307 2176 3376 2231 de
3406 2173 3587 2246 philo-

1993 2263 2184 2354 sophis
2211 2279 2408 2335 nostris
2439 2277 2652 2348 aliquos
2686 2274 2884 2346 legate,
2921 2272 3036 2342 ipse
3070 2267 3223 2324 vobis
3251 2267 3307 2320 in
3343 2272 3451 2319 tota
3482 2263 3592 2317 vita

1998 2349 2184 2428 vestra
2213 2367 2348 2441 quid
2377 2375 2662 2422 venturum
2695 2363 2763 2417 sit
2795 2377 2894 2432 per
2922 2375 3018 2416 eos
3061 2352 3378 2412 declarabit.
3403 2351 3497 2405 llis
3519 2349 3593 2404 ita

1997 2466 2238 2540 peractis
2265 2473 2472 2535 septem
2503 2460 2865 2534 philosOphos
2895 2458 2965 2513 ad
2996 2471 3118 2511 eum
3150 2452 3316 2520 misit,
3341 2448 3429 2522 qui
3451 2455 3596 2520 post-

1999 2539 2162 2629 quam
2194 2553 2287 2609 ubi
2318 2552 2660 2607 habitaverat
2708 2548 3067 2608 intraverunt.
3100 2542 3294 2596 urbem
3321 2539 3596 2593 desertam

1999 2644 2146 2699 illius
2176 2642 2468 2697 maximam
2500 2639 2768 2694 invenere
2809 2643 3057 2706 partem;
3089 2630 3188 2686 sed
3216 2629 3325 2685 illis
3352 2641 3599 2699 quaeren-

2004 2742 2146 2796 tibus
2190 2737 2480 2810 hospitium
2532 2733 2780 2798 Mariani,
2812 2727 3158 2808 dictum_fuit
3206 2725 3354 2797 quod
3401 2723 3516 2793 ipse
3548 2728 3600 2776 et

2006 2828 2157 2884 multi
2187 2827 2255 2882 de
2286 2824 2600 2882 concivibus
2630 2822 2892 2894 petissent
2923 2820 3221 2873 heremum.
3249 2813 3373 2867 Istis
3401 2810 3601 2864 auditis

2005 2922 2368 2989 perrexerunt
2393 2914 2459 2967 ad
2508 2927 2649 2967 eum.
2681 2909 2834 2978 Quos
2883 2914 2939 2961 ut
2986 2904 3118 2959 vidit
3159 2900 3396 2973 sapiens,
3420 2897 3552 2953 dixit
3587 2915 3599 2951 :

2011 3013 2223 3082 Venite,
2256 3011 2456 3076 venite,
2489 3008 2652 3081 legati
2685 3006 2832 3079 regis
2879 3000 3262 3058 inobedientis.
3286 2999 3435 3053 Deus
3457 2995 3603 3051 enim

2006 3104 2061 3158 in
2100 3101 2350 3158 custodia
2398 3099 2449 3154 ei
2493 3097 2740 3152 diversas
2787 3091 3036 3148 nationes
3073 3087 3332 3153 subdidit,
3376 3099 3604 3156 quarum

2007 3207 2120 3246 non
2164 3198 2344 3244 rectus
2379 3187 2715 3258 gubernator
2744 3181 2844 3238 sed
2868 3179 3090 3236 immitis
3120 3175 3310 3232 extitit.
3340 3175 3487 3229 Deus
3517 3171 3608 3243 qui

2005 3279 2158 3334 illum
2205 3285 2258 3332 et
2301 3275 2446 3330 illius
2497 3272 2746 3329 subditos
2777 3271 2845 3325 de
2896 3268 3085 3324 eadem
3138 3263 3366 3319 materia
3401 3259 3611 3317 creavit

2008 3367 2130 3435 ejus
2162 3363 2579 3420 immoderatam
2611 3360 2710 3415 diu
2733 3373 2928 3430 passus
2944 3353 3240 3425 nequitiam
3272 3348 3609 3406 multimodis

2003 3461 2433 3520 correctionibus
2465 3466 2522 3514 ut
2551 3462 2893 3514 converteret
2921 3449 3237 3515 ammonuit,
3253 3447 3351 3503 sed
3372 3445 3611 3501 tamdem

2003 3552 2072 3606 ad
2101 3549 2304 3605 malum
2335 3548 2458 3620 ejus
2481 3547 2540 3601 in
2591 3545 2736 3600 illius
2770 3557 2962 3598 necem
3002 3535 3448 3594 inmisericordes
3479 3534 3611 3588 bar-

2003 3641 2162 3694 baras
2194 3637 2473 3694 suscitavit
2501 3642 2697 3707 gentes
2733 3650 2746 3687 :
2781 3639 2830 3686 et
2861 3632 2969 3685 hoc
3010 3629 3158 3683 dicto
3189 3625 3356 3680 tacuit
3385 3621 3610 3694 sapiens

2006 3728 2191 3784 homo.
2227 3725 2386 3796 Quod
2416 3724 2701 3780 audientes
2729 3717 3044 3792 phi1030phl
3073 3714 3411 3770 mirabantur
3440 3719 3493 3768 et
3520 3711 3614 3784 qui

2010 3817 2240 3872 aderant
2274 3812 2540 3868 universi.
2575 3811 2675 3866 Dic
2722 3824 2859 3864 vero
2891 3806 3046 3862 tertia
3094 3801 3436 3878 philosophis
3459 3817 3614 3871 quae-

2008 3905 2257 3960 rentibus
2286 3902 2492 3959 licitum
2541 3896 2892 3971 repatriandi,
2927 3893 3268 3950 reverendus
3316 3889 3408 3944 ille
3441 3888 3616 3960 philo-

2014 4001 2246 4073 sophico
2276 3999 2468 4071 spiritu
2501 3997 2666 4052 dixit:
2700 3991 3054 4050 Revertimini
3076 3989 3331 4062 quoniam
3363 3993 3616 4041 mortuus

2015 4099 2098 4145 est
2123 4088 2376 4144 dominus
2406 4092 2607 4153 vester,
2640 4087 2696 4138 et
2748 4082 2893 4135 Deus
2919 4080 3031 4147 jam
3068 4091 3270 4132 novum
3322 4089 3512 4145 regem
3540 4071 3615 4125 ibi

2017 4177 2196 4248 posuit
2241 4175 2331 4247 qui
2375 4174 2441 4228 sit
2483 4181 2663 4227 rectus
2710 4169 3046 4240 gubernator
3086 4174 3138 4219 et
3175 4162 3320 4218 mitis
3365 4159 3616 4232 gentibus

2018 4266 2273 4321 subditis.
2314 4260 2530 4317 Auditis
2572 4258 2772 4313 talibus
2817 4253 3124 4326 philosophi
3193 4251 3283 4322 qui
3329 4257 3613 4314 venerant,

2021 4361 2196 4415 tribus
2229 4375 2349 4414 cum
2377 4356 2644 4427 praedicto
2674 4353 2924 4424 sapiente
2943 4347 3369 4411 remanentibus,
3389 4353 3620 4416 quatuor

1939 4449 1991 4508 D
2022 4448 2449 4521 repatriaverunt
2493 4443 2585 4516 qui
2615 4442 2798 4497 omnia
2830 4449 2886 4494 ut
2919 4439 2999 4496 eis
3043 4438 3247 4493 dictum
3278 4435 3450 4492 fuerat
3493 4450 3620 4489 vera

2025 4554 2081 4601 et
2111 4543 2411 4600 constituta
2431 4541 2782 4596 invenerunt.

2098 4633 2274 4688 Arabs
2295 4631 2428 4686 dixit
2457 4628 2567 4685 filio
2602 4644 2701 4683 suo
2737 4645 2748 4680 :
2779 4627 2861 4680 Ne
2893 4623 3125 4680 moreris
3155 4622 3209 4676 in
3230 4620 3446 4677 civitate
3475 4617 3624 4690 regis

2027 4723 2287 4794 dispensa
2315 4721 2471 4790 cujus
2501 4719 2600 4775 erit
2629 4717 2806 4785 major
2835 4730 2994 4786 quam
3026 4710 3297 4767 redditus.

2571 4891 2837 4948 FABULA
2875 4889 3076 4944 XXIV.

2095 5036 2307 5093 Dictum
2363 5046 2600 5102 namque
2645 5037 2729 5084 est
2781 5027 2924 5100 quod
2977 5023 3198 5098 quidam
3255 5036 3348 5075 rex
3404 5032 3626 5072 suorum

2025 5123 2304 5182 communi
2351 5135 2581 5175 assensu
2627 5130 2922 5188 procerum
2967 5112 3180 5168 cuidam
3227 5123 3325 5163 suo
3372 5105 3623 5160 familiari

2025 5229 2188 5284 quem
2223 5218 2382 5264 antea
2410 5213 2752 5279 cognoverat
2781 5204 2835 5258 in
2864 5200 3199 5257 secularibus
3229 5212 3354 5251 esse
3385 5195 3624 5266 pruden-

2026 5282 2137 5357 tem
2186 5299 2346 5355 totius
2393 5294 2554 5368 regni
2591 5291 2867 5349 commisit
2915 5289 3177 5352 habenas,
3212 5285 3301 5357 qui
3335 5282 3630 5354 provincize

2025 5387 2270 5444 redditus
2301 5384 2608 5455 susciperet
2640 5389 2694 5436 et
2715 5394 2911 5437 causas
2941 5382 3216 5432 tractaret.
3249 5373 3416 5440 Cujus
3437 5373 3622 5435 frater,

2027 5477 2250 5534 alterius
2309 5473 2467 5546 regni
2510 5471 2672 5526 dives
2721 5477 3017 5536 mercator,
3050 5472 3312 5519 remotam
3354 5459 3628 5516 incolebat

2025 5566 2319 5628 civitatem,
2352 5560 2442 5632 qui
2472 5565 2735 5630 percepto
2763 5558 2832 5612 de
2864 5555 3050 5610 fratris
3117 5549 3497 5606 sublimatione
3530 5564 3629 5618 pa-

2025 5670 2146 5718 rato
2186 5658 2443 5717 comitatu
2475 5663 2636 5727 prout
2683 5654 2865 5710 decuit
2913 5659 2972 5706 ut
3015 5651 3244 5705 fratrem
3277 5645 3479 5700 viseret
3530 5643 3632 5696 iter

2025 5748 2243 5823 incepit,
2275 5744 2562 5821 praemisso
2592 5741 2808 5800 tandem
2842 5740 3045 5798 nuncio
3067 5753 3136 5794 ne
3164 5733 3384 5792 subitus
3412 5739 3505 5787 aut
3533 5730 3630 5784 im-
