4028 6070
437 221 542 276 699

1358 196 1561 277 rami
1601 220 1946 277 “manus:
1993 221 2088 277 EX
2126 223 2365 279 mneo
2409 222 2802 279 CHRISTIANI

3624 224 3738 276 790

434 346 693 417 provisus
718 344 944 410 veniret,
975 344 1066 417 qui
1096 344 1165 401 de
1195 345 1429 407 adventu
1462 362 1560 400 suo
1589 344 1741 399 fratri
1772 343 2019 412 referret,
2048 346 2103 405 Α
2134 347 2272 417 phus
2303 364 2314 400 :
2350 347 2453 416 Qui
2489 351 2655 405 servit
2709 349 2828 421 regi
2877 349 2995 403 sine
3038 347 3276 414 fortuna,
3317 346 3421 405 hoc
3470 344 3739 399 sarculum

438 432 651 493 Civitati
680 433 732 486 in
763 449 867 503 qua
900 432 1060 489 frater
1087 434 1279 489 aderat
1306 433 1787 505 appropinquavit.
1823 432 2028 489 Audito

438 520 621 576 fratris
647 521 911 585 adventu,
942 520 1109 577 frater
1138 522 1368 579 occurrit
1412 530 1467 577 et
1498 521 1677 592 hylari
1718 522 1871 579 vultu
1896 520 2028 575 satis

436 625 561 665 eum
625 617 878 666 accurate
928 612 1187 683 suScepit.
1224 611 1546 668 Transactis
1584 610 1791 682 aliquot
1835 610 2032 669 diebus

435 696 659 766 proviso
691 705 929 770 tempore
961 707 1014 754 et
1060 700 1180 755 loco
1212 700 1355 771 regis
1399 701 1561 754 etiam
1594 699 1809 757 fratrem
1854 715 2012 754 suum

436 785 726 842 advenisse
756 788 897 841 inter
926 797 1123 843 caetera
1171 806 1293 860 qua:
1336 789 1537 842 sciebat
1568 789 1785 858 placere
1825 788 2029 842 retulit.

439 873 534 927 Cui
564 890 663 928 rex
691 890 702 927 :
737 874 791 929 Si
823 875 989 931 frater
1018 882 1141 930 tuus
1180 884 1359 932 tecum
1390 874 1445 929 in
1488 891 1612 930 meo
1645 891 1817 947 regno
1848 891 2030 929 rema—

437 985 570 1027 nere
611 971 969 1043 acquieverit,
1020 973 1207 1031 omnia
1261 982 1442 1031 tecum
1493 971 1573 1033 illi
1627 973 1790 1029 etiam
1845 988 2027 1027 rerum

435 1075 683 1116 mearum
710 1061 1017 1121 custodiam
1042 1078 1384 1119 communem
1416 1078 1539 1119 esse
1568 1061 1852 1126 concedo;
1884 1060 2029 1131 quod

437 1147 485 1202 si
513 1147 755 1204 laborem
787 1152 1042 1216 renuerit,
1071 1151 1124 1205 in
1146 1151 1247 1206 hac
1264 1150 1482 1205 civitate
1518 1149 1698 1221 largas
1724 1151 1778 1207 ei
1808 1165 2031 1219 posses-

437 1236 620 1291 siones
650 1237 867 1294 donabo
893 1246 946 1293 et
974 1238 1400 1295 consuetudines
1421 1246 1475 1293 et
1502 1254 1624 1307 qua:
1644 1238 1869 1292 deberet
1893 1237 2024 1293 mihi

438 1325 620 1380 facere
656 1326 1007 1381 eondonabo.
1060 1327 1117 1381 Si
1166 1342 1299 1381 vero
1350 1326 1574 1383 demum
1620 1333 1793 1381 tactus
1840 1340 2031 1381 amore

438 1409 635 1476 natalis
664 1409 766 1464 soli
787 1410 1091 1479 repairiare
1125 1410 1380 1478 voluerit,
1405 1411 1562 1482 plura
1581 1410 2028 1466 vestimentorum

438 1496 746 1565 mutatoria,
779 1504 834 1553 et
865 1515 1222 1571 qumeumque
1254 1499 1301 1554 ei
1339 1499 1534 1554 fuerint
1585 1498 1895 1555 necessaria
1924 1499 2029 1551 lar-

438 1585 557 1655 gire
617 1602 741 1641 cum
785 1587 1177 1643 habundantia.
1227 1588 1438 1642 Auditis
1485 1587 1832 1641 sermonibus
1882 1586 2029 1659 regis

440 1672 608 1736 frater
657 1673 872 1729 fratrem
928 1676 1206 1741 convenit,
1255 1684 1312 1731 et
1355 1684 1550 1745 quanta
1595 1674 1844 1730 dominus
1893 1690 2025 1744 pro-

440 1761 662 1817 miserat
709 1763 896 1818 ordine
952 1763 1276 1820 retractavit.
1328 1763 1431 1818 Cui
1478 1763 1691 1819 frater:
1741 1763 1796 1817 Si
1842 1763 1925 1816 vis
1970 1770 2027 1815 ut

441 1858 619 1905 tecum
648 1866 855 1916 morer,
889 1853 1118 1908 ostende
1174 1852 1306 1907 mihi
1360 1853 1549 1924 quanti
1604 1860 1727 1906 sunt
1780 1850 2026 1905 redditus

400 1988 405 1994 .
439 1938 607 2010 regis.
625 1940 746 2008 Ipse
776 1955 907 1994 vero
938 1956 1128 1995 omnes
1145 1941 1407 1996 ostendit.
1439 1937 2028 2009 Deindeinterrogavit

441 2042 576 2096 quas
606 2043 874 2097 expensas
894 2044 990 2081 rex
1023 2027 1246 2093 faceret,
1271 2028 1417 2100 quod
1449 2028 1566 2099 ipse
1587 2026 2029 2081 indieavit.Tune

438 2116 559 2185 ipse
588 2115 915 2187 computavit
958 2133 1079 2171 eum
1122 2116 1291 2172 fratre
1323 2116 1446 2188 quia
1478 2124 1711 2185 quantus
1757 2123 1868 2170 erat
1896 2112 2030 2168 red-

440 2212 586 2265 ditus
620 2219 769 2268 tanta
799 2221 917 2267 erat
946 2222 992 2268 et
1027 2229 1290 2284 eXpensa,
1326 2222 1378 2268 et
1425 2213 1559 2267 dixit
1586 2212 1736 2268 fratri
1773 2231 1785 2266 :
1817 2211 2026 2277 Amice,

442 2301 603 2355 video
636 2310 835 2355 tantam
867 2318 990 2356 esse
1016 2301 1166 2373 regis
1197 2317 1494 2371 expensam
1524 2309 1755 2373 quantus
1786 2309 1867 2355 est
1897 2298 2029 2355 red-

438 2388 604 2453 ditus,
631 2398 683 2443 et
731 2390 775 2444 si
832 2391 1240 2445 consurrexerit
1286 2390 1488 2444 bellum
1540 2390 1658 2461 regi
1707 2396 1910 2456 vestro,
1944 2387 2030 2442 vel

446 2485 649 2556 aliquid
684 2486 809 2548 tale,
845 2486 988 2540 unde
1035 2485 1345 2557 procurabit
1374 2486 1493 2557 ipse
1537 2485 1736 2539 milites
1766 2499 1912 2549 sues,
1945 2484 2031 2540 vel

443 2574 587 2629 unde
619 2574 959 2629 invenieteis
996 2575 1497 2629 nummos?Frater
1520 2589 1532 2628 :
1558 2574 1755 2644 Aliquo
1806 2572 2031 2628 consilio

440 2662 805 2733 nequiremus.
844 2662 942 2718 Cui
980 2661 1391 2717 fraterzTimeo
1438 2678 1506 2717 ne
1551 2677 1749 2716 census
1780 2676 1932 2715 meus
1964 2660 2032 2713 sit

442 2766 573 2825 pars
604 2751 765 2821 hujus
796 2751 1029 2815 consilii,
1077 2760 1127 2805 et
1154 2750 1282 2805 ideo
1313 2750 1454 2817 vale,
1490 2750 1609 2821 quia
1642 2749 1767 2803 nolo
1797 2747 2033 2819 amplius

444 2839 667 2894 morari.

512 2934 925 3007 PhilOSOphus:
971 2938 1085 2992 Rex
1129 2943 1210 2991 est
1254 2935 1445 2990 similis
1489 2934 1622 3006 igni,
1656 2934 1741 2991 cui
1783 2934 1826 2988 si
1858 2934 2019 2991 nimis

441 3022 696 3078 admotus
728 3025 918 3094 fueris,
942 3025 1306 3087 cremaberis;
1340 3025 1385 3079 si
1417 3042 1480 3079 ex
1502 3032 1614 3079 toto
1643 3032 1900 3088 remotus,
1926 3022 2013 3076 fri-

440 3111 620 3185 gebis.
650 3112 816 3167 Filius
844 3113 912 3167 ad
944 3123 1151 3183 patrem
1188 3131 1200 3167 :
1234 3113 1290 3166 Si
1321 3112 1606 3168 credidero
1638 3111 1818 3166 verbis
1849 3111 2031 3183 philo-

442 3199 621 3271 soiibi,
675 3216 975 3272 numquam
1025 3200 1308 3255 familiaris
1351 3216 1444 3255 ero
1486 3200 1623 3271 regi.
1675 3199 1772 3254 Cui
1824 3201 2029 3254 Pater:

443 3287 559 3353 Fili,
609 3288 825 3360 placere
880 3289 993 3362 regi
1051 3304 1262 3343 summa
1315 3288 1597 3359 prudentia
1653 3295 1761 3342 est.
1820 3286 2031 3342 Filius:

446 3385 629 3449 Pater,
677 3386 829 3440 crudi
876 3403 962 3441 mc
1013 3386 1313 3458 quomodo,
1353 3385 1398 3438 si
1443 3385 1737 3455 Oportuerit
1786 3400 1870 3439 me
1920 3384 2033 3456 regi

447 3473 675 3539 servire,
707 3483 764 3528 ut
795 3476 1035 3544 prudens
1066 3484 1119 3529 et
1152 3475 1289 3529 bene
1321 3474 1511 3529 doctus
1543 3475 1758 3527 valeam
1791 3473 2031 3544 placere.

447 3562 636 3618 Pater:
670 3562 748 3617 Ad
808 3562 1125 3631 hujusmodi
1183 3561 1592 3617 instructionem
1625 3563 1801 3617 multa
1856 3570 2039 3617 essent

440 3652 750 3707 necessaria
786 3669 906 3722 quae
933 3652 1093 3707 modo
1127 3650 1191 3706 ad
1225 3650 1552 3706 memmium
1574 3667 1679 3703 non
1697 3667 2035 3715 revocamus,

440 3749 492 3793 et
525 3739 765 3796 fortasse
793 3742 836 3794 si
860 3739 1344 3812 przrscriberentur
1373 3738 1465 3793 tibi
1487 3738 1707 3809 pusillo,
1742 3739 1793 3792 in
1819 3738 2037 3793 ta‘dinm

439 3844 806 3905 verterentur,
842 3837 939 3891 sed
973 3837 1041 3891 de
1072 3834 1254 3890 multis
1284 3851 1462 3906 pauca
1489 3845 1541 3890 et
1571 3853 1693 3907 qua:
1716 3836 1760 3889 si
1791 3836 2039 3890 observa-

441 3924 585 3979 veris
622 3935 779 3979 erunt
811 3925 965 3979 utilia
996 3924 1311 3987 referemus.
1343 3925 1428 3977 Ad
1479 3940 1642 3994 quem
1693 3924 1831 3977 filius
1862 3941 1874 3976 :
1908 3925 1970 3977 Et
1994 3923 2038 3975 si

443 4012 646 4068 erectis
672 4013 895 4069 auribus
926 4012 1089 4067 multa
1123 4011 1286 4083 eupio
1318 4011 1585 4082 promissa
1612 4012 1739 4066 mihi
1774 4010 2038 4066 audiendi

440 4110 632 4165 avidus
681 4112 1032 4166 vehementer
1076 4109 1339 4183 efflagito.
1399 4110 1552 4166 Pater
1588 4129 1599 4164 :
1634 4110 1738 4180 Qui
1783 4109 1896 4163 vult
1924 4108 2042 4182 regi

443 4215 565 4253 esse
590 4198 890 4263 familiaris,
924 4200 1086 4255 debet
1118 4199 1310 4255 videre
1341 4200 1485 4253 omni
1520 4199 1635 4254 visu
1667 4198 1862 4255 mentis
1897 4198 2041 4269 qucd

443 4311 565 4351 eum
599 4297 804 4350 venerit
831 4297 901 4350 ad
934 4313 1118 4366 regem
1151 4306 1293 4351 stare
1340 4297 1430 4350 diu
1460 4296 1654 4367 possit,
1678 4312 1775 4351 nec
1799 4312 2031 4366 unquam

2136 435 2316 506 perdit
2359 446 2409 491 et
2448 436 2614 492 aliud.
2659 437 2871 491 Filius:
2915 436 2962 491 Ο
3009 437 3187 502 Pater,
3213 449 3381 506 quare
3424 433 3627 487 oblitus
3675 449 3743 487 es

2137 533 2329 589 dicere
2358 534 2633 604 quomodo
2658 533 2821 589 debet
2840 534 3004 591 homo
3025 532 3313 589 comedere
3329 546 3519 586 coram
3543 545 3680 601 rege
3714 530 3743 580 εἰ

2141 623 2334 678 Pater:
2370 624 2487 678 Non
2530 623 2730 677 oblitus
2756 622 2833 677 fui
2864 622 3071 689 dicere,
3102 621 3231 692 quia
3259 620 3408 675 nulla
3457 627 3545 674 est
3571 615 3741 671 diﬁ‘e-

2140 711 2312 766 rentia
2351 712 2641 766 comedere
2696 727 2879 767 coram
2918 727 3052 782 rege
3100 719 3155 766 et
3194 709 3345 765 alibi.
3387 706 3556 765 Filius
3588 724 3603 763 :
3638 707 3746 762 Dic

2137 811 2273 867 ergo
2301 797 2575 866 quomodo
2590 796 2792 866 ubique
2811 796 3043 851 debeam
3067 794 3376 850 comedere.
3394 794 3580 847 Pater:
3601 791 3759 855 Cum,

2136 884 2383 939 ablucris
2413 900 2607 939 manus
2658 894 2717 939 ut
2744 884 3024 950 comedas,
3045 884 3181 939 nihil
3211 892 3404 954 tangas
3431 881 3535 936 nisi
3565 895 3743 951 pran-

2136 973 2284 1029 dium
2306 973 2489 1029 donec
2515 974 2796 1029 comedas.
2813 975 2896 1029 Ne
2924 973 3183 1031 comedas
3198 987 3394 1043 panem
3416 970 3741 1040 priusquam

2135 1062 2323 1116 veniat
2351 1062 2501 1116 aliud
2534 1061 2802 1118 ferculum
2834 1078 2998 1133 super
3026 1075 3375 1124 mensam,ne
3400 1058 3601 1114 dicaris
3631 1057 3742 1110 im—

2134 1151 2385 1222 patiens;
2418 1166 2522 1206 nec
2544 1160 2749 1205 tantum
2771 1151 2953 1206 bolum
2975 1152 3153 1205 mittas
3173 1151 3227 1203 in
3253 1165 3349 1204 ore
3380 1157 3471 1203 tuo
3486 1155 3543 1201 ut
3577 1146 3743 1201 mica

2136 1240 2378 1295 defluant
2421 1240 2547 1295 hinc
2574 1248 2630 1296 et
2676 1238 2822 1303 inde,
2856 1255 2929 1294 ne
2975 1238 3179 1295 dicaris
3223 1237 3503 1310 gluto.l\'e
3532 1234 3742 1308 glutias

2136 1323 2317 1378 bolum
2349 1323 2662 1395 priusquam
2696 1322 2857 1378 fuertt
2882 1323 3021 1378 bene
3051 1321 3521 1378 eommastieatum
3546 1321 3601 1375 in
3630 1327 3729 1373 tuo

2135 1428 2248 1477 ore,
2280 1429 2347 1467 ne
2378 1412 2769 1483 stranguleris;
2793 1426 2897 1467 nec
2926 1410 3124 1484 pocula
3158 1424 3345 1464 sumas
3376 1410 3551 1464 donec
3574 1407 3644 1461 sit
3669 1422 3739 1462 os

2135 1515 2383 1565 vacuum,
2416 1516 2489 1556 ne
2522 1500 2724 1556 dicaris
2779 1500 3039 1567 vinosus;
3071 1514 3174 1557 nec
3204 1498 3439 1571 loquaris
3469 1497 3600 1551 dum
3628 1495 3743 1549 ali-

2136 1588 2263 1658 quid
2294 1588 2345 1643 in
2388 1604 2480 1644 ore
2512 1588 2772 1654 tenueris,
2807 1604 2875 1645 ne
2907 1587 3112 1659 aliquid
3143 1588 3304 1663 intret
3326 1587 3393 1639 de
3423 1593 3647 1658 gutture
3678 1584 3737 1637 in

2054 1696 2107 1754 Β
2138 1676 2380 1731 intimam
2413 1677 2668 1733 arteriam
2691 1693 2758 1732 ne
2790 1676 2858 1730 sit
2878 1676 2979 1731 tibi
3009 1692 3177 1732 causa
3205 1674 3418 1730 montis.
3439 1673 3497 1728 Si
3526 1671 3741 1729 videris

2135 1765 2317 1822 bolum
2348 1766 2439 1837 qui
2474 1764 2691 1837 placeat
2732 1764 2827 1818 tibi
2863 1766 2916 1819 in
2968 1763 3260 1835 parapside
3297 1778 3481 1818 coram
3523 1760 3733 1829 sodali,

2133 1869 2243 1908 non
2285 1869 2487 1922 sumas,
2534 1870 2603 1908 ne
2642 1854 2854 1909 dicatur
2906 1853 3001 1906 tibi
3049 1868 3221 1925 prava
3266 1850 3558 1905 rusticitas.
3605 1848 3740 1903 Post

2135 1942 2423 2013 prandium
2454 1957 2646 1997 manus
2686 1940 2847 1996 ablue
2878 1940 3003 2012 quia
3033 1940 3316 2012 physicum
3366 1946 3447 1995 est
3477 1943 3533 1993 et
3561 1953 3733 1993 cura-

2134 2036 2279 2104 bile;
2312 2037 2383 2093 ob
2437 2037 2542 2092 hoc
2580 2036 2721 2090 enim
2770 2036 3062 2091 multorum
3116 2035 3258 2091 oculi
3336 2033 3739 2089 deteriorantur

2136 2126 2353 2197 quando
2384 2133 2505 2196 post
2534 2125 2762 2195 prandia
2786 2125 3036 2180 manibus
3067 2140 3173 2178 non
3196 2124 3394 2178 ablutis
3416 2130 3735 2195 tergentur.

2139 2212 2341 2269 Filius:
2377 2214 2434 2268 Si
2481 2213 2604 2285 quis
2654 2213 2962 2268 invitaverit
3002 2230 3091 2268 me
3137 2212 3204 2267 ad
3242 2211 3555 2286 prandium,
3590 2227 3737 2282 quo-

2138 2303 2301 2358 modo
2336 2302 2684 2374 respondebo
2706 2303 3054 2358 ‘?Concedam
3070 2301 3247 2355 statim
3268 2318 3335 2357 an
3358 2301 3507 2356 non?
3532 2302 3689 2354 Pater
3723 2317 3738 2352 :

2139 2391 2250 2445 Fac
2281 2390 2423 2446 sicut
2453 2390 2748 2446 auctoritas
2769 2390 3082 2446 Judzeorum
3126 2390 3382 2462 prreeepit
3414 2390 3550 2461 (2L).
3595 2388 3741 2442 Dicit

2139 2479 2281 2534 enim
2318 2494 2329 2533 :
2370 2478 2424 2533 Si
2466 2479 2588 2551 quis
2634 2479 2942 2534 invitaverit
2991 2486 3043 2534 te
3081 2478 3150 2534 ad
3196 2477 3508 2550 prandium,
3542 2476 3740 2530 videas

2140 2584 2428 2640 personam
2460 2567 2760 2622 invitantis.
2785 2566 2849 2621 Si
2885 2568 3029 2622 enim
3059 2583 3253 2639 magna
3283 2581 3520 2638 persona
3549 2564 3737 2629 fuerit,

2142 2657 2321 2711 statim
2367 2656 2645 2720 concede;
2681 2657 2764 2711 sin
2823 2665 3024 2723 autem,
3085 2656 3387 2713 secundum
3432 2653 3579 2727 quod
3611 2654 3738 2719 erit,

2143 2745 2385 2799 secunda
2414 2746 2498 2800 vel
2529 2745 2689 2800 tertia
2719 2745 2856 2800 vice.
2875 2747 2987 2800 Hoc
3017 2746 3184 2800 etiam
3219 2745 3449 2800 refertur
3472 2744 3543 2798 de
3573 2742 3743 2797 Abra-

2144 2837 2288 2889 ham.
2311 2832 2561 2896 Quadam
2582 2836 2725 2889 enim
2753 2834 2840 2890 die
2861 2836 2988 2889 dum
3016 2850 3200 2889 coram
3232 2849 3329 2887 sua
3354 2841 3519 2887 staret
3543 2833 3738 2900 janna.

2145 2930 2489 2977 transeuntes
2522 2923 2623 2975 sub
2666 2922 2902 2976 humana
2934 2921 3119 2992 specie
3176 2921 3307 2975 vidit
3338 2931 3450 2976 tres
3505 2919 3742 2991 angelos

2148 3027 2286 3083 quos
2315 3010 2433 3080 ipse
2458 3026 2611 3064 suam
2644 3011 2864 3065 domum
2896 3010 3095 3065 intrare
3123 3011 3357 3064 honesto
3388 3008 3537 3063 vultu
3566 3022 3744 3080 roga-

2147 3102 2242 3161 vit,
2303 3099 2473 3170 pedes
2529 3098 2731 3162 lavare,
2792 3099 3051 3169 eyborum
3091 3099 3441 3154 refectionem
3496 3112 3738 3158 sumere,

2143 3188 2319 3242 lassos
2374 3195 2528 3241 artus
2569 3201 2761 3240 somno
2818 3201 3090 3242 recreare.
3126 3188 3234 3256 Ipsi
3294 3200 3440 3249 vero,
3467 3184 3731 3253 quoniam

2144 3291 2344 3346 magna
2363 3290 2599 3346 persona
2619 3283 2756 3343 erat,
2780 3276 3173 3347 acquieverth
3191 3276 3310 3343 ejus
3331 3273 3577 3344 petitioni
3598 3274 3739 3339 (25).

2144 3366 2374 3419 Juvenis
2413 3364 2483 3418 ad
2515 3379 2741 3419 senem:
2783 3364 2918 3419 Cum
2950 3364 3203 3418 invitatus
3260 3362 3415 3418 fuero
3441 3362 3511 3416 ad
3567 3377 3744 3431 pran-

2146 3453 2312 3518 dium,
2327 3468 2527 3524 parum
2559 3453 2643 3507 vel
2670 3452 2834 3507 nimis
2850 3453 3130 3508 comedam
3146 3454 3173 3505 ἰν
3190 3452 3284 3507 Cui
3313 3468 3482 3507 senex
3503 3470 3517 3506 :
3541 3450 3741 3514 Nimis,

2146 3543 2399 3611 quoniam
2435 3541 2478 3595 si
2506 3541 2718 3596 amicus
2768 3552 2892 3596 tuus
2920 3542 3075 3597 fuerit.
3105 3541 3197 3612 qui
3228 3548 3278 3595 te
3308 3538 3579 3606 invitavit,
3600 3555 3748 3611 gau-

2145 3630 2292 3685 debit
2320 3629 2581 3697 multum;
2616 3631 2659 3684 si
2689 3639 2866 3690 autem
2929 3630 3199 3694 inimicus,
3232 3629 3456 3684 dolebit.
3487 3629 3606 3683 Hoc
3642 3644 3745 3682 au-

2145 3720 2258 3774 dito
2310 3719 2429 3773 risit
2472 3735 2628 3790 puer,
2653 3719 2719 3773 ad
2777 3735 2937 3790 quem
2986 3735 3189 3774 senex:
3226 3717 3563 3774 Recordatus
3617 3732 3741 3771 sum

2146 3808 2296 3862 verbi
2323 3809 2465 3879 quod
2494 3807 2677 3862 audivi
2709 3808 2777 3861 de
2793 3808 3104 3862 Maimundo
3135 3807 3561 3877 nigro.Qnidam
3593 3807 3740 3860 enim

2147 3912 2311 3951 senex
2345 3896 2590 3967 ritiaesivit
2645 3896 2811 3950 abeo
2867 3904 3129 3967 quantum
3184 3907 3372 3968 posset
3424 3894 3739 3950 comedere.

2148 3994 2240 4049 Cui
2271 3994 2426 4063 ipse:
2460 3995 2538 4048 De
2589 3993 2741 4061 cujus
2783 3993 3034 4062 prandio,
3063 3993 3133 4046 de
3169 4008 3295 4046 meo
3336 3991 3419 4047 vel
3462 3990 3686 4045 alterius
3715 3993 3742 4042 ’ἲ

2149 4096 2208 4147 At
2241 4093 2364 4147 ille:
2402 4093 2476 4146 De
2524 4097 2634 4146 tuo.
2672 4090 3011 4144 Maimuudus
3044 4108 3058 4144 :
3091 4089 3361 4157 Quantum
3390 4088 3568 4160 magis
3606 4103 3743 4158 pos-

2147 4205 2287 4244 sum.
2313 4188 2487 4242 Senex
2516 4203 2527 4240 :
2560 4188 2635 4241 Tu
2666 4186 2829 4241 modo
2886 4186 3194 4240 recordaris
3240 4186 3529 4239 verborum
3556 4184 3746 4252 cujus-

2148 4279 2273 4333 dam
2305 4276 2502 4348 gulosi,
2551 4275 2713 4345 pigri,
2760 4274 2926 4336 stulti,
2977 4273 3186 4343 garruli
3215 4279 3273 4328 et
3305 4272 3637 4345 nugigeruli,
3691 4280 3745 4325 et

445 4384 632 4438 sedeat
660 4385 833 4438 donec
870 4400 961 4438 rex
1001 4384 1298 4454 prfecipiat,
1337 4400 1440 4439 nec
1486 4385 1740 4455 loquatur
1778 4384 1878 4438 nisi
1911 4400 2030 4439 cum
2062 4402 2118 4463 D
2150 4372 2402 4445 quicquid
2433 4371 2500 4426 de
2529 4371 2621 4425 ίιῖο
2654 4370 2849 4426 (Ποίων
2877 4370 3112 4439 δῐηβιίιιε
3135 4369 3188 4422 in
3226 4384 3290 4423 θο
3314 4368 3610 4423 ίηνθηίίυν-
3640 4369 3742 4421 λιι·

445 4495 582 4549 opus
610 4479 786 4545 fuerit,
820 4496 919 4535 nec
957 4487 1199 4534 moretur
1231 4496 1360 4535 cum
1410 4496 1538 4550 rege
1569 4480 1673 4533 nisi
1703 4496 1792 4535 rex
1826 4495 2036 4550 prince-

444 4567 583 4639 perit
617 4569 835 4633 morari,
871 4578 922 4623 et
951 4566 1181 4622 fideliter
1218 4568 1511 4622 consilium
1565 4575 1762 4622 taceat.
1812 4570 2040 4639 Semper

448 4666 515 4720 sit
573 4665 813 4720 intentus
871 4664 1061 4719 audire
1118 4665 1262 4734 quod
1324 4681 1415 4723 rex
1469 4665 1636 4728 dicet,
1672 4682 1739 4720 ne
1797 4672 2040 4736 opniteat

449 4770 637 4825 regem
669 4754 750 4807 bis
794 4760 1130 4824 praeceptum
1175 4764 1441 4822 repetere.
1471 4753 1866 4823 Quodcumque
1898 4771 2040 4823 pra)-

448 4844 590 4913 eepit
636 4859 729 4896 rex
790 4842 967 4896 faciat.
1015 4840 1211 4897 Caveat
1257 4857 1326 4895 ne
1374 4842 1667 4897 mentiatur
1718 4841 1833 4912 regi
1885 4850 1935 4893 et
1965 4842 2042 4895 sic

450 4933 545 4985 erit
591 4931 639 4985 ei
690 4932 990 4992 obediens;
1023 4945 1090 4982 ne
1139 4946 1391 4999 umquam
1437 4930 1681 4984 adsociat
1728 4946 1785 4983 se
1835 4931 2038 4983 homini

453 5045 611 5099 quem
646 5043 744 5081 rex
795 5029 919 5082 odio
960 5026 1197 5081 habebit.
1232 5025 1361 5081 Cum
1410 5006 1742 5080 limemmnia
1792 5034 1841 5080 et
1874 5027 2043 5080 multa

450 5126 555 5178 alia
592 5125 795 5189 fecerit,
831 5124 1049 5179 forsitan
1085 5125 1151 5177 de
1196 5141 1326 5195 rege
1359 5140 1462 5177 non
1506 5140 1760 5194 magnum
1816 5124 2042 5177 habebit

450 5210 775 5281 proficuum.
798 5211 1159 5266 FiliuszNihil
1180 5216 1337 5281 pejus
1362 5212 1619 5282 contingit
1648 5212 1845 5265 homini
1878 5228 2038 5286 quam

448 5300 538 5351 diu
576 5298 691 5369 regi
725 5299 927 5353 servile
951 5308 999 5353 et
1022 5301 1154 5353 nihil
1194 5300 1317 5353 boni
1355 5301 1687 5372 acquierere.
1717 5302 1861 5354 Pater
1891 5319 1902 5354 :
1931 5303 2042 5359 [loc

447 5386 631 5441 multis
656 5386 773 5453 jam
807 5388 984 5440 evenit
1017 5405 1029 5447 ς
1066 5397 1115 5442 et
1146 5388 1268 5441 ideo
1300 5389 1556 5458 praecepit
1588 5388 1942 5459 philosophus
1975 5405 2041 5445 ne

443 5485 713 5558 quispiam
771 5481 930 5536 nimis
974 5490 1214 5539 moretur
1246 5484 1297 5537 in
1351 5486 1572 5539 servitio
1611 5485 1775 5556 regis.
1805 5485 2042 5542 Philoso-

512 5716 625 5783 (ἰᾶ.)
657 5713 909 5769 Talmud.

2154 4471 2340 4526 venis:
2375 4468 2595 4523 Multum
2622 4468 2798 4539 placet
2834 4469 2965 4522 mihi
2989 4469 3056 4523 de
3090 4483 3155 4522 eo
3181 4466 3390 4531 audire,
3422 4467 3546 4538 quia
3579 4467 3741 4537 quic-

2147 4568 2274 4639 quid
2306 4568 2372 4623 de
2412 4583 2478 4622 eo
2509 4574 2592 4622 est
2627 4566 2956 4621 derisorium
2991 4575 3090 4632 est,
3124 4573 3178 4621 et
3224 4566 3270 4620 si
3315 4565 3447 4636 quid
3509 4564 3581 4619 de
3627 4567 3743 4634 ejus

2147 4657 2308 4711 dictis
2344 4656 2424 4710 vel
2452 4655 2608 4711 factis
2645 4664 2825 4710 mente
2864 4656 3085 4722 retines,
3122 4654 3401 4727 eloquere,
3427 4661 3481 4710 et
3531 4653 3743 4708 habebo

2147 4760 2248 4818 pro
2278 4760 2517 4800 munere.
2554 4745 2752 4799 Senex.

2695 4851 2960 4906 FABULA
3008 4850 3185 4905 XXV.

2219 4958 2481 5014 Dominus
2518 4974 2677 5012 servo
2729 4959 2984 5028 prmcepit
3033 4959 3269 5029 quadam
3299 4964 3460 5012 nocte
3503 4966 3557 5010 ut
3583 4956 3740 5013 clan-

2148 5047 2301 5101 deret
2328 5049 2546 5115 januam
2570 5064 2584 5100 :
2617 5048 2732 5114 ipse
2759 5062 2886 5100 vero
2915 5046 3121 5101 desidia
3141 5062 3365 5115 pressus
3386 5061 3610 5117 surgere
3632 5060 3737 5098 non

2149 5134 2342 5201 potuit,
2375 5140 2424 5185 et
2468 5132 2592 5185 ideo
2622 5131 2756 5185 dixit
2786 5132 2917 5202 quia
2966 5132 3153 5185 clausa
3193 5138 3328 5183 erat.
3359 5131 3514 5183 Mane
3558 5138 3737 5183 autem

2151 5220 2287 5274 facto
2316 5220 2575 5274 Dominus
2594 5220 2729 5274 dixit
2749 5235 2910 5275 servo
2931 5238 2943 5273 :
2968 5218 3290 5278 Mainiunde.
3318 5217 3733 5287 aperijanuam.

2148 5307 2245 5361 Cui
2284 5324 2511 5363 servus:
2546 5309 2797 5373 Domine,
2830 5307 3075 5362 sciebam
3136 5308 3279 5378 quod
3338 5306 3562 5365 volebas
3615 5322 3738 5361 eam

2148 5396 2307 5451 hodie
2332 5412 2456 5450 esse
2481 5410 2747 5465 apertam.
2765 5405 2816 5450 et
2834 5398 2961 5452 ideo
2990 5396 3138 5451 nolui
3165 5411 3290 5453 sero
3311 5411 3429 5449 eam
3460 5394 3736 5451 claudere.

2149 5486 2298 5539 Tunc
2326 5486 2577 5557 primum
2606 5487 2869 5556 comperit
2918 5486 3170 5541 dominus
3201 5484 3346 5554 quod
3395 5492 3621 5556 propter
3647 5483 3733 5553 pi-

2218 5717 2331 5781 (23)
2360 5715 2564 5779 Cenes.
2599 5728 2757 5781 xviii,
