4072 6078
272 230 379 284 ’101

1431 240 1444 253 ‘
1495 228 1889 290 DISCIPLINA
1933 236 2358 294 CLERICALIS.

3480 242 3585 295 ’702

269 355 496 425 gritiam
528 354 823 421 dimiserat,
854 365 905 409 et
934 354 1071 409 dixit
1103 374 1115 409 :
1160 355 1353 427 Surge,
1388 356 1471 411 fac
1519 374 1655 429 opus
1704 371 1871 426 tuum,
1904 364 1957 421 Α
1988 364 2128 433 gerit
2153 365 2243 417 tibi
2265 363 2463 432 aliquid
2489 364 2718 429 adversi,
2747 363 2850 420 noli
2881 365 3041 419 nimis
3057 366 3284 420 desoiari
3310 381 3405 419 nec
3426 365 3588 419 nimis

269 452 406 521 quia
434 452 552 506 dies
582 462 661 507 est
692 462 747 508 et
776 454 856 508 sol
879 453 996 521 jam
1030 454 1164 509 altus
1195 462 1291 507 est.
1323 456 1418 510 Cui
1451 472 1636 511 servus
1666 475 1677 509 :
1713 458 1767 513 Si
1799 459 1879 513 sol

262 540 395 608 jam
427 549 507 595 est
536 542 695 607 altus,
753 542 822 595 da
877 542 1008 596 mihi
1067 543 1370 598 comedere.
1433 545 1528 600 Cui
1585 545 1871 601 dominus:

268 639 446 693 Serve
475 639 638 705 male,
683 638 765 693 vis
813 648 969 695 nocte
1015 640 1320 695 comedere.
1372 641 1615 697 Servus:
1664 644 1718 697 Si
1767 660 1874 698 nox

273 734 381 795 est,
416 728 669 795 permitte
696 744 785 781 me
813 729 1067 783 dormire.
1094 730 1288 783 lterum
1311 730 1561 784 dominus
1582 731 1634 784 in
1672 741 1825 787 nocte
1859 753 1872 787 :

264 825 607 893 Maimunde,
643 840 804 897 surge
834 833 888 880 et
916 827 1103 882 videas
1125 834 1298 882 utrum
1332 829 1480 898 pluat
1508 845 1605 885 nec
1636 846 1720 885 ne.
1755 832 1873 901 Ipse

260 929 400 967 vero
430 914 680 969 adocavit
713 930 905 969 canem
939 916 1028 985 qui
1073 916 1293 985 jacebat
1340 925 1488 972 extra
1529 918 1772 986 januam,
1822 927 1873 974 et

260 1017 394 1057 cum
424 1003 657 1057 venisset
680 1003 847 1071 canis,
871 1004 1115 1074 palpavit
1144 1005 1309 1075 pedes
1354 1005 1489 1074 ejus,
1538 1007 1734 1075 quibus
1778 1008 1868 1061 in-

263 1099 446 1153 ventis
473 1100 649 1167 siccis,
682 1099 905 1154 domino
962 1100 1181 1170 inquit:
1244 1103 1493 1169 Domine,
1549 1119 1656 1157 non
1714 1105 1864 1176 pluit.

258 1188 467 1240 Iterum
498 1188 752 1242 dominus
800 1188 867 1242 ad
917 1205 1039 1242 eum
1092 1198 1251 1244 noctu
1298 1207 1365 1244 an
1425 1192 1564 1262 ignis
1620 1202 1753 1247 esset
1812 1194 1865 1246 in

258 1276 453 1330 domo.
488 1278 611 1346 Ipse
634 1292 760 1331 vero
793 1286 984 1331 vocato
1024 1278 1310 1349 murilego,
1362 1281 1639 1349 temptavit
1683 1282 1725 1334 si
1766 1296 1863 1335 ea-

254 1373 410 1425 lidus
444 1381 581 1427 esset
614 1389 680 1427 an
723 1389 828 1428 non
863 1389 877 1441 ;
928 1391 1049 1428 cum
1101 1375 1391 1430 invenisset
1434 1393 1555 1430 eum
1606 1378 1860 1449 frigidum

250 1462 332 1514 ait
368 1479 379 1515 :
421 1463 562 1516 Non.
596 1463 850 1517 Juvenis:
881 1463 1153 1535 Pigritiam
1176 1464 1375 1531 audivi,
1416 1465 1578 1520 modo
1624 1468 1860 1536 garruli-

251 1555 426 1602 tatem
450 1550 570 1618 ejus
599 1550 785 1605 audire
811 1551 991 1621 cupio.
1040 1552 1216 1607 Senex
1249 1571 1262 1606 :
1322 1552 1533 1607 Dictum
1589 1563 1669 1608 est
1714 1557 1857 1625 quod

249 1645 517 1700 dominus
544 1662 670 1699 suus
689 1647 944 1701 venebiat
971 1647 1037 1700 de
1070 1648 1185 1703 foro
1215 1648 1364 1704 laetus
1394 1666 1490 1720 pro
1521 1652 1686 1718 lucro,
1731 1653 1856 1722 quia

248 1733 484 1787 multum
517 1734 750 1789 lucratus
778 1735 967 1800 fuerat,
1001 1744 1052 1789 et
1083 1736 1247 1790 exivit
1291 1754 1474 1791 servus
1518 1741 1858 1795 Maimundus

249 1838 444 1886 contra
474 1830 752 1885 dominum
784 1849 958 1899 suum,
995 1850 1153 1903 quem
1185 1852 1304 1888 cum
1336 1835 1542 1891 videret
1578 1834 1846 1904 dominus,

254 1920 435 1973 timuit
464 1934 531 1974 ne
583 1922 793 1990 aliquos
838 1938 1098 1985 rumores,
1140 1930 1197 1977 ut
1245 1939 1363 1978 mos
1408 1941 1533 1978 suus
1578 1935 1708 1993 erat,
1758 1928 1848 1981 di-

249 2016 422 2073 ceret,
457 2016 507 2061 et
537 2008 672 2063 dixit
704 2029 715 2063 :
741 2009 886 2063 Cave
916 2026 981 2064 ne
1011 2010 1159 2064 dicas
1188 2012 1320 2065 mihi
1366 2028 1609 2068 rumores
1644 2016 1838 2070 malos.

245 2103 451 2159 Servus
484 2122 495 2156 :
532 2107 691 2160 Canis
720 2114 894 2161 nostra
927 2124 1093 2177 parva
1123 2108 1321 2179 pipella
1350 2117 1560 2165 mortua
1609 2119 1705 2166 est.
1749 2113 1845 2167 Cui

243 2191 545 2248 dominus:
599 2194 885 2262 Quomodo
933 2204 1144 2250 mortua
1190 2206 1269 2251 est
1297 2199 1326 2250 ‘2‘
1374 2199 1615 2255 Servus:
1674 2203 1848 2255 Mulus

242 2289 430 2335 noster
459 2283 742 2337 exterritus
774 2282 872 2337 fuit
902 2292 952 2338 et
982 2286 1123 2355 rupit
1153 2287 1402 2340 chamum
1431 2304 1606 2355 suum,
1635 2298 1683 2343 et
1715 2290 1842 2345 dum

240 2378 479 2449 fugeret,
516 2379 618 2433 sub
647 2380 878 2448 pedibus
906 2381 1016 2433 suis
1062 2398 1251 2435 canem
1299 2382 1602 2440 suﬂ‘ocavit.
1652 2387 1841 2441 Domi-

238 2484 344 2521 nus
376 2486 388 2522 :
424 2467 566 2536 Quid
597 2477 774 2522 actum
805 2469 971 2523 estde
1001 2471 1148 2525 mulo
1178 2472 1206 2523 “.7
1237 2471 1433 2526 Servus
1465 2490 1478 2524 τ
1514 2477 1573 2528 In
1623 2484 1839 2549 puteum

236 2556 435 2608 cecidit
490 2564 542 2609 et
598 2565 839 2612 mortuus
894 2565 993 2612 est.
1055 2560 1341 2627 Quomodo
1405 2564 1686 2617 exterritus
1744 2566 1839 2619 fuit

241 2650 421 2705 mulus
452 2653 479 2704 ‘?
508 2652 708 2708 Servus
742 2671 752 2707 :
792 2653 953 2708 Filius
983 2663 1161 2709 vester
1187 2656 1254 2710 de
1284 2657 1481 2713 solario
1529 2660 1719 2714 cecidit
1767 2662 1838 2717 ita

236 2738 382 2807 quod
416 2749 659 2795 mortuus
687 2749 784 2804 est,
846 2751 899 2797 et
954 2742 1079 2797 inde
1138 2746 1421 2799 exterritus
1477 2747 1574 2801 fuit
1628 2752 1826 2803 mulus.

232 2828 498 2883 Dominus
532 2844 543 2880 :
578 2828 718 2898 Quid
749 2831 861 2902 agit
890 2832 1121 2902 genitrix
1181 2833 1299 2901 ejus
1336 2835 1365 2885 ί]
1421 2836 1616 2891 Servus
1649 2856 1662 2892 :
1725 2840 1838 2894 Prae

227 2922 399 2979 nimio
428 2924 614 2979 dolore
642 2926 754 2979 nati
785 2935 995 2981 mortua
1027 2936 1122 2982 est.
1157 2928 1421 2984 Dominus
1454 2950 1466 2985 :
1501 2932 1634 3002 Quis
1662 2943 1835 2989 custo-

227 3012 309 3064 dit
338 3011 561 3067 domum
591 3013 619 3065 ‘l
651 3014 847 3068 Servus
881 3034 891 3069 :
925 3016 1135 3083 Nullus,
1182 3019 1437 3086 quoniam
1491 3020 1543 3074 in
1593 3024 1826 3077 cinerem

227 3117 383 3155 versa
414 3103 831 3171 estetquicquid
856 3104 907 3156 iu
929 3120 992 3158 ea
1014 3113 1146 3159 erat.
1190 3105 1460 3162 Dominus
1492 3126 1503 3161 :
1539 3110 1826 3179 Quomodo

223 3198 505 3253 combusta
534 3200 946 3257 fuit?Servus:
1000 3204 1202 3258 Eadem
1254 3214 1410 3261 nocte
1458 3224 1562 3276 qua
1605 3209 1825 3264 domina

217 3293 426 3342 mortua
459 3287 573 3353 fuit,
605 3290 925 3360 pedissequa
958 3309 1079 3360 qua:
1112 3294 1371 3364 vigilabat
1433 3312 1529 3366 pro
1578 3297 1821 3365 domina,

219 3382 388 3437 oblita
417 3382 515 3437 fuit
537 3385 819 3439 candciam
852 3387 905 3440 in
939 3388 1173 3443 thalamo
1206 3398 1256 3443 et
1286 3390 1359 3444 ita
1396 3393 1675 3447 combusta
1728 3396 1826 3449 fuit

219 3480 414 3533 domus
446 3488 571 3535 tota.
608 3482 869 3536 Dominus
897 3503 907 3538 :
945 3485 1275 3555 Pedissequa
1309 3487 1397 3541 ubi
1430 3491 1556 3542 est?
1586 3491 1783 3545 Servus
1809 3513 1819 3548 :

211 3576 233 3628 Ι
242 3593 337 3646 psa
366 3577 584 3632 volebat
618 3579 797 3648 ignem
824 3579 1139 3651 extinguere
1170 3590 1221 3635 et
1250 3584 1441 3637 cecidit
1473 3603 1635 3656 super
1663 3604 1823 3659 caput,

210 3673 261 3718 et
284 3673 492 3719 mortua
520 3675 616 3720 est.
652 3667 913 3721 Dominus
944 3684 957 3719 :
990 3669 1069 3722 Tu
1131 3671 1401 3738 quomodo
1444 3673 1653 3727 evasisti
1699 3692 1821 3729 cum

219 3766 326 3811 tam
361 3759 514 3829 piger
543 3758 615 3811 sis
644 3761 671 3812 ‘.’
703 3761 902 3813 Servus
936 3781 947 3815 :
985 3763 1117 3816 Cum
1167 3763 1404 3818 viderem
1447 3767 1820 3839 pedissequam

218 3853 546 3922 defunctam,
580 3855 764 3927 effugi.
797 3857 943 3911 Tunc
990 3858 1251 3913 Dominus
1291 3861 1449 3916 valde
1487 3866 1823 3923 contristatus

217 3943 285 3997 ad
317 3942 525 3998 vicinos
554 3962 679 3998 suos
711 3946 856 3999 venit
913 3960 1073 4000 orans
1130 3964 1221 4001 eos
1277 3958 1333 4002 ut
1388 3952 1716 4022 reciperetur
1768 3957 1823 4011 in

216 4041 441 4109 alicujus
472 4041 634 4096 domo
668 4050 719 4096 et
751 4043 1110 4112 hospitaretur
1160 4047 1367 4101 Interea
1419 4048 1660 4105 obviavit
1702 4054 1820 4107 cui-

218 4130 339 4184 dam
364 4130 538 4184 amico
568 4147 666 4185 suo
689 4132 778 4200 qui
809 4148 928 4185 cum
976 4133 1181 4188 videret
1235 4151 1356 4189 eum
1412 4136 1615 4192 tristem
1664 4139 1824 4195 inter-

216 4219 429 4289 rogavit
459 4235 623 4287 quare
658 4218 731 4274 ita
764 4219 1083 4274 tristaretur.
1126 4224 1243 4291 Ipse
1275 4240 1402 4277 vero
1433 4226 1614 4280 retulit
1641 4229 1823 4284 omnia

222 4332 339 4383 qua:
371 4314 583 4369 dixerat
612 4316 714 4369 sibi
747 4334 952 4370 servus.
972 4319 1190 4371 Amicus
1220 4328 1397 4374 autem
1446 4322 1684 4379 desolato
1730 4343 1822 4379 re-

1990 452 2113 504 inde
2145 452 2356 517 tristari,
2385 453 2639 522 quoniam
2678 456 2779 507 hoc
2798 462 2879 507 est
2912 471 3085 524 genus
3124 455 3295 508 Deum
3326 454 3582 525 negandi.

1990 549 2156 602 Deum
2187 548 2353 603 debes
2380 566 2594 621 semper
2618 550 2835 605 laudare.
2855 559 2962 605 tam
2993 551 3061 605 de
3084 551 3401 605 adversitate
3421 567 3580 620 quam

1987 637 2053 690 de
2082 639 2459 709 prosperitate.
2501 640 2663 692 Multa
2693 640 2834 694 enim
2866 640 3009 693 mala
3037 640 3357 711 contingunt
3396 640 3582 695 homi-

1989 725 2147 779 nibus
2173 742 2294 798 quae
2332 728 2584 781 eveniunt
2612 728 2688 781 eis
2718 736 2774 781 ut
2800 727 3009 797 majora
3041 729 3183 782 mala
3212 727 3488 800 effugiant,
3530 737 3586 783 et

1984 823 2153 877 multa
2182 825 2499 895 contingunt
2531 840 2650 893 quae
2682 826 2731 877 in
2754 825 2898 879 bono
2917 824 3187 887 ﬁniuntur,
3212 833 3262 877 et
3283 824 3403 880 ideo
3416 825 3581 879 debes

1984 912 2204 967 laudare
2232 913 2402 965 Deum
2436 913 2486 966 in
2519 913 2768 967 omnibus
2797 922 2849 967 et
2896 914 2949 966 in
3006 929 3071 967 eo
3128 912 3397 967 confidere
3443 914 3578 967 sicut

1981 999 2116 1055 dixit
2143 1000 2470 1071 versiﬁcator
2510 1021 2521 1056 :
2554 1018 2674 1056 cum
2710 1003 2870 1056 fueris
2900 1003 2951 1056 in
3001 1003 3207 1057 tristitia
3262 1003 3397 1056 nihil
3452 1002 3577 1059 inde

1979 1098 2237 1152 sollicitus
2267 1100 2390 1163 eris,
2418 1099 2509 1153 sed
2544 1100 2729 1153 horam
2763 1101 2813 1153 in
2845 1100 3191 1171 dispositione
3228 1101 3475 1169 permitte
3521 1108 3575 1153 et

1976 1187 2233 1241 renuncia
2262 1204 2478 1258 semper
2506 1188 2708 1242 bonum
2742 1189 2996 1252 futurum,
3031 1197 3083 1241 et
3112 1189 3183 1243 ita
3229 1190 3333 1242 eris
3378 1188 3573 1242 oblitus

1980 1274 2265 1343 malorum,
2300 1277 2424 1345 quia
2455 1277 2619 1331 multa
2652 1277 2795 1330 mala
2844 1277 3097 1329 eveniunt
3150 1292 3271 1345 qum
3325 1277 3376 1329 in
3426 1277 3571 1330 bono

1974 1369 2250 1427 ﬁniuntur.
2280 1372 2671 1443 Philosophus:
2706 1373 2877 1441 Hujus
2895 1373 3073 1427 smeuli
3103 1373 3245 1427 bona
3275 1374 3570 1428 commixta

1973 1468 2094 1513 sunt
2127 1479 2138 1514 :
2173 1476 2279 1514 non
2310 1461 2454 1514 enim
2504 1462 2755 1516 comedas
2802 1462 2907 1515 mel
2940 1461 3053 1514 sine
3101 1477 3328 1516 veneno.
3371 1462 3517 1515 Alius
3550 1480 3563 1516 ε

1972 1541 2336 1614 Qumcumque
2366 1546 2422 1598 in
2451 1547 2646 1599 saeculo
2677 1553 2819 1603 sunt.
2867 1545 3273 1600 commutabilis
3328 1553 3467 1610 sunt,
3514 1553 3568 1599 et

1969 1653 2087 1707 quae
2118 1657 2184 1694 ex
2216 1642 2292 1694 eis
2320 1641 2412 1695 tibi
2442 1650 2559 1696 sunt
2605 1642 2747 1696 bona
2793 1650 3036 1704 ventura,
3072 1642 3194 1696 licet
3228 1641 3301 1695 sis
3347 1640 3561 1710 debilis,

1885 1710 1951 1769 Β
1974 1734 2153 1781 tamen
2185 1730 2409 1783 habebis
2438 1737 2492 1783 et
2521 1731 2663 1784 mala
2693 1730 2895 1784 viribus
2924 1730 3163 1784 devitarc
3191 1746 3299 1785 non
3329 1730 3554 1799 poteris.

1966 1820 2113 1873 Alius
2147 1840 2158 1875 ε
2194 1820 2349 1889 Quod
2382 1822 2537 1894 pigro
2587 1824 2795 1892 assequi
2846 1824 3143 1877 desiderata
3184 1822 3368 1886 donat,
3417 1822 3559 1875 idem

1964 1910 2217 1978 consequi
2250 1911 2430 1981 cupita
2470 1911 2727 1965 velociter
2752 1920 2932 1982 negat.
2966 1912 3114 1965 Alius
3150 1931 3161 1965 :
3197 1911 3268 1965 Se
3315 1926 3413 1979 per
3456 1927 3557 1965 ve-

1962 2004 2227 2052 nustatem
2262 1999 2518 2052 saeculum
2577 1999 2861 2053 dedecorat
2917 2008 2963 2053 et
3023 2015 3119 2069 per
3171 2006 3443 2069 optantem
3500 2015 3558 2053 se

1960 2100 2098 2147 terra
2128 2095 2355 2166 deglutit
2389 2104 2439 2149 et
2470 2104 2641 2151 vorat.
2694 2097 2842 2150 Alius
2874 2115 2886 2151 :
2923 2095 3087 2164 Quasi
3146 2096 3196 2150 in
3253 2095 3356 2150 ictu
3414 2095 3553 2149 oeuli

1957 2181 2075 2235 ﬁnit
2101 2184 2274 2251 gloria
2304 2184 2512 2253 mundi,
2548 2194 2599 2239 et
2628 2202 2753 2240 cura
2785 2185 2993 2256 fragilis
3026 2193 3241 2239 maneat
3270 2200 3377 2239 non
3415 2201 3553 2241 exo-

1956 2278 2193 2341 ptantem
2225 2289 2282 2325 se
2313 2273 2476 2327 videt.

2488 2425 2755 2481 FABULA
2797 2425 2995 2480 XXVI.

2022 2563 2439 2620 Proverbialiter
2467 2567 2647 2621 dicunt
2679 2568 2953 2622 Socratem
2986 2568 3248 2623 saeculares
3300 2568 3551 2621 tumultus

1948 2652 2273 2707 devitantem
2304 2663 2352 2708 et
2386 2663 2651 2725 agrestem
2685 2656 2846 2711 vitam
2888 2658 3192 2726 cupientem
3243 2673 3432 2710 nemus
3472 2657 3549 2709 in-

1905 2739 1908 2741 λ
1946 2745 2174 2797 coluisse
2206 2754 2259 2800 et
2291 2748 2486 2818 tugurii
2519 2749 2638 2803 loco
2670 2749 2951 2802 dimidium
2978 2750 3300 2804 inhabitasse
3320 2749 3543 2813 dolium,

1945 2832 2097 2902 cujus
2128 2834 2349 2889 fundum
2382 2844 2539 2889 vento
2590 2838 2902 2907 opponebat
2948 2846 2999 2891 et
3055 2835 3233 2900 imbri,
3294 2846 3345 2891 et
3403 2837 3545 2906 quod

1946 2928 2059 2975 erat
2088 2930 2329 2992 apertum
2374 2924 2614 2992 jocundo
2672 2926 2793 2991 soli,
2847 2942 3004 2995 quem
3064 2934 3343 2980 venatores
3400 2926 3546 2993 regis

1942 3018 2219 3073 inventum
2251 3020 2376 3074 dum
2438 3022 2766 3076 intuerentur
2826 3031 2877 3076 et
2934 3024 3215 3078 illuderent
3268 3023 3541 3093 pediculos

1939 3106 2288 3163 suﬂ‘ocantem
2321 3119 2598 3179 cmperunt
2625 3118 2865 3166 avertere
2894 3114 3022 3166 solis
3065 3112 3333 3166 radiorum
3382 3128 3538 3166 ame-

1936 3196 2177 3251 nitatem.
2212 3196 2421 3265 Quibus
2453 3200 2539 3253 ille
2564 3200 2775 3270 piacido
2814 3202 2963 3255 vultu
2997 3218 3009 3252 ε
3045 3200 3199 3269 Quod
3249 3200 3378 3253 mihi
3428 3216 3535 3252 non

1935 3294 2092 3358 datis,
2126 3295 2336 3351 auferre
2365 3315 2471 3351 non
2502 3298 2852 3368 priesumatis.
2886 3300 3107 3353 Talibus
3146 3298 3261 3352 irati
3312 3297 3377 3350 de
3425 3298 3537 3357 lare

1936 3400 2041 3451 quo
2073 3384 2307 3454 degebat
2334 3386 2605 3456 expellere
2637 3388 2923 3441 voluerunt
2952 3397 3003 3441 et
3050 3388 3175 3442 inde
3224 3388 3315 3442 via
3369 3388 3537 3441 abdu-

1934 3488 2076 3536 cere,
2114 3490 2179 3527 ne
2210 3476 2581 3543 prmtereuntis
2612 3476 2751 3531 oculi
2781 3477 2984 3532 domini
3018 3486 3125 3531 tam
3158 3476 3280 3531 vilis
3309 3492 3535 3547 persona

1933 3565 2247 3635 offenderet,
2281 3570 2424 3638 quod
2456 3586 2563 3623 non
2594 3572 2832 3626 valentes
2867 3574 3050 3626 minati
3083 3580 3205 3627 sunt
3260 3573 3308 3627 ei
3357 3572 3537 3627 dicem

1934 3662 2055 3709 tes:
2092 3656 2225 3710 Vide
2256 3658 2475 3727 nequid
2522 3660 2649 3713 mali
2696 3678 2759 3715 ex
2808 3662 3170 3730 protervitatis
3216 3662 3391 3715 studio
3441 3662 3534 3716 tibi

1933 3744 2228 3815 contingat,
2264 3747 2388 3814 quia
2414 3764 2509 3801 rex
2539 3756 2589 3802 et
2620 3749 2871 3804 dominus
2900 3758 3081 3804 noster
3124 3767 3243 3805 eum
3294 3752 3534 3805 familia-

1933 3840 2080 3894 ribus
2110 3842 2218 3895 suis
2247 3851 2299 3897 et
2336 3843 2654 3914 primatibus
2711 3856 2790 3900 est
2847 3848 2942 3901 hac
3002 3856 3149 3917 parte
3200 3849 3529 3903 transiturus.

1932 3928 2059 3982 Illos
2088 3940 2261 3983 autem
2296 3932 2350 3985 in
2378 3949 2434 3985 se
2466 3933 2718 3989 latrantes
2746 3936 3093 4008 philosophus
3121 3937 3332 3990 intuens
3365 3958 3376 3992 :
3409 3939 3531 3992 Non

1933 4024 2029 4081 est,
2064 4017 2254 4086 inquit,
2289 4028 2464 4074 vester
2491 4022 2743 4075 dominus
2774 4024 3024 4077 dominus
3065 4041 3232 4089 meus,
3286 4026 3379 4077 sed
3424 4042 3529 4093 po-

1936 4112 2036 4166 tius
2066 4122 2145 4168 est
2173 4115 2277 4169 mei
2308 4117 2446 4170 servi
2477 4132 2679 4171 servus.
2714 4118 2869 4187 Quod
2902 4120 3178 4174 audientes
3226 4128 3279 4174 et
3326 4137 3527 4175 nover-

1932 4200 2031 4255 cali
2064 4202 2210 4255 vultu
2245 4220 2365 4257 eum
2405 4206 2771 4275 respicientes,
2806 4207 3021 4277 quidam
3054 4208 3369 4263 detruncare
3399 4227 3528 4280 pro-

1932 4298 2240 4358 posuerunt.
2276 4292 2447 4344 Minus
2500 4293 2731 4363 improbi
2791 4297 2960 4349 donec
3016 4298 3160 4361 regis
3209 4300 3526 4353 sententiam

224 4405 336 4457 tum
387 4420 572 4457 versus
628 4406 804 4459 amico
859 4414 917 4458 ut
973 4408 1337 4463 consolaremr
1387 4426 1530 4477 cum,
1591 4412 1773 4469 dicens
1806 4433 1817 4467 ε
1850 4386 2197 4477 Daudirent,
2232 4388 2445 4458 placere
2475 4390 2848 4446 decreverunt.
2890 4393 3031 4447 Dum
3092 4410 3217 4448 vero
3278 4395 3329 4448 in
3388 4399 3527 4450 hunc

229 4501 429 4567 Amice,
460 4501 569 4556 noli
601 4502 853 4569 desolari,
879 4503 1003 4572 quia
1026 4505 1347 4560 multociens
1374 4508 1691 4581 contingunt
1722 4515 1824 4568 ho-

229 4590 356 4643 mini
393 4597 498 4644 tam
545 4606 742 4662 graves
796 4592 1177 4646 adversiuitum
1236 4593 1633 4668 inundationes,
1681 4601 1824 4670 quod

229 4685 486 4741 desideret
519 4702 611 4741 eas
639 4687 799 4742 etiam
834 4687 1113 4744 inhonesta
1145 4698 1313 4744 morte
1342 4690 1515 4761 linire,
1548 4704 1600 4750 et
1645 4698 1821 4753 statim

228 4782 477 4837 eveniunt
508 4783 559 4836 ei
595 4790 737 4839 tanta
769 4783 1057 4841 commoda
1103 4787 1244 4854 quod
1291 4804 1508 4857 prorsus
1553 4793 1708 4850 dulce
1755 4796 1823 4850 sit

220 4870 263 4922 ei
295 4871 692 4939 praeteritarum
754 4872 1025 4927 reminisci
1079 4874 1512 4945 adversitatum;
1570 4884 1661 4937 sed
1708 4886 1822 4941 haec

224 4959 572 5017 humanarum
604 4975 782 5015 rerum
817 4968 922 5015 tam
956 4962 1221 5021 immensa
1260 4966 1532 5023 ﬂuctuatio
1579 4972 1820 5028 variante

225 5056 533 5113 meritorum
564 5057 753 5112 ordine
800 5059 997 5115 summi
1056 5060 1296 5117 Rectoris
1340 5064 1683 5135 distinguitur
1736 5085 1820 5123 ar-

222 5142 404 5199 bitrio.
444 5146 570 5200 Hzec
591 5154 643 5199 et
673 5149 952 5217 propheta:
978 5148 1079 5202 Job
1099 5151 1515 5208 corroborentur
1541 5159 1813 5227 exemplo,

218 5241 366 5308 cujus
395 5241 635 5296 animum
667 5260 776 5298 non
808 5261 1019 5314 pessum
1055 5246 1203 5300 dedit
1230 5249 1448 5303 amissio
1478 5268 1653 5306 rerum
1674 5256 1812 5321 (26).

221 5338 491 5406 Numquid
524 5340 687 5393 etiam
716 5342 909 5395 audisti
941 5342 1085 5411 quod
1115 5343 1247 5399 dixit
1277 5346 1658 5417 philosophus:
1682 5350 1815 5419 Quis

216 5442 389 5502 potest
419 5436 474 5488 in
503 5436 606 5489 hoc
632 5438 853 5503 secuto,
884 5454 1008 5492 cum
1041 5440 1299 5495 mutabile
1327 5443 1413 5507 sit,
1447 5444 1648 5514 aliquid
1698 5456 1811 5501 sta-

213 5531 318 5587 bile
338 5531 541 5587 habere
565 5535 591 5585 ?
616 5534 875 5590 Arabicus
894 5535 1004 5591 ﬁlio
1026 5553 1121 5593 suo
1149 5557 1159 5591 :
1188 5538 1307 5604 Fili,
1341 5556 1460 5594 cum
1487 5542 1622 5597 forte
1644 5548 1812 5599 conti-

1936 4474 2155 4527 modum
2201 4475 2543 4544 detricareut,
2602 4496 2697 4534 rex
2751 4482 3043 4537 adveniens
3089 4493 3141 4538 et
3195 4500 3315 4553 qum
3367 4502 3527 4541 causa

1934 4562 2091 4634 litigii
2128 4564 2263 4619 foret
2290 4565 2622 4635 perquirens,
2658 4584 2777 4639 quae,
2806 4579 2958 4641 gesta
2999 4573 3207 4627 fuerant
3254 4575 3337 4628 vel
3384 4575 3525 4630 dicta

1934 4650 2151 4705 famulis
2188 4653 2545 4709 referentibus
2598 4659 2877 4730 regnovit.
2948 4662 3141 4716 Volens
3196 4661 3373 4731 itaque
3429 4680 3523 4715 rex

1932 4753 1998 4792 an
2030 4737 2150 4793 ficta
2182 4741 2404 4796 fuissent
2432 4759 2778 4810 cognoscere,
2813 4748 2878 4801 ad
2912 4750 3290 4821 philosophum
3318 4766 3522 4819 prope-

1929 4827 2068 4881 ravit
2097 4828 2369 4900 inquirens
2400 4833 2525 4900 quid
2556 4834 2621 4885 de
2651 4852 2707 4886 se
2737 4836 2953 4892 diceret.
2989 4838 3134 4891 Sicut
3164 4840 3309 4906 prius
3342 4840 3519 4892 famu-

1930 4921 2011 4987 lis,
2044 4922 2113 4976 ita
2172 4939 2291 4977 eum
2350 4925 2449 4978 sibi
2510 4927 2585 4979 sui
2646 4930 2782 4981 servi
2842 4947 3052 4984 servum
3105 4948 3219 4986 esse
3275 4936 3516 4997 asseruit,

1927 5025 2152 5078 quorum
2200 5014 2515 5067 sententiam
2573 5015 2859 5071 verberum
2932 5036 3022 5072 rex
3069 5019 3304 5091 benigno
3359 5022 3518 5078 affatu

1924 5099 2210 5171 diligenter
2237 5102 2583 5156 enodari'sibi
2620 5106 2923 5173 postulavit.
2956 5108 3033 5160 Αιι
3074 5124 3229 5175 quem
3270 5112 3515 5178 philoso-

1924 5198 2080 5263 phus,
2114 5206 2320 5252 servata
2352 5200 2525 5252 vultus
2553 5200 2833 5271 dignitate,
2896 5204 3082 5257 leniter
3139 5206 3309 5275 inquit
3340 5225 3350 5259 :
3416 5208 3516 5263 Vo-

1924 5285 2097 5338 luntas
2128 5286 2343 5354 quidem
2376 5287 2615 5355 subjecta
2648 5299 2721 5343 est
2765 5299 2815 5345 et
2864 5294 3023 5346 servit
3065 5294 3216 5357 mihi,
3266 5312 3370 5350 non
3414 5312 3517 5363 ego

1920 5372 2043 5426 sibi.
2077 5374 2153 5427 Tu
2186 5391 2214 5428 e
2253 5390 2512 5429 converso
2557 5377 2828 5447 subjectus
2885 5398 2940 5434 es
2995 5383 3251 5437 voluntati
3304 5392 3356 5438 et
3412 5386 3514 5438 sibi

1921 5461 2109 5529 servis,
2146 5479 2248 5517 non
2284 5464 2391 5535 ipsa
2427 5465 2543 5531 tibi,
2579 5468 2757 5537 itaque
2786 5484 2970 5523 servus
3001 5488 3057 5523 es
3086 5470 3202 5539 ejus
3240 5473 3329 5542 qui
3373 5476 3504 5528 mihi

1918 5550 2107 5603 servit.
2145 5551 2292 5604 Tunc
2322 5569 2436 5623 rex,
2470 5554 2647 5611 defixo
2679 5559 2949 5627 paululum
2979 5560 3112 5621 visu,
3148 5559 3221 5614 sic
3265 5561 3458 5631 inrepit
3495 5584 3506 5618 :

284 5702 397 5767 me)
431 5700 550 5755 Job.
586 5703 628 5771 ι,
658 5706 754 5758 sa.
794 5687 1215 5769 nin’asSn'aan
1247 5691 1456 5768 ωκίτη
1498 5721 1605 5771 me
1636 5721 1772 5772 mn
1800 5696 2003 5777 ubam
2034 5699 2135 5775 5::
