4028 6070
483 218 587 274 703

1410 213 1614 271 PETRI
1651 211 2001 270 ALPHONSI
2038 213 2136 269 EX
2172 211 2414 270 JUDEO
2453 209 2853 269 CHRISTIANI

3674 218 3784 272 τοι

486 340 556 396 Ut
583 348 730 410 patet
756 338 810 395 in
839 338 1022 395 verbis
1047 338 1274 395 nihilum
1303 354 1419 394 esse
1444 338 1741 408 potentiam
1770 337 2064 393 conﬁteris.
2100 341 2155 402 Α
2188 339 2433 393 thesauro
2463 338 2626 393 vitam
2656 338 2799 391 fame
2828 338 2912 393 vel
2954 336 3039 395 siti
3096 337 3450 396 laborantium
3498 355 3785 413 quousque

484 429 580 483 Cui
604 429 957 500 philosophus
986 429 1040 482 in
1071 437 1357 500 angustam
1386 443 1499 482 suae
1524 427 1720 482 mentis
1766 426 1949 480 sedem
1997 443 2081 482 re-

483 524 669 586 ceptus
692 517 768 572 ait
798 536 811 572 :
845 516 964 572 Scis
990 517 1103 589 ipse
1134 516 1365 571 nimium
1397 516 1492 571 tibi
1529 514 1885 571 ambitionem
1928 528 2082 569 mor-

483 612 668 668 talium
687 630 867 669 rerum
897 613 1229 669 dominatam
1269 613 1433 669 fuisse
1489 620 1543 667 et
1586 612 1869 667 materiam
1919 608 2083 665 rebus

478 701 731 772 gerendis
761 711 812 757 te
838 702 1105 774 Optavisse
1136 701 1283 771 quod
1313 718 1379 756 ne
1406 699 1576 758 virtus
1607 708 1715 767 tua,
1746 708 1806 754 ut
1832 699 1953 774 ipse
1992 697 2079 752 fa-

481 770 626 858 teris,
655 770 1025 846 consuesceret
1054 770 1214 847 tacita
1239 805 1254 861 ;
1280 789 1378 844 sed
1407 788 1483 845 ob
1511 787 1821 860 cupidinem
1847 770 2080 859 ‘glorize,

478 886 615 941 sicut
662 887 738 942 rei
795 887 1074 943 sinceritas
1126 895 1226 954 est,
1285 885 1457 942 fecisti
1523 883 1905 955 adipiscendae,
1961 898 2082 953 qua:

481 991 641 1043 quam
670 975 738 1029 sit
766 976 921 1031 exilis
949 984 1003 1032 et
1032 976 1198 1031 totius
1227 991 1398 1030 vacua
1426 973 1679 1045 ponderis
1697 970 2079 1028 sitconsidera.

477 1063 605 1118 Tute
659 1064 927 1136 praeterita
985 1063 1177 1136 gloriae
1233 1064 1475 1133 potentia
1518 1070 1699 1134 utpote
1776 1077 1897 1132 quae
1966 1060 2081 1129 jam

483 1151 629 1207 nulla
658 1161 757 1220 est,
788 1152 1089 1208 metuenda
1119 1168 1227 1207 non
1257 1158 1356 1218 est,
1379 1151 1473 1206 sed
1519 1166 1695 1221 neque
1738 1149 1935 1216 futura,
1982 1164 2082 1202 cu-

475 1247 568 1315 jus
596 1256 819 1303 eventus
846 1247 1163 1303 dubitabilis
1191 1255 1276 1302 est
1311 1256 1362 1302 et
1392 1247 1642 1302 incertus.
1701 1246 1779 1300 De
1832 1239 2084 1315 praesenti

482 1344 691 1391 constat
720 1337 848 1406 quia
877 1336 949 1391 ita
974 1353 1141 1407 parva
1170 1344 1270 1403 est,
1304 1335 1377 1390 ita
1423 1343 1804 1390 momentanea
1855 1340 1908 1388 et
1961 1348 2083 1402 quae

478 1422 533 1477 in
563 1424 670 1478 ictu
697 1424 841 1479 oculi
869 1424 1247 1479 adnullanda:
1308 1424 1379 1478 ob
1440 1426 1542 1478 hoc
1596 1421 1741 1478 enim
1799 1421 1945 1475 nulla
2002 1419 2084 1474 sui

481 1520 632 1583 parte
661 1521 739 1567 est
770 1512 1131 1568 formidanda.
1165 1511 1437 1583 Perceptis
1489 1511 1724 1581 denique
1779 1508 2087 1581 philosophi

479 1600 677 1669 verbis,
708 1617 803 1655 rex
832 1600 907 1656 ait
941 1600 1296 1672 complicibus
1353 1600 1506 1655 suis:
1570 1599 1773 1654 Servus
1826 1598 1926 1654 Dei
1982 1605 2082 1666 est,

2189 434 2361 505 potuit
2387 435 2644 489 sustinere
2675 450 2783 489 non
2823 434 3025 490 distulit
3065 450 3168 492 nec
3207 436 3435 494 suﬁecit.
3499 438 3601 493 llic
3630 437 3784 494 idem

2188 523 2255 577 de
2278 523 2514 578 vestibus
2539 530 2594 578 et
2617 522 2865 593 pretiosis
2892 523 3160 595 lapidibus
3187 525 3318 597 egit,
3349 534 3403 579 et
3448 526 3525 582 sic
3571 527 3785 582 transiit

2187 611 2415 667 circulus
2442 611 2568 667 anni
2594 612 2651 667 in
2679 628 2785 682 quo
2813 628 2919 668 non
2946 628 3148 683 paucos
3179 612 3296 683 jam
3323 614 3511 669 mortis
3549 614 3783 670 nexibus

2189 710 2419 767 irretitos
2446 710 2712 766 liberavit.
2735 711 2863 767 Erat
2888 719 3068 767 autem
3096 712 3151 766 in
3179 711 3370 768 eadem
3399 713 3625 785 regione
3648 714 3784 784 qui-

2188 799 2314 854 dam
2345 798 2489 871 regis
2535 797 2830 870 praescripti
2884 800 3124 855 notarius
3185 800 3276 870 qui
3331 801 3515 857 livoris
3566 801 3787 858 macula

2191 894 2359 942 tactus
2386 902 2553 959 puero
2582 886 2878 955 invidebat,
2903 895 2957 943 et
2981 904 3176 960 graves
3203 888 3510 945 inimicitias
3554 890 3785 946 latenter

2190 986 2493 1051 exercebat,
2527 994 2580 1041 et
2605 1002 2790 1058 regem
2821 1003 2951 1059 erga
2997 1004 3222 1059 puerum
3270 988 3326 1043 in
3369 988 3506 1044 iram
3542 1004 3784 1060 exaspe-

2189 1074 2345 1130 rabat
2374 1076 2427 1129 in
2449 1075 2532 1130 his
2562 1075 2743 1130 verbis
2775 1092 2788 1127 :
2838 1076 3087 1140 Domiue.
3126 1077 3316 1132 lenitas
3356 1085 3544 1134 vesu'a
3589 1093 3784 1133 mora-

2190 1162 2352 1219 litatis
2378 1164 2434 1219 in
2463 1165 2625 1220 vestri
2677 1163 2845 1219 lilium
2874 1164 3163 1222 consiliarii
3190 1167 3277 1221 cui
3316 1174 3470 1236 pater
3513 1164 3783 1222 inﬁnitam

2189 1263 2405 1332 reliquit
2430 1262 2735 1334 pecuniam,
2776 1279 2844 1317 ne
2885 1261 3061 1318 dicam
3108 1264 3284 1331 stulte,
3335 1263 3561 1319 nimium
3599 1263 3786 1319 mollis

2192 1351 2322 1419 fuit;
2354 1350 2518 1405 modo
2544 1367 2779 1421 namque
2797 1367 2896 1407 nec
2915 1367 3012 1407 vos
3029 1367 3130 1407 nec
3157 1351 3246 1406 ille
3266 1352 3548 1424 pecuniam
3570 1352 3786 1408 habetis

2191 1455 2352 1509 quam
2383 1439 2710 1494 inconsultus
2762 1439 3032 1511 superﬂue
3086 1439 3421 1512 dilapidavit.
3478 1442 3595 1497 Rex
3651 1457 3787 1496 vero

2194 1528 2387 1584 talibus
2414 1528 2471 1583 in
2500 1528 2632 1583 iram
2663 1535 2965 1583 commotus
2994 1544 3090 1600 pro
3122 1545 3287 1600 puero
3315 1529 3516 1601 legavit
3542 1531 3630 1585 cui
3657 1530 3792 1585 talia

2192 1625 2328 1681 dixit
2359 1640 2372 1679 :
2405 1625 2669 1695 Insipiens
2698 1622 2773 1679 ﬁli
2801 1625 3076 1697 sapientis,
3108 1626 3250 1682 iners
3270 1625 3539 1682 artiﬁciosi
3562 1625 3796 1699 prodige

477 1697 653 1787 videte
680 1714 751 1787 ue
780 1697 909 1767 quid
934 1697 1218 1787 molestum
1240 1697 1303 1787 ei
1333 1697 1547 1787 facietis
1586 1704 1679 1787 aut
1721 1695 2081 1787 inhonestum
2111 1702 2168 1767 Β
2198 1713 2357 1783 largi,
2387 1721 2447 1768 ut
2472 1713 2603 1783 quid
2629 1712 2844 1767 divitias
2865 1695 3161 1785 sapienter
3206 1695 3582 1787 congregatas
3600 1724 3656 1771 et
3700 1695 3799 1770 tibi

547 1786 852 1858 Discipulus
877 1786 1135 1859 magistro
1170 1802 1182 1838 :
1225 1785 1360 1840 Cum
1390 1785 1588 1840 celeria
1618 1784 1718 1839 ista
1745 1790 1868 1838 sunt
1906 1781 2088 1849 exilia,

478 1890 574 1929 cur
600 1890 965 1946 praeparemus
997 1881 1143 1930 tanta
1191 1874 1343 1943 quasi
1401 1873 1677 1928 durabilia
1705 1873 1734 1925 ‘?
1790 1871 2043 1943 Magister
2072 1885 2083 1920 ε

480 1970 748 2039 Quoniam
778 1972 904 2027 vita:
951 1971 1210 2027 terminus
1253 1978 1335 2025 est
1378 1971 1630 2025 incertus.
1690 1968 2085 2039 Philosophus:

481 2058 718 2130 Operare
739 2076 837 2131 pro
868 2061 1045 2115 futuro
1075 2060 1272 2115 saeculo
1303 2060 1455 2130 quasi
1484 2074 1627 2113 nunc
1667 2057 1741 2112 sis
1779 2056 2091 2121 moriturus,

482 2157 535 2202 et
564 2164 660 2220 pro
687 2148 939 2218 praesenti
968 2149 1107 2204 sicut
1134 2163 1350 2220 semper
1392 2148 1672 2213 victurus;
1714 2145 1909 2200 melius
1946 2144 2092 2199 enim

481 2255 560 2299 est
585 2246 727 2317 quod
757 2253 881 2317 post
919 2253 1063 2301 tuam
1095 2252 1326 2301 mortem
1374 2260 1406 2299 a
1464 2252 1514 2298 te
1576 2243 1805 2313 quaesita
1861 2242 2094 2303 habeant

480 2332 706 2402 inimici,
736 2350 899 2404 quam
932 2334 988 2388 in
1034 2333 1147 2389 vita
1199 2348 1363 2404 egeas
1415 2330 1562 2402 quod
1622 2331 1718 2387 tibi
1772 2330 2094 2389 subveniant

481 2422 707 2477 inimici.
748 2421 835 2479 Ob
865 2424 979 2478 haec
1009 2421 1189 2492 itaque
1228 2436 1350 2475 cum
1406 2421 1699 2475 honestate
1756 2419 1852 2474 tibi
1906 2418 2091 2475 omnia

481 2510 727 2590 provide,
761 2518 888 2589 quia
916 2518 1097 2573 brevis
1120 2524 1201 2573 est
1226 2532 1411 2572 cursus
1435 2516 1579 2571 vitae.
1603 2516 1753 2571 Alius
1781 2531 1793 2567 :
1819 2513 2087 2571 Seculum

487 2616 568 2663 est
595 2608 747 2678 quasi
773 2608 898 2664 fons
943 2606 1206 2663 instabilis
1259 2606 1412 2676 cujus
1464 2606 1710 2661 introitus
1773 2612 1855 2660 est
1904 2603 2091 2659 matris

477 2705 675 2764 uterus,
703 2704 757 2751 et
782 2695 1025 2766 ejusdem
1056 2712 1201 2751 mors
1228 2695 1329 2751 erit
1357 2694 1550 2751 exitus.
1588 2692 1926 2749 Versiﬁcator
1958 2713 1970 2748 :

549 2795 691 2851 lor:
719 2798 803 2850 est
833 2797 1003 2867 porta
1026 2798 1231 2867 potem
1263 2792 1513 2849 terreni:
1553 2793 1745 2865 pervia
1773 2791 2017 2858 cunctis,

657 2882 763 2940 Sed
793 2898 981 2956 quem
1009 2887 1139 2955 post
1171 2881 1319 2939 hanc
1351 2898 1476 2955 qua
1499 2881 1850 2937 sithabenda
1870 2879 2089 2935 domus.

495 2979 588 3036 Est
613 2978 809 3036 domus
835 2979 1140 3035 delitiarum
1171 2980 1286 3034 Deo
1340 2978 1739 3046 famulantium,
1767 2984 1851 3032 est
1904 2984 1957 3031 et
2011 2975 2091 3029 di-

2198 1802 2266 1857 ad
2297 1802 2621 1857 servandum
2649 1802 2965 1858 commissas
2992 1802 3186 1858 dedisti
3216 1803 3471 1875 perniciei
3499 1805 3527 1858 ‘P
3549 1804 3631 1859 Ad
3681 1805 3802 1859 haec

2195 1916 2329 1971 puer
2355 1900 2473 1955 visu
2498 1900 2553 1954 in
2583 1908 2776 1954 terram
2801 1898 3000 1965 deﬁxo,
3033 1899 3292 1972 principis
3348 1900 3493 1956 enim
3536 1900 3802 1956 Vultuosi-

2195 1996 2357 2045 talem
2387 1996 2568 2059 utpote
2600 1989 2765 2044 torvis
2808 1988 3195 2043 inﬂammatam
3237 1988 3530 2044 luminibus
3574 1988 3804 2045 verebao

2195 2086 2279 2133 tur
2307 2098 2319 2133 :
2354 2078 2604 2145 Domine,
2637 2078 2682 2132 si
2712 2094 2844 2149 pace
2874 2086 3051 2132 vestra
3080 2076 3204 2132 licet
3233 2077 3413 2133 dicere
3445 2092 3554 2132 non
3583 2086 3640 2132 ut
3660 2078 3801 2148 qni-

2201 2176 2426 2232 busdam
2458 2176 2670 2232 videtur
2698 2176 2890 2231 stultus
2916 2183 3069 2245 patre
3099 2176 3342 2248 sapiente
3372 2176 3529 2231 vobis
3554 2192 3672 2231 sum
3704 2193 3800 2230 re-

2197 2266 2371 2331 lictus,
2403 2273 2555 2337 pater
2592 2265 2791 2320 etenim
2847 2280 2999 2319 meus
3059 2265 3364 2320 thesaurum
3419 2264 3797 2337 congregavit,

2198 2361 2589 2427 congregatum
2620 2352 2761 2408 unde
2794 2352 2938 2407 fures
2968 2368 3159 2424 rapere
3188 2353 3395 2425 possint
3432 2352 3720 2409 collocavit
3748 2361 3803 2407 et

2194 2453 2326 2508 mihi
2356 2452 2443 2508 cui
2472 2451 2696 2523 possetis
2722 2450 2934 2506 auferre
2958 2451 3044 2506 vel
3094 2450 3238 2523 ignis
3284 2450 3627 2518 comburere,
3681 2451 3802 2505 sive

2195 2540 2389 2612 aliquis
2414 2557 2568 2596 casus
2594 2539 2801 2609 eripere
2829 2539 3061 2610 reliquit.
3096 2541 3217 2612 Ego
3246 2555 3374 2595 vero
3415 2538 3668 2595 eumdem
3723 2538 3803 2594 ibi

2194 2629 2455 2686 collocavi
2487 2628 2579 2683 ubi
2609 2627 2840 2683 ﬁdeliter
2867 2627 2969 2683 sibi
3016 2628 3318 2684 servabitur
3366 2636 3421 2682 et
3464 2626 3627 2684 mihi.
3679 2622 3801 2681 Rex

2196 2725 2373 2774 autem
2403 2717 2531 2788 quid
2564 2716 2687 2771 inde
2719 2716 2929 2772 fecisset
2957 2717 3187 2789 rogavit.
3220 2717 3358 2771 Puer
3402 2732 3532 2772 vero
3573 2714 3709 2786 quid
3749 2724 3806 2769 et

2195 2815 2423 2886 qualiter
2449 2814 2649 2870 fecerat
2675 2813 2957 2870 retaxavit.
2994 2815 3284 2886 Comperta
3313 2813 3548 2884 denique
3603 2813 3804 2882 peritia

2189 2904 2412 2976 juvenis
2435 2910 2834 2959 remuneratum
2865 2903 3012 2974 prius
3041 2920 3164 2958 eum
3194 2901 3648 2959 circunstantibus
3674 2901 3803 2957 lau-

2196 2992 2361 3058 davit,
2396 2992 2562 3064 patris
2589 2992 2865 3049 servitium
2920 2992 3371 3063 recompensavit.
3417 2990 3521 3061 Qui
3567 3007 3638 3046 ex
3674 2990 3805 3045 inde

479 3093 634 3135 versa
661 3094 852 3151 poenas
900 3076 1348 3148 promerentium.
1382 3075 1553 3131 Arabs
1610 3075 1678 3130 ad
1708 3075 1922 3130 Patrem
1957 3092 1969 3127 :
2002 3071 2095 3127 P8P
2122 3056 2172 3124 Ο
2197 3056 2454 3137 lucrando
2486 3096 2656 3136 novas
2682 3087 2736 3134 et
2768 3080 3003 3150 majores
3045 3056 3314 3151 prioribus
3349 3056 3562 3136 divitias
3607 3079 3806 3149 acqui—

479 3176 577 3235 ter,
609 3167 883 3239 quomodo
931 3167 1154 3221 domum
1212 3164 1520 3220 delitiarum
1586 3171 1640 3219 et
1690 3163 1922 3236 gloriam
1974 3160 2092 3230 ejus
2198 3169 2340 3224 sivit.
2372 3169 2487 3225 Hoc
2508 3168 2673 3226 modo
2703 3168 2846 3240 quod
2894 3169 3157 3241 pretiosus
3197 3168 3388 3224 habuit
3434 3166 3576 3223 ﬁlius
3631 3168 3811 3223 οοιιεί-

479 3266 672 3322 lucrari
702 3272 889 3336 potero
920 3265 949 3317 ‘?
980 3265 1157 3319 Pater-
1188 3261 1473 3334 Quicquid
1514 3261 1706 3316 melius
1732 3268 1787 3316 et
1813 3258 2095 3331 pretiosius
2200 3268 2338 3324 liarii
2365 3267 2531 3337 regis,
2562 3267 2618 3321 in
2646 3266 2810 3323 domo
2863 3267 3169 3323 delitiarum
3227 3267 3622 3323 thesaurisavit.
3684 3270 3807 3321 Αυ-

476 3363 648 3419 habes
673 3377 874 3433 repone
904 3360 959 3415 in
987 3376 1052 3415 ea
1106 3357 1525 3414 custodiendum
1555 3364 1608 3412 et
1668 3355 1932 3421 invenies,
1965 3369 2090 3409 cum
2199 3356 2329 3411 ditie
2356 3355 2695 3411 sermonibus
2742 3355 2910 3424 patris
2962 3352 3102 3410 ﬁlius
3153 3355 3371 3425 inquit:
3427 3353 3650 3410 iuvenis
3704 3354 3809 3408 iste

477 3451 607 3507 illuc
625 3450 856 3516 veneris,
887 3448 981 3503 tibi
1014 3455 1277 3519 paratum.
1314 3446 1510 3501 Filius:
1547 3443 1833 3514 Quomodo
1875 3458 2092 3515 possum
2200 3445 2473 3516 sapienter
2499 3444 2613 3516 egit
2638 3451 2689 3499 et
2720 3460 2935 3515 magna;
2964 3443 3200 3515 speciem
3236 3443 3492 3499 bonitatis
3530 3442 3587 3498 in
3630 3459 3690 3498 se
3730 3442 3812 3498 fu-

484 3548 542 3603 in
569 3563 692 3603 eam
719 3545 943 3601 domum
974 3544 1256 3617 pecuniam
1304 3543 1628 3615 prmmittere
1684 3541 1837 3612 cujus
1895 3540 2092 3595 ostium

487 3652 599 3692 non
627 3635 755 3691 novi
784 3634 935 3690 adire
962 3635 991 3687 ‘I
1020 3634 1204 3688 Pater:
1228 3631 1365 3687 Audi
1388 3631 1532 3701 quod
1596 3630 1726 3685 fecit
1762 3627 1906 3683 ﬁlius
1958 3643 2096 3682 con-

486 3723 674 3781 siliarii
700 3721 845 3795 regis
869 3729 994 3792 post
1017 3721 1228 3778 obitum
1252 3720 1438 3793 patris.
1465 3719 1663 3775 Filius:
1720 3718 1895 3784 Pater,
1954 3717 2093 3785 fare,

487 3830 589 3869 nee
616 3810 1007 3884 subterfugiam
1043 3809 1266 3865 monitis
1304 3807 1556 3864 obedire.
1598 3806 1771 3862 Pater.

1012 3950 1282 4008 FABULA
1321 3949 1553 4005 XXVII.

561 4088 676 4144 Rex
705 4086 925 4158 quidam
955 4084 1141 4141 habuit
1169 4083 1468 4156 sapientem
1498 4079 1865 4139 consiliarium
1905 4087 1958 4134 et
2012 4080 2101 4135 fa-

492 4176 759 4233 miliarem
792 4175 883 4246 qui
915 4173 1131 4230 tandem
1161 4181 1368 4229 naturae
1396 4172 1447 4227 le
1459 4171 1625 4244 gibus
1655 4170 1845 4226 favens
1876 4184 2105 4239 parvum

489 4263 709 4333 reliquit
754 4262 1025 4318 heredem
1071 4261 1211 4316 bene
1279 4260 1685 4333 disciplinatum
1734 4265 1787 4313 et
1834 4256 2112 4324 curialem,

495 4352 582 4405 cui
611 4357 796 4418 totam,
830 4365 950 4420 qua:
980 4365 1183 4421 magna
1223 4356 1355 4417 erat,
1388 4347 1784 4420 possessionem
1813 4352 1869 4401 et
1893 4344 2114 4401 divitia-

497 4464 621 4506 rum
666 4464 891 4504 acervos
940 4446 1256 4519 subscripsit
1290 4455 1342 4501 et
1387 4447 1547 4503 morti
1588 4447 1765 4502 cessit.
1816 4446 1936 4515 Quo
1970 4444 2112 4499 facto
2139 4412 2193 4473 D

505 4553 605 4593 rex
635 4535 704 4591 ad
733 4552 790 4590 se
828 4552 1056 4607 puerum
1083 4535 1317 4603 vocavit,
1349 4543 1404 4590 et
1456 4534 1523 4589 de
1579 4535 1746 4607 patris
1796 4550 1990 4590 occasu
2047 4548 2115 4587 ne

501 4625 632 4698 plus
656 4624 807 4695 justo
834 4623 1045 4679 doleret
1075 4623 1392 4690 ammonuit,
1415 4630 1837 4693 etqumcumque
1856 4629 2009 4694 pater
2026 4621 2104 4676 illi

502 4712 745 4787 regenda
772 4712 996 4768 dederat
1027 4710 1334 4766 testimonio
1364 4708 1619 4780 ﬁrmavit,
1643 4718 1695 4765 et
1723 4710 1941 4781 insuper
1976 4709 2121 4779 quod

502 4810 661 4860 mtate
689 4801 809 4872 ejus
836 4800 1091 4873 exigente
1112 4800 1167 4855 iu
1204 4798 1372 4870 patris
1419 4797 1597 4854 locum
1657 4814 1781 4853 eum
1824 4797 2115 4867 susciperet

502 4892 582 4949 illi
611 4890 876 4964 promisit.
908 4887 1042 4945 Inde
1073 4887 1194 4945 vale
1224 4886 1367 4942 dicto
1393 4886 1548 4941 laetus
1575 4886 1795 4956 juvenis
1812 4885 1880 4940 ad
1898 4885 2117 4957 propria

503 4979 784 5037 remeavit:
812 4993 973 5048 quem
1002 4992 1098 5032 rex
1129 4974 1389 5032 oblivioni
1426 4973 1673 5040 tradidit,
1725 4990 1825 5029 nec
1872 4973 1988 5043 ipse
2043 4973 2113 5029 ad

506 5082 696 5136 regem
723 5081 963 5122 remeare
1001 5067 1332 5135 properavit.
1393 5063 1583 5135 Longo
1649 5062 1906 5133 temporis
1942 5061 2110 5117 inter-

512 5154 654 5208 vallo
682 5154 737 5207 in
765 5152 955 5208 eadem
980 5152 1204 5225 regione
1234 5152 1289 5206 in
1320 5167 1426 5222 qua
1482 5167 1616 5223 puer
1671 5159 1784 5205 erat
1838 5158 2116 5222 coeperunt

515 5266 677 5321 egere
730 5249 866 5304 adeo
923 5249 1068 5319 quod
1115 5249 1371 5320 cyborum
1437 5248 1618 5304 inedia
1688 5248 2114 5320 periclitarentur

517 5337 683 5393 fame.
714 5335 834 5404 Quo
864 5336 1054 5392 videns
1080 5352 1216 5406 puer
1240 5337 1402 5392 bona
1450 5336 1648 5393 indolis
1692 5338 1874 5392 animo
1913 5336 2112 5391 condo-

517 5425 635 5489 luit,
668 5423 963 5479 condolens
990 5425 1184 5478 horrea
1213 5423 1451 5496 deplevit
1480 5432 1533 5480 et
1561 5423 1888 5496 pauperibus
1927 5423 2111 5479 distri-

512 5512 650 5580 buit,
683 5519 737 5567 et
763 5510 830 5565 de
860 5527 1002 5582 penu
1030 5510 1216 5567 vinum
1245 5512 1475 5567 extraxit
1495 5521 1550 5567 et
1575 5528 1763 5568 carnes
1789 5529 1922 5582 quas
1940 5528 2110 5584 egen-

513 5600 657 5658 tibus
685 5599 951 5672 erogavit.
985 5599 1269 5653 Crescente
1299 5600 1544 5670 penuria,
1592 5600 1906 5655 decrescens
1943 5616 2111 5671 pecu-

515 5690 605 5746 nia
625 5687 991 5761 indigentibus
1021 5700 1129 5742 non
1162 5683 1389 5741 suffecit.
1413 5686 1604 5743 Postea
1630 5686 1757 5743 dato
1786 5702 1885 5760 pro
1897 5703 2114 5745 annona

2203 3540 2378 3587 turum
2406 3532 2683 3597 indicavit,
2716 3540 2769 3586 et
2800 3531 2928 3587 fecit
2956 3531 3092 3587 sicut
3129 3532 3483 3604 philos0phus
3511 3531 3623 3587 ﬁlio
3662 3546 3808 3601 pm-

2203 3631 2347 3701 cepit
2372 3631 2556 3687 dicens
2587 3651 2599 3686 :
2624 3630 2746 3699 Fili,
2778 3630 2953 3686 vende
2984 3633 3087 3687 hoc
3104 3631 3360 3687 saculum
3385 3647 3482 3702 pro
3514 3630 3694 3685 futuro
3754 3638 3811 3683 et

2203 3727 2487 3791 utrumque
2518 3718 2830 3784 lucraberis,
2862 3718 3006 3789 quod
3035 3719 3110 3774 ita
3137 3718 3417 3791 contingit.
3450 3717 3597 3773 Alius
3631 3716 3807 3772 ﬁlium

2203 3810 2480 3883 corrigens
2505 3808 2644 3863 dixit
2674 3828 2686 3864 :
2720 3807 2839 3877 Fili,
2876 3823 2973 3879 pro
3004 3807 3181 3863 futuro
3210 3808 3406 3863 saeculo
3437 3822 3686 3877 operare,
3717 3822 3811 3862 an~

2205 3907 2421 3969 tequam
2452 3910 2597 3953 mors
2624 3904 2676 3953 te
2702 3905 2956 3969 segreget
2984 3895 3054 3951 ab
3084 3912 3252 3972 opere
3276 3895 3564 3967 corporali.
3606 3894 3765 3951 Alius
3791 3915 3805 3950 :

2210 3996 2344 4051 Vide
2372 4012 2438 4049 ne
2467 3993 2730 4066 dicipiant
2758 4001 2808 4048 te
2842 3993 3123 4048 saeculares
3188 3991 3408 4055 delitite,
3468 4000 3522 4046 et
3569 3991 3811 4046 irretitus

2209 4082 2439 4139 fallaciis
2466 4082 2817 4139 saecularibus
2844 4082 3032 4137 mortis
3060 4089 3301 4137 venturae
3337 4080 3695 4147 obliviscaris,
3742 4095 3812 4133 ne

2211 4172 2308 4228 tibi
2335 4171 2613 4244 contingat
2642 4171 2777 4226 sicut
2826 4170 3019 4226 latroni
3063 4169 3287 4225 domum
3342 4169 3522 4223 divitis
3570 4167 3803 4223 ineunti.

2212 4261 2312 4317 Cui
2330 4259 2470 4317 ﬁlius
2503 4279 2513 4315 :
2550 4259 2685 4329 Ede,
2710 4267 2882 4331 pater,
2918 4258 3047 4329 quid
3076 4257 3291 4314 accidit.
3316 4258 3475 4312 Pater
3500 4276 3512 4312 :

2730 4401 2997 4457 FABULA
3034 4400 3289 4455 XXVIII.

2283 4526 2499 4582 Donum
2530 4523 2714 4579 divitis
2736 4525 2821 4579 fur
2852 4524 3090 4589 intravit,
3122 4532 3174 4579 et
3225 4521 3449 4579 diversis
3495 4534 3618 4578 eam
3666 4520 3817 4595 gazis

2213 4614 2431 4685 plenam
2462 4613 2690 4669 invenit.
2736 4612 2874 4668 Hinc
2927 4611 3259 4682 stupefactus
3313 4610 3381 4665 de
3434 4609 3666 4665 diversis
3728 4609 3816 4663 di-

2212 4718 2387 4771 Versa,
2421 4701 2487 4757 de
2518 4701 2765 4773 pretiosis
2795 4700 3111 4772 pretiosiora
3157 4700 3358 4772 eligere
3402 4699 3669 4753 stuutendo
3715 4714 3817 4753 cu-

2214 4790 2373 4857 ravit,
2413 4798 2468 4844 et
2505 4791 2632 4860 quia
2668 4790 2799 4844 vilia
2835 4790 3150 4859 relinquens
3185 4788 3244 4843 in
3297 4786 3549 4860 eligendo
3606 4792 3821 4858 tempus

2216 4887 2550 4958 consumpsit
2594 4886 2765 4941 donec
2793 4886 2911 4940 dies
2957 4885 3185 4940 veniens
3240 4885 3369 4955 quid
3422 4884 3603 4938 facere
3660 4883 3823 4939 vellet

2216 4974 2437 5031 detexit.
2467 4975 2776 5045 Experrecti
2804 4975 2871 5028 de
2914 4973 3210 5042 improviso
3266 4972 3462 5044 vigiles
3514 4971 3713 5026 domus
3766 4972 3823 5024 in

2215 5064 2469 5136 eligendo
2500 5064 2675 5118 furem
2724 5062 3058 5134 repperiunt,
3112 5061 3348 5133 capiunt,
3409 5060 3535 5115 inde
3588 5060 3723 5115 loris
3769 5068 3828 5114 et

2218 5153 2446 5207 fustibus
2482 5168 2678 5207 caesum
2733 5151 2789 5205 in
2842 5167 2970 5222 yma
3021 5150 3250 5206 carceris
3345 5148 3653 5204 detrudunt.
3740 5148 3823 5202 Ad

2217 5241 2465 5296 ultimum
2496 5240 2620 5296 data
2648 5240 2785 5295 sicut
2808 5239 2925 5311 jam
2955 5238 3024 5294 de
3049 5239 3295 5294 confesso
3323 5238 3587 5292 sententia
3605 5252 3824 5292 amaras

2217 5337 2442 5393 audiens
2470 5337 2734 5408 hystorias
2772 5337 3059 5408 capitalem
3112 5335 3431 5390 sententiam
3478 5333 3663 5402 subiit,
3722 5334 3821 5403 qui

2218 5425 2264 5480 si
2293 5433 2400 5480 tam
2431 5441 2599 5497 prope
2625 5426 2768 5481 diem
2801 5433 3086 5483 venturum
3119 5424 3537 5495 przecogitasset,
3570 5438 3637 5478 ne
3684 5422 3820 5476 loris

2219 5521 2274 5567 et
2299 5513 2530 5568 fustibus
2559 5513 2875 5579 caederetur,
2909 5513 2995 5569 vel
3025 5512 3169 5582 quod
3226 5512 3447 5583 gravius
3491 5510 3686 5577 extitit,
3747 5526 3818 5565 ne

2219 5602 2396 5672 capite
2430 5602 2731 5672 privaretur
2755 5602 3117 5672 praecavisset.

2292 5690 2440 5746 Alius
2470 5690 2827 5763 philosophus
2854 5690 2996 5745 dixit
3027 5708 3038 5744 :
3072 5687 3242 5760 Hujus
3268 5686 3447 5745 saeculi
3476 5685 3681 5744 divitiae
3698 5702 3800 5741 sun
