4072 6078
250 285 361 353 7'05

1495 282 1885 347 DISCIPLINA
1923 274 2326 346 CLERIUALIS

248 417 568 475 transitoria:
622 418 757 473 sicut
808 416 1043 473 hominis
1096 415 1307 471 somnia
1354 413 1689 479 dormientis,
1741 410 1834 483 qui
1874 408 1927 465 Α
1956 409 2129 481 potuit
2158 426 2191 465 a
2219 387 2389 466 morte
2414 408 2663 478 liberare,
2698 409 2856 466 hodie
2887 427 2985 467 nec
3027 402 3144 481 ejus
3166 402 3349 482 jacula
3376 402 3552 481 potuit

249 508 516 581 evigilans
560 522 889 577 quacunque
937 505 1197 560 habuerat
1234 504 1286 558 in
1316 502 1608 574 aperiendo
1650 501 1835 558 oculos

268 596 737 669 rrecuperabiliter
767 593 964 667 perdit,
997 593 1131 648 sicut
1159 592 1323 666 vulgo
1352 591 1565 648 dicitur.

807 754 1071 812 FABULA
1106 753 1312 809 XXIX.

324 892 505 965 Opilio
535 890 755 962 quidam
787 889 840 945 in
890 888 1095 945 somnis
1123 887 1270 943 mille
1310 902 1439 944 oves
1468 885 1676 954 habuit,
1719 899 1854 956 quas

268 1007 469 1063 magno
500 988 718 1060 quidam
768 986 991 1059 cupiens
1042 1001 1221 1041 emere
1268 991 1329 1040 ut
1364 983 1538 1039 carius
1583 980 1858 1047 venderet,

266 1082 403 1136 sicut
429 1077 717 1134 somnianti
756 1077 930 1132 visum
982 1075 1173 1143 fuerat,
1223 1089 1320 1146 pro
1362 1087 1684 1143 unaquaque
1728 1070 1864 1125 duos

266 1167 470 1225 solidos
497 1167 626 1223 dare
656 1165 895 1223 volebat.
928 1163 1036 1221 Sed
1066 1163 1159 1235 qui
1204 1161 1475 1219 vendebat
1502 1176 1625 1216 cum
1654 1158 1867 1215 duobus

268 1266 455 1323 solidis
480 1266 761 1321 denarium
792 1264 860 1318 de
906 1278 1227 1332 unaquaque
1272 1261 1394 1331 plus
1434 1258 1709 1332 poscebat.
1756 1255 1867 1311 Illis

266 1358 338 1412 de
384 1356 558 1429 pretio
586 1351 1051 1419 contendentibus,
1111 1353 1215 1405 hoc
1270 1349 1432 1405 modo
1473 1363 1694 1403 somnus
1732 1361 1866 1403 eva-

270 1445 424 1512 nuit;
457 1444 552 1500 sed
596 1441 865 1509 venditor,
921 1440 1049 1494 dum
1106 1455 1224 1493 esse
1279 1436 1548 1493 somnium
1585 1435 1865 1507 comperit,

273 1550 380 1590 non
410 1531 612 1603 apertis
637 1530 807 1588 oculis
839 1529 1075 1585 clamare
1131 1526 1329 1598 coepit:
1393 1527 1492 1581 Pro
1548 1541 1870 1596 unaquaque

266 1631 403 1687 mihi
462 1628 656 1703 viginti
705 1627 943 1699 quinque
996 1624 1248 1683 denarios
1292 1622 1484 1693 tribue,
1529 1629 1582 1677 et
1610 1629 1871 1693 quotquot

268 1735 394 1784 sunt
423 1736 599 1783 tecum
630 1725 825 1781 abduc.

1963 498 2225 554 devitarc.
2257 498 2441 553 Alius:
2490 499 2615 554 Heri
2662 499 2895 555 ducebat
2930 500 3212 567 exercitus,
3261 499 3424 555 hodie
3449 498 3547 553 du-

1965 597 2103 651 citur
2131 596 2200 651 ab
2231 596 2336 651 illis
2363 604 2416 650 et
2438 595 2594 651 datur
2620 597 2926 667 sepulturae.
2958 597 3106 652 Alius
3137 617 3149 652 :
3183 597 3309 652 Heri
3355 606 3552 653 terram

1964 684 2262 757 premebat,
2295 684 2456 739 hodie
2503 684 2695 740 eadem
2725 685 2982 757 premitur
3032 686 3166 758 ipse.
3198 686 3382 740 Alius:
3428 684 3557 739 Heri

1967 797 2090 836 eum
2120 789 2310 851 gentes
2363 781 2643 851 timebant,
2703 782 2864 838 hodie
2917 798 3040 838 eum
3087 782 3249 839 vilem
3278 782 3554 853 deputant.

1969 869 2151 924 Alius:
2184 869 2310 923 Heri
2352 868 2535 923 habuit
2569 870 2773 925 amicos
2803 879 2857 926 et
2894 871 3159 938 inimicos,
3191 870 3349 926 hodie
3400 870 3564 926 habet

1970 973 2159 1013 omnes
2178 958 2433 1029 aequales.
2466 957 2573 1012 Sed
2619 957 2686 1012 de
2743 959 2933 1031 viginti
2974 959 3185 1015 duobus
3228 958 3565 1031 philosophis

1971 1044 2438 1102 circumstantibus
2491 1046 2621 1115 quid
2667 1046 2892 1117 quisque
2923 1046 2992 1103 de
3018 1048 3387 1118 potentissimo
3432 1064 3562 1120 rege

1973 1141 2169 1197 dixerit
2196 1141 2475 1198 memoria:
2502 1141 2726 1215 longum
2758 1151 2836 1198 est
2865 1143 3137 1200 reducere.

2045 1258 2242 1312 lterum
2275 1257 2535 1313 heremita
2563 1256 2914 1329 philosophus
2950 1258 3055 1313 hoc
3080 1257 3243 1313 modo
3270 1275 3422 1314 suam
3449 1274 3566 1314 cor-

1973 1345 2112 1402 rexit
2140 1345 2379 1401 animam
2403 1364 2415 1400 :
2448 1346 2643 1401 Anima
2671 1361 2815 1414 mea,
2844 1346 2981 1403 scias
3010 1353 3066 1401 et
3088 1362 3406 1419 cognoscas,
3436 1347 3564 1403 dum

1977 1434 2217 1506 potentia
2242 1443 2321 1489 est
2350 1434 2407 1488 in
2435 1448 2598 1490 manu
2626 1441 2737 1502 tua,
2770 1434 2899 1505 quid
2927 1434 3168 1507 cperaris
3190 1442 3478 1505 antequam
3499 1435 3569 1491 de

1975 1531 2066 1578 tuo
2095 1522 2368 1579 movearis
2395 1522 2514 1578 loco
2544 1522 2612 1577 ad
2658 1522 2880 1578 domum
2929 1523 2983 1578 in
3014 1540 3121 1594 qua
3161 1532 3342 1579 manet
3361 1523 3570 1593 justitia

1976 1618 2029 1667 et
2056 1610 2124 1667 ad
2151 1619 2363 1682 portam
2388 1610 2580 1681 judicii
2613 1610 2709 1666 ubi
2742 1611 2891 1685 leges
2919 1612 2974 1667 in
3002 1612 3177 1668 rotulo
3207 1611 3461 1684 quicquid
3483 1619 3573 1668 tua

1981 1725 2173 1764 manus
2201 1708 2314 1781 egit
2340 1708 2394 1762 in
2425 1710 2528 1764 hoc
2558 1708 2775 1778 saeculo,
2824 1709 2916 1764 ubi
2965 1708 3144 1783 angeli
3172 1725 3205 1765 a
3229 1708 3431 1764 dextris
3458 1716 3511 1764 et
3538 1724 3571 1764 a

336 1817 491 1872 nunc
519 1829 648 1871 νει-ο
678 1813 734 1868 in
784 1811 1007 1869 modum
1055 1808 1383 1866 transeuntia
1431 1805 1616 1864 mundi
1668 1805 1869 1880 gaudia
1895 1790 1950 1852 Β
1983 1797 2214 1853 sinistris
2259 1796 2657 1869 discooperient
2694 1804 2747 1853 et
2788 1796 3169 1853 renuntiabunt
3202 1797 3485 1853 consilium
3517 1806 3570 1854 et

267 1911 533 1961 sectantes
571 1910 625 1958 et
658 1901 885 1959 diversis
936 1909 996 1956 ut
1050 1898 1313 1955 retineant
1359 1896 1624 1952 inhiantes
1661 1888 1728 1950 de
1758 1895 1868 1948 im-

264 2003 484 2076 proviso
515 2000 739 2057 veniens
766 2000 883 2055 dies
914 2006 967 2054 et
994 1997 1116 2053 ﬁnis
1156 1997 1282 2053 vitae
1310 1994 1597 2065 intercipit,
1631 2001 1684 2051 et
1712 2009 1868 2064 quae-

265 2110 369 2165 que
398 2091 603 2162 cupita,
636 2089 804 2147 velint
832 2087 1022 2155 nolint,
1053 2085 1263 2142 adimit.
1304 2086 1439 2140 Item
1468 2081 1636 2137 ﬁlius:
1686 2080 1872 2137 Mortis

268 2206 443 2246 nexus
474 2188 655 2259 aliquo
684 2187 851 2243 modo
897 2186 1087 2258 fugere
1128 2183 1475 2255 poterimus?
1521 2183 1714 2237 Pater:
1760 2179 1868 2235 Mi-

272 2280 443 2347 nime,
496 2277 750 2348 quoniam
811 2274 954 2329 illius
1008 2282 1087 2329 est
1138 2271 1448 2328 incurabilis
1500 2285 1729 2338 morsus,
1772 2283 1873 2325 nec

269 2366 499 2424 medicis
530 2365 733 2421 artibus
761 2363 878 2433 ejus
905 2378 1118 2419 amaras
1140 2360 1410 2435 fugiemus
1427 2376 1638 2414 manus.
1673 2356 1868 2412 Filius:

271 2453 560 2527 Quomodo
591 2470 742 2528 ergo,
765 2470 832 2508 ne
855 2450 1019 2507 nimis
1038 2451 1218 2517 laedat,
1240 2438 1619 2505 sustinebimus
1633 2447 1662 2501 ?
1682 2447 1868 2502 Pater:

274 2554 384 2611 Fac
410 2553 548 2608 sicut
574 2550 707 2606 dicit
734 2548 1064 2606 versiﬁcator
1095 2566 1107 2602 :

423 2638 574 2711 Quod
598 2642 789 2711 vitare
811 2638 1011 2711 nequis
1039 2635 1330 2711 constanti
1356 2634 1577 2711 suscipe
1595 2636 1830 2711 mente:

485 2711 577 2768 Sic
607 2726 729 2784 qua
756 2704 911 2767 dura'
919 2708 1037 2779 fuit
1052 2723 1203 2765 mors
1222 2706 1330 2763 tibi
1344 2704 1654 2763 mittier“.

842 2850 1107 2908 FABULA
1143 2849 1325 2904 XXX.

347 2985 560 3044 Dictum
591 2993 669 3042 est
698 2984 765 3041 de
794 2983 1028 3056 quodam
1078 2981 1401 3055 philosopho
1433 2977 1576 3051 quod
1607 2992 1703 3051 per
1740 2975 1875 3033 anti-

282 3093 448 3149 quum
478 3075 742 3132 transiens
799 3072 1120 3130 cimiterium
1164 3070 1420 3127 laminam
1468 3067 1603 3126 vidit
1630 3082 1874 3124 marmo-

1977 1886 2232 1957 quicquid
2265 1885 2424 1941 fuerit
2453 1902 2485 1941 a
2518 1894 2566 1941 te
2596 1885 2981 1959 excogitatum.
3015 1886 3363 1941 Ante‘Deum
3392 1885 3572 1943 veniet

1977 1992 2126 2040 tuum
2151 1983 2450 2056 judicium;
2483 2000 2589 2040 una
2610 1984 2763 2040 lance
2783 1983 3037 2055 quicquid
3061 1984 3191 2041 boni
3212 1991 3263 2040 et
3291 1984 3398 2040 alia
3422 1984 3570 2055 quic-

1978 2073 2105 2143 quid
2134 2073 2262 2129 mali
2291 2074 2467 2147 egeris
2494 2088 2601 2129 uno
2633 2080 2685 2129 et
2713 2072 2907 2129 eodem
2921 2073 3281 2129 declarabitur
3296 2073 3567 2129 examine.

1978 2160 2181 2218 Omnes
2210 2161 2285 2216 tui
2316 2160 2504 2217 fratres
2530 2168 2585 2218 et
2612 2160 2773 2217 amici
2828 2177 2937 2217 non
2992 2160 3266 2218 invenient
3292 2169 3438 2217 tuam
3477 2178 3571 2217 re-

1978 2257 2345 2330 demptionem
2376 2266 2430 2313 et
2454 2264 2507 2313 te
2533 2257 2786 2314 deserunt
2812 2275 2877 2315 ac
2902 2258 3202 2314 dimittunt:
3252 2256 3414 2313 hodie
3461 2258 3569 2314 ita-

1981 2364 2083 2419 que
2111 2345 2537 2419 redemptionem
2565 2347 2748 2421 accipe
2805 2356 2859 2404 et
2909 2348 3112 2404 bonum
3144 2348 3230 2403 fac
3258 2346 3470 2403 assidue
3517 2355 3572 2403 et

1980 2443 2269 2507 antequam
2317 2435 2498 2491 veniat
2554 2434 2670 2491 dies
2717 2435 3145 2492 submonitorum
3176 2435 3245 2491 ad
3273 2435 3447 2492 Deum
3477 2452 3572 2491 re-

1981 2532 2208 2591 vertere,
2241 2533 2292 2581 et
2319 2539 2427 2580 non
2456 2523 2624 2593 dicas,
2654 2539 2773 2581 cras
2799 2532 3038 2581 revertar
3063 2532 3118 2581 et
3145 2540 3253 2580 non
3296 2523 3569 2592 morabor,

1982 2621 2108 2692 quia
2134 2621 2213 2677 sic
2236 2620 2615 2676 crastinantem
2646 2627 2697 2676 te
2725 2620 2985 2693 impediet
3023 2621 3455 2693 concupiscentia
3487 2622 3573 2678 vel

1982 2710 2165 2766 forsan
2191 2707 2452 2764 detinebit
2479 2708 2595 2764 dies
2619 2716 2860 2765 extrema
2892 2728 2905 2765 :
2939 2709 3120 2781 itaque
3155 2710 3364 2766 dierum
3390 2711 3578 2774 saeculi

1980 2805 2323 2862 reminiscere
2351 2805 2760 2879 generationum
2800 2820 3063 2862 annorum
3111 2804 3452 2876 antiquorum
3481 2807 3574 2878 qui

1983 2910 2173 2951 omnes
2210 2894 2550 2951 transierunt.
2611 2894 2743 2949 Inde
2790 2894 2976 2966 accipe
3016 2909 3230 2949 sensum
3265 2913 3278 2948 :
3325 2894 3417 2949 ubi
3453 2901 3578 2950 sunt

1982 2999 2160 3057 reges,
2191 2983 2282 3040 ubi
2313 2982 2602 3056 principes,
2653 2981 2745 3037 ubi
2800 2981 2993 3039 divites
3023 2982 3113 3053 qui
3144 2984 3421 3038 thesauros
3449 2985 3574 3039 the-

1984 3072 2385 3129 saurisaverunt
2430 3077 2484 3127 et
2539 3070 2664 3126 inde
2721 3070 2937 3143 superbi
2992 3069 3245 3127 fuerunt!
3270 3070 3429 3127 Modo
3456 3079 3581 3128 sunt

276 3182 428 3223 ream
456 3163 739 3235 cujusdam
768 3161 965 3218 mortui
1012 3159 1283 3217 cineribus
1335 3156 1749 3230 ευρεΐροείῑαων
1780 3154 1875 3211 sed
1907 3149 1958 3214 (αἶ
1990 3169 2123 3224 sicut
2150 3168 2241 3240 qui
2270 3184 2379 3225 non
2410 3167 2658 3237 fuerunt;
2682 3167 2844 3224 modo
2872 3175 2993 3223 sunt
3020 3168 3153 3223 ﬁniti
3179 3167 3315 3223 sicut
3341 3167 3432 3240 qui
3469 3184 3582 3225 non

276 3256 334 3311 in
364 3272 429 3310 ea
454 3269 639 3311 versus
667 3251 905 3324 inscripti
962 3249 1131 3308 verba
1185 3246 1382 3321 sepulti
1430 3243 1877 3320 praetereuntibus

280 3350 552 3423 loquentis
578 3348 956 3421 exprimebant
988 3349 1092 3403 hoc
1120 3345 1283 3402 modo
1312 3363 1324 3400 :

469 3479 726 3549 Tupmpe
745 3478 841 3549 qui
857 3474 1208 3549 transigerer
1227 3472 1367 3530 dicis
1381 3474 1564 3549 aveto,
1577 3469 1805 3535 resiste;

584 3541 779 3605 auibus
793 3548 855 3603 in
873 3547 1057 3605 cordis
1071 3541 1189 3602 hac
1205 3559 1334 3601 mea
1354 3541 1521 3599 verba
1543 3544 1673 3597 tene
1684 3579 1698 3593 .

474 3622 609 3694 Sunt
624 3618 917 3694 quodet-is,
927 3617 1078 3694 quod
1095 3632 1153 3673 es
1168 3617 1287 3694 ipse
1305 3614 1416 3686 fui,
1435 3613 1653 3694 derisor
1661 3624 1881 3667 amart:

542 3685 876 3764 Mortisdum
900 3685 1084 3753 licuit,
1103 3685 1494 3764 paeejuvante
1507 3685 1665 3764 frui;
1781 3750 1794 3764 .

471 3762 576 3818 Sed
591 3762 854 3833 veniente
870 3773 1007 3815 nece
1014 3750 1311 3833 pesque?»
1321 3771 1450 3812 sum
1465 3750 1663 3833 raptus
1677 3750 1879 3807 amici:

539 3834 722 3904 Atque
742 3831 881 3904 mei:
890 3823 1556 3904 famulis,'orba_parer_ate
1575 3823 1773 3904 dantur

469 3903 549 3960 He
565 3897 826 3960 cahtexit
841 3897 1010 3958 humo
1024 3897 1444 3973 deplqrqvilqye
1456 3897 1770 3973 fulgentem,

542 3973 712 4047 (nque
723 3988 877 4047 meos
890 3965 1109 4028 cinerei
1126 3970 1334 4047 ultima
1516 3965 1691 4031 dedit,

468 4045 603 4102 Inde
616 4038 737 4100 'mei
755 4044 950 4099 vultus
970 4040 1216 4098 corrodit
1234 4044 1391 4096 terra
1416 4038 1684 4098 nitorem,

541 4116 780 4189 Quisque
795 4115 1120 4189 fuit/arma
1136 4112 1316 4183 gloria
1328 4124 1541 4180 magna
1560 4105 1751 4189 cadit,

470 4176 658 4255 Meque
671 4176 849 4255 fuisse
864 4176 1051 4241 virum
1069 4176 1644 4255 nequemagn'qscere,
1663 4176 1713 4233 at
1719 4176 1847 4248 jam

543 4204 1641 4327 Ἠῗυξῒῖἔι⁶ίῗε7ὓοῖῗὲΐὲῗέοῗῗιῗῗςῗῗιῖἔῖ

473 4331 614 4401 Ergo
632 4329 811 4401 Deum
820 4323 921 4399 pro
940 4323 1031 4381 me
1042 4339 1173 4401 sunt
1189 4337 1335 4401 pars
1347 4323 1540 4401 mente
1552 4333 1809 4401 precare,

544 4392 833 4467 Duatinus'
841 4400 1061 4452 eterna
1075 4393 1171 4450 det
1184 4392 1329 4448 mihi
1347 4406 1486 4465 pace
1498 4392 1641 4467 frui,

1986 3256 2270 3326 vixerunt;
2294 3255 2459 3313 modo
2477 3263 2600 3311 sunt
2627 3255 2763 3311 sicut
2790 3256 2979 3311 folium
3009 3255 3154 3327 quod
3200 3256 3393 3312 arbore
3422 3255 3576 3314 deci-

1988 3346 2066 3400 dit
2094 3361 2203 3417 quo
2230 3344 2451 3401 ulterius
2476 3360 2585 3400 non
2612 3345 2769 3400 redit.
2801 3345 2924 3400 Non
2966 3344 3176 3413 timeas,
3212 3345 3395 3401 anima
3432 3362 3575 3435 mea,

1990 3458 2100 3498 non
2131 3442 2357 3512 timeas;
2390 3442 2551 3496 nimis
2576 3441 2644 3497 de
2668 3441 2849 3499 saeculi
2870 3441 3281 3498 adversitatibus
3308 3458 3420 3498 non
3444 3442 3579 3498 oria-

1990 3538 2075 3586 tur
2107 3530 2268 3587 timor
2298 3538 2435 3586 tuus.
2467 3530 2622 3586 Time
2671 3530 2743 3585 tui
2783 3530 2928 3585 diem
2969 3529 3182 3600 judicii,
3226 3545 3427 3601 paveas
3454 3539 3581 3588 tuo-

1989 3636 2108 3675 rum
2136 3618 2532 3675 multitudinem
2580 3626 2954 3691 peccatorum;
2996 3626 3267 3676 memento
3297 3619 3371 3677 tui
3413 3621 3581 3679 Crea-

1994 3717 2124 3773 toris
2149 3717 2240 3789 qui
2268 3725 2389 3774 tuus
2408 3724 2487 3773 est
2507 3715 2681 3787 judex
2710 3724 2764 3773 et
2791 3716 2956 3773 testis.

2063 3832 2214 3887 Alius
2253 3831 2513 3887 neremita
2557 3846 2657 3902 per
2695 3831 2843 3888 vicos
2884 3830 3189 3889 clamabat:
3243 3833 3323 3887 Ne
3366 3833 3584 3890 tradetis

1992 3920 2252 3977 oblivioni
2282 3919 2548 3976 durabilis
2581 3935 2681 3991 pro
2717 3918 2979 3977 habituris
3015 3919 3198 3977 ﬁnem.
3225 3920 3406 3976 Alius:
3442 3923 3582 3978 Dili-

1991 4016 2103 4089 gite
2148 4014 2358 4071 animas
2402 4023 2606 4070 vestras
2659 4023 2917 4085 quantum
2960 4024 3012 4072 et
3057 4031 3304 4085 corpora,
3337 4024 3392 4071 et
3417 4017 3585 4086 perﬁ-

1993 4104 2164 4160 cietis.
2191 4103 2374 4160 Alius:
2407 4104 2585 4159 Nolite
2623 4102 2871 4159 oblivisci
2919 4102 3065 4174 quod
3108 4119 3219 4158 non
3255 4103 3589 4161 obliviscitur

1994 4191 2159 4248 nostri
2186 4199 2239 4247 et
2264 4190 2458 4248 servite
2484 4191 2853 4264 gubernatori.
2912 4191 3096 4247 Alius:
3148 4192 3360 4248 Timete
3389 4193 3584 4248 Domi-

1996 4297 2144 4349 num,
2176 4280 2303 4351 quia
2331 4279 2494 4335 timor
2521 4278 2737 4335 Domini
2777 4288 2856 4335 est
2884 4280 3051 4336 clavis
3090 4279 3161 4335 ad
3187 4295 3348 4336 omne
3377 4280 3583 4339 bonum

1996 4386 2051 4435 et
2076 4378 2145 4433 ad
2174 4376 2578 4448 percipiendam
2604 4376 2834 4449 gloriam
2863 4376 3207 4434 conductum.
3240 4378 3320 4435 De
3346 4395 3453 4451 quo
3482 4380 3591 4437 Sa-

470 4460 875 4558 Et‘quicuaque
888 4460 1685 4558 reqqtpreﬂefgmpett'etid
1701 4476 1885 4519 unum
1912 4497 1967 4558 Β
1998 4468 2212 4558 lomon:
2246 4464 2577 4558 Deu‘m‘time
2606 4466 2749 4535 (27).
2787 4466 2867 4558 Ad
2897 4475 3089 4523 cuncta
3116 4482 3241 4558 quae
3262 4466 3397 4524 ﬁunt
3423 4469 3591 4525 addu-

569 4532 635 4601 υι
654 4532 877 4597 mecum
885 4532 1125 4595 maneat
1140 4537 1205 4591 in
1221 4532 1445 4607 regione
1462 4532 1598 4607 poli.

294 4664 529 4721 Relectis
577 4663 770 4719 iterum
824 4670 879 4719 et
920 4661 1112 4717 iterum
1170 4657 1413 4715 versibus
1440 4655 1571 4723 istis,
1612 4652 1890 4711 saeculari-

296 4754 401 4810 bus
424 4751 757 4823 postpositis,
788 4752 960 4807 factus
987 4756 1067 4805 est
1093 4747 1316 4803 eremita
1345 4745 1718 4817 philosophus.

372 4844 569 4897 lterum
616 4842 686 4896 de
731 4838 1037 4895 Alexandro
1083 4836 1285 4892 dictum
1332 4841 1411 4890 est
1448 4832 1594 4904 quod
1620 4832 1895 4903 sepultura

298 4942 419 5011 ejus
448 4941 586 4997 foret
612 4955 777 4995 aurea
802 4946 856 5001 et
882 4938 937 4992 in
967 4937 1154 5009 pervio
1181 4933 1434 4991 omnibus
1458 4930 1595 4987 atrio
1624 4930 1798 5002 posita
1824 4929 1893 4985 ad

301 5046 461 5103 quem
521 5029 739 5102 plurimi
794 5032 1160 5083 convenerunt
1214 5019 1521 5095 philosophi
1578 5019 1647 5073 de
1701 5018 1896 5089 quibus

299 5136 441 5177 unus
468 5119 579 5174 ait:
610 5117 916 5174 Alexander
941 5114 1010 5170 de
1041 5127 1171 5170 auro
1217 5111 1347 5169 fecit
1378 5112 1706 5173 thesaurum,
1756 5122 1896 5163 nunc

299 5225 332 5264 e
359 5222 623 5264 converso
677 5221 868 5261 aurum
923 5203 991 5258 de
1045 5217 1111 5258 eo
1162 5199 1290 5256 facit
1342 5201 1670 5254 thesaurum.
1702 5194 1889 5251 Alius:

298 5295 428 5352 Heri
458 5303 601 5351 totus
631 5294 681 5350 ei
708 5307 818 5350 non
846 5289 1144 5347 sufﬁciebat
1188 5288 1438 5356 mundus,
1479 5283 1640 5341 hodie
1669 5290 1898 5354 quatuor

298 5392 433 5450 sola:
459 5389 726 5447 suﬁiciunt
744 5388 795 5445 ei
823 5387 1003 5457 ulna;
1035 5384 1150 5442 heri
1179 5383 1382 5458 populo
1410 5379 1713 5452 imperavit,
1736 5375 1897 5434 hodie

299 5479 538 5556 populus
564 5479 796 5552 imperat
998 5474 1182 5532 Alius:
1242 5471 1369 5529 Heri
1423 5470 1621 5527 multos
1668 5466 1901 5543 populos

1997 4562 2082 4611 cet
2108 4555 2253 4610 Deus
2274 4552 2538 4625 judicium
2567 4569 2667 4625 pro
2694 4553 2841 4609 omni
2870 4562 3068 4622 errato,
3092 4555 3208 4611 sive
3226 4555 3432 4611 bonum
3473 4558 3590 4613 sive

1999 4643 2201 4699 malum
2229 4641 2316 4698 sit.
2347 4640 2433 4698 Ob
2463 4644 2566 4698 hoc
2592 4641 2758 4715 igitur
2776 4642 3095 4699 immensam
3126 4644 3225 4698 Dei
3254 4644 3607 4717 omnipoten-'

2002 4733 2129 4789 tiam
2157 4730 2428 4804 supplices
2483 4746 2771 4787 exoramus
2817 4732 3067 4802 quatinus
3110 4732 3300 4788 vestris
3336 4734 3592 4805 operibus

1998 4820 2157 4878 bonis
2212 4819 2639 4892 praecedentibus
2683 4827 2806 4890 post
2856 4820 3079 4876 districti
3132 4820 3277 4875 diem
3317 4820 3510 4890 judicii
3558 4840 3593 4877 a

2000 4917 2202 4974 dextris
2230 4916 2348 4971 Filii
2376 4915 2496 4985 ejus
2531 4915 2782 4972 collocari
2812 4923 2866 4971 et
2892 4922 3094 4972 mterna
3120 4916 3304 4985 requie
3334 4933 3455 4972 cum
3483 4918 3594 4974 suis

2001 5006 2251 5062 ﬁdelibus
2302 5020 2610 5061 mereamur
2664 5002 2866 5074 perfrui
2908 5004 2963 5057 in
3009 5004 3134 5058 aula
3177 5004 3405 5073 celesti,
3446 5022 3593 5077 pra:-

2001 5097 2171 5151 stante
2201 5093 2433 5150 Domino
2463 5100 2644 5149 nostro
2686 5091 2809 5146 Jesu
2847 5091 3058 5147 Christo
3100 5091 3187 5147 cui
3234 5100 3317 5147 est
3342 5094 3516 5150 honor
3541 5103 3595 5154 et

2000 5182 2176 5255 gloria
2202 5198 2326 5238 cum
2356 5181 2510 5236 Patre
2553 5187 2607 5236 et
2640 5187 2825 5236 saneto
2878 5178 3079 5250 Spiritu
3134 5196 3233 5252 per
3255 5179 3462 5239 inﬁnita
3483 5199 3596 5241 sai-

2002 5272 2245 5329 culorum
2283 5269 2504 5325 saecula.
2536 5271 2727 5325 Amen.

2075 5366 2307 5440 Explicit
2359 5365 2631 5422 Clericalis
2683 5363 2979 5438 Disciplina
3034 5366 3292 5426 translata
3348 5385 3382 5427 a
3438 5372 3594 5431 Petro

2004 5457 2229 5516 Alfunso
2254 5455 2323 5513 de
2352 5454 2579 5513 Arabico
2604 5453 2662 5511 in
2689 5453 2955 5513 Latinum.

376 5688 492 5759 (27)
533 5686 600 5743 Et
625 5682 876 5741 mandata
905 5680 1025 5755 ejus
1048 5680 1315 5737 observa:
1357 5676 1461 5733 hoc
1490 5681 1573 5731 est
1601 5672 1746 5731 enim
1775 5668 1952 5759 omnis
1989 5666 2181 5759 homo:
2212 5659 2298 5729 Et,
2332 5668 2439 5717 etc.
2499 5658 2651 5717 Eccl.
2685 5673 2781 5759 xu,
2823 5663 2911 5731 t3,
2946 5663 3036 5719 14.
3085 5674 3183 5727 κν
3227 5674 3591 5729 οηηηκη-ηκ

305 5741 678 5849 svum—3m
710 5789 801 5842 na
831 5741 981 5845 n‘ni:
1026 5760 1095 5840 Β)
1124 5760 1201 5841 5r
1233 5781 1484 5839 unum
1524 5778 1631 5829 an,
1674 5749 1874 5828 nin‘m

1984 5771 2132 5829 m
2169 5743 2238 5821 5:
2279 5769 2370 5819 ns
2410 5768 2466 5817 νε
2497 5767 2673 5819 man
2708 5741 2776 5819 Β)
2813 5765 2882 5820 m
2921 5767 2978 5817 η)
3023 5765 3193 5823 tm
3228 5771 3437 5827 unum
3464 5775 3588 5831 nm
