4072 6078
1901 529 2052 569 ANNO
2093 530 2286 571 DOMlNl
2327 531 2460 571 “CX.

1120 708 2085 864 GALTERUS

2207 711 2452 852 AB
2552 709 2742 853 IN
2754 707 3263 857 SULIS

1698 1011 2245 1071 MAGALONENSIS
2287 1012 2666 1070 EPISCOPUS

524 1349 1710 1472 LIETBERTUS
1758 1344 2384 1466 ABBAS
2438 1345 3121 1465 SANCTI
3186 1346 3811 1464 RUFFI.

1000 1773 1529 1874 NOTITIA
1609 1773 2297 1881 HISTORICA
2373 1780 2496 1882 IN
2575 1780 3299 1885 GALTERUM.

1626 2017 1795 2088 (Call.
1834 2018 2044 2076 Christ.
2080 2038 2228 2089 natu,
2263 2029 2301 2079 t.
2337 2023 2428 2093 Vl,
2459 2040 2518 2096 p.
2558 2026 2706 2094 7.55.)

2010 2205 2315 2218 ———

574 2361 964 2419 Gothofrcdum
1000 2359 1243 2432 proxime
1265 2358 1474 2428 excepit
1495 2358 1776 2422 Galterus,
1796 2372 1868 2411 ex
1894 2357 2094 2414 lnsulis
2123 2363 2180 2423 Α
2209 2359 2387 2416 decim
2415 2360 2605 2416 solidis
2635 2361 3099 2434 Melgoriensibus
3131 2365 3354 2419 assertis
3383 2381 3445 2420 ex
3477 2365 3628 2420 arch.
3661 2363 3801 2419 Gel-

499 2461 702 2532 oppido
736 2457 998 2513 Flandrise
1056 2455 1340 2520 oriundus,
1401 2455 1485 2508 vir
1543 2454 1595 2508 in
1653 2451 1854 2506 divinis
1899 2453 2098 2509 studiis

502 2549 669 2620 longo
693 2547 866 2601 studio
917 2545 1263 2609 exercitatus,
1315 2551 1368 2597 et
1406 2542 1742 2596 saecularium
1788 2541 2096 2596 litterarum

499 2654 607 2692 non
642 2637 889 2709 ignarus,
947 2633 1169 2705 ingenio
1211 2640 1498 2702 praestans,
1545 2639 1595 2684 et
1645 2630 1826 2685 clarus
1856 2629 2091 2701 eloquio,

497 2727 588 2798 qui
621 2741 719 2779 suo
749 2732 992 2794 tempore
1022 2729 1241 2792 pr0pter
1284 2719 1590 2776 doctrinam
1643 2728 1695 2773 et
1739 2717 2090 2773 eruditionem

497 2829 698 2885 magno
729 2811 826 2866 fuit
855 2812 907 2864 in
939 2811 1137 2880 pretio.
1198 2809 1295 2862 Hic
1326 2809 1417 2863 ille
1433 2823 1666 2877 namque
1696 2814 1778 2860 est
1807 2806 2088 2872 Galterus,

497 2917 663 2974 quem
677 2917 709 2956 a
726 2900 976 2954 Waltero
995 2899 1252 2969 episcopo
1270 2894 1663 2969 Magalonensi,
1682 2895 1750 2948 de
1768 2909 1873 2967 quo
1893 2895 2091 2950 Tritbe-

502 3001 664 3066 mius,
708 3015 993 3070 perperam
1022 2995 1261 3052 secernit
1311 2993 1623 3048 Gariellus:
1658 3008 1763 3046 non
1795 2991 1937 3046 enim
1971 2993 2088 3045 Ma-

493 3089 798 3162 golensem,
833 3087 928 3142 sed
977 3083 1416 3158 Magalonensem
1445 3081 1590 3152 apud
1619 3080 1973 3134 Trithemium
2005 3081 2086 3135 le-

491 3179 729 3249 gendum
760 3177 948 3246 probat
979 3173 1209 3244 epistola
1229 3171 1511 3242 ipsiusmct
1541 3169 1750 3224 Galteri
1781 3169 1850 3224 ad
1885 3169 2089 3225 Rober-

491 3274 600 3320 tum
633 3265 978 3336 praepositum
1015 3261 1323 3315 lnsulanum
1353 3258 1499 3312 edita
1531 3274 1560 3311 a
1594 3257 1925 3322 Mabillonio,
1963 3273 2084 3313 cum

489 3363 754 3434 Maagalze
787 3364 840 3416 in
877 3359 1176 3423 Palaestina,
1211 3357 1296 3412 vel
1329 3356 1548 3422 Magalis
1581 3353 1635 3409 in
1672 3354 1926 3426 Hispania
1957 3356 2081 3410 nul-

489 3452 602 3506 lum
633 3451 868 3506 ascribat
900 3447 1274 3518 pontificatum
1305 3447 1716 3516 episc0patuum
1762 3444 1969 3498 notitia.
2002 3445 2081 3498 Ex

487 3544 590 3596 hac
608 3548 786 3593 autem
819 3547 870 3593 et
901 3536 1070 3591 altera
1096 3552 1125 3588 a
1159 3537 1408 3588 Brunone
1427 3532 1700 3603 Signiensi
1723 3532 1980 3602 episcopo
2010 3532 2079 3586 ad

488 3638 768 3694 Galterum
825 3636 977 3701 data,
1038 3648 1196 3701 quam
1228 3632 1399 3685 babes
1451 3638 1579 3684 tem.
1635 3629 1737 3682 ΧΠ
1789 3628 2076 3701 Spicileg.,

2208 2447 2441 2504 lonensi.
2489 2451 2568 2504 Eo
2615 2451 2836 2506 circiter
2876 2461 3122 2523 tempore
3170 2452 3496 2508 Guillelmus
3545 2453 3801 2508 dominus

2205 2538 2836 2609 Montispessulanilidei
2899 2551 3298 2596 sacramentum
3354 2541 3492 2596 dixit
3548 2542 3802 2609 Galtero,

2203 2626 2290 2680 cui
2345 2642 2489 2681 anno
2565 2629 2695 2681 1111
2763 2629 3053 2704 Eleazarus
3105 2631 3175 2685 de
3244 2631 3450 2685 Castris
3504 2630 3796 2686 ecclesiam

2202 2716 2266 2771 S.
2301 2716 2514 2770 Martini
2545 2716 2612 2770 de
2656 2717 2858 2783 Cretio,
2897 2726 3148 2789 quartam
3195 2723 3405 2788 partem
3455 2719 3793 2774 decimarum

2199 2803 2261 2857 S.
2296 2805 2574 2860 Michaelis
2595 2805 2664 2860 dc
2695 2807 3052 2878 Agusanicis,
3071 2815 3124 2863 et
3146 2825 3265 2879 qua)
3286 2807 3436 2877 prius
3455 2807 3794 2863 Gothofredo

2198 2892 2498 2962 dimiserat,
2531 2896 2826 2950 concessit.
2858 2896 3096 2951 Concilio
3129 2896 3422 2951 Viennensi
3451 2895 3621 2951 adfuit
3650 2896 3793 2950 Gal-

2198 2991 2354 3045 lerus
2379 3005 2524 3046 anno
2560 2993 2716 3046 1112.
2753 2990 3076 3047 Guillelmus
3106 2993 3173 3047 de
3205 2993 3447 3048 Fabricis
3468 2993 3692 3064 largitus
3711 3003 3790 3048 est

2196 3095 2336 3133 anno
2368 3082 2558 3135 eodem
2591 3079 2861 3135 mediante
2891 3081 3110 3137 Galtero
3149 3083 3398 3138 ecclesia:
3437 3083 3614 3138 Sancti
3647 3083 3790 3138 Bau-

2195 3167 2310 3221 dilii
2340 3169 2562 3238 podium
2591 3168 2646 3222 in
2677 3185 2782 3240 quo
2814 3169 2916 3224 sita
2946 3169 3198 3235 ecclesia,
3232 3179 3285 3224 et
3314 3171 3571 3242 quidquid
3615 3172 3790 3226 liabe-

2194 3257 2283 3310 bat
2313 3257 2365 3309 in
2397 3257 2534 3312 valle
2584 3258 2852 3313 Carreria.
2901 3261 3003 3312 Ato
3034 3258 3101 3313 de
3144 3259 3394 3314 Cornone
3437 3258 3785 3314 medietatem

2191 3345 2421 3400 decimre
2452 3346 2507 3400 8.
2540 3346 2818 3401 Michaelis
2839 3347 2907 3402 de
2931 3347 3208 3402 Grimiano
3235 3347 3654 3403 Gellonensibus
3677 3348 3786 3403 sol-

2195 3442 2268 3496 vit
2292 3442 2348 3496 in
2376 3442 2630 3497 manibus
2651 3444 2864 3499 Galteri
2897 3461 2928 3499 v
2960 3443 3090 3500 ldus
3115 3445 3266 3512 Maii,
3289 3461 3431 3500 anno
3457 3449 3610 3502 1113.
3636 3446 3785 3501 Guil-

2185 3529 2380 3585 lelmus
2413 3532 2697 3602 Monspelii
2739 3533 2989 3586 dominus
3021 3541 3208 3588 contra
3237 3549 3485 3606 paganos
3506 3535 3576 3589 ad
3607 3551 3783 3605 expu-

2186 3619 2460 3690 gnandam
2494 3619 2722 3675 insulam
2767 3621 3078 3690 Majoricam
3110 3639 3365 3695 pergens,
3399 3629 3784 3678 testamentum

487 3744 547 3796 p.
587 3729 675 3789 Ἦ),
709 3731 935 3795 apparet
966 3721 1240 3775 Galterum
1267 3718 1557 3788 Scripturis
1587 3717 1756 3772 sacris
1786 3717 2079 3787 plurimum
2108 3719 2161 3778 Β
2191 3715 2434 3774 condidit
2461 3732 2602 3770 anno
2638 3718 2794 3780 1114,
2829 3717 2896 3771 de
2949 3718 3178 3774 consilio
3233 3718 3477 3788 ejusdem
3517 3718 3782 3790 episc0pi,

487 3815 763 3870 studuisse
793 3820 905 3866 tum
965 3826 1093 3866 cum
1139 3807 1286 3878 apud
1339 3807 1551 3862 Insulas
1583 3807 1908 3862 Moraretur.
1969 3807 2077 3861 Sub

485 3901 812 3960 Gothofrcdi
869 3907 1060 3970 postea
1116 3896 1405 3965 disciplina
1450 3895 1738 3960 meruisse,
1784 3903 2078 3966 antequam

483 3992 638 4048 fieret
665 3990 974 4062 episcopus,
1006 3987 1210 4042 docent
1241 3984 1486 4042 Verdalae
1515 3984 1776 4040 carmina.
1810 3983 2078 4040 Defuncto

479 4098 664 4145 autem
690 4087 949 4158 magistro
1006 4083 1271 4139 successit
1323 4081 1619 4151 discipulus
1648 4093 1738 4137 an.
1789 4082 1943 4147 1103,
1985 4090 2078 4136 aut

479 4178 676 4233 saltem
703 4178 859 4237 1104,
891 4183 952 4228 ut
982 4173 1149 4244 liquet
1191 4188 1257 4226 ex
1299 4171 1470 4226 veteri
1503 4171 1690 4226 charta
1733 4170 1855 4224 data
1886 4186 1959 4226 vu
1991 4170 2070 4224 ld.

479 4267 622 4330 Maii,
644 4281 788 4320 anno
816 4265 975 4332 1125,
1007 4277 1164 4332 quem
1201 4260 1504 4316 vicisimum
1544 4259 1843 4314 secundum
1873 4276 2070 4328 praesu-

477 4356 624 4410 latus
653 4354 737 4409 sui
767 4353 1163 4408 annumerabat
1193 4349 1472 4414 Galterus,
1506 4356 1560 4404 ut
1589 4348 1850 4404 diximus.
1875 4349 2072 4404 Factus

479 4443 771 4512 episcopus
799 4439 1040 4495 animum
1070 4438 1269 4506 adjecit
1301 4446 1356 4500 ut
1384 4438 1533 4502 mdes
1578 4452 1769 4493 sacras
1791 4443 2068 4492 restaura-

480 4549 585 4606 ret,
619 4554 816 4608 nempe
841 4536 1291 4608 Magalonensem
1325 4534 1610 4590 basilicam
1639 4550 1705 4588 ex
1735 4544 1884 4604 parte
1912 4534 2068 4602 deje-

479 4638 623 4687 etam
655 4625 909 4691 suifulsit,
941 4624 1136 4679 turrim
1195 4623 1378 4678 Sancti
1436 4622 1705 4693 Sepulcri,
1747 4623 2062 4687 triclinium,

476 4716 877 4780 dormitorium,
910 4713 1166 4769 conclave
1193 4727 1226 4766 a
1251 4711 1621 4766 fundamentis
1651 4710 1909 4766 excitavit
1932 4725 1944 4778 ;
1970 4726 2067 4765 sa-

475 4806 805 4864 cerdotalem
834 4802 1083 4860 ecclesiae
1129 4800 1560 4871 suppellectilem
1602 4798 1782 4866 auxit,
1815 4814 2063 4865 auream,

475 4912 806 4978 argenteam,
869 4899 1208 4968 sericemque
1273 4897 1511 4960 tradidit,
1570 4895 1830 4952 ecclesias
1883 4895 2065 4951 Sancti

472 4994 666 5050 Briccii
699 5001 751 5047 et
775 4992 843 5046 de
873 4991 1101 5044 Laureto
1139 4986 1417 5042 canonicis
1455 4985 1685 5057 largitus
1733 4993 1842 5040 est.
1886 4987 1933 5039 Α
1964 4987 2066 5040 Pa-

2191 3805 2278 3858 cui
2307 3813 2360 3859 et
2389 3804 2654 3859 Ecclesiae
2709 3805 3082 3876 Magalonensi
3113 3814 3280 3862 totam
3335 3809 3519 3864 villam
3550 3809 3783 3862 Montis-

2187 3899 2481 3970 pessulani,
2517 3917 2637 3972 quae
2669 3909 2782 3955 erat
2813 3903 3108 3973 antiquitus
3154 3904 3412 3959 allodium
3469 3905 3643 3961 sancti
3674 3906 3778 3960 Pe-

2187 3987 2252 4041 tri
2302 3989 2700 4062 Magalonensis
2739 3991 3006 4057 ecclesiae,
3047 4001 3100 4048 et
3141 4000 3313 4048 totum
3366 3993 3587 4050 feudum
3631 3995 3781 4065 quod

2184 4077 2422 4133 habebat
2474 4079 2542 4131 ab
2587 4078 2852 4149 episcopo
2912 4081 2966 4133 in
3023 4083 3281 4151 parochia
3336 4083 3393 4138 S.
3455 4083 3674 4138 Firmini
3722 4092 3781 4137 et

2185 4166 2249 4220 S.
2287 4165 2537 4236 Dionysii
2566 4167 2634 4221 de
2663 4168 3112 4238 Montepelyreto,
3153 4179 3201 4224 et
3232 4171 3339 4225 alia
3369 4171 3590 4226 domina
3618 4171 3778 4241 lega-

2183 4254 2282 4310 vit.
2321 4254 2665 4310 Testamento
2697 4257 3021 4328 subscripsit
3048 4257 3332 4325 Galterus;
3379 4259 3463 4316 cui
3497 4258 3776 4329 exemplar

2181 4354 2598 4410 custodiendum
2647 4355 2919 4411 commisit
2961 4357 3304 4414 Guillelmus.
3358 4360 3406 4414 Α
3449 4359 3606 4415 Petro
3637 4359 3772 4413 Ber-

2180 4443 2335 4496 nardi
2365 4443 2658 4498 llelen'ensi
2687 4445 2946 4516 episcopo
2975 4446 3174 4501 ascitus
3203 4447 3298 4502 fuit
3319 4463 3464 4502 anno
3494 4447 3685 4502 eodem
3715 4457 3774 4503 ut

2178 4529 2341 4585 finem
2374 4531 2533 4586 simul
2563 4532 2908 4602 imponerent
2937 4535 3199 4590 diuturnae
3230 4537 3773 4610 controversiae,qua2

2178 4626 2320 4682 inter
2348 4628 2679 4683 monasteria
2705 4630 3024 4686 Cuxanense
3062 4640 3115 4688 et
3157 4633 3425 4689 Arulense
3452 4633 3620 4688 inerat
3649 4651 3775 4704 pro-

2175 4724 2296 4783 pter
2344 4715 2632 4772 ecclesiam
2682 4719 2742 4773 8.
2801 4720 2954 4775 Petri
3009 4721 3080 4777 de
3129 4722 3400 4778 Turriliis.
3435 4722 3595 4780 Circa
3624 4723 3772 4778 idem

2175 4819 2390 4883 tempus
2421 4814 2640 4870 Pontius
2671 4815 2959 4872 Raimundi
2987 4818 3213 4874 Galtero
3241 4821 3473 4875 restituit
3507 4819 3770 4892 quidquid

2173 4894 2230 4949 in
2254 4896 2490 4952 ecclesia
2517 4898 2699 4955 Sancti
2730 4900 2990 4971 Stephani
3019 4903 3090 4959 de
3137 4903 3358 4960 Piniano
3385 4905 3642 4961 habebat.
3683 4906 3768 4957 Α-

2171 4983 2428 5040 demarus
2457 4986 2525 5040 de
2557 4987 2965 5046 Montearnaldo
3008 4990 3181 5046 eidem
3231 4993 3450 5064 reliquit
3476 4991 3767 5048 ecclesiam

473 5082 646 5138 schali
675 5083 721 5134 ll
754 5095 862 5134 una
891 5094 1013 5133 cum
1025 5077 1149 5132 aliis
1165 5077 1354 5130 decem
1377 5075 1593 5129 arbitris
1615 5074 1825 5130 electus
1855 5085 1950 5140 est,
1969 5075 2060 5146 qui
2091 5076 2138 5137 C
2169 5074 2240 5128 de
2268 5074 2669 5143 Senteiranicis,
2706 5077 2896 5132 Petrus
2913 5080 2982 5134 de
3006 5079 3193 5135 Salsas
3214 5081 3504 5138 ecclesiam
3527 5081 3597 5136 de
3628 5081 3770 5136 Casa

473 5172 650 5220 ortam
679 5162 1204 5220 Casadeaseminter
1235 5169 1287 5215 et
1313 5158 1679 5214 Anianensem
1711 5159 1940 5215 abbates
1971 5176 2061 5213 su-

470 5271 569 5325 per
588 5252 916 5308 monasterio
966 5251 1034 5304 de
1077 5248 1404 5305 Gordanicis
1459 5247 1742 5319 querelam
1771 5247 2058 5313 referrent,

474 5364 637 5422 quam
689 5345 944 5403 Valentia:
993 5345 1328 5414 compescuit
1377 5360 1621 5400 summus
1649 5344 1885 5415 pontifex
1917 5360 2060 5400 anno

472 5437 842 5493 1107.Dalam
873 5431 1295 5492 Gcllonensibus
1350 5449 1382 5491 a
1437 5434 1493 5488 Β.
1527 5433 1806 5489 memoria:
1847 5435 2060 5491 Gotho-

471 5527 628 5582 fredo
658 5523 839 5579 Sancti
873 5519 1084 5575 Martini
1143 5522 1210 5575 de
1261 5521 1494 5575 Lundris
1524 5522 1812 5578 ecclesiam
1855 5525 2059 5579 confir-

471 5625 634 5683 mavit
691 5636 834 5676 anno
896 5621 1052 5683 mo,
1112 5618 1297 5674 indict.
1358 5634 1437 5680 tu,
1502 5628 1691 5688 quarta
1722 5619 2058 5677 decimarum

465 5732 625 5798 parte
653 5723 877 5776 servata
907 5717 1010 5772 sibi
1039 5724 1091 5773 et
1121 5715 1883 5788 oblationum,canonicisque
1913 5721 2057 5775 duo-

2170 5170 2340 5225 veteri
2389 5179 2442 5225 et
2487 5170 2708 5226 feudum
2758 5173 2812 5226 in
2871 5175 3120 5248 Gigeano
3164 5193 3266 5246 pro
3324 5186 3556 5249 quatuor
3611 5176 3766 5230 libris

2169 5265 2625 5336 Melgoriensibus
2653 5270 2829 5325 eidem
2847 5273 3254 5342 Oppigneravit.
3287 5275 3512 5344 Recepit
3527 5273 3766 5329 hominis

2171 5355 2447 5410 Guillelmi
2475 5358 2726 5426 Ribaute,
2746 5361 3002 5415 Dalmatii
3032 5361 3126 5416 filii
3155 5372 3210 5417 et
3238 5363 3528 5417 ltaimundi
3557 5362 3628 5418 de
3654 5363 3762 5417 Ca-

2171 5443 2296 5498 stris
2323 5460 2423 5515 pro
2453 5454 2636 5502 castro
2665 5448 2734 5503 de
2763 5449 3036 5521 Gigeano.
3064 5453 3377 5507 Bernardus
3395 5467 3584 5508 comes
3601 5467 3761 5508 uxor-

2170 5547 2276 5602 que
2306 5532 2595 5588 Guillelma
2625 5539 3000 5593 cuemeterium
3042 5548 3096 5594 et
3137 5545 3291 5595 stare
3325 5540 3374 5595 ei
3405 5540 3761 5596 reddiderunt

2162 5630 2315 5698 juxta
2344 5630 2638 5687 ecclesiam
2670 5635 2729 5688 S.
2789 5635 3015 5691 Romani
3047 5637 3115 5692 de
3141 5637 3433 5710 Mclgorio.
3469 5639 3759 5694 Eleazarus

2167 5727 2236 5782 de
2287 5728 2702 5787 Monterotuudo
2766 5737 3090 5791 communia:
3155 5736 3304 5792 sedis
3335 5737 3764 5812 Magalonensis
