4072 6078
262 275 369 330 τοι)

1227 276 1593 333 GALTERUS
1632 274 1714 331 ΕΤ
1749 272 2193 333 LlETBERTUS.
2231 307 2297 318 —
2329 277 2614 336 NOTITIA

3470 278 3574 339 110

261 396 559 457 ecclesiam
586 398 649 456 S.
688 400 871 473 Egidii
898 401 967 457 de
998 401 1157 458 Fisco
1188 416 1287 472 pro
1308 419 1341 457 L
1362 401 1522 457 Solid.
1548 400 1779 473 Melg'or.
1801 398 1857 455 in
1886 398 1942 458 Α
1969 400 2260 473 legationis
2289 404 2433 459 euris
2462 405 2793 475 praepeditus
2828 414 3089 476 praestare
3102 407 3345 463 modum
3372 417 3568 479 patue-

263 490 518 545 manibus
548 490 760 547 Galteri
787 490 1101 561 dereliquit.
1128 492 1467 549 Recensetur
1496 491 1639 547 inter
1657 505 1873 567 praesu-

265 588 346 642 les
380 588 469 659 qui
498 604 645 643 anno
676 590 815 644 1115
865 589 1158 645 ecclesiam
1208 588 1625 645 Cassianensem
1671 603 1874 644 conse-

262 686 501 743 crarunt,
537 678 694 746 cujus
725 678 891 733 altare
921 678 1021 734 SS.
1067 679 1330 749 apostolis
1378 681 1540 741 Petro
1587 686 1640 733 et
1682 677 1869 741 Paulo,

260 771 526 836 Andreae,
564 772 774 827 Jacobo
804 777 860 827 et
888 773 944 828 S.
974 772 1127 829 Fidei
1158 774 1226 827 ab
1254 774 1375 844 ipso
1406 773 1636 829 solemni
1656 772 1761 827 ritu
1791 772 1873 826 di-

267 867 448 915 catum
480 859 546 914 L.
586 860 941 917 Vivariensis
970 869 1022 917 et
1052 864 1123 918 A.
1152 862 1551 918 Avcnionensis
1579 862 1871 933 episcopo-

261 973 386 1011 rum
418 964 615 1030 rogatu
644 958 924 1029 Stephano
979 959 1133 1014 Casae
1165 959 1276 1015 Del
1315 959 1497 1015 abbati
1552 973 1872 1015 concessam

258 1045 371 1114 jam
402 1062 432 1099 a
464 1045 759 1102 decessore
789 1046 1080 1103 ecclesiam
1112 1048 1299 1104 Sancti
1330 1044 1596 1103 Vincentii
1621 1047 1690 1103 de
1731 1047 1870 1102 Jun-

261 1133 475 1205 quariis
505 1133 852 1191 confirmavit
884 1152 975 1191 an.
1011 1137 1168 1198 1116,
1201 1137 1559 1209 adjunxitque
1606 1135 1870 1192 ecclesias

263 1230 453 1287 Sancti
488 1233 630 1287 Petri
654 1232 723 1288 de
757 1234 1010 1290 Portiano
1037 1244 1090 1290 et
1118 1235 1189 1289 de
1220 1234 1494 1291 Caucone.
1544 1235 1872 1307 Approbavit

257 1335 404 1374 anno
441 1323 573 1375 ms
607 1320 1022 1377 mdificationem
1048 1324 1300 1379 ecclesia:
1329 1324 1636 1379 Murlensis.
1678 1323 1870 1378 Conci-

263 1408 545 1464 Tolosano
579 1410 771 1474 adfuit,
804 1411 899 1464 ubi
931 1410 1142 1482 judicio
1171 1429 1201 1466 a
1230 1411 1438 1467 Calixto
1468 1413 1515 1466 lI
1559 1428 1657 1482 pro
1706 1412 1869 1466 Ania-

268 1505 535 1562 nensibus
564 1506 679 1564 lato
708 1508 896 1565 Idibus
920 1509 1051 1565 Julii
1076 1526 1220 1569 anno
1244 1511 1380 1569 1119
1411 1509 1756 1580 subscripsit.
1781 1511 1870 1569 Ad

275 1594 529 1649 eumdem
580 1605 805 1652 revocat
861 1613 1068 1652 annum
1120 1598 1401 1653 Gariellus
1455 1597 1783 1679 Templariis
1838 1614 1868 1679 ιι

1982 505 2085 565 rat,
2109 500 2409 571 promissos
2436 492 2657 569 tandem
2681 499 2896 561 duobus
2925 501 2981 579 it}
3011 501 3182 568 libris,
3214 519 3322 557 non
3354 504 3572 574 quidem

1982 586 2224 656 scripsit,
2255 597 2311 642 ut
2340 588 2491 659 apud
2529 589 2911 656 Trithemium,‘
2964 590 3043 645 se'l
3102 591 3342 663 vulgavit
3388 595 3574 650 Flore:

1978 677 2328 746 psalmorum
2359 693 2390 731 a
2418 677 2671 733 Letberto
2701 680 2966 735 canonico
3000 680 3054 734 S.
3095 679 3234 734 Petri
3258 681 3401 751 apud
3424 681 3577 736 Insu-

1980 771 2067 827 las
2092 779 2145 827 et
2174 781 2363 843 postea
2393 772 2587 829 abbate
2619 774 2800 831 Sancti
2832 774 2950 831 Rufi
2999 775 3279 842 collectos,
3333 785 3381 832 et
3428 778 3576 832 misit

1982 858 2052 914 ad
2082 860 2379 915 Robertum
2412 862 2533 929 ejus
2564 863 3025 933 consanguineum
3052 863 3406 935 praepositum
3428 864 3574 919 insu-

1981 958 2185 1023 lanum,
2206 967 2547 1031 cmlerosque
2575 960 2826 1029 ejusdem
2855 962 3103 1018 ecclesia:
3124 962 3439 1020 canonicos.
3467 963 3575 1034 lpsi

1981 1062 2196 1117 quoque
2225 1063 2331 1101 non
2362 1047 2701 1120 inelegantes
2731 1050 2800 1103 ad
2830 1050 3084 1105 diversos
3114 1050 3375 1120 epistolas
3403 1051 3574 1106 ascri-

1980 1135 2056 1190 bit
2073 1135 2425 1202 Trithemius,
2452 1137 2670 1210 aliaque
2692 1137 2972 1193 nonnulla.
3000 1139 3245 1210 Denique
3263 1155 3384 1195 cum
3406 1140 3576 1194 abbas

1979 1232 2309 1289 Anianensis
2338 1233 2562 1302 synodis
2594 1234 3093 1306 Magalonennibus
3125 1236 3321 1293 adesse
3346 1254 3577 1295 recusa-

1974 1329 2083 1387 ret,
2114 1337 2177 1375 re
2205 1337 2302 1390 per
2331 1323 2647 1392 episcopum
2677 1324 2745 1377 ad
2769 1323 3063 1378 Honorium
3090 1325 3134 1378 ll
3157 1333 3284 1381 tunc
3309 1326 3360 1380 in
3381 1328 3574 1382 cathe-

1978 1408 2080 1464 dra
2108 1410 2164 1464 S.
2201 1410 2654 1477 Petrisedentem,
2673 1410 3335 1479 delata,archidiaconum
3357 1422 3409 1468 et
3429 1431 3572 1485 pras-

1978 1514 2257 1562 centorem
2312 1508 2645 1580 Agathensis
2702 1508 2966 1563 Ecclesiae
3004 1508 3271 1564 commisit
3326 1527 3573 1568 summus

1977 1595 2222 1663 pontifex
2253 1595 2398 1649 bulla
2422 1596 2550 1649 data
2580 1597 2834 1651 Laterani
2866 1614 2905 1651 ιι
2934 1596 3203 1653 Kalendas
3231 1597 3392 1665 Junii,
3425 1618 3572 1670 pon-

260 1691 535 1747 Guillemo
563 1693 851 1764 Monspelii
880 1694 949 1749 ad
984 1694 1231 1758 Sonaria:
1252 1674 1575 1761 suburbium
1622 1676 1866 1759 erectam

1979 1678 2221 1773 ﬁtlcatus
2249 1699 2390 1739 anno
2419 1688 2473 1750 v,
2506 1685 2701 1740 Christi
2735 1686 2895 1751 1129,
2930 1702 3038 1758 qua
3055 1703 3154 1758 per
3174 1688 3383 1759 legatos
3403 1690 3569 1761 signi-

267 1780 466 1847 aedem,
500 1748 841 1853 dicatamlque
869 1797 902 1837 a
933 1782 1156 1839 Galtero
1189 1784 1477 1840 ecclesiam
1508 1787 1566 1839 Β.
1599 1785 1779 1842 Marim
1798 1784 1866 1839 de
1895 1748 1946 1809 Β
1981 1748 2160 1845 licata,
2200 1783 2383 1836 Petrus
2418 1781 2745 1837 Ανιὶειηριιδὶδ
2802 1785 2969 1838 abbas
3027 1784 3252 1841 Galtero
3308 1785 3571 1860 episcopo

270 1877 458 1941 Lezes,
491 1894 637 1933 nunc
660 1894 789 1934 vero
820 1880 1005 1936 Sancti
1034 1880 1268 1936 Joannis
1297 1882 1501 1953 Magni,
1530 1900 1654 1953 quae
1685 1892 1871 1954 postea

269 1962 323 2018 in
351 1966 820 2037 praeceptorialem
852 1969 1072 2023 domum
1104 1977 1436 2024 commutata
1487 1978 1569 2025 est
1603 1990 1614 2024 :
1661 1981 1714 2027 at
1759 1989 1869 2029 non

268 2054 661 2109 animadvertit
685 2057 766 2110 vir
792 2056 984 2112 doetus
1031 2057 1368 2128 Templarios
1416 2058 1471 2112 in
1520 2059 1871 2117 Occidentem

274 2164 385 2206 non
444 2159 766 2221 penetrasse
802 2161 929 2209 ante
973 2169 1176 2211 annum
1221 2156 1384 2210 1128.
1440 2155 1575 2211 Cum
1617 2158 1871 2227 plurimis

265 2237 545 2310 episcOpis
594 2239 916 2310 subscripsit
957 2241 1213 2298 Galterus
1270 2243 1432 2299 bulla}
1475 2261 1505 2299 a
1557 2245 1770 2302 Calixto
1822 2249 1869 2301 ll

272 2329 416 2383 datae
446 2343 485 2381 ιι
516 2327 595 2383 ld.
628 2328 753 2383 Julii
782 2330 919 2384 1120
948 2346 1046 2402 pro
1074 2331 1409 2389 monasterio
1437 2333 1727 2391 Electensi.
1752 2337 1869 2390 Me-

261 2433 507 2480 moratur
534 2425 587 2481 iu
617 2427 804 2483 charta
829 2426 1121 2483 Raimunrli
1140 2429 1208 2484 de
1239 2430 1493 2487 Cornone
1529 2438 1583 2487 et
1620 2432 1869 2489 Bicardm

261 2512 454 2568 uxoris
484 2530 581 2584 pro
610 2517 939 2572 monasterio
968 2516 1288 2574 Gellonensi
1350 2536 1449 2576 vin
1493 2522 1576 2577 ld.
1626 2522 1860 2580 Decem.

264 2616 364 2656 an.
406 2602 572 2659 1121.
611 2604 821 2660 Eodem
850 2620 995 2661 anno
1026 2607 1353 2663 Guillelmus
1382 2610 1871 2681 Montispessnlani

262 2689 525 2747 dominus
565 2690 814 2749 ecclesiae
857 2694 1237 2767 Magalonensi
1284 2705 1612 2754 testamento
1663 2699 1872 2773 legavit

275 2789 524 2845 moriens
551 2806 686 2846 vasa
715 2807 815 2847 sua
844 2793 1030 2848 omnia
1057 2802 1345 2865 argentea.
1378 2799 1538 2852 Anno
1568 2797 1707 2854 1122
1731 2797 1868 2858 Gal-

265 2885 419 2932 terus
449 2878 617 2933 astitit
648 2881 939 2936 conventui
967 2881 1157 2937 habito
1185 2884 1328 2954 apud
1351 2883 1640 2939 Caslarum
1659 2886 1711 2940 in
1732 2886 1870 2943 dim-

267 2966 390 3021 eesi
421 2966 772 3038 Leutevensi,
806 2968 900 3023 ubi
930 2968 1102 3040 ipsius
1124 2971 1336 3041 judicio
1376 2972 1529 3027 ﬁnita
1581 2973 1698 3042 fuit,
1750 2992 1869 3045 quae

1979 1878 2104 1923 ante
2135 1870 2305 1926 altare
2364 1870 2545 1925 Sancti
2600 1872 2800 1926 Briccii
2847 1872 3213 1927 obedientiam
3269 1876 3571 1931 secundum

1975 1964 2149 2019 Deum
2180 1965 2445 2036 promisit,
2480 1966 2867 2037 nonnullisque
2898 1966 3064 2022 cessit
3093 1967 3362 2035 ecclesiis,
3388 1986 3454 2025 ac
3482 1971 3569 2026 vi-

1976 2052 2160 2109 cissim
2194 2053 2484 2124 episcopus
2514 2069 2641 2109 cum
2687 2069 2922 2109 assensu
2974 2055 3360 2112 canonicorum
3398 2059 3570 2112 Aniu-

1974 2142 2133 2196 nensi
2151 2142 2484 2197 monasterio
2503 2142 2792 2198 ecclesiam
2811 2151 3015 2198 sanctae
3036 2143 3220 2199 Mariae
3242 2144 3310 2200 de
3358 2146 3567 2201 Roveto

1975 2240 2215 2306 tradidit,
2249 2239 2494 2311 aliasque
2523 2256 2651 2295 cum
2673 2239 2868 2296 abbate
2911 2239 3172 2311 przedicto
3219 2245 3563 2312 permutavit.

1977 2328 2442 2398 quemadmodum
2474 2328 2704 2383 habetur
2733 2328 2787 2382 in
2819 2328 3173 2386 instrumento
3211 2332 3381 2386 veteri
3423 2333 3570 2402 apud

1978 2416 2296 2472 Gariellum.
2331 2418 2481 2472 Hanc
2507 2424 2687 2472 autem
2716 2417 2906 2471 initam
2952 2433 3061 2473 non
3082 2417 3256 2473 multo
3277 2428 3397 2491 post
3431 2436 3568 2477 con-

1978 2515 2221 2571 cordiam
2253 2532 2283 2571 e
2315 2514 2449 2571 vivis
2469 2514 2773 2571 excessisse
2806 2514 3086 2573 Galterum
3139 2532 3424 2575 necessum
3444 2528 3569 2587 est:

1972 2605 2312 2660 Raimundus
2342 2605 2488 2660 enim
2519 2606 2635 2673 ejus
2664 2620 2953 2661 successor
2977 2606 3093 2675 jam
3123 2616 3570 2678 praeeratmensa

1976 2697 2243 2766 Augusto,
2276 2703 2331 2748 ut
2363 2710 2486 2748 mox
2510 2693 2839 2749 videbimus.
2865 2694 3172 2751 Defunctus
3200 2705 3379 2751 autem
3401 2714 3569 2769 sepe-

1973 2789 2101 2845 litur
2129 2790 2321 2846 eodem
2353 2806 2468 2863 quo
2489 2789 2751 2845 decessor
2767 2788 3143 2846 Gothofredus
3164 2794 3374 2863 positus
3392 2792 3570 2851 fuerat

1973 2879 2117 2947 loco,
2151 2885 2213 2934 ut
2239 2887 2452 2939 constat
2472 2895 2537 2934 ex
2593 2878 2932 2934 carminibus
2971 2878 3110 2934 infra
3167 2881 3519 2950 subjiciendis
3552 2899 3565 2940 :

1973 2968 2120 3023 unde
2149 2968 2424 3024 concludit
2453 2967 2732 3023 Gariellus
2762 2967 2862 3021 sub
2892 2966 3055 3023 ﬁnem
3071 2968 3194 3025 vitae
3212 2970 3569 3027 decessorum

264 3067 577 3123 monachos
605 3067 982 3125 Juncellenses
1008 3069 1153 3125 inter
1184 3079 1239 3127 et
1280 3072 1635 3130 Concbenses
1690 3074 1868 3131 inerat

1977 3065 2268 3137 primulum
2300 3064 2518 3137 pietatis
2541 3062 2793 3119 mmulum
2820 3064 3166 3120 Palaestinam
3187 3067 3409 3138 petiisse
3431 3069 3568 3124 Gal-

263 3156 640 3210 controversia
670 3172 839 3228 super
866 3158 1104 3214 ecclesia
1144 3160 1214 3215 de
1259 3161 1494 3216 Casulis.
1545 3163 1873 3219 Discordan-

265 3250 351 3298 tes
394 3242 744 3301 Guillelmum
772 3247 1228 3319 Monspeliensem
1259 3257 1312 3305 et
1338 3251 1593 3307 comitem
1624 3252 1874 3327 Melgorii

268 3356 396 3397 cum
434 3356 643 3414 magna
670 3341 982 3415 eloquentia
1010 3346 1379 3419 suavitateque
1419 3349 1675 3418 praeditus
1721 3366 1872 3407 com-

266 3444 481 3499 ponere
513 3446 623 3486 non
644 3440 831 3502 posset
859 3433 1137 3503 Galterus,
1171 3435 1241 3490 ad
1265 3437 1536 3492 Calixtum
1571 3438 1619 3492 Il
1650 3440 1872 3509 pontiﬁ-

272 3541 396 3580 cem
428 3526 633 3596 scribit,
670 3529 760 3601 qui
790 3544 938 3583 anno
962 3530 1099 3587 1124
1142 3532 1356 3588 Petrum
1405 3520 1871 3608 archiepiscopum

279 3613 681 3682 Viennensem,
724 3617 1011 3689 nugonem
1051 3620 1638 3694 Gratianopolitanum,
1679 3625 1870 3681 Hilde-

270 3702 490 3774 garium
530 3704 1017 3772 Tarraconensem,
1070 3715 1122 3764 et
1175 3710 1459 3766 Artaldum
1514 3714 1872 3784 Carpentora—

271 3799 516 3846 ctensem
539 3792 770 3859 induxit,
825 3802 884 3849 ut
913 3810 1038 3851 cum
1085 3796 1311 3853 Galtero
1366 3800 1467 3855 has
1523 3802 1873 3872 consopirent

275 3886 611 3944 inimicitias.
653 3891 861 3946 Arbitri
892 3891 1070 3967 itaque
1102 3894 1259 3951 electi
1296 3895 1350 3950 in
1399 3896 1631 3955 ecclesia
1688 3899 1872 3956 Sancti

278 3974 615 4035 Martinide
655 3980 834 4037 Cretio
880 3981 969 4037 die
1022 3982 1253 4039 Sabbati
1288 3988 1318 4039 9
1353 3986 1476 4041 Maii
1515 4004 1658 4043 anno
1710 3992 1868 4057 1125,

274 4064 491 4121 Galteri
522 4066 876 4136 pontiﬁcatus
903 4084 997 4125 an.
1023 4086 1167 4138 χχιι,
1194 4084 1583 4145 convenerunt,
1608 4076 1699 4132 ubi
1715 4094 1870 4148 quae-

272 4178 493 4233 cunque
523 4163 779 4220 comitem
820 4165 961 4223 inter
1018 4176 1073 4224 et
1129 4171 1445 4241 toparcham
1502 4182 1872 4231 controverte-

278 4250 478 4307 bantur
525 4250 808 4320 deﬁniere,
858 4263 909 4310 et
968 4255 1241 4314 Guillemo
1295 4269 1543 4317 auctores
1591 4261 1762 4328 fuere,
1814 4271 1873 4319 ut

276 4339 557 4396 Bernardo
587 4340 716 4396 ﬁdei
748 4353 1154 4401 sacramentum
1206 4347 1445 4404 diceret.
1490 4351 1640 4405 Hanc
1684 4350 1872 4408 delini-

1980 3163 2173 3221 terum,
2208 3153 2393 3226 ibique
2424 3153 2568 3208 diem
2597 3153 2844 3208 ultimum
2884 3153 3108 3220 obiisse,
3170 3164 3219 3209 et
3275 3155 3331 3211 in
3387 3166 3572 3213 monte

1982 3243 2278 3314 Peregrina
2308 3243 2500 3298 eodem
2532 3257 2640 3314 quo
2670 3242 2928 3299 decessor
2972 3242 3180 3299 tumulo
3236 3244 3512 3300 conditum
3551 3264 3564 3300 :

1979 3346 2031 3393 at
2061 3355 2182 3394 cum
2214 3337 2368 3409 prius
2397 3352 2506 3393 non
2537 3345 2764 3403 constet,
2799 3346 2896 3392 eta
2928 3337 3252 3408 quihusdam
3272 3339 3327 3393 in
3346 3340 3571 3396 dubium

1978 3436 2284 3494 revocetur,
2319 3434 2374 3482 ut
2397 3427 2508 3495 jam
2536 3426 2797 3491 diximus,
2830 3427 3108 3498 posterius
3137 3427 3407 3483 incertum
3445 3445 3565 3484 ma-

1976 3524 2089 3583 net,
2121 3524 2176 3572 et
2210 3515 2372 3571 fidem
2403 3532 2623 3572 omnem
2663 3524 2888 3586 superat
2926 3524 3152 3587 propter
3207 3517 3462 3591 exiguum
3521 3527 3574 3575 et

1978 3605 2147 3660 breve
2176 3605 2441 3676 temporis
2470 3604 2727 3675 spatium.
2752 3607 2813 3659 ln
2843 3606 3012 3660 veteri
3045 3606 3358 3678 necrologio
3386 3610 3574 3681 Maga—

1978 3693 2222 3750 lonensis
2255 3692 2504 3749 ecclesia:
2534 3693 2736 3766 legitur
2759 3710 2771 3747 :
2802 3695 2995 3749 Prima
3022 3694 3111 3750 die
3134 3695 3312 3750 Luna:
3328 3701 3454 3768 post
3474 3714 3571 3769 sy-

1977 3792 2187 3849 nodum
2199 3792 2431 3848 Pascitur
2452 3795 2678 3848 tenetur
2687 3792 2909 3863 capital
2916 3808 3007 3847 um
3028 3794 3215 3861 facere
3231 3794 3459 3850 missam
3473 3813 3575 3868 pro

1976 3882 2176 3936 animo
2205 3882 2271 3935 ι).
2292 3881 2509 3936 Baliari
2528 3880 2936 3950 Magalonemis
2953 3881 3228 3953 Episcopi.
3244 3881 3376 3950 Ejus
3395 3883 3575 3938 obitus

1978 3954 2295 4041 assignatur
2314 3968 2382 4022 ad
2402 3966 2591 4022 Nonas
2612 3965 2940 4022 Decembris
2961 3968 3014 4020 in
3041 3968 3371 4038 Necrologio
3393 3970 3577 4026 Sancti

1977 4065 2163 4137 Egidii
2207 4072 2488 4121 asservato
2537 4063 2597 4117 in
2639 4062 2966 4119 bibliotheca
3006 4064 3093 4117 Fr.
3156 4064 3575 4120 Prmdicatorum

1978 4152 2485 4217 Chamberiacensi,
2532 4150 2625 4207 ubi
2667 4151 2873 4208 dicitur
2923 4152 3220 4207 monachus
3260 4153 3576 4209 Molismene-

1979 4242 2075 4311 sis,
2108 4242 2251 4314 quod
2282 4239 2481 4294 nullibi
2511 4240 2692 4295 adhuc
2738 4240 2938 4310 reperi.
2990 4240 3080 4295 De
3136 4240 3365 4298 Galtero
3421 4251 3574 4299 vetus

1979 4355 2197 4412 quoque
2230 4354 2385 4393 musa
2416 4337 2569 4411 apud
2603 4337 2885 4393 Verdalam
2918 4336 3142 4394 cecinit.

281 4434 488 4491 tionem
512 4439 744 4532 mandat
774 4440 1026 4498 Galterus
1048 4443 1296 4532 Boberto
1324 4448 1623 4518 prmposito
1670 4450 1876 4505 lnsula-
1903 4458 1957 4517 D
2054 4461 2138 4519 111i
2161 4461 2413 4519 Galterus
2434 4460 2677 4517 succedit
2708 4460 2850 4516 ﬁlius
2881 4461 3023 4532 ejus,

278 4540 402 4579 rum
438 4525 692 4596 epistola,
725 4528 777 4582 in
813 4546 915 4598 qua
944 4547 1003 4586 se
1041 4531 1221 4602 ipsum
1270 4535 1334 4590 S.
1387 4536 1460 4595 Β.
1516 4537 1587 4592 Ε.
1640 4536 1879 4610 legatum

276 4623 579 4684 nuncupat,
608 4632 718 4687 quo
748 4616 888 4673 forte
918 4619 1075 4676 titulo
1101 4637 1133 4675 a
1162 4638 1383 4679 summo
1411 4625 1665 4695 pontifice
1704 4626 1881 4683 fuerat

275 4702 691 4772 cohonestatus,
727 4715 780 4760 ut
806 4706 1019 4776 judicio
1045 4708 1188 4764 inter
1214 4712 1467 4768 comitem
1487 4722 1542 4769 et
1560 4716 1879 4785 t0parcbam

272 4796 503 4854 ferendo
532 4808 823 4871 przeesset.
876 4805 995 4861 Hoc
1031 4806 1207 4863 adhuc
1249 4810 1477 4867 nomine
1525 4813 1881 4870 Casadenses-

274 4889 795 4958 excommunicavit,
830 4892 919 4962 qui
950 4893 1097 4950 litem
1126 4897 1751 4957 adversusAnianenses
1796 4920 1879 4959 re-

271 4976 551 5047 petierant
610 4982 758 5034 circa
813 4980 1101 5038 ecclesiam
1152 4985 1224 5042 de
1274 4987 1617 5045 Gordanicis.
1674 4990 1874 5046 Iisdem

272 5073 438 5129 etiam
470 5076 826 5134 suadentibus
873 5080 1090 5137 arbitris
1134 5083 1459 5141 Guillelmus
1507 5087 1634 5163 ﬁdei
1675 5104 1873 5146 saera-

272 5171 520 5218 mentum
552 5166 699 5234 quod
726 5167 1001 5225 abnuebat
1034 5169 1260 5229 Galtero
1291 5174 1550 5246 exhibuit,
1602 5185 1659 5232 ut
1705 5177 1875 5251 liquet

278 5266 347 5306 ex
380 5250 518 5306 actis
550 5254 836 5310 consulum
868 5273 899 5312 ιι
929 5258 1168 5316 Gariello
1198 5262 1403 5318 citatis.

344 5346 429 5402 Eo
455 5346 673 5405 circiter
724 5358 967 5424 tempore
1014 5356 1160 5427 quod
1200 5360 1444 5417 muneris
1488 5363 1776 5435 pastoralis
1821 5371 1875 5420 et

346 5684 578 5772 (UnHoc
598 5692 792 5772 forsan
819 5695 1081 5771 deceptus
1126 5698 1248 5760 loco
1289 5701 1570 5761 confundit
1614 5702 1869 5763 doctissi-

274 5775 400 5816 mus
422 5762 558 5834 Pagi
592 5763 875 5824 Gallorum
904 5762 1151 5829 nostrum
1179 5791 1299 5831 cum
1330 5776 1570 5834 Galterio
1583 5779 1651 5835 de
1666 5762 1871 5836 Castel-

2129 4550 2293 4606 Filius
2324 4550 2607 4623 obsequio,
2640 4550 2781 4604 ﬁlius
2806 4549 3008 4620 cilicio,

2058 4640 2290 4705 Doctus,
2312 4648 2367 4695 et
2392 4649 2622 4705 astutus,
2653 4656 2754 4710 per
2773 4656 2967 4695 versus
2991 4642 3065 4711 (1)
3109 4639 3307 4713 clarus,
3361 4653 3576 4714 acutus,

2127 4728 2360 4801 Magnus
2389 4728 2640 4794 consilio,
2674 4743 2914 4800 magnus
2942 4737 2998 4784 et
3025 4727 3264 4800 eloquio,

2059 4817 2303 4888 Corpore
2336 4816 2597 4879 sincerus,
2632 4824 2683 4870 et
2707 4817 2973 4888 religione
3004 4833 3249 4887 severus,

2129 4905 2427 4977 Impatiens
2459 4903 2704 4973 sceleris,
2735 4905 3079 4976 compatiens
3108 4906 3347 4973 miseris,

2053 4996 2271 5051 Norma:
2301 4994 2561 5058 cultores,
2594 5000 2648 5046 et
2678 5003 2899 5049 nostros
2927 4993 3083 5048 auxit
3112 4994 3372 5062 honores,

2123 5090 2306 5147 Crevit
2335 5091 2653 5154 thesaurus,
2689 5088 2915 5159 fabrica,
2946 5089 3115 5157 fama,
3138 5091 3356 5147 domus.

2054 5179 2191 5235 Inde
2221 5194 2457 5250 sequens
2481 5177 2623 5232 tristi
2650 5177 2886 5250 vestigia
2914 5186 3060 5234 sorte
3088 5180 3343 5252 magistri

2125 5260 2362 5334 lnteriit,
2381 5266 2591 5338 p0situs
2622 5282 2729 5337 quo
2758 5274 2915 5337 pater
2944 5274 3070 5323 ante
3099 5284 3258 5323 suus.

1978 5702 2122 5779 tione
2152 5695 2356 5757 celebri
2390 5703 2572 5768 poeta,
2592 5692 2695 5779 qui
2723 5691 2928 5771 seculo
2944 5704 3051 5779 aut
3079 5693 3326 5763 ﬂorebat,
3351 5695 3457 5752 Atii
3481 5712 3577 5752 ια-

1973 5775 2281 5846 temlegunt
2311 5784 2447 5844 perc
2476 5775 2653 5824 omit.
2960 5776 2965 5783 '
