4028 6070
431 267 534 324 7ιὸ

1589 267 1950 326 LIETBERTI
1989 269 2283 328 ABBATIS
2323 274 2379 330 S.
2406 272 2561 332 ιιυνι

3623 281 3730 338 716

443 408 526 476 es.
567 392 684 446 Nec
729 388 1020 476 attendatis
1070 391 1197 463 quid
1249 400 1534 476 cuntumve
1590 407 1624 447 ιι
1666 393 1822 448 nobis
1869 392 2023 448 vobis
2051 395 2108 454 Α
2136 395 2265 450 dum
2299 399 2522 453 eosdem
2552 399 2724 456 libros
2771 402 3145 471 postulaverit,
3177 417 3279 475 pro
3325 417 3426 458 sua.
3466 403 3734 476 petitione

432 474 672 539 offertur,
705 473 802 530 sed
860 489 924 530 ex
955 483 1154 544 quanto
1210 475 1363 531 'vobis
1411 477 1687 532 oﬂeratur.
1721 477 1901 532 Testis
1945 485 2029 531 est

435 563 580 620 enim
636 562 767 618 mihi
796 559 944 618 Deus
1000 563 1275 636 quomodo
1322 580 1513 620 omnes
1565 564 1780 636 cupiam
1846 581 1944 622 vos
1973 565 2029 620 in

438 650 745 708 visceribus
786 651 915 706 Iesu
945 651 1142 707 Christi
1180 667 1193 720 ;
1228 661 1280 708 et
1314 653 1420 710 hoc
1449 669 1547 709 oro
1593 662 1650 709 ut
1679 653 2030 726 omnipotens

436 741 586 797 Deus
635 755 732 812 per
775 739 1112 812 condignum
1154 741 1490 812 poenitentiae
1535 742 1770 798 fructum
1811 757 1916 798 vos
1960 746 2029 799 ad

435 842 642 901 pascua
685 828 808 885 vitae
871 833 1091 884 aeterna:
1145 829 1448 900 perducere
1496 830 1783 904 dignetur.
1837 832 2030 901 Neque

435 918 583 974 enim
618 917 784 974 vestri
813 916 1064 974 oblivisci
1093 918 1381 988 aliquando
1410 935 1721 990 possumus.
1756 919 2030 976 Volumus

437 1016 489 1063 et
507 1021 768 1080 rogamus
794 1014 853 1061 ut
883 1007 1096 1078 quoties
1127 1007 1367 1062 domnus
1400 1008 1726 1064 Hescelinus
1747 1009 1816 1063 ad
1841 1008 2028 1081 legen-

508 1112 690 1187 (5l‘Ex
719 1113 826 1187 hac
854 1112 1082 1184 epistola
1114 1129 1210 1187 seu
1233 1112 1580 1187 pragfatione,
1603 1130 1760 1187 quam
1796 1129 1866 1170 ex
1899 1115 2027 1170 Bol-

435 1184 555 1252 gica
589 1183 859 1240 Dunensis
886 1183 1199 1240 monasterii
1232 1184 1563 1240 bibliotheca
1603 1183 1866 1250 eruimus,
1897 1203 2026 1241 con-

437 1256 683 1311 lirmatur
711 1255 981 1310 sententia
1029 1255 1248 1310 Roberti
1279 1257 1330 1310 in
1377 1256 1616 1310 breviori
1648 1257 1828 1311 Gallia
1857 1257 2022 1311 Chri-

433 1325 627 1390 stiana,
659 1325 932 1398 censentis
988 1324 1266 1380 Gulterum
1325 1326 1767 1398 Magalonensem
1803 1328 2026 1395 episco-

434 1413 563 1468 pum
593 1395 843 1468 eumdem
862 1412 988 1468 esse
1007 1412 1133 1451 cum
1153 1398 1394 1462 (ialtero,
1418 1395 1517 1467 'qni
1554 1398 1741 1452 Flores
1775 1398 2022 1454 Pssimo-

429 1467 548 1522 rum
583 1467 850 1540 vulgavit.
893 1467 1168 1540 Immerito
1203 1469 1430 1540 proinde
1456 1471 1558 1540 hoc
1580 1469 1632 1540 in
1659 1469 1780 1540 loco
1811 1471 2023 1525 Bober-

423 1547 538 1593 tum
577 1538 776 1592 erroris
804 1538 1072 1608 postulant
1100 1538 1489 1594 San-Marthani
1525 1539 1579 1594 in
1615 1539 1799 1594 fusiori
1828 1539 2005 1595 Gallia

429 1608 756 1671 Christiana.
787 1622 855 1665 ac
911 1609 1093 1664 Patras
1137 1608 1372 1680 Gabriel
1425 1609 1479 1664 in
1538 1611 1680 1665 serie
1729 1611 2014 1680 prmsulum

429 1680 918 1752 Magalonensium,
939 1683 1028 1752 qui
1051 1679 1302 1736 Galteros
1322 1681 1460 1736 duos
1477 1679 1764 1736 distinctos
1792 1682 2006 1737 volunt.

2134 492 2189 539 et
2218 494 2404 541 nostra
2432 488 2797 557 promissione
2827 506 3046 562 semper
3069 491 3276 547 habere
3305 485 3602 548 mereatur.

2207 573 2394 630 Gratia
2423 575 2519 632 Dei
2552 578 2894 649 praecedente
2923 597 3022 652 per
3077 580 3452 652 importunum
3477 580 3732 637 laborem

2136 672 2191 719 et
2216 664 2527 720 instantiam
2556 676 2800 722 nostram
2855 683 2958 739 pax
2987 669 3130 725 inter
3181 669 3460 740 principes
3510 677 3734 726 nostros

2136 753 2438 809 reformata
2469 763 2573 820 ast,
2605 755 2751 812 unde
2780 764 2893 813 tota
2923 758 3098 828 patria
3125 767 3310 814 nostra
3335 757 3571 814 laetatur.
3615 759 3733 813 Va—

2135 841 2260 912 lete,
2303 851 2357 899 et
2409 843 2572 900 amici
2647 844 2821 901 veStri
2883 846 3197 903 memoriam
3267 861 3486 919 semper
3550 847 3726 904 habe-

2135 939 2240 989 tote
2272 933 2375 1003 (5).

2132 1112 2422 1176 Praeterea.
2456 1125 2525 1185 ex
2557 1112 2663 1168 hac
2692 1110 2919 1185 epistola
2939 1121 3167 1175 constat.
3188 1113 3467 1181 Galterum
3493 1111 3731 1185 lagalo-

2134 1197 2360 1238 neusem
2384 1182 2706 1253 episcopum
2738 1183 2904 1256 legati
2933 1185 3219 1254 apostolici
3279 1185 3543 1256 dignitate
3585 1182 3729 1239 Tun-

2129 1263 2274 1308 ctum
2331 1269 2454 1308 esse
2488 1268 2501 1306 :
2534 1256 2680 1326 quod
2736 1255 2918 1326 nullus
2953 1271 3138 1310 eorum
3197 1255 3421 1310 notavit.
3455 1255 3548 1326 Ad,
3581 1257 3726 1318 haec.

2130 1325 2564 1408 ronsa‘guineus'
2592 1326 2700 1408 ltuit
2721 1325 2978 1408 titubet-ti
3003 1326 3276 1408 "insulani
3315 1325 3618 1408 pi‘tepositi,
3637 1327 3730 1408 uti

2126 1395 2245 1466 ipse
2266 1393 2471 1450 diserte
2510 1395 2776 1462 agnoscit.
2821 1397 2976 1451 Sedit
2998 1396 3272 1452 Galterius
3292 1398 3359 1450 ab
3379 1393 3528 1452 anno
3557 1393 3727 1462 1103,

2124 1467 2193 1548 ad
2224 1481 2427 1548 annum
2463 1467 2618 1547 112.9,
2638 1474 2882 1548 tempore
2931 1467 3105 1548 sancti
3134 1468 3394 1548 llernsrdi
3423 1467 3730 1548 Clarmval-

2127 1537 2197 1591 lis
2229 1537 2564 1607 abbatis,qui
2595 1537 2647 1590 in
2679 1537 2910 1604 epistola
2932 1539 3001 1592 98
3040 1538 3224 1596 laudat
3257 1539 3479 1593 fratrem
3511 1539 3729 1595 Hesce-

2125 1607 2313 1672 lluum,
2337 1624 2444 1662 non
2485 1608 2684 1681 alium._
2715 1615 2771 1661 ut
2805 1616 2959 1681 puto,
3002 1624 3165 1679 quam
3197 1609 3287 1681 qui
3315 1610 3410 1665 hic
3434 1620 3464 1662 a
3493 1609 3730 1665 Galtero

2125 1625 2444 1672 mium,non
2485 1625 2672 1669 anum.
2715 1625 2771 1661 ut
2805 1625 2957 1732 puto,
3002 1625 3133 1679 quar

2123 1687 2460 1734 memoratur
2489 1679 2787 1735 canonicus
2845 1680 3133 1734 usulanus.

1133 1988 1688 2090 GALTERI
1776 1985 2350 2092 EPISCOPI
2430 1986 2994 2088 DIPLOMA

1488 2179 1624 2236 PRO
1663 2178 2118 2235 MONASTERIO
2159 2177 2625 2234 GELLONENSI.

1128 2305 1350 2374 (Gallia
1383 2305 1715 2363 Christiana
1747 2321 1871 2362 nov.
1919 2303 2071 2370 edit.,

2105 2313 2234 2359 tom.
2267 2304 2358 2370 VI,
2395 2303 2666 2371 instrum.,
2704 2303 2809 2360 col.
2840 2305 3005 2362 2'75.)

1925 2407 2251 2448 ,ἔπη

489 2525 688 2582 Notitia
719 2523 1028 2582 donationis
1059 2541 1220 2597 quam
1270 2527 1398 2584 fecit
1427 2527 1741 2584 Gotat’ridus
1771 2526 2016 2596 Magalo-
2050 2517 2102 2576 B
2132 2531 2181 2577 ct
2211 2522 2629 2579 successoribus
2660 2527 2772 2580 suis
2801 2525 2852 2578 in
2877 2524 2992 2593 jam
3025 2523 3176 2580 dicta
3205 2523 3443 2580 ecclesia
3475 2527 3539 2579 S.
3585 2526 3726 2579 Mar-

423 2615 610 2672 ncnsis
638 2615 934 2686 episcopus
971 2614 1288 2672 Gellenensi
1318 2616 1670 2673 monasterio.
1716 2614 1885 2670 Dedit
1912 2615 2012 2671 ita-

417 2729 522 2783 que
551 2712 708 2768 bona:
761 2710 1039 2767 memoriae
1097 2711 1427 2768 Gotafredus
1473 2714 1770 2785 episcopus
1825 2712 2012 2768 Gello-

415 2801 573 2856 nensi
603 2800 939 2856 monasterio
969 2799 1259 2857 ecclesiam
1291 2801 1347 2856 S.
1387 2801 1598 2857 Martini
1631 2801 1700 2858 de
1735 2801 2008 2868 Lundras,

414 2898 535 2945 ante
567 2905 732 2961 quam
761 2889 1108 2946 donationem
1157 2889 1300 2944 idem
1332 2891 1624 2961 episcopus
1657 2889 1878 2946 retinuit
1907 2890 2010 2945 sibi

415 2987 663 3050 quartam
692 2985 908 3049 partem
940 2976 996 3032 in
1041 2977 1290 3044 decimis,
1324 2988 1378 3034 et
1421 2977 1810 3046 oblationibus,
1840 2987 2009 3034 caete-

414 3073 596 3144 risque
618 3073 863 3143 ejusdem
884 3073 1138 3130 ecclesia:
1181 3074 1504 3142 redditibus,
1522 3073 1664 3132 'sicut
1679 3076 1822 3132 sacri
1850 3079 2011 3132 cano-

413 3188 512 3226 nes
571 3171 852 3226 instituunt
886 3191 897 3228 :
931 3187 1092 3244 quam
1126 3181 1371 3244 quartam
1423 3181 1633 3244 partem
1689 3173 1834 3228 dedit
1865 3191 2008 3245 pra!-

418 3261 562 3316 fatus
591 3259 886 3333 episcopus
916 3261 971 3316 in
1001 3263 1250 3316 manibus
1302 3262 1535 3334 Augerii
1563 3261 1928 3319 archidiaconi
1955 3273 2010 3317 et

415 3348 686 3420 Rostagni
713 3349 782 3404 de
804 3349 1140 3422 Cavaierago
1170 3350 1224 3404 in
1254 3365 1417 3404 usum
1434 3351 1660 3406 fratrum
1683 3353 2010 3423 regulariter

413 3437 710 3494 viventium
758 3437 1113 3508 profuturam.
1164 3439 1356 3495 Postea
1402 3455 1536 3495 vero
1577 3448 1791 3496 mortuo
1835 3440 2007 3496 Gota-

414 3526 556 3582 frido
584 3526 864 3598 episcopo,
897 3537 950 3582 et
1012 3527 1065 3582 in
1097 3527 1217 3583 loco
1270 3529 1389 3598 ejus
1438 3528 1676 3584 Galterio
1726 3529 2004 3600 episcOpo,

415 3611 727 3678 substituto,
761 3610 1011 3668 fecerunt
1058 3612 1480 3684 Magalonenses
1521 3612 1765 3668 canonici
1811 3613 2008 3669 deﬁni-

415 3700 617 3757 tionem
647 3715 772 3755 cum
809 3700 1006 3756 abbate
1035 3700 1194 3756 Petro
1221 3701 1387 3756 talem
1413 3700 1684 3768 videlicet,
1718 3701 1862 3773 quod
1891 3702 2007 3756 sin-

409 3788 557 3862 gulis
583 3788 744 3844 annis
775 3788 1094 3859 persolvant
1124 3789 1203 3844 eis
1221 3785 1586 3844 Gellonenses
1603 3791 1856 3846 monachi
1888 3804 2010 3846 vac-

2123 2617 2214 2674 tiui
2245 2621 2610 2676 reverentiam
2643 2620 3046 2693 episcopalem,
3077 2628 3132 2675 et
3189 2619 3426 2675 debitam
3457 2620 3723 2674 obedien-

2120 2709 2275 2775 tiam,
2307 2717 2361 2764 et
2415 2711 2676 2781 synodos,
2727 2709 2981 2764 videlicet
3035 2709 3179 2763 inter
3233 2707 3424 2762 ambas
3477 2707 3724 2778 synodos

2120 2806 2358 2878 quinque
2389 2806 2614 2874 solidos,
2649 2813 2702 2860 et
2731 2805 2922 2862 decem
2953 2803 3295 2870 denarios,et
3323 2803 3583 2876 albergos
3614 2803 3724 2858 sibi

2119 2903 2173 2949 et
2203 2887 2614 2951 suecessoribus
2658 2895 2798 2949 suis.
2828 2894 2982 2949 Hanc
3037 2892 3414 2948 definitionem
3469 2891 3726 2948 fecerunt

2120 2982 2412 3056 episcopus
2442 2982 2715 3038 Galterius
2745 2991 2798 3039 et
2823 2982 2997 3038 abbas
3045 2982 3230 3036 Petrus
3256 2980 3393 3036 inter
3419 2980 3721 3037 canonicos

2117 3073 2538 3144 Magalonenses
2567 3079 2620 3127 et
2674 3070 2973 3127 monachos
3029 3071 3392 3126 Gellonenses
3417 3069 3472 3123 in
3510 3069 3720 3124 Monte-

2118 3161 2413 3232 pessulano
2442 3161 2495 3214 in
2514 3159 2806 3231 praesentia
2827 3160 3220 3216 canonicorum
3241 3158 3718 3231 Magalonensium

2119 3243 2270 3298 Petri
2319 3243 2708 3307 archidiaconi,
2741 3251 2794 3298 et
2823 3243 3054 3298 Deodati
3109 3242 3386 3312 mancipii,
3415 3251 3468 3296 et
3494 3241 3713 3304 Nicetii,

2117 3337 2171 3384 et
2201 3327 2344 3384 Petri
2373 3328 2440 3382 de
2470 3327 2781 3393 Frizonicis,
2830 3335 2884 3382 et
2912 3327 3188 3382 Guillelmi
3212 3326 3282 3382 de
3314 3325 3447 3390 Diae,
3508 3333 3562 3380 et
3589 3340 3716 3380 cum

2121 3417 2317 3472 abbate
2349 3415 2567 3471 fuerunt
2608 3414 2683 3471 ibi
2715 3416 3054 3471 Raimundus
3083 3417 3153 3471 de
3187 3415 3446 3470 Pradinas
3491 3421 3723 3469 vocatus

2115 3506 2286 3577 prior,
2321 3515 2373 3560 et
2401 3505 2740 3560 Raimundus
2769 3505 2836 3559 de
2867 3504 3119 3570 Baladuc,
3141 3512 3191 3558 et
3237 3502 3510 3574 Seguinus
3539 3502 3718 3558 Cleri-

2116 3609 2233 3660 cus,
2265 3601 2317 3648 et
2349 3593 2677 3648 Guillelmus
2719 3592 2953 3648 Belinus.
2985 3593 3057 3647 Et
3089 3607 3194 3663 ego
3223 3591 3502 3647 Galterius
3531 3592 3722 3661 Maga-

2114 3681 2359 3739 lonensis
2389 3681 2692 3753 episcopus
2720 3689 2942 3752 propter
2971 3681 3338 3737 reverentiam
3397 3679 3576 3735 sancti
3608 3678 3722 3735 loci

2116 3779 2170 3826 et
2195 3785 2441 3826 amorem
2473 3770 2645 3827 sancti
2675 3768 2954 3825 Guillelmi
2982 3768 3319 3824 confessoris
3347 3767 3508 3842 laudo
3531 3767 3722 3826 eccle-

406 3857 538 3934 ξπ,
563 3891 725 3932 “nam
756 3857 1027 3933 θιιεηιειη
1059 3891 1132 3932 ιη
1163 3877 1369 3933 solidos
1403 3898 1415 3932 ε
1449 3887 1503 3933 ει
1531 3879 1577 3932 εί
1623 3883 1843 3935 vaccam
1873 3878 2008 3935 ἀπε
2041 3865 2088 3925 C
2117 3859 2255 3915 siam
2279 3861 2395 3930 jam
2425 3859 2629 3916 dictam
2659 3859 2818 3914 Petro
2845 3857 3031 3913 abbati
3062 3866 3118 3913 et
3144 3857 3568 3914 successoribus
3597 3857 3723 3926 ejus

409 3961 710 4026 noluerint,
733 3961 936 4017 donent
993 3980 1063 4017 xu
1091 3961 1302 4018 solidos
1345 3963 1724 4034 Melgoriensis
1751 3971 2004 4020 monetae.

418 4049 532 4103 Hoc
560 4053 745 4103 tamen
769 4046 828 4102 in
853 4048 1243 4105 monachorum
1272 4047 1372 4104 erit
1401 4048 1644 4113 arbitrio,
1667 4057 1848 4103 utrum
1876 4065 2006 4105 vac-

407 4149 530 4191 cam
561 4136 878 4206 persolvant
903 4136 993 4192 vel
1024 4151 1095 4191 xii
1125 4135 1350 4204 solidos,
1383 4135 1622 4193 debitum
1644 4146 1822 4193 autem
1835 4137 2002 4203 istud,

409 4235 628 4281 vaccam
671 4222 920 4281 videlicet
965 4234 1058 4280 aut
1108 4241 1180 4280 xu
1241 4226 1467 4296 solidos,
1498 4226 1733 4282 reddant
1754 4227 2006 4283 monachi

411 4311 892 4385 Melonensibus
922 4315 1202 4370 canonicis
1227 4315 1407 4386 prima
1426 4315 1512 4372 vel
1532 4315 1772 4371 secunda
1793 4316 2006 4372 hebdo-

401 4397 580 4452 ‘mada
607 4397 885 4453 Adventus
915 4399 1151 4455 Domini.
1181 4398 1483 4470 Episcopus
1509 4415 1648 4457 vero
1674 4400 1870 4458 retinet
1900 4403 2006 4459 sibi

2117 3949 2418 4004 secundum
2471 3947 2861 4010 deﬁnitionem,
2893 3963 3017 4017 quae
3075 3946 3329 4017 superius
3384 3944 3718 4011 continetur,

2117 4064 2243 4103 cum
2271 4045 2500 4103 decimis
2525 4053 2582 4101 et
2611 4043 2886 4116 primitiis,
2904 4050 2958 4098 et
2985 4043 3221 4109 allodiis,
3249 4051 3304 4098 et
3321 4041 3716 4109 oblationibus,

2111 4145 2168 4193 et
2196 4135 2530 4200 wmeterio,
2583 4141 2638 4190 et
2665 4148 2788 4190 cum
2815 4131 3069 4188 omnibus
3090 4131 3317 4201 justitiis
3346 4131 3415 4187 ad
3459 4130 3717 4188 eamdem

2113 4225 2403 4283 ecclesiam
2432 4220 2858 4294 pertinentibus.

2187 4318 2376 4372 Actum
2455 4326 2602 4368 anno
2684 4309 2986 4366 Dominicae
3057 4309 3455 4366 incarnationis
3553 4311 3713 4378 tuo,

2110 4404 2299 4459 .indict.
2335 4417 2420 4459 ιιι.

830 4622 1787 4798 LIETBERTI
1838 4647 2613 4808 ABBATIS
2666 4646 2806 4796 S.
2852 4623 3208 4792 RUF
3213 4647 3276 4791 Ι

1689 4922 2427 5036 EPISTOL/E.

1169 5107 1486 5175 (Maurus,
1521 5106 1812 5174 Αθηναῖοι,
1847 5108 1895 5160 t.
1931 5106 1970 5177 Ι,
2004 5122 2067 5178 p.
2109 5107 2356 5171 329-332,
2393 5119 2458 5160 ex
2480 5119 2583 5158 ms.
2620 5076 2925 5172 Stamedii.)

1893 5213 2203 5222 *ου-ι-

1179 5304 1221 5356 ι.

393 5393 473 5450 Ad
487 5391 749 5471 Ogeriym
759 5401 1128 5471 praepositum
1139 5402 1592 5471 congregationis
1607 5403 1946 5458 l-‘erranicaa.
1956 5431 1986 5444 -

631 5467 994 5525 Commendat
1024 5472 1077 5525 ei
1104 5467 1362 5528 mum;
1387 5475 1751 5530 canonicum.

463 5573 723 5630 Orozmo
753 5573 1065 5632 Ferranica:
1085 5579 1830 5650 congregationisvenerabili
1859 5597 1986 5654 pra:-

462 5697 540 5771 (6)
571 5697 919 5755 lu'iudicibus
957 5699 1214 5755 abbatum
1239 5703 1410 5758 sancti
1443 5697 1565 5761 Ruﬁ
1588 5720 1692 5761 non
1718 5705 1977 5764 Lamber-

393 5774 504 5837 τας,
538 5778 634 5828 sed
666 5771 977 5827 Lictbertus
1008 5771 1174 5846 vulgo
1196 5773 1517 5843 appellatur.

2020 5303 2072 5362 D
2097 5302 2302 5373 posito,
2335 5307 2642 5374 sanctoque
2665 5302 2790 5372 ejus
2827 5299 3138 5365 conventui,
3165 5306 3224 5355 et
3245 5297 3498 5354 omnibus
3528 5297 3585 5352 in
3611 5313 3701 5354 ea.

2097 5391 2296 5447 nonico
2324 5391 2517 5447 ordine
2547 5391 2846 5447 secundum
2891 5391 3068 5446 Deum
3102 5387 3410 5444 viventibus
3438 5386 3697 5441 Laran-

2095 5495 2194 5536 TUS
2224 5483 2300 5549 (6)
2333 5479 2552 5535 humilis
2572 5479 2822 5537 ecclesia:
2870 5477 3054 5536 Sancti
3090 5475 3208 5534 Ruﬁ
3240 5480 3318 5547 (7)
3353 5491 3570 5540 servus,
3600 5488 3696 5529 sa-

2094 5568 2260 5626 lutem
2293 5577 2345 5626 et
2368 5569 2605 5646 gratiam
2635 5569 2689 5625 in
2720 5568 2936 5626 Christo
2983 5567 3109 5627 Jesu
3141 5574 3304 5642 atque
3361 5565 3522 5638 empti
3553 5566 3694 5622 sacri

2162 5695 2241 5764 (Ἴ)
2272 5694 2452 5751 Sancti
2480 5689 2600 5750 Ruﬁ
2637 5694 2862 5766 insigne
2919 5691 3319 5748 monasterium
3375 5688 3686 5745 (Iunonico-

2090 5795 2209 5835 rum
2265 5779 2636 5854 Regularium,
2698 5777 2904 5836 ordinis
2959 5777 3133 5832 sancti
3176 5774 3481 5846 Augustini,
3525 5780 3684 5844 caput
