4072 6078
270 354 376 411 717

1728 342 2106 407 EPISTOLE.

3467 354 3569 411 718

268 476 483 535 ordinis
530 475 756 533 nitidam
810 481 1228 547 perseveranter
1290 474 1591 530 observare
1648 473 1861 545 purita—
1892 474 1946 534 A
1974 473 2210 529 litteram
2241 473 2522 545 scripture
2550 480 2813 539 reservet,
2847 489 2985 545 quos
3011 486 3143 529 vero
3172 470 3433 549 indignos
3474 478 3569 546 ju-

269 583 378 630 tem
395 616 409 629 .

344 682 546 737 Sancto
576 678 798 753 Spiritui
854 680 1057 754 gmtias
1096 680 1332 752 agimus,
1392 680 1553 748 cujus
1609 677 1866 733 instinctu

271 770 421 827 circa
449 772 776 827 canonicum
815 770 1065 825 ordinem
1115 786 1212 825 vos
1254 769 1455 824 fratres
1497 766 1767 822 fervorem
1815 773 1869 821 et

268 859 509 915 studium
540 860 741 914 habere
772 859 1180 932 cognoscimus.
1206 859 1373 913 Decet
1401 856 1543 912 enim
1572 864 1630 911 ut
1660 861 1868 928 quanto

273 957 522 1013 sanctior
552 957 706 1019 ordo,
739 964 886 1011 tanto
928 955 1277 1009 militantibus
1305 955 1362 1009 in
1416 955 1519 1011 hac
1572 952 1748 1026 gratia
1802 951 1869 1006 sit

272 1046 456 1114 major
485 1045 704 1099 devotio
735 1053 787 1099 et
817 1044 1147 1099 sollicitudo.
1181 1042 1430 1114 Dignitas
1459 1042 1660 1113 quippe
1708 1040 1871 1109 hujus

272 1134 502 1199 ordinis,
537 1133 786 1188 videlicet
818 1132 1065 1189 canonici
1092 1141 1146 1187 et
1175 1131 1556 1197 sacerdotalis,
1592 1129 1870 1184 veteribus

270 1241 328 1286 et
376 1231 537 1286 novis
578 1230 947 1301 multipliciter
996 1230 1409 1286 demonstratur
1454 1229 1642 1303 ﬁguris
1709 1234 1872 1299 atque

276 1320 577 1391 exemplis.
635 1321 794 1375 Hanc
851 1320 1202 1376 commendat
1260 1318 1495 1390 Spiritus
1542 1323 1764 1373 sanctus
1818 1316 1871 1369 in

275 1409 493 1479 psalmo
516 1408 703 1464 dicens
732 1426 745 1461 :
774 1409 977 1481 Moyses
998 1414 1054 1464 et
1068 1410 1251 1469 Aaron
1274 1410 1336 1465 in
1356 1406 1735 1464 sacerdotibus
1755 1405 1874 1476 ejus

272 1507 615 1563 invocabant
636 1508 937 1561 Dominum
959 1510 1015 1561 et
1036 1508 1155 1578 ipse
1190 1504 1536 1561 exaudiebat
1570 1520 1660 1560 eos
1684 1502 1866 1571 (Psal.

274 1596 575 1665 xcvut,6).
614 1595 680 1649 Et
706 1595 904 1649 iterum
935 1594 1204 1651 deduxit.
1264 1634 1276 1646 .
1335 1634 1347 1647 .
1406 1635 1419 1646 .
1476 1635 1490 1647 .
1550 1632 1562 1645 .
1620 1633 1632 1645 .
1701 1632 1714 1645 .
1775 1632 1787 1644 .
1854 1631 1868 1644 .

283 1725 298 1739 .
357 1724 371 1736 .
424 1726 437 1736 .
488 1726 501 1738 .
563 1723 577 1737 .
634 1724 648 1737 .
707 1724 720 1737 .
772 1723 785 1737 .
836 1723 852 1737 .
909 1722 923 1736 .
975 1724 987 1737 .
1035 1724 1047 1736 .
1092 1724 1105 1737 .
1145 1683 1263 1738 sive
1294 1681 1492 1755 regula
1548 1679 1876 1751 disciplinae,

272 1772 512 1845 percutit
541 1772 848 1844 Egyptum,
875 1770 1070 1826 liberat
1112 1771 1303 1836 Israel,
1336 1769 1530 1825 dividit
1576 1785 1729 1823 mare
1770 1769 1876 1821 Ru-

276 1873 456 1933 brum,
488 1887 657 1939 aquas
686 1870 846 1924 vertit
876 1869 929 1923 in
958 1869 1329 1933 dulcedinem,
1376 1867 1594 1922 ﬂumina
1626 1864 1877 1936 producit

272 1960 344 2013 de
375 1968 557 2029 petra.
591 1959 689 2013 Per
719 1958 1070 2013 sacerdotem
1101 1957 1195 2012 dat
1233 1958 1381 2011 Deus
1420 1955 1620 2025 legem,
1663 1952 1879 2017 instruit

277 2047 709 2116 tabernaculum,
740 2062 944 2113 arcam,
977 2063 1137 2114 vasa,
1170 2045 1515 2110 vestimenta,
1548 2043 1683 2097 ritus
1706 2040 1878 2097 sacri-

277 2146 544 2211 ﬁciorum,
578 2154 628 2200 et
659 2153 857 2201 caetera
886 2161 1009 2217 quae
1056 2143 1333 2216 pertinent
1360 2144 1430 2198 ad
1477 2141 1682 2199 cultum
1738 2132 1869 2196 Dei.

280 2237 442 2291 Hanc
471 2233 868 2289 sacerdotalem
919 2233 1241 2306 dignitatem
1273 2230 1621 2288 commendat
1661 2229 1879 2286 claritas

280 2323 464 2378 vultus
492 2322 715 2395 Moysis,
767 2322 1054 2394 gloriaque
1097 2321 1549 2379 vestimentorum
1602 2322 1782 2374 Aaron
1826 2326 1880 2372 et

280 2421 516 2477 ﬁliorum
546 2422 685 2491 ejus,
714 2429 769 2477 et
798 2422 943 2492 quod
976 2420 1182 2476 dictum
1213 2428 1297 2476 est
1316 2419 1527 2491 Moysi:
1559 2419 1757 2476 Omnia
1785 2420 1878 2489 [ac

269 2512 453 2582 juxta
482 2512 782 2582 exenzplar
810 2510 953 2583 quod
984 2511 1085 2567 tibi
1104 2514 1487 2566 monstratum
1502 2511 1587 2564 est
1610 2508 1672 2562 in
1688 2509 1879 2562 monte

280 2600 481 2667 (Exod.
520 2617 571 2668 χ,
604 2602 682 2669 ni).
713 2599 793 2653 Ex
823 2598 1026 2669 quibus
1073 2598 1254 2654 verbis
1304 2596 1577 2669 colligitur
1624 2594 1880 2668 quoniam

280 2697 541 2753 canonica
572 2699 628 2752 et
657 2696 1016 2752 sacerdotalis
1048 2695 1242 2767 regula
1273 2712 1343 2751 ex
1372 2692 1507 2766 ipsis
1557 2692 1879 2750 cmlestibus

278 2786 683 2857 exemplaribus
712 2785 1052 2853 informatur,
1086 2785 1319 2857 plusque
1342 2793 1423 2839 est
1453 2783 1680 2839 dicenda
1698 2781 1881 2835 divina

280 2890 446 2945 quam
477 2876 731 2929 humana.
760 2874 819 2928 In
851 2873 1026 2943 ﬁgura
1065 2872 1240 2929 nostri
1284 2871 1492 2929 ordinis
1538 2877 1880 2942 praeceptum

280 2972 364 3018 est
393 2963 769 3019 sacerdotibus
795 2971 849 3018 et
877 2962 1075 3028 levitis,
1107 2970 1167 3017 ut
1204 2977 1315 3016 non
1355 2960 1594 3016 habeant
1641 2957 1879 3014 haeredi-

279 3059 441 3107 tatem
473 3052 615 3107 inter
644 3052 862 3106 fratres.
894 3053 1024 3121 Ego,
1059 3050 1233 3120 inquit
1261 3049 1543 3114 Dominus,
1577 3065 1671 3105 ero
1713 3048 1881 3107 hazre.

278 3149 432 3204 ditas
459 3164 675 3206 eorum.
697 3148 942 3203 lstivasa
964 3163 1126 3202 sacra
1142 3146 1496 3209 custodiunt,
1517 3145 1671 3201 circa
1692 3143 1878 3198 taber-

277 3238 493 3292 nacula
514 3237 820 3302 excubant,
842 3237 1077 3307 placant
1094 3236 1247 3290 iram
1268 3234 1626 3305 Dei,portant
1644 3233 1878 3302 peccata

275 3326 476 3399 populi
482 3330 667 3398 ,atque
679 3326 836 3380 inter
851 3326 1028 3381 Deum
1045 3329 1101 3379 et
1110 3324 1379 3397 populum
1393 3322 1728 3378 mediatares
1742 3322 1879 3377 sunt

279 3425 601 3478 constituti.
637 3421 845 3490 Quibus
876 3421 1062 3477 verbis
1090 3428 1238 3492 patet
1267 3418 1395 3491 quia
1422 3418 1477 3474 hi
1507 3417 1597 3488 qui
1625 3424 1751 3472 sunt
1776 3417 1878 3471 hu-

272 3514 368 3580 jus
404 3511 633 3575 ordinis,
668 3511 769 3565 etsi
798 3518 923 3564 sunt
952 3508 1223 3573 homines,
1281 3507 1483 3563 debent
1538 3521 1663 3561 esse
1708 3521 1880 3574 super

278 3600 556 3655 homines.
596 3600 662 3653 lli
690 3599 865 3653 tribus
915 3598 1149 3654 excitant
1198 3596 1482 3668 populum,
1531 3594 1586 3648 hi
1619 3595 1675 3648 in
1721 3593 1878 3664 virga

278 3700 467 3753 Aaron
492 3698 671 3753 ferrea
702 3698 921 3763 ﬂorent,
967 3694 1310 3763 fructiﬁcant,
1361 3692 1683 3764 caelerisque
1721 3689 1873 3746 ordi-

278 3788 440 3842 nibus
466 3787 850 3858 praecminent.
872 3786 946 3839 Hi
977 3799 1168 3841 arcam
1200 3790 1444 3854 pot-tant,
1473 3781 1770 3837 Iordanem
1787 3779 1874 3835 di-

277 3885 488 3949 vidunt,
521 3884 903 3957 promissionis
934 3886 1135 3937 terram
1180 3884 1467 3952 occupant,
1509 3878 1730 3933 Iericho
1779 3876 1875 3931 de-

278 3980 517 4037 struunt,
550 3974 810 4029 barbaras
840 3979 1037 4043 gentes
1065 3971 1408 4040 opprimunt.
1447 3967 1642 4024 Omnia
1667 3967 1785 4021 hmo
1817 3964 1873 4018 in

278 4070 473 4117 nostro
502 4064 695 4118 ordine
726 4060 1078 4132 spiritualiter
1124 4058 1442 4131 ﬁgurantur.
1496 4057 1695 4111 Noster
1736 4067 1872 4124 quc-

279 4179 387 4234 que
418 4161 632 4217 habitus
654 4159 904 4231 pluribus
935 4156 1112 4212 modis
1143 4164 1225 4211 est
1254 4156 1325 4209 ibi
1350 4155 1617 4227 ﬁguratus
1649 4160 1703 4206 et
1746 4166 1874 4205 con-

279 4261 522 4307 secratus
551 4250 605 4303 in
635 4247 971 4302 vestimentis
999 4249 1197 4300 Aaron.
1222 4243 1518 4299 Plurimum
1566 4242 1701 4296 nitet
1748 4240 1873 4312 bys-

279 4357 376 4395 sus
405 4347 640 4403 retorta,
671 4336 766 4390 ﬁlii
811 4338 929 4406 ejus
970 4334 1023 4388 in
1072 4335 1171 4389 Dei
1227 4332 1526 4387 ministerio
1584 4329 1744 4386 lineis
1789 4344 1874 4383 re-

279 4437 569 4509 splendent
594 4433 949 4498 indumentis,
998 4432 1204 4503 posteri
1252 4446 1438 4486 eorum
1488 4427 1668 4499 ephod
1714 4434 1871 4481 utun—

1972 561 2113 616 dicat
2142 561 2260 617 sine
2309 562 2579 634 scriptura
2625 561 2822 637 gladiis
2865 577 2961 617 sex
3007 561 3248 618 virorum
3293 580 3583 635 exponere

1972 674 2081 713 non
2110 657 2387 715 formidet.
2418 660 2586 729 Cujus
2617 658 2902 731 potestatis
2934 658 3243 714 sublimitas
3274 668 3434 718 terra:
3466 662 3573 717 illis

1974 747 2305 814 attribuitur,
2340 747 2432 819 qui
2460 747 2763 804 castitatem
2792 749 3041 819 corporis
3080 747 3358 805 munditia:
3389 751 3570 807 cordis

1975 851 2039 889 ex
2072 835 2398 891 discretione
2419 837 2771 903 associantes,
2805 834 2988 909 gladio
3018 821 3185 891 divini
3225 837 3378 892 verbi
3422 838 3572 894 circa

1974 932 2146 987 femur
2161 932 2534 1002 potentissime
2555 932 2804 1000 accincti,
2843 932 3104 988 lectulum
3135 932 3250 989 veri
3310 932 3567 990 Salomo-

1976 1023 2062 1075 nis
2091 1021 2472 1091 observantes,
2502 1038 2640 1094 puro
2668 1023 2827 1078 oculo
2858 1021 3037 1092 ipsum
3068 1039 3260 1092 regem
3290 1022 3341 1077 in
3365 1022 3572 1080 decore

1978 1109 2356 1166 indesinenter
2383 1111 2835 1181 contemplantur.
2859 1109 3071 1165 Deinde
3100 1108 3285 1180 paucis
3316 1120 3369 1166 et
3396 1111 3573 1182 pluri-

1979 1207 2083 1263 bus
2113 1207 2446 1274 memoratis,
2481 1206 2548 1262 ad
2578 1207 2793 1262 Novum
2822 1207 3231 1262 Testamentum
3255 1208 3563 1263 veniamus.

1981 1296 2163 1365 Ipsum
2194 1295 2297 1350 Dei
2330 1303 2379 1351 et
2406 1294 2649 1351 hominis
2673 1294 2863 1349 Filium
2895 1302 3108 1351 constat
3137 1311 3330 1351 omnes
3368 1297 3573 1369 gradus

1982 1383 2254 1441 clericalis
2284 1383 2490 1439 ordinis
2540 1384 2595 1438 in
2652 1382 2838 1456 seipso
2887 1399 3267 1447 consecrasse,
3324 1385 3576 1456 regulam

1984 1497 2197 1553 quoque
2228 1497 2337 1554 qua
2376 1482 2612 1538 vivimus
2668 1482 2785 1537 suis
2831 1481 3097 1553 apostolis
3128 1482 3439 1537 tradidisse.
3479 1480 3578 1539 llic

1985 1569 2285 1640 discipulos
2360 1580 2688 1644 congregat,
2738 1569 2899 1625 vitam
2957 1586 3307 1626 communem
3357 1571 3583 1626 instituit

1985 1658 2174 1714 dicens
2195 1676 2206 1712 :
2229 1660 2460 1727 Quinon
2473 1661 2774 1715 renuntiat
2794 1660 3049 1715 omnibus
3061 1659 3580 1732 'quazpossidetmon

1987 1750 2171 1818 potest
2190 1764 2347 1802 meus
2363 1764 2478 1802 esse
2494 1748 2974 1818 discipulus(Luc.
3000 1764 3108 1813 xw,
3128 1747 3243 1816 33).
3288 1749 3440 1802 llanc
3458 1761 3583 1816 apo-

1906 1829 1959 1888 Β
1990 1845 2112 1899 stoli
2161 1844 2445 1915 primitiva:
2485 1844 2706 1899 tradunt
2746 1844 3007 1900 Ecclesiae
3054 1845 3192 1900 sicut
3234 1846 3293 1899 in
3352 1844 3585 1901 Actibus

1986 1949 2178 1987 eorum
2209 1932 2471 2004 scriptum
2502 1941 2584 1989 est
2611 1951 2622 1986 :
2644 1933 2784 1988 Erat
2807 1950 2901 1989 cor
2915 1950 3096 1989 unum
3113 1936 3381 1990 etanima
3398 1933 3584 1990 unain

1986 2022 2122 2087 Deo,
2156 2026 2211 2077 et
2241 2038 2353 2076 non
2383 2022 2640 2077 dicebant
2659 2021 2863 2093 aliquid
2910 2024 3212 2093 proprium,
3248 2039 3375 2077 nam
3425 2031 3582 2078 erant

1986 2117 2095 2172 illis
2121 2118 2304 2174 omnia
2334 2118 2649 2175 communia
2695 2118 2844 2189 (Act.
2894 2135 2968 2184 tv,
3014 2120 3132 2189 32).
3188 2120 3257 2175 Et
3303 2119 3583 2190 impletum

1987 2215 2070 2262 est
2100 2207 2253 2276 quod
2283 2206 2450 2280 longe
2480 2216 2608 2262 ante
2637 2206 2707 2262 de
2733 2208 2840 2263 hoc
2867 2214 3055 2263 nostro
3083 2208 3276 2264 ordine
3321 2208 3587 2278 scriptum

1988 2302 2072 2351 est
2091 2314 2106 2350 :
2132 2298 2271 2352 Ecce
2284 2312 2453 2368 quam
2465 2296 2673 2352 bonum
2686 2300 2743 2352 et
2762 2312 2929 2370 quam
2954 2297 3277 2368 jucundum
3324 2296 3588 2352 habitare

1987 2396 2200 2463 fratres
2216 2395 2276 2448 in
2299 2410 2482 2449 unum
2507 2395 2682 2463 (Psat.
2706 2408 2925 2458 cxxxn,
2946 2396 2998 2463 t)
3014 2435 3026 2448 .
3065 2392 3233 2447 Primi
3261 2392 3585 2449 audierunt:

1990 2484 2307 2555 Eccequam
2329 2483 2554 2547 bonum,
2608 2498 2709 2538 nec
2757 2483 2858 2537 soli
2909 2482 3249 2548 audierunt;
3294 2496 3406 2537 non
3446 2481 3591 2537 enim

1988 2586 2160 2643 usque
2187 2572 2257 2625 ad
2290 2570 2412 2626 illos
2442 2577 2649 2625 tantum
2679 2570 2786 2624 ista
2813 2569 3041 2625 dilectio
3070 2578 3124 2625 et
3152 2568 3333 2625 unitas
3360 2568 3589 2624 fratrum

1988 2668 2157 2733 venit,
2191 2667 2477 2723 descendit
2519 2683 2758 2738 namque
2802 2668 2871 2722 ad
2920 2673 3171 2738 posteros
3212 2682 3385 2738 usque
3427 2666 3590 2721 etiam

1990 2756 2059 2812 ad
2091 2756 2404 2822 modernos,
2436 2764 2493 2811 ut
2516 2756 2624 2824 jam
2665 2755 2910 2811 dicamus
2945 2773 2959 2809 :
2994 2757 3130 2811 Ecce
3169 2772 3342 2825 quam
3381 2754 3589 2811 bonum

1991 2858 2046 2910 et
2071 2871 2236 2927 quam
2241 2854 2563 2925 jucundum
2585 2854 2841 2909 habitare
2855 2855 3069 2923 fratres
3087 2854 3149 2907 in
3165 2851 3483 2907 unum.Sed
3499 2851 3589 2907 cui

1990 2951 2068 3006 rei
2088 2950 2295 3005 similes
2325 2965 2512 3004 sumus
2526 2948 2668 3003 dicat
2690 2948 2959 3019 psalmus,
2980 2945 3503 3018 sicut'unguentum
3524 2947 3587 3001 in

1991 3041 2200 3111 capite,
2240 3039 2381 3112 quod
2415 3036 2709 3093 descendit
2747 3039 2809 3093 in
2836 3038 3084 3105 barbam,
3124 3036 3350 3091 barbam
3397 3036 3587 3090 Aaron

1993 3128 2273 3199 (ibid.,tt).
2293 3127 2491 3182 Noster
2510 3129 2714 3192 Aaron,
2747 3126 3007 3182 sacerdos
3048 3132 3255 3191 noster,
3279 3131 3362 3179 est
3392 3123 3584 3179 Chris-

1989 3234 2094 3280 tus.
2120 3226 2241 3296 Ipse
2262 3225 2506 3295 seipsum
2532 3221 2723 3278 obtulit
2743 3238 2844 3294 pro
2861 3222 3022 3278 nobis
3043 3223 3097 3277 in
3114 3220 3465 3290 sacriﬁcium,
3490 3237 3586 3275 re-

1987 3313 2241 3380 surrexit,
2267 3311 2514 3368 ascendit
2537 3311 2589 3366 in
2626 3311 2841 3375 caelum,
2865 3312 3016 3367 venit
3036 3309 3277 3382 Spiritus
3307 3315 3526 3365 sanctus
3555 3325 3586 3363 a

1986 3403 2163 3475 capite
2192 3401 2247 3456 in
2280 3401 2528 3465 barbam,
2580 3414 2615 3454 a
2656 3400 2873 3455 Christo
2919 3400 2987 3454 ad
3036 3398 3359 3470 discipulos.
3411 3398 3581 3452 Barba

1987 3499 2348 3555 maturitatem
2382 3496 2579 3571 figurat
2607 3506 2659 3553 et
2691 3496 3078 3569 perfectionem
3113 3513 3125 3549 :
3166 3496 3308 3568 quod
3352 3495 3584 3552 descen-

1985 3588 2063 3645 dit
2094 3588 2148 3641 in
2178 3603 2330 3643 oram
2363 3586 2667 3641 vestimenti
2719 3585 2863 3657 ejus,
2912 3586 3020 3641 hoc
3076 3592 3160 3640 est
3208 3585 3279 3640 ad
3332 3592 3582 3655 posteros

1984 3672 2253 3729 Ecclesiae
2281 3671 2569 3727 derivavit.
2602 3671 2799 3726 Secuta
2834 3678 2917 3726 est
2965 3669 3108 3725 enim
3151 3669 3417 3735 Ecclesia,
3461 3686 3583 3740 quae

1983 3772 2154 3828 vestis
2180 3770 2400 3828 Domini
2431 3778 2535 3836 est,
2570 3777 2624 3825 et
2663 3769 2876 3843 peperit
2924 3768 3278 3827 monasteria.
3338 3767 3580 3839 Implen-

1985 3869 2091 3927 tur,
2132 3869 2190 3916 ut
2241 3859 2373 3925 dixi,
2430 3858 2627 3929 Spiritu
2684 3868 2896 3923 sancto,
2953 3857 3210 3925 iubentur
3275 3856 3575 3927 praedicare

1982 3951 2129 4005 omni
2160 3957 2440 4014 creaturae,
2495 3947 2773 4002 daemones
2805 3945 3019 4017 fugant,
3066 3944 3315 3999 inﬁrmos
3358 3955 3573 4013 sanant,

1978 4054 2224 4102 mortuos
2253 4044 2532 4109 suscitant,
2586 4050 2925 4098 sacramenta
2973 4042 3295 4105 conﬁciunt,
3344 4045 3575 4111 peccata

1980 4136 2214 4198 solvunt,
2248 4133 2447 4189 ccelum
2496 4131 2763 4202 aperiunt.
2811 4131 3039 4185 Demum
3094 4130 3166 4185 ad
3203 4129 3438 4184 nitorem
3475 4145 3576 4185 ve-

1981 4224 2144 4281 stium
2173 4231 2226 4276 et
2264 4221 2513 4276 habitum
2562 4219 3057 4274 commendandum
3103 4218 3413 4274 redeamus.
3461 4214 3577 4272 Ati-

1978 4320 2155 4391 distis,
2186 4319 2419 4374 Domino
2452 4318 2504 4371 in
2534 4324 2719 4372 monte
2751 4315 3166 4387 transﬁgurata,
3213 4316 3359 4387 quod
3410 4315 3578 4371 vesti-

1983 4417 2170 4465 menta
2199 4409 2315 4476 ejus
2346 4406 2658 4463 claruerunt
2710 4406 2849 4461 sicut
2879 4405 2989 4471 nix,
3041 4403 3272 4477 angelos
3320 4404 3478 4459 etiam
3522 4405 3579 4459 in

277 4502 365 4583 tur
393 4526 559 4581 lineo.
592 4523 731 4579 Cum
783 4538 917 4595 ergo
964 4502 1011 4576 a7
1040 4520 1392 4577 femoralibus
1439 4533 1613 4585 usque
1658 4515 1725 4570 ad
1773 4515 1863 4569 tia-
1893 4537 1950 4599 D
1981 4508 2119 4562 albis
2150 4505 2398 4561 vestibus
2443 4503 2771 4576 apparuisse
2811 4503 3074 4576 legimus.
3130 4502 3368 4558 Iacobus
3411 4502 3580 4558 frater

277 4631 399 4670 ram
429 4614 575 4669 lineo
604 4612 842 4668 candore
873 4626 997 4666 cum
1026 4610 1239 4665 caeteris
1289 4606 1578 4678 speciebus
1622 4603 1868 4675 fulgeant

275 4710 617 4776 sacerdotes,
651 4708 783 4779 quid
818 4707 1085 4779 ﬁguratur
1115 4705 1219 4760 nisi
1245 4703 1453 4761 ordinis
1481 4701 1655 4758 nostri
1699 4700 1879 4755 invio-

274 4800 499 4856 labilem
526 4797 905 4853 auctoritatem
935 4803 989 4851 et
1031 4793 1464 4863 resplendentem
1515 4789 1781 4846 castitatis
1819 4796 1873 4843 et

276 4890 525 4946 honesta:
558 4887 679 4944 vita:
710 4885 998 4957 puritatem
1028 4884 1055 4936 ξ’
1077 4881 1219 4951 Quid
1250 4880 1430 4936 tunica
1470 4877 1742 4935 Samuelis
1786 4893 1872 4932 re-

281 5003 383 5059 ges
411 4983 793 5041 constituentis
837 4981 1111 5055 designat,
1169 4979 1276 5033 nisi
1327 4978 1567 5033 tunicam
1622 4982 1870 5030 nostram

280 5076 477 5130 lineam
510 5078 564 5129 et
596 5069 987 5143 talarem,quia
1010 5069 1140 5125 ﬁunt
1170 5084 1203 5123 a
1233 5067 1313 5123 sui
1343 5065 1577 5123 nominis
1608 5061 1873 5135 etymolo-

276 5165 373 5235 gia
402 5162 600 5219 mundo
633 5160 847 5217 corde?
881 5156 1306 5215 Observavimus
1335 5172 1509 5229 genus
1551 5153 1763 5224 regium
1815 5154 1876 5206 et

277 5255 638 5321 sacerdotale,
672 5271 858 5311 coram
889 5268 1103 5310 summo
1145 5270 1277 5325 rege
1323 5252 1640 5308 astabimus.
1680 5247 1875 5305 Veniat

276 5347 332 5401 in
363 5353 549 5401 mente
577 5351 762 5401 nostra
793 5345 876 5399 vir
912 5344 1001 5399 ille
1034 5343 1127 5415 qui
1183 5343 1325 5414 apud
1384 5338 1726 5396 Ezechielem
1784 5335 1873 5391 in-

262 5436 442 5497 dutus
472 5432 632 5488 lineis
680 5443 734 5489 et
780 5433 1223 5491 atramentarium
1274 5429 1547 5500 scriptorii
1586 5427 1658 5483 ad
1707 5440 1872 5480 renes

277 5532 489 5589 habere
521 5532 736 5597 dicitur,
768 5533 853 5588 cui
895 5539 1042 5586 tanta
1095 5538 1333 5601 potestas
1381 5526 1696 5593 ascribitur,
1747 5532 1803 5579 ut
1846 5540 1877 5578 a

282 5620 601 5678 sanctuatio
631 5621 919 5692 incipiens,
944 5636 1079 5690 quos
1095 5619 1292 5692 dignos
1310 5615 1595 5689 perpendit
1624 5630 1722 5686 per
1765 5614 1878 5669 Tau

281 5767 459 5840 ipsius
486 5767 698 5827 ordinis
752 5783 789 5837 ab
838 5765 1156 5840 Benedicto
1189 5761 1450 5840 episcopo
1492 5756 1881 5840 _Avenionensi

283 5831 584 5897 fundatum
619 5831 951 5901 anno’1038,
1013 5833 1158 5889 haud
1214 5831 1406 5905 procul
1459 5831 1528 5884 ab
1576 5831 1875 5893 Avenione,

1980 4602 2200 4660 Domini
2249 4602 2540 4672 episcopus
2586 4600 2971 4671 episcoporum
3014 4597 3173 4653 lineis
3238 4597 3579 4653 vestimentis

1980 4708 2199 4763 semper
2226 4706 2360 4745 usus
2391 4697 2491 4744 est.
2542 4689 2733 4744 Petrus
2790 4688 2931 4744 hanc
2987 4695 3226 4743 tonsura:
3274 4694 3476 4741 nostrae
3526 4694 3581 4742 et

1979 4797 2199 4838 corona:
2252 4778 2483 4834 formam
2534 4777 2587 4831 in
2642 4776 2964 4832 memoriam
3028 4773 3304 4847 passionis
3376 4773 3575 4828 Christi

1977 4875 2185 4942 primus
2241 4866 2502 4941 gestavit.
2555 4865 2657 4920 Hic
2711 4864 2848 4920 ordo
2905 4870 3121 4928 noster,
3180 4870 3238 4916 ut
3314 4861 3445 4931 dixi,
3520 4862 3574 4917 in

1980 4959 2216 5026 Christo,
2249 4956 2304 5011 ia
2334 4953 2621 5027 apostolis,
2661 4952 2717 5007 in
2772 4950 3047 5024 primitiva
3100 4948 3350 5006 Ecclesia
3394 4950 3578 5020 primo

1980 5054 2272 5117 exﬂoruit;
2334 5052 2435 5109 sed
2478 5049 2823 5123 frigescente
2879 5047 3170 5113 charitate,
3231 5055 3287 5102 et
3343 5046 3580 5109 instante

1982 5141 2383 5216 persecutione,
2406 5139 2754 5211 postmodum
2787 5135 3072 5203 emarcuit,
3118 5150 3276 5208 quem
3312 5133 3580 5190 Urbanus

1981 5249 2124 5305 papa
2155 5238 2363 5300 martyr
2388 5228 2587 5284 deinde
2642 5227 2755 5282 suis
2800 5224 3038 5282 decretis
3086 5224 3250 5296 ctrpit
3296 5223 3577 5289 suscitare.

1982 5333 2175 5386 beatus
2223 5344 2441 5399 quoque
2488 5326 2823 5399 Augustinus
2862 5323 2975 5379 suis
3031 5322 3243 5396 regulis
3302 5322 3579 5389 ordinare,

1985 5427 2201 5474 sanctus
2224 5418 2593 5488 Hieronymus
2613 5413 2727 5469 suis
2746 5410 2994 5484 epistolis
3014 5412 3430 5477 commendare,
3474 5427 3584 5468 ca-

1984 5509 2192 5580 tcrique
2223 5505 2402 5563 sancti
2460 5504 2587 5571 viri,
2649 5518 2787 5576 quos
2833 5501 3058 5571 longum
3116 5508 3198 5557 est
3243 5516 3575 5556 memorare.

1984 5607 2139 5665 Unde
2168 5605 2388 5662 excitati
2420 5604 2565 5660 servi
2594 5602 2716 5668 Dei,
2746 5602 2858 5673 jam
2880 5601 2949 5656 ad
2975 5599 3277 5657 scholarem
3296 5596 3581 5671 pristinum

1986 5751 2112 5806 inde
2140 5763 2314 5871 prope
2344 5745 2655 5817 Valenciam
2686 5743 3029 5814 translatum,
3063 5752 3126 5800 ac
3154 5741 3439 5799 demumin
3460 5738 3581 5813 ipsa

1992 5823 2211 5871 civitate
2266 5812 2520 5871 inlentina
2551 5823 2935 5871 restauratum.

1992 5818 2211 5880 civitate
2243 5818 2520 5875 Valentius
2551 5823 2935 5876 restauratum.
