4028 6070
513 266 617 320 ’719

1506 202 1511 207 ι
1614 250 1960 308 \VERNERI
1996 246 2285 308 ABBATIS
2325 249 2389 307 S.
2435 244 2651 307 BLASII

3697 256 3807 312 720

512 384 667 443 multi
698 382 924 439 redeunt
951 395 1051 452 per
1078 376 1276 435 multas
1304 383 1480 433 terras
1520 375 1689 449 hujus
1729 374 1905 432 nostri
1950 371 2104 430 ordi-
2131 374 2187 433 A
2216 373 2458 446 quotidie
2485 375 2727 448 graviter
2752 376 3091 445 lacerabunt,
3123 372 3191 447 si,
3240 383 3435 433 contra
3478 376 3811 450 dispositum

513 474 600 531 nis
628 468 929 530 Salvatoris
960 484 974 539 ;
1000 468 1112 539 jam
1142 466 1402 540 regiones
1430 463 1571 522 albae
1597 473 1719 520 sunt
1749 465 1818 521 ad
1846 478 2105 519 messem.

519 574 698 640 Unde,
730 570 928 626 fratres
983 565 1312 633 dulcissimi,
1371 580 1471 622 vos
1518 565 1804 621 hortamur
1853 563 1945 633 qui
1999 570 2108 618 tam

517 660 839 736 praclarum
869 656 1119 715 ordinem
1161 653 1499 726 suscepistis,
1549 661 1812 724 quatenus
1866 667 2105 708 summo-

518 767 653 826 pere
683 748 924 823 vigiletis
954 753 1012 800 ut
1042 743 1136 815 qui
1163 743 1357 800 ordine
1377 750 1431 798 et
1461 742 1647 798 habitu
1675 742 1853 814 fulget
1880 740 1936 796 in
1982 755 2109 797 cor-

522 865 680 923 pore,
710 844 1062 917 resplendeat
1089 841 1254 898 etiam
1281 842 1336 896 in
1366 840 1522 897 vobis
1551 841 1607 895 in
1638 839 1834 896 mentis
1874 838 2110 910 puritate

523 947 578 996 et
606 938 809 993 decore
839 933 987 1002 vitae,
1016 938 1284 1004 quatenus
1314 929 1418 985 vita
1444 929 1741 986 concordet
1764 942 1891 984 cum
1930 926 2111 984 nomi-

523 1044 614 1094 ne,
646 1021 917 1097 professio
941 1019 1205 1077 sentiatur
1234 1018 1289 1073 in
1318 1033 1507 1090 opere.
1538 1018 1710 1074 Decet
1748 1015 1894 1072 enim
1938 1023 1996 1072 ut
2039 1015 2109 1071 de

523 1123 683 1182 vobis
711 1118 985 1177 veraciter
1010 1116 1223 1173 dicatur
1249 1131 1267 1167 :
1298 1116 1412 1172 Vos
1440 1115 1572 1171 estis
1615 1114 1707 1170 lux
1754 1113 1961 1180 mundi,
2012 1127 2111 1170 vos

523 1212 656 1271 estis
684 1209 765 1265 sal
789 1215 971 1264 terra.
1006 1206 1211 1261 Luceat
1238 1220 1376 1278 ergo
1425 1204 1517 1259 lux
1561 1210 1741 1259 vestra
1786 1217 1971 1259 coram
2022 1202 2113 1258 ho-

521 1300 780 1365 minibus,
811 1304 872 1352 ut
896 1294 1304 1365 videantopera
1331 1300 1515 1349 vestra
1543 1292 1705 1358 bona,
1732 1298 1787 1349 et
1804 1289 2112 1363 gloriﬁcent

522 1394 745 1448 Patrem
776 1391 1016 1442 vestrum
1045 1382 1135 1454 qui
1165 1382 1221 1437 in
1249 1381 1403 1438 coelis
1446 1389 1547 1437 est.
1605 1381 1732 1437 Tria
1787 1380 1871 1436 bis
1926 1379 2111 1437 verbis

522 1477 759 1536 maxime
810 1472 1284 1539 commendantur,
1344 1471 1401 1527 id
1457 1478 1540 1527 est
1594 1471 1749 1537 ordo,
1799 1470 1903 1526 vita
1934 1477 1987 1525 et
2013 1469 2112 1525 ha-

518 1570 684 1625 bitus.

1276 1659 1351 1713 Il.

519 1780 600 1840 Ad
629 1778 900 1837 amicum.
932 1803 1002 1817 —
1032 1773 1377 1830 Dehortatur
1403 1772 1639 1828 clericos
1658 1788 1694 1827 α
1719 1770 2013 1842 frequenti
2035 1766 2107 1826 ad
2135 1753 2189 1815 Β

1038 1872 1289 1943 feminas
1319 1885 1578 1926 accessu.

586 1994 929 2065 Deprecatus
954 2002 1016 2044 es
1044 1994 1104 2042 ut
1130 1984 1229 2042 tibi
1259 1984 1499 2042 breviter
1527 1999 1856 2057 exponerem
1879 1981 2110 2056 qualiter

512 2081 698 2145 clerici
726 2078 980 2136 victitare
1027 2075 1288 2131 debeant.
1340 2074 1481 2131 Hinc
1506 2089 1596 2130 me
1640 2073 1889 2145 plerique
1932 2072 2107 2127 male-

512 2172 646 2232 dicti
673 2166 858 2227 aemuli
884 2164 1291 2237 praestolamur,
1323 2162 1451 2235 quia
1478 2178 1589 2219 non
1613 2162 1751 2219 sileo
1780 2162 2097 2218 veritatem.

507 2264 689 2321 Prima
734 2256 901 2329 igitur
947 2259 1277 2309 tentamenta
1320 2260 1446 2308 sunt
1490 2251 1816 2308 clericorum
1873 2250 2106 2306 femina-

507 2367 633 2409 rum
670 2347 982 2415 frequenter
1006 2357 1286 2399 accessus.
1332 2344 1449 2397 Iste
1485 2357 1650 2396 sexus
1695 2338 2106 2411 reprehensibi-

512 2443 596 2498 les
626 2434 846 2493 exhibet
873 2430 1128 2488 clericos.
1162 2429 1303 2499 Quid
1333 2429 1430 2484 tibi
1459 2446 1647 2485 revera
1694 2445 1816 2485 cum
1864 2426 2100 2511 feminis,

506 2530 603 2606 qui
632 2526 703 2583 ad
733 2523 905 2578 altare
933 2536 1057 2577 cum
1088 2520 1328 2575 Domino
1360 2518 1645 2574 famularis
1673 2519 1702 2574 ‘2
1730 2519 1805 2575 'l‘e
1835 2516 2018 2574 cuncti
2049 2516 2103 2572 in

505 2624 750 2701 publico,
786 2625 842 2676 te
877 2617 931 2674 in
979 2632 1121 2690 agro
1178 2615 1369 2673 rustici
1422 2623 1668 2673 aratores
1719 2630 1784 2672 ac
1839 2616 2103 2673 vinitores

2214 470 2361 539 fidei,
2385 488 2512 529 cum
2539 474 2755 530 feminis
2801 475 3047 532 habitare
3083 474 3367 533 contendis
3398 493 3414 542 ;
3454 483 3510 531 et
3547 475 3699 547 quia,
3753 483 3814 530 ut

2214 560 2466 632 arbitror,
2493 563 2837 635 concupiscis
2874 564 3371 636 irrepreheusibilis
3417 563 3672 632 inveniri,
3721 570 3812 619 te-

2216 649 2470 708 stimonio
2501 651 2647 709 bono
2676 652 2826 709 muni
2856 660 2928 709 te.
2958 653 3219 726 Nunquid
3260 653 3318 709 in
3361 654 3531 710 choro
3576 659 3812 724 aposto-

2213 746 2393 803 lorum
2422 748 2640 805 feminas
2663 750 3010 807 adfuerunt?
3043 751 3274 807 Prohibe
3327 750 3578 825 virgines
3626 758 3813 807 tecum

2214 847 2568 915 commorari,
2599 864 2721 919 quae
2749 848 2818 905 de
2847 864 3049 922 genere
3079 851 3172 905 tuo
3195 864 3306 905 non
3335 855 3481 915 sunt,
3528 864 3621 914 ne,
3673 847 3811 904 dum

2218 934 2557 992 secretaliter
2585 951 2653 992 ac
2684 936 2836 993 solus
2883 937 3215 1011 ingrederis,
3273 936 3512 993 macules
3555 935 3813 993 testimo-

2214 1032 2368 1088 nium
2400 1040 2573 1091 tuum.
2607 1033 2784 1091 Aliter
2812 1050 3051 1109 namque
3080 1036 3377 1108 conjugati,
3424 1035 3584 1091 aliter
3629 1033 3814 1090 conti-

2216 1130 2410 1178 nentes
2438 1122 2740 1180 edocentur
2761 1125 3191 1182 ecclesiasticum
3214 1124 3400 1181 subire
3414 1123 3779 1180 ministerium
3793 1163 3809 1179 .

2217 1220 2565 1277 Feminarum
2593 1237 2715 1278 cum
2745 1222 2960 1280 clericis
2986 1223 3138 1279 nullo
3165 1230 3328 1295 pacto
3368 1221 3619 1279 convicta
3663 1237 3817 1294 prae-

2220 1319 2414 1391 cipitur
2444 1321 2789 1378 conversatio
2822 1339 2838 1389 ;
2871 1321 3039 1378 lamia
3083 1321 3303 1389 diaboli,
3352 1321 3442 1377 via
3489 1319 3814 1394 iniquitatis,

2219 1408 2540 1480 scorpionis
2590 1410 2895 1481 percussio,
2935 1410 3300 1483 nocivumque
3346 1425 3525 1483 genus
3571 1408 3811 1466 femina.

2218 1498 2351 1554 Cum
2402 1498 2736 1572 propinquat
2769 1499 2994 1571 stipula,
3041 1499 3284 1556 incendit
3318 1500 3523 1572 ignem,
3571 1497 3821 1554 ﬂammi-

2218 1612 2356 1669 gero
2385 1597 2517 1671 igne
2546 1597 2779 1669 percutit
2802 1597 3006 1654 femina
3034 1598 3424 1655 conscientiam
3469 1596 3673 1670 pariter
3721 1598 3819 1651 ha-

2219 1685 2455 1754 bitantis,
2489 1687 2772 1759 exuritque
2800 1686 3150 1743 fundamenta
3178 1686 3463 1744 montium.
3497 1687 3614 1759 Ego
3654 1685 3814 1755 judi-

2219 1788 2305 1841 co,
2342 1774 2387 1829 si
2418 1790 2541 1831 cum
2595 1774 2731 1831 viris
2786 1773 3004 1832 femina:
3054 1776 3320 1844 habitant,
3382 1776 3641 1833 vicarium
3701 1790 3815 1831 non

2218 1871 2390 1929 deerit
2417 1871 2639 1928 diaboli.
2671 1873 2750 1928 Ex
2781 1872 2861 1928 eis
2890 1880 3185 1945 occupatus
3213 1881 3297 1929 est
3324 1873 3507 1929 homo.
3552 1914 3565 1927 .
3611 1914 3626 1926 .
3671 1913 3684 1927 .
3736 1912 3751 1925 .
3797 1913 3813 1928 .

2217 1960 2432 2017 ferreas
2459 1969 2673 2017 mentes
2702 1960 2872 2017 libido
2903 1960 3103 2018 domat.
3132 1962 3189 2018 Si
3219 1961 3406 2035 alligat
3453 1962 3574 2034 quis
3622 1961 3816 2034 ignem

2217 2047 2274 2103 in
2302 2048 2486 2105 sinum
2518 2066 2694 2115 suum,
2727 2050 3061 2106 vestimenta
3088 2065 3197 2107 non
3227 2051 3619 2107 comburentur
3641 2051 3670 2105 ?
3719 2058 3817 2105 aut

2218 2143 2408 2216 siquis
2436 2160 2536 2216 per
2581 2144 2791 2200 medios
2837 2145 3107 2201 carbones
3143 2144 3288 2216 ignis
3329 2145 3587 2211 ambulet,
3637 2145 3816 2217 pedes

2217 2249 2351 2289 suos
2374 2248 2483 2289 non
2516 2233 2795 2290 comburat
2822 2236 2851 2287 ‘2
2896 2233 3029 2289 Mihi
3075 2234 3264 2305 crede,
3307 2250 3415 2290 non
3471 2241 3649 2305 potest
3694 2241 3815 2290 toto

2219 2322 2390 2379 corde
2420 2322 2670 2378 habitare
2702 2338 2825 2379 cum
2854 2323 3111 2390 Domino,
3143 2323 3233 2393 qui
3265 2322 3583 2380 feminarum
3611 2338 3815 2380 acces-

2215 2420 2373 2476 sibus
2394 2420 2700 2492 copulatur.
2732 2421 2841 2477 Sed
2870 2420 3009 2477 dicis
3041 2437 3054 2476 :
3100 2420 3205 2490 Qui
3261 2421 3503 2477 ambulat
3539 2420 3815 2493 simplici-

2213 2524 2315 2585 ter,
2347 2518 2591 2574 ambulat
2613 2518 2968 2575 confidenter.
3000 2520 3144 2576 Bene
3170 2528 3224 2577 et
3243 2528 3435 2594 argute
3460 2537 3475 2587 ;
3506 2520 3610 2576 sed
3637 2535 3811 2592 opor-

2212 2624 2289 2672 tet
2316 2616 2684 2674 testimonium
2714 2618 2919 2675 habere
2950 2619 3180 2675 bonum.

506 2811 3799 2857 Μ

1752 3057 1903 3101 ANNO
1941 3057 2139 3102 υοιιιΝι
2176 3057 2538 3103 κοιι-υοχχνι

1436 3327 2878 3574 WERNERUS

983 3754 1415 3869 ABBAS
1474 3755 1586 3867 S.
1652 3753 2110 3867 BLASII
2185 3755 2333 3867 IN
2413 3755 2815 3869 SILVA
2897 3755 3338 3871 NIGRA

1975 4023 2322 4045 —_

1728 4217 2534 4373 NOTITIA

1244 4540 1405 4610 (Dom
1437 4541 1724 4614 Genesar,
1755 4543 2015 4600 Historia
2034 4544 2217 4615 Nigrae
2246 4543 2436 4602 Silver.
2466 4542 2625 4611 1793,
2659 4543 2738 4611 4ο,
2771 4550 2900 4599 tom.
2933 4542 3004 4611 Ι.)

581 4868 897 4938 Wemerus,
920 4868 1196 4944 abbasS.
1226 4867 1397 4944 Blasii
1417 4868 1593 4944 §ilv¢e
1623 4869 1825 4944 Nigra},
1855 4868 2179 4926 eruditione
2207 4883 2324 4923 non
2350 4868 2745 4944 gninusguam
2768 4870 2988 4926 eximia
3015 4870 3147 4944 vitae
3183 4870 3523 4944 integritate
3543 4876 3786 4943 claruit,

498 4943 1009 5019 smculunique‘lwc
1038 4941 1376 5019 illustrauit.
1402 4939 1715 5019 fanantur
1742 4940 1809 4997 de
1837 4956 1899 5019 eo
1925 4939 2654 5019 monumentaaomestica,
2678 4941 3148 5019 illumprceclare
3165 4939 3470 5019 mimodum
3488 4939 3790 5019 scripsisse

497 5010 1045 5089 de,S.S'.A_TAi-ini_tati_s_
1064 5013 1351 5089 mysterio,
1380 5011 1447 5066 de
1475 5027 1580 5083 quo
1610 5015 1808 5089 autem
1836 5011 2145 5089 ejus_0pere
2171 5010 2322 5089 nihil
2347 5012 2424 5089 ad
2451 5012 2861 5089 nos-pervenit
2872 5010 3009 5089 ‘(1_)_._
3041 5012 3118 5089 De
3163 5012 3484 5089 eodem__sic
3529 5010 3789 5089 loquitur

496 5088 659 5142 Felix
687 5087 861 5142 Faber
888 5086 951 5140 in
981 5081 1228 5156 Historia
1253 5081 1585 5156 saevorum:
1622 5104 1643 5129 «
1691 5083 1780 5156 Vir
1806 5081 2130 5156 sanctuset
2156 5081 2459 5156 admodum
2481 5081 2795 5156 religiosus,
2824 5083 2890 5138 de
2910 5081 3214 5140 'Ellerbach
3234 5085 3439 5141 nobilis
3465 5081 3692 5156 genere,
3726 5092 3786 5146 ct

492 5155 679 5212 multo
706 5156 948 5212 nobilior
967 5154 1263 5225 religione.
1300 5152 1399 5209 Hic
1428 5153 1611 5217 abbas,
1643 5153 2189 5225 quiardevotissimo:
2215 5152 2511 5225 nutriebat
2540 5154 2863 5225 monachos.
2910 5157 3145 5224 rogatus
3185 5157 3303 5225 fuit
3351 5174 3387 5211 a
3433 5152 3639 5213 multis
3674 5152 3788 5217 Deo

494 5227 706 5282 devoti:
734 5223 1151 5297 virginibiihut
1181 5226 1239 5278 et
1266 5228 1605 5297 conventum
1634 5223 1721 5279 uel
1741 5224 2061 5280 claustrum
2080 5239 2180 5297 pro
2208 5225 2289 5297 ei:
2306 5223 2491 5297 juxta
2517 5239 2687 5297 suam
2715 5223 3027 5297 aediﬁcaret
3054 5223 3487 5283 monasterium.
3516 5228 3784 5286 Inclina-

497 5299 591 5382 ιβιδ
620 5293 1095 5382 (ξαιεηιήνξςίὺιιε
1121 5309 1325 5382 eorum
1347 5293 1429 5374 ad.
1447 5295 1599 5382 latus
1630 5298 1948 5382 conuentu:
1974 5293 2368 5382 reclusoriam.
2377 5295 2537 5377 fecit,
2588 5295 2681 5382 in,
2701 5311 2805 5382 quo
2847 5295 3029 5382 multo
3062 5299 3313 5382 tempore
3339 5299 3631 5382 uirginum
3665 5302 3783 5358 Deo

494 5364 969 5441 deuotarum—[uit
998 5366 1378 5441 congregatio,
1405 5366 1582 5435 juxta
1607 5366 1886 5441 capellam
1907 5366 1972 5419 Β.
2015 5366 2201 5441 uarie
2227 5365 2482 5441 virginis,
2514 5381 2641 5441 qua:
2662 5364 2821 5441 hodie
2849 5365 3049 5441 statin
3068 5364 3384 5441 caemeterio
3425 5364 3489 5425 in
3532 5386 3640 5441 quo
3686 5388 3784 5428 se-

484 5436 731 5509 pultura-
754 5435 1295 5509 fait‘prwdictarwn
1325 5450 1606 5509 sororum,
1631 5435 1803 5509 inter
1821 5452 1958 5508 quas
2000 5438 2200 5491 multa
2247 5438 2462 5490 sancta:
2510 5435 2825 5492 creduntur
2871 5436 3047 5509 fuisse
3096 5438 3238 5493 Obiit
3279 5435 3573 5496 Wemeru':
3622 5457 3783 5498 anno

488 5504 724 5564 Domini
755 5504 976 5564 1126ἐί
1008 5504 1244 5562 αὸὺαιὶιε
1269 5522 1385 5562 sua:
1414 5523 1512 5563 an.
1544 5507 1615 5564 24
1643 5504 1916 5579 feliciter.
1947 5530 1968 5553 »ι

559 5683 638 5757 (l)
669 5679 1344 5757 Librum_Defl_ogatio_num
1377 5697 1536 5757 quem
1567 5683 1671 5739 sub
1700 5683 1816 5757 ejus
1841 5682 2061 5757 nomine
2088 5698 2154 5740 ex
2192 5680 2450 5757 editione
2474 5682 2780 5741 Basileensi
2831 5684 3166 5757 recudimus,
3226 5687 3508 5746 Fabricius
3562 5699 3613 5747 et
3667 5708 3774 5748 an-

487 5751 672 5816 ctores
701 5751 1042 5814 Banedictini
1074 5751 1266 5810 Galliae
1293 5751 1590 5825 litterariae,
1622 5754 1714 5824 qui
1730 5751 1926 5812 tamen
1950 5753 2208 5815 volumen
2234 5768 2343 5813 non
2363 5754 2631 5826 viderant,
2663 5756 2939 5817 Warnero
2978 5751 3189 5816 cuidam
3237 5759 3418 5833 Anglo
3454 5760 3763 5829 vindicant.
