4072 6078
363 238 464 294 721
1471 229 2060 288 DEFLORATIONES
2099 231 2201 288 SS.
2244 232 2548 290 PATRUM.
3563 238 3668 294 729

858 695 1341 843 LIBRI
1488 691 3171 846 DELFLOBATIONUM

1251 1157 1558 1269 SIVE
1672 1155 2754 1270 EXCERPTIONUM

361 1426 460 1488 Ex
492 1426 828 1509 melliﬂua
859 1424 1291 1509 diversorum
1322 1427 1602 1509 Patrum
1634 1427 1999 1509 signanter
2021 1429 2414 1509 Augustini,
2447 1428 2880 1509 Hieronymi,
2915 1427 3283 1509 Ambrosii,
3313 1427 3650 1507 Gregorii,

544 1505 812 1584 Hilarii,
843 1506 1339 1590 Clirysostomi,
1377 1507 1678 1590 Maximi,
1703 1505 2428 1590 'Origenis,Remigii,
2464 1505 2879 1590 Cassiodori,
2916 1508 3137 1584 Bedes,
3178 1508 3455 1572 Alcuini

1120 1587 1549 1670 aliorumque
1581 1587 1941 1653 doctorum
1972 1587 2513 1655 orthodoxorum
2546 1587 2877 1664 doctrina,

1925 1870 2103 1911 SUPER

441 2112 1174 2218 EVANGELIA
1253 2116 1421 2221 DE
1501 2117 2093 2222 TEMPORE
2170 2121 2410 2225 PER
2487 2117 2783 2223 ΑΝΝΙ
2862 2116 3532 2246 CIRCULUM,

1533 2390 1664 2454 Per
1695 2389 2146 2456 reverendum
2183 2391 2458 2454 Patrem

735 2611 1789 2753 DOMINUM
1899 2612 3205 2754 WERNERUM

699 2909 951 2950 ABBA'I'EM
991 2909 1333 2951 HONASTERII
1374 2912 1428 2951 S.
1477 2907 1654 2953 BLASII
1693 2911 1979 2952 MARTYRIS
2019 2911 2090 2950 ET
2135 2911 2434 2952 PONTll-‘ICIS
2473 2911 2530 2951 IN
2568 2910 2742 2951 NIGRA
2786 2911 2968 2962 SILVA,
3009 2899 3238 2952 0RDlNlS

1331 3116 1388 3154 s.
1438 3113 1754 3170 nexantem,
1797 3114 2270 3155 CONSTANTIENSIS
2310 3115 2612 3171 nmoasrs,

1633 3331 2330 3397 CONSCRIPTARUM

761 3624 840 3688 In
884 3641 1215 3691 ser-mones
1247 3624 1615 3707 postillares
1641 3626 2081 3706 subsequentcs
2107 3628 2646 3707 syntagmatizati
2675 3629 2804 3690 sive
2831 3627 3199 3708 compositi.

399 4158 652 4228 (Titulum
707 4175 869 4231 supra
916 4175 1169 4215 recusum
1218 4177 1280 4216 ex
1339 4161 1574 4216 editione
1631 4157 1929 4216 Basileensi
1958 4159 2087 4214 anni
2128 4161 2282 4228 H94,
2326 4160 2468 4232 typis
2516 4158 2758 4215 Gothicis
2798 4153 3010 4212 duabus
3049 4152 3314 4210 columnis
3360 4150 3624 4222 impressa

327 4246 397 4301 ad
428 4248 661 4302 verbum
707 4248 1125 4319 exscripsimus.
1161 4250 1395 4305 Litteras
1443 4249 1676 4303 initiales
1715 4249 1885 4302 minio
1942 4247 2206 4318 eﬁigiatas
2237 4249 2490 4314 exhibet;
2524 4249 2718 4302 desunt
2763 4245 3094 4318 paginarum
3139 4240 3448 4297 numerales
3479 4243 3624 4294 notae

327 4334 594 4390 Volumen
623 4342 708 4391 est
737 4336 790 4390 in
817 4336 948 4393 tolio
978 4337 1170 4392 minori
1195 4358 1209 4404 ;
1240 4338 1450 4392 duabus
1495 4338 1740 4408 partibus
1787 4345 2001 4391 constat
2051 4337 2103 4391 in
2147 4353 2308 4392 unam
2338 4336 2656 4408 compactis,
2690 4351 2811 4408 qua:
2837 4342 3026 4391 tamen
3073 4329 3307 4387 seorsim
3336 4329 3516 4385 lucem
3547 4329 3624 4384 vi-

325 4431 540 4486 derant.
598 4434 851 4489 Werneri
897 4451 1182 4491 sermones
1227 4437 1428 4492 claudit
1466 4436 1652 4492 notula
1691 4435 2043 4507 typograpbi,
2093 4449 2389 4505 suppresso
2431 4442 2611 4489 tamen
2650 4431 2823 4504 ipsius
2864 4430 3129 4486 nomine:
3171 4426 3453 4499 «Explicit
3481 4424 3621 4480 liber

325 4519 755 4575 Deﬂorationum
785 4523 1028 4590 Patrum,
1082 4525 1306 4580 Basilea:
1335 4525 1632 4595 impressus
1661 4539 1807 4580 anno
1839 4524 2054 4578 Domini
2098 4524 2234 4576 1494
2307 4547 2328 4570 ι
2365 4523 2498 4578 Pars
2527 4521 2674 4593 prior
2705 4535 3017 4576 sermonum
3047 4517 3428 4575 collectionem
3458 4530 3617 4571 com-

323 4608 596 4678 plectitur,
627 4611 782 4679 cujus
802 4610 1013 4666 initium
1045 4613 1151 4668 tale
1177 4621 1293 4668 est:
1333 4637 1353 4658 «ι
1392 4614 1660 4684 Incipiunt
1690 4629 1974 4667 sermones
2033 4611 2301 4668 notabiles
2359 4610 2536 4679 valde,
2571 4619 2625 4666 et
2654 4610 2880 4666 multum
2923 4607 3205 4673 formales,
3246 4604 3429 4661 fratris
3459 4602 3619 4658 Socci

323 4696 530 4751 ordinis
560 4697 954 4766 Cisterciensis,
988 4700 1056 4756 de
1085 4701 1308 4766 sanctis,
1343 4702 1421 4756 sic
1451 4702 1745 4771 nuncupati
1777 4718 1900 4755 cum
1931 4702 2000 4756 de
2028 4717 2212 4765 succo,
2238 4701 2292 4756 id
2323 4708 2406 4756 est
2435 4700 2504 4755 de
2533 4699 2775 4756 medulla
2805 4714 2973 4754 sacrae
2996 4696 3212 4768 paginae
3237 4693 3376 4763 stylo
3406 4689 3620 4745 subele-

322 4785 474 4856 ganti
502 4785 929 4856 exquisitissime
959 4789 1068 4844 sint
1121 4790 1356 4845 collecti.
1396 4815 1416 4837 η
1452 4791 1675 4860 Legitur
1721 4791 1788 4844 ad
1847 4790 2055 4846 calcem
2091 4810 2102 4844 :
2143 4814 2164 4838 «
2201 4791 2496 4846 Sermones
2526 4789 2595 4843 de
2624 4788 2826 4844 sanctis
2854 4784 3091 4841 flosculis
3117 4777 3619 4838 mellitluidoctoris

322 4883 500 4938 sancti
529 4883 791 4939 Bernardi
819 4902 936 4956 prae
959 4888 1173 4942 caeteris
1205 4897 1477 4958 utcunque
1509 4888 1778 4952 exornati,
1839 4903 1872 4942 a
1928 4891 2114 4957 sagaci
2146 4890 2264 4944 viro
2313 4888 2552 4944 Johanni
2602 4888 2727 4955 (sic)
2763 4886 2832 4939 de
2864 4883 3189 4952 Grt‘tningen
3221 4880 3274 4932 in
3306 4876 3503 4946 inclyta
3534 4875 3621 4928 Ar

320 4971 630 5041 gentinensi
652 4973 871 5028 civitate
893 4974 1183 5048 diligenter
1213 4975 1491 5042 elaborati,
1527 4991 1668 5032 anno
1699 4991 1730 5030 a
1760 4977 1958 5032 Christi
1991 4978 2264 5033 nativitate
2287 4979 2441 5043 “sit,
2479 4975 2604 5030 ldus
2649 4973 2856 5029 mensis
2907 4971 3130 5043 Aprilis,
3172 4965 3466 5038 expliciunt
3489 4962 3614 5018 feli-

319 5059 482 5116 citer.
529 5064 576 5126 ι)
