4028 6070
255 269 359 321 ἾΞΩ

1182 256 1770 316 DEFLORATIONES
1807 259 1911 316 SS.
1959 261 2262 319 PATRUM.
2297 292 2361 304 ——
2393 263 2525 320 LIB.
2569 263 2615 318 I.

3446 267 3546 322 730

256 388 555 459 Quomodo
586 385 752 444 Filius
782 401 812 441 a
843 386 998 440 Patre
1029 382 1246 457 genitus
1276 384 1365 452 sit,
1401 384 1738 456 impossibile
1765 392 1848 440 est
1876 387 1931 446 A
1959 387 2133 443 Deum
2163 404 2356 444 verum
2386 399 2570 445 natum
2601 390 2671 446 de
2709 391 2826 446 Deo
2875 391 3055 458 Patre,
3079 398 3130 446 et
3156 407 3342 446 verum
3375 392 3555 448 homi-

257 481 404 536 scire
452 499 464 534 :
523 492 681 534 mens
732 473 934 543 deficit,
985 473 1174 546 lingua
1216 473 1358 539 silet,
1404 490 1510 530 non
1572 474 1851 529 hominum

258 576 492 634 tantum,
541 566 640 623 sed
695 571 749 620 et
803 561 1150 636 angelorum,
1197 578 1357 634 supra
1400 563 1654 636 angelos,
1685 577 1854 635 supra

255 657 566 723 cherubim,
606 669 764 726 supra
795 651 1095 724 seraphim,
1125 667 1295 723 supra
1350 667 1572 708 omnem
1631 668 1851 708 sensum

253 754 359 802 est.
391 745 631 800 Credere
655 743 935 813 iubemur,
971 756 1081 797 non
1131 741 1402 796 discutere
1458 741 1841 812 permittimur.

256 834 427 890 Aufer
456 841 780 904 argumenta
807 831 901 886 ubi
921 829 1057 886 fides
1073 829 1348 902 qumritur.
1371 830 1657 887 Credimus
1682 847 1851 886 unum

257 925 458 990 Deum,
492 923 705 978 Patrem
735 927 788 976 et
819 919 1010 975 Filium
1041 927 1095 974 et
1127 918 1386 990 Spiritum
1417 926 1665 977 sanctum
1695 937 1708 973 :
1742 921 1852 975 Pa-

255 1020 396 1068 trem
427 1026 494 1068 eo
552 1010 697 1083 quod
744 1009 940 1064 habeat
965 1007 1179 1074 Filium,
1223 1007 1414 1063 Filium
1445 1024 1511 1064 eo
1566 1007 1714 1080 quod
1745 1009 1850 1064 Pa-

250 1110 416 1168 trem,
454 1099 715 1171 Spiritum
759 1113 824 1153 eo
852 1096 998 1169 quod
1030 1096 1087 1150 tit
1117 1113 1182 1152 ex
1213 1098 1370 1152 Patre
1407 1103 1463 1152 et
1503 1097 1656 1152 Filio.
1693 1098 1853 1152 Pater

261 1205 402 1262 ergo
420 1186 749 1260 principium
770 1185 1010 1254 deitatis,
1031 1185 1121 1258 qui
1144 1185 1282 1241 sicut
1301 1200 1580 1257 nunquam
1617 1185 1714 1241 fuit
1745 1202 1850 1241 non

247 1280 422 1347 Deus,
470 1277 544 1332 ita
593 1290 874 1348 nunquam
907 1289 1022 1330 non
1081 1272 1180 1329 fuit
1218 1289 1329 1330 non
1377 1275 1558 1330 Pater.
1613 1276 1666 1329 A
1698 1276 1852 1330 Patre

258 1365 434 1422 Filius
462 1372 642 1430 natus,
675 1365 745 1420 ab
777 1377 842 1420 eo
874 1378 1002 1418 vero
1033 1370 1084 1416 et
1115 1377 1148 1417 a
1178 1362 1312 1418 Filio
1327 1363 1568 1434 procedit
1597 1363 1849 1434 Spiritus.

251 1457 412 1512 Pater
439 1462 676 1510 aeternus
706 1468 772 1508 eo
799 1452 946 1524 quod
987 1452 1184 1507 habeat
1213 1451 1404 1507 Filium
1432 1460 1716 1519 aeternum,
1749 1468 1851 1508 cu-

244 1544 340 1612 jus
396 1550 635 1598 teternus
665 1541 733 1596 sit
782 1542 962 1596 Pater.
992 1540 1160 1595 Filius
1215 1549 1458 1597 aeternus
1497 1557 1564 1598 eo
1612 1541 1758 1613 quod
1787 1541 1857 1597 sit

254 1632 404 1688 Patri
435 1640 485 1688 et
512 1629 728 1702 Spiritui
760 1639 947 1686 sancto
977 1638 1149 1686 comta
1164 1646 1324 1684 rnus.
1368 1629 1602 1700 Spiritus
1632 1639 1855 1688 sanctus

1960 493 2085 532 nem
2114 486 2300 533 natum
2363 479 2431 535 de
2461 480 2679 535 homine
2709 488 2890 536 matre
2915 500 2926 535 :
2962 497 3066 536 nec
3095 480 3216 548 ejus
3243 480 3553 536 humanita-

1959 574 2066 621 tem
2098 567 2362 623 minorem
2411 569 2570 624 Patre
2618 569 2871 625 minuere
2900 568 3111 640 aliquid
3139 569 3256 638 ejus
3285 569 3550 626 divinitati

1961 671 2082 724 quae
2097 655 2326 727 zequalis
2347 664 2429 711 est
2459 657 2623 712 Patri.
2642 659 2757 714 Hoc
2777 674 2914 729 ergo
2935 667 3236 730 utrumque
3272 674 3413 713 unus
3469 667 3555 715 est

1960 743 2204 798 Christus
2257 745 2348 816 qui
2380 746 2640 801 sccudum
2691 748 2862 802 Deum
2891 747 3058 801 dixit:
3103 769 3124 797 ι
3159 747 3281 818 Ego
3312 754 3363 802 et
3393 747 3554 802 Pater

1958 849 2085 888 uum
2139 848 2326 888 sumus
2353 835 2544 900 (Joan.
2599 837 2684 900 χ.)
2718 859 2738 881 η
2772 837 2841 889 Et
2899 836 3198 892 secundum
3230 834 3502 891 hominem
3538 856 3550 891 :

1965 946 1986 971 ε(
2023 923 2180 978 Pater
2231 923 2402 991 major
2431 939 2518 977 me
2546 927 2630 978 est
2687 926 2870 994 (Joan.
2896 926 3032 995 xw),
3083 947 3103 972 υ
3141 940 3205 978 ex
3237 940 3344 995 quo
3388 925 3552 979 homo

1960 1011 2124 1082 cmpit
2153 1027 2295 1076 esse,
2345 1026 2455 1066 non
2479 1011 2624 1066 aliud
2674 1012 2835 1083 coepit
2865 1029 2988 1068 esse
3031 1027 3193 1084 quam
3226 1013 3324 1067 Dei
3363 1012 3552 1078 Filius,

1961 1105 2012 1150 et
2043 1097 2146 1150 hoc
2183 1095 2514 1166 unigenitus,
2549 1104 2603 1150 et
2658 1103 2883 1167 prepter
2913 1098 3084 1151 Deum
3131 1095 3377 1163 verbum,
3419 1111 3550 1166 quo,

1963 1184 2055 1240 illo
2094 1192 2368 1254 suscepto,
2392 1199 2523 1240 caro
2553 1185 2754 1240 factum
2777 1194 2857 1239 est
2900 1187 3084 1255 (Joan.
3109 1186 3169 1255 ι),
3197 1194 3252 1239 ut
3283 1185 3553 1256 quemad-

1961 1282 2182 1337 modum
2213 1290 2296 1336 est
2326 1298 2432 1337 una
2462 1297 2696 1354 persona
2727 1282 2949 1353 quilibet
2978 1283 3159 1347 homo,
3193 1282 3376 1336 anima
3405 1281 3552 1338 scili-

1961 1380 2050 1426 cet
2078 1370 2362 1425 rationalis
2393 1374 2447 1425 et
2477 1385 2630 1440 caro,
2656 1371 2728 1424 ita
2759 1371 2826 1424 sit
2870 1371 3112 1426 Christus
3151 1387 3262 1425 una
3289 1386 3550 1440 persona,

1965 1467 2202 1522 Verbum
2233 1475 2284 1522 et
2315 1468 2502 1522 homo.
2552 1465 2803 1522 Christus
2831 1467 2991 1521 Jesus
3025 1467 3121 1521 Dei
3173 1467 3341 1522 Filius
3374 1474 3475 1532 est,
3501 1472 3557 1521 et

1962 1556 2112 1612 Deus
2141 1564 2194 1610 et
2259 1556 2423 1610 homo
2457 1575 2468 1609 :
2503 1556 2668 1619 Deus,
2722 1555 2848 1626 quia
2896 1555 2998 1610 Dei
3058 1555 3312 1620 Verbum,
3370 1554 3552 1621 homo,

1963 1651 2096 1724 quia
2125 1652 2179 1708 in
2207 1652 2410 1708 unitate
2437 1667 2688 1723 personae
2739 1651 2973 1708 accessit
3002 1650 3102 1706 Dei
3134 1651 3336 1716 Verbo,
3368 1651 3553 1706 anima

257 1730 503 1777 aeternus
532 1720 756 1785 dicitur,
787 1735 854 1775 eo
884 1719 1029 1790 quod
1074 1719 1214 1773 Patri
1252 1727 1306 1775 et
1347 1719 1484 1775 Filio
1522 1719 1590 1774 sit
1635 1729 1856 1776 coaeter-

1967 1719 2243 1798 rationalis
2299 1751 2350 1796 et
2379 1719 2532 1797 caro.
2590 1741 2658 1795 Et
2709 1739 2798 1811 qui
2831 1739 3028 1795 unicus
3074 1739 3174 1794 Dei
3228 1739 3395 1794 Filius
3451 1748 3552 1806 est,

255 1827 385 1873 nus,
419 1825 528 1865 non
557 1808 806 1876 confusa,
836 1815 892 1864 ut
923 1806 1202 1864 Sabellius
1231 1807 1381 1874 dicit,
1399 1807 1634 1864 Trinitas
1649 1808 1704 1864 in
1731 1825 1852 1880 per-

257 1915 420 1965 sona,
456 1914 636 1971 neque
666 1905 920 1969 separata
945 1905 1039 1952 aut
1068 1896 1245 1952 divisa
1294 1897 1348 1950 in
1382 1903 1576 1952 natura
1605 1897 1854 1953 divinita-

253 1989 349 2056 tis,
383 1996 441 2043 ut
469 1986 632 2043 Arius
665 1985 1024 2058 blasphemat,
1054 1985 1152 2041 sed
1208 1985 1344 2042 alter
1368 1985 1423 2041 in
1478 2000 1715 2057 persona
1747 1987 1853 2042 Pa-

277 2085 385 2145 ter,
441 2075 580 2131 alter
627 2074 810 2140 Filius,
851 2073 990 2130 alter
1055 2073 1286 2145 Spiritus
1326 2081 1571 2141 sanctus,
1603 2091 1744 2130 unus
1791 2075 1848 2131 in

259 2173 480 2234 natura,
514 2164 568 2219 in
621 2162 860 2218 trinitate
915 2163 1079 2228 Deus,
1112 2163 1274 2219 Pater
1329 2172 1382 2219 et
1428 2163 1614 2234 Filius,
1645 2177 1696 2220 et
1725 2165 1848 2236 Spi-

254 2256 394 2310 ritus
422 2261 666 2309 sanctus.
700 2252 833 2307 Item
868 2271 879 2306 :
907 2253 1030 2307 Non
1059 2261 1215 2323 pater
1267 2267 1488 2308 carnem
1534 2255 1845 2326 assumpsit,

253 2359 363 2399 nec
393 2341 636 2413 Spiritus
666 2350 906 2408 sanctus,
939 2340 1036 2396 sed
1057 2339 1222 2395 Filius
1253 2349 1480 2408 tantum,
1505 2351 1578 2407 ut,
1609 2342 1698 2414 qui
1729 2351 1846 2398 erat

247 2432 306 2486 in
343 2429 632 2486 divinitate
669 2430 842 2484 Patris
863 2428 964 2484 Dei
996 2428 1180 2495 Filius,
1214 2429 1332 2500 ipse
1360 2429 1512 2486 ﬁeret
1541 2430 1597 2485 in
1629 2432 1847 2486 homine

255 2519 497 2576 nominis
518 2517 681 2587 ﬁlius,
700 2534 877 2590 neque
912 2517 1032 2572 Filii
1057 2533 1256 2573 nomen
1295 2518 1365 2573 ad
1391 2519 1618 2574 alterum
1663 2528 1848 2575 trans-

249 2611 381 2674 iret,
414 2606 506 2679 qui
549 2623 658 2663 non
689 2615 835 2662 esset
865 2605 1144 2662 nativitate
1175 2606 1358 2662 Filius.
1405 2607 1505 2663 Dei
1536 2623 1674 2678 ergo
1703 2608 1847 2663 nati-

257 2697 434 2752 vitate
466 2695 615 2750 Illius
646 2695 881 2751 hominis
910 2695 1084 2751 factus
1114 2703 1197 2749 est
1238 2695 1437 2751 Filius:
1462 2704 1619 2751 natus
1646 2713 1847 2753 secun-

255 2785 390 2841 dum
420 2784 702 2842 veritatem
730 2792 958 2844 naturae.
991 2799 1057 2839 ex
1105 2783 1221 2839 Deo
1241 2783 1340 2839 Dei
1361 2782 1531 2852 filius;
1551 2785 1848 2841 secundum

260 2873 551 2930 veritatem
609 2881 835 2938 naturae,
895 2888 961 2927 ex
1010 2871 1229 2928 homine
1281 2872 1516 2928 hominis
1573 2873 1734 2940 filius,
1790 2879 1853 2930 ut

261 2970 478 3026 veritas
506 2968 702 3040 geniti,
731 2984 840 3024 non
869 2968 1178 3038 adoptione,
1199 2984 1302 3025 nec
1330 2968 1721 3042 appellatione,
1749 2969 1850 3026 sed

1963 1830 2128 1886 etiam
2185 1838 2239 1886 et
2266 1828 2410 1884 filius
2466 1828 2721 1895 hominis,
2752 1829 2808 1883 id
2865 1837 2948 1883 est
2978 1827 3094 1898 ipse
3145 1835 3437 1899 utrumque
3486 1843 3552 1882 ex

1960 1926 2199 1990 utroque
2257 1934 2398 1974 unus
2453 1917 2718 1985 Christus,
2770 1933 2909 1971 unus
2954 1915 3055 1971 Dei
3084 1915 3270 1984 Filius,
3297 1914 3552 1986 idemque

1960 2006 2194 2063 hominis
2252 2004 2414 2071 ﬁlius,
2447 2021 2555 2062 non
2610 2005 2720 2060 duo
2762 2003 2880 2073 lilii,
2923 2005 3072 2059 Deus
3129 2011 3184 2060 et
3236 2004 3419 2071 homo,
3453 2003 3552 2058 sed

1960 2111 2098 2151 unus
2137 2095 2327 2151 Filius.
2365 2097 2501 2151 Item
2532 2096 2679 2150 Deus
2733 2093 3010 2149 hominem
3041 2091 3355 2163 assumpsit,
3389 2093 3550 2147 homo

1956 2185 2012 2240 in
2037 2187 2214 2240 Deum
2245 2184 2511 2250 transivit,
2545 2199 2655 2238 non
2684 2191 2885 2237 naturae
2915 2180 3288 2246 versibilitate,
3323 2180 3420 2236 sed
3450 2180 3552 2236 Dei

1955 2273 2293 2346 dignatione,
2343 2280 2531 2328 utnec
2586 2272 2735 2326 Deus
2790 2277 3095 2325 mutaretur
3149 2268 3204 2323 in
3257 2270 3549 2324 humanam

1955 2360 2312 2417 substantiam
2367 2359 2699 2416 assumenda
2753 2358 3050 2420 hominem,
3111 2373 3213 2412 nec
3268 2357 3431 2412 homo
3492 2355 3548 2410 in

1953 2449 2197 2504 divinam
2225 2448 2559 2520 glorificatus
2589 2447 2640 2502 in
2675 2449 2866 2502 Deum.
2896 2446 3034 2515 Quia
3063 2444 3289 2500 mutatio
3320 2444 3404 2500 vel
3436 2459 3552 2499 ver-

1955 2537 2186 2592 sibilitas
2215 2545 2424 2591 natura:
2479 2535 2564 2591 vel
2593 2535 3009 2591 diminutionem
3065 2536 3151 2591 vel
3199 2532 3549 2588 abolitionem

1956 2625 2104 2693 facit,
2135 2625 2374 2682 creditur
2428 2639 2462 2679 a
2505 2623 2668 2680 nobis
2724 2624 2842 2679 sine
2893 2621 3212 2678 confusione
3267 2621 3553 2689 conjuncta

1955 2713 2208 2778 Trinitas,
2232 2713 2349 2768 sine
2369 2711 2716 2784 separatione
2739 2711 3010 2766 distincta.
3048 2711 3200 2764 Item.
3221 2709 3368 2763 Nihil
3396 2723 3548 2763 erea-

1957 2809 2089 2867 tum,
2122 2809 2216 2856 aut
2244 2801 2490 2857 serviens
2530 2799 2584 2854 in
2612 2799 2877 2853 Trinitate
2908 2798 3240 2853 credendum
3282 2805 3386 2863 est,
3419 2797 3552 2852 nihil

1957 2890 2249 2962 inaequale,
2292 2889 2430 2944 nihil
2461 2889 2651 2960 gratim
2695 2887 2922 2959 aequale,
2958 2885 3092 2940 nihil
3121 2885 3384 2949 anterius,
3417 2883 3551 2938 nihil

1956 2978 2250 3050 posterius,
2279 2985 2370 3034 aut
2426 2977 2626 3042 minus,
2662 2975 2793 3030 nihil
2849 2982 3170 3029 extraneum
3197 2982 3288 3028 aut
3316 2971 3553 3028 ofﬁciale

252 3061 312 3117 in
365 3067 594 3131 utraque
632 3057 920 3114 nativitate
965 3055 1059 3112 filii
1107 3072 1308 3114 nomen
1354 3059 1629 3115 nascendo
1673 3059 1847 3116 habe-
1879 3094 1929 3160 C
1959 3063 2135 3132 alteri,
2168 3062 2302 3118 nihil
2330 3061 2438 3116 sibi
2493 3060 2782 3124 invisibile,
2817 3058 2948 3112 nihil
3005 3057 3274 3113 creaturis
3319 3055 3550 3122 visibile,

256 3157 364 3214 ret,
423 3155 478 3204 et
529 3155 674 3203 esset
731 3163 894 3204 verus
940 3147 1106 3213 Deus,
1154 3163 1319 3203 verus
1371 3147 1554 3215 homo,
1587 3165 1728 3204 unus
1784 3147 1852 3203 fi-

245 3237 378 3295 lius.

326 3328 460 3380 Item
495 3339 604 3380 non
636 3339 770 3395 ergo
821 3323 960 3379 duos
991 3323 1244 3388 christos,
1291 3341 1468 3398 neque
1497 3325 1636 3381 duos
1695 3325 1851 3396 filios,

253 3414 359 3468 sed
386 3414 557 3468 Deum
583 3421 636 3468 et
670 3413 944 3468 hominem
970 3428 1137 3467 unum
1184 3413 1396 3469 Filium.
1423 3413 1598 3482 Quem
1628 3425 1853 3486 propteo

244 3519 349 3558 rea
381 3501 732 3574 Unigenitum
781 3501 1033 3566 dicimus,
1057 3509 1364 3557 manentem
1396 3503 1450 3557 in
1481 3503 1697 3558 duabus
1727 3504 1855 3558 sub-

255 3598 493 3662 stantiis,
531 3599 669 3654 sicut
691 3598 744 3652 ei
775 3597 974 3652 veritas
1005 3606 1212 3653 naturae
1249 3598 1493 3663 contulit,
1527 3615 1635 3655 non
1665 3600 1855 3655 confu-

250 3689 332 3742 sis
367 3686 595 3753 naturis,
619 3701 800 3758 neque
843 3685 1122 3742 immistis.
1163 3686 1241 3741 Ita
1265 3687 1407 3743 enim
1439 3687 1606 3743 Filius
1635 3703 1852 3743 assum-

249 3783 365 3857 psit
411 3783 709 3848 hominem,
742 3791 802 3838 ut
857 3783 949 3855 qui
1005 3783 1267 3854 suscepit,
1297 3791 1352 3839 et
1397 3785 1543 3858 quod
1592 3787 1850 3858 suscepit,

246 3897 362 3938 una
392 3889 538 3937 esset
569 3880 622 3935 in
656 3879 896 3936 trinitate
930 3895 1190 3951 persona.
1231 3882 1426 3954 Neque
1453 3883 1601 3938 enim
1631 3883 1854 3940 homine

245 3984 532 4049 assumpto
566 3977 912 4048 quaternitas
953 3975 1093 4034 facta
1125 3986 1226 4034 est.
1251 3979 1360 4034 Sed
1391 3979 1601 4036 trinitas
1632 3982 1853 4048 mansit,

249 4074 633 4146 assumptione
664 4073 754 4128 illa
784 4072 1128 4129 ineﬂ'abiliter
1157 4073 1391 4132 faciente
1416 4093 1668 4148 persona:
1697 4081 1856 4137 unius

248 4169 312 4225 in
334 4170 450 4224 Deo
477 4177 531 4224 et
555 4169 774 4225 homine
804 4170 1109 4234 veritatem,
1131 4171 1385 4242 quoniam
1408 4190 1518 4234 non
1539 4177 1710 4232 Deum
1741 4186 1857 4232 tan.

250 4275 387 4333 tum,
419 4282 524 4324 nec
579 4266 857 4324 hominem
890 4276 1094 4324 tantum
1149 4267 1382 4328 dicimus
1429 4273 1728 4345 Christum,
1761 4275 1859 4332 sed

1960 3152 2095 3208 nihil
2123 3152 2374 3207 moribus
2405 3149 2489 3206 vel
2520 3149 2796 3205 voluntate
2826 3147 3125 3212 diversum,
3168 3145 3301 3200 nihil
3343 3145 3411 3200 de
3431 3145 3552 3200 Tri-

1963 3241 2149 3297 nitatis
2169 3239 2405 3296 essentia
2441 3239 2511 3294 ad
2535 3245 2914 3294 creaturarum
2961 3243 3215 3290 naturam
3238 3233 3551 3300 deductum,

1962 3330 2096 3386 nihil
2143 3328 2324 3385 officio
2374 3327 2674 3400 singulare,
2718 3339 2820 3381 nec
2877 3323 3036 3379 alteri
3078 3322 3551 3386 communicabile,

1963 3419 2096 3475 nihil
2152 3417 2456 3486 confusum,
2491 3415 2587 3472 sed
2620 3423 2786 3470 totum
2847 3413 3147 3485 perfectum
3181 3429 3195 3466 :
3228 3411 3356 3483 quia
3385 3420 3555 3466 totum

1964 3525 2027 3564 ex
2058 3523 2188 3575 uno,
2221 3516 2275 3564 et
2331 3523 2520 3572 unum,
2577 3519 2687 3560 non
2742 3512 2920 3558 tamen
2977 3501 3301 3558 solitarium.
3352 3502 3488 3556 Item
3544 3517 3556 3554 :

1963 3596 2298 3653 Homousion
2357 3611 2496 3666 ergo
2521 3595 2575 3650 in
2607 3593 2886 3649 divinitate
2915 3591 3056 3646 Patri
3094 3590 3292 3656 Filius;
3323 3590 3557 3645 homou-

1962 3695 2080 3750 sion
2123 3693 2269 3750 Patri
2326 3702 2376 3748 et
2435 3692 2570 3748 Filio
2628 3690 2861 3761 Spiritus
2910 3696 3178 3744 sanctus:
3221 3687 3557 3742 Homousion

1962 3793 2080 3848 Deo
2107 3799 2160 3847 et
2189 3789 2415 3858 homini,
2457 3804 2596 3843 unus
2619 3787 2786 3843 Filius
2812 3801 3039 3840 manens
3069 3785 3215 3839 Deus
3245 3784 3298 3838 in
3329 3784 3554 3839 homine

1963 3904 2090 3944 suo.
2121 3889 2179 3942 In
2209 3887 2386 3960 gloria
2427 3885 2598 3941 Patris
2627 3883 3004 3940 desiderabilis
3052 3881 3223 3937 videri
3281 3882 3350 3936 ab
3381 3897 3556 3952 ange-

1965 3985 2033 4040 lis
2065 4005 2075 4040 :
2111 3985 2190 4041 sic
2223 3985 2383 4040 Pater
2413 3990 2464 4039 et
2497 3981 2683 4047 Filius,
2716 3989 2768 4037 et
2797 3979 3031 4050 Spiritus
3062 3985 3280 4032 sanctus
3301 3976 3557 4032 adoretur

1967 4082 2034 4138 ab
2090 4081 2298 4153 angelis
2355 4087 2408 4136 et
2456 4079 2603 4135 omni
2666 4086 2932 4142 creatura,
2960 4091 3068 4130 non
3123 4075 3286 4128 homo
3338 4082 3558 4144 promer

1968 4179 2163 4244 Deum,
2196 4177 2281 4233 vel
2311 4175 2555 4231 Christus
2604 4189 2727 4230 cum
2769 4174 2903 4238 Deo,
2939 4171 3034 4226 sed
3055 4171 3218 4226 homo
3248 4169 3300 4225 in
3334 4171 3467 4236 Deo,
3503 4179 3556 4226 et

1969 4276 2024 4330 in
2057 4274 2274 4330 homine
2303 4275 2468 4329 Deus.

1693 4655 2116 4750 INCIPIT

792 4913 1160 5023 LIBER
1237 4839 1703 5018 PRIMUS.
1793 4913 2914 5018 DEFLORATIONUM.

1140 5253 1939 5351 DOMINICA
2061 5251 2672 5369 QUARTA

1386 5479 1576 5538 ANTE
1629 5478 2100 5537 NATIVITATEM
2150 5475 2426 5533 DOMINI.

332 5709 353 5732 α
390 5682 608 5742 initium
634 5687 923 5763 Evangelii
952 5687 1078 5742 Iesu
1109 5684 1330 5753 Christi,
1349 5683 1445 5742 ﬁlii
1488 5684 1683 5742 David.
1704 5685 1852 5742 Sicut
1882 5685 1938 5749 D
1967 5698 2146 5738 meum
2175 5691 2298 5739 ante
2329 5683 2522 5743 faciem
2553 5691 2719 5750 tuam,
2753 5683 2843 5757 qui
2882 5680 3213 5755 praeparabit
3243 5683 3380 5739 viam
3413 5687 3555 5734 tuam

252 5775 526 5848 scriptum
555 5777 717 5834 estin
748 5777 893 5836 Isaia
919 5777 1227 5851 propheta:
1253 5773 1398 5834 Ecce
1426 5775 1579 5833 mitto
1598 5773 1856 5846 angelum

1967 5782 2093 5830 ante
2123 5781 2195 5844 te,
2227 5781 2330 5831 etc.
2379 5776 2575 5846 (Marc.
2617 5776 2656 5843 ι)
2706 5797 2727 5821 »
2771 5771 3134 5844 Evangelium
3185 5772 3396 5835 Graece,
3458 5767 3558 5821 La-
