4072 6078
553 236 648 296 ’731

1673 227 2018 312 WERNERI
2056 249 2339 314 ABBATIS
2380 259 2433 313 s.
2489 250 2703 316 BLASll

3741 256 3841 313 732

542 365 655 421 tine
686 368 826 426 bona
851 374 1220 453 annuntiatio
1249 373 1468 438 dicitur,
1501 378 1648 450 quod
1705 380 1926 450 praprie
1952 381 2020 435 ad
2052 397 2136 435 re-
2166 383 2220 444 Α
2250 398 2358 437 non
2390 400 2458 438 ex
2516 385 2791 458 operibus,
2825 404 2892 443 ne
2940 386 3060 459 quis
3105 384 3370 461 glorietur
3415 378 3636 457 (Ephes.
3687 397 3777 450 tl).
3823 410 3840 429 υ

549 476 720 530 gnam
758 463 858 520 Dei
892 473 945 521 et
973 451 1040 521 ad
1074 469 1453 526 remissionem
1507 483 1854 543 peccatorum
1886 483 2133 546 pertinet.

539 544 669 599 Inde
697 546 932 604 dicitur:
971 575 990 599 ι
1030 553 1366 610 Poenitemini
1398 567 1449 610 et
1503 558 1706 613 credite
1757 544 2056 632 Evangelio
2085 567 2139 615 et

538 636 1000 710 apprOpinquabit
1033 642 1189 696 vobis
1219 659 1449 715 regnum
1487 646 1752 702 caelorum
1784 650 1974 717 (Marc.
2009 651 2072 716 ι.)
2109 673 2130 696 ι»

534 752 605 765 -—
632 749 652 772 ει
679 725 806 781 Jesu
865 729 1060 785 Christi
1097 751 1118 782 ι
1154 731 1209 787 id
1264 741 1348 788 est
1379 734 1678 791 Salvatoris
1727 738 1893 792 uncti.
1928 739 1988 792 In
2019 739 2132 794 lle-

538 815 684 870 breeo
739 817 916 882 Jcsus,
973 819 1027 873 in
1084 821 1281 878 Graeco
1337 824 1532 879 Sothcr
1563 817 1802 898 [corrigi],
1833 827 1889 881 in
1945 827 2134 883 Latino

536 902 818 971 Salvator;
851 905 1097 963 Christus
1154 902 1369 976 unctus,
1407 913 1461 967 id
1509 923 1593 968 est
1623 932 1715 970 rex
1768 923 1824 971 et
1866 916 2132 972 sacerdos

531 990 748 1058 dicitur,
787 993 915 1048 dum
945 995 1016 1050 de
1046 1013 1249 1066 genere
1279 998 1449 1056 David
1476 1003 1626 1074 regis
1653 1004 1914 1070 nascitur,
1952 1013 2006 1060 et
2039 1021 2132 1060 vo-

532 1079 687 1134 cibus
743 1091 920 1138 vatum
972 1087 1193 1157 generis
1245 1089 1469 1145 Levitici
1521 1094 1893 1164 prophetatur.
1927 1094 2127 1165 Sequi-

535 1175 622 1224 tur
655 1189 665 1223 :

610 1319 630 1341 ‹«
668 1297 811 1354 Ecce
842 1299 999 1356 mitto
1055 1304 1306 1376 angelum
1338 1323 1514 1363 meum
1571 1317 1696 1366 ante
1728 1310 1923 1367 faciem
1978 1320 2123 1368 tuam

533 1386 625 1456 qui
676 1389 1005 1458 praeparabit
1061 1393 1200 1448 viam
1257 1404 1401 1450 tuam
1432 1405 1556 1453 ante
1614 1406 1684 1454 te.
1715 1422 1736 1446 ιι
1773 1401 2125 1472 (Κεωιαιυε.)

534 1473 740 1544 Utique
791 1477 1081 1550 plusquam
1126 1484 1398 1554 propheta
1464 1487 1720 1556 Joannes,
1776 1489 1921 1561 quia,
1976 1491 2119 1562 quod

532 1562 762 1634 angelus
802 1565 1018 1634 dicitur,
1050 1569 1153 1625 hoc
1193 1587 1301 1625 non
1358 1581 1570 1641 natura,
1603 1576 1700 1630 sed
1756 1576 1913 1633 otlicii
1944 1575 2120 1649 digni-

534 1653 642 1705 tate
695 1652 913 1711 dicitur.
947 1656 1026 1712 De
1054 1672 1162 1729 quo
1219 1661 1378 1716 Pater
1405 1663 1474 1716 ad
1530 1663 1741 1734 Filium,
1773 1667 1913 1723 sicut
1963 1668 2037 1723 ait
2063 1670 2118 1722 in

2247 495 2356 521 σ-ιι
2387 475 2456 529 Et
2486 475 2786 545 praedicans
2817 476 3145 548 baptismum
3193 473 3524 548 pmnitentiae
3563 472 3614 527 in
3643 470 3844 528 remis-

2245 572 2454 628 sionem
2480 582 2845 644 peccatorum.
2880 599 2900 622 »
2935 574 3094 644 Quod
3119 581 3522 632 consummatur
3549 587 3646 643 per
3663 571 3840 642 Spon-

2241 676 2366 716 sum
2394 664 2740 720 annuntiatur
2767 681 2866 737 per
2919 663 3366 737 paranymphum.
3397 662 3555 720 Unde
3583 660 3841 718 catechu—

2243 761 2408 828 meni,
2441 760 2545 818 hoc
2599 772 2682 818 est
2712 762 2969 821 instructi
3024 761 3288 834 incipiunt
3316 765 3426 834 per”
3469 761 3836 825 sacerdotem.

2241 855 2295 904 et
2322 850 2685 906 chrismantur
2711 869 2809 922 per
2827 852 3142 924 episcopum
3157 887 3170 905 ι
3197 852 3356 908 Nunc
3377 854 3558 910 autem
3576 865 3678 920 per
3692 849 3837 902 ami-

2239 948 2360 992 Cum
2393 939 2590 1010 Sponsi
2624 940 2906 998 inducitur
2950 943 3181 1012 Sponsa,
3195 955 3258 997 ac
3287 955 3389 1012 per
3421 942 3577 997 Isaac
3606 953 3838 1010 puerum

2237 1025 2486 1085 Rebecca
2511 1026 2677 1100 pallio
2732 1029 2907 1086 velata
2935 1030 3063 1086 albo
3085 1030 3426 1086 conducitur.

2313 1162 2332 1185 ι·
2371 1137 2440 1193 Et
2468 1140 2886 1212 egrediebantur
2911 1141 2982 1198 ad
3039 1141 3192 1198 illum
3224 1141 3401 1198 omnis
3439 1140 3622 1198 Iudaea
3653 1132 3834 1214 regio,

2235 1235 2290 1283 et
2317 1228 2757 1301 Hierosolymitze
2803 1231 3063 1299 universi,
3097 1240 3150 1287 ct
3193 1230 3602 1303 baptizabantur
3629 1232 3684 1286 in
3714 1232 3838 1286 Jor-

2233 1317 2372 1374 dane
2429 1319 2644 1375 ﬂumine
2701 1320 2770 1375 ab
2813 1320 2935 1388 illo,
2977 1319 3297 1378 conﬁtentes
3349 1327 3573 1393 peccata
3629 1336 3751 1375 sua.
3802 1339 3829 1368 ι

2232 1415 2541 1488 Baptizabat
2592 1418 2850 1486 Joannes,
2885 1435 2995 1475 non
3039 1427 3095 1474 ut
3141 1435 3301 1474 suum
3361 1418 3687 1491 baptismum
3749 1433 3835 1473 re—

2228 1505 2545 1560 missionem
2605 1515 2952 1578 peccatorum
3009 1509 3179 1575 darct,
3239 1507 3338 1563 sed
3389 1513 3445 1562 ut
3497 1507 3832 1579 baptismum

2229 1587 2425 1649 Christi
2458 1593 2812 1651 remissorum
2842 1603 3065 1668 peccata
3109 1605 3482 1669 procurreret.
3523 1597 3672 1651 Inter
3701 1596 3832 1676 bap-

2230 1689 2393 1745 tisma
2447 1691 2671 1747 Joannis
2701 1691 2754 1748 et
2781 1692 3110 1766 baptismum
3161 1691 3361 1749 Christi
3405 1693 3519 1752 haec
3571 1684 3825 1747 distantia

530 1737 829 1837 blalacma‘
862 1766 884 1791 '
918 1746 1054 1800 Αηίθ
1111 1746 1303 1804 faelem
1362 1760 1509 1805 "iam
1547 1776 1569 1799 "
1604 1754 1658 1808 id
1691 1764 1772 1810 θεῖ
1806 1756 2124 1813 manifesta”
2152 1752 2203 1812 Β
2230 1737 2650 1852 ξξῐ-,Ἦίιιῖεζςῖίέι
2702 1737 2980 1854 baptismo
3033 1782 3260 1846 Joannis
3311 1798 3411 1854 per
3448 1780 3822 1837 intinctionem

527 1825 731 1883 tionem
787 1839 927 1886 tuam
966 1858 987 1883 «
1022 1839 1352 1908 praeparabit
1406 1840 1568 1907 viam,
1608 1867 1627 1889 ιι
1664 1844 1768 1900 hoc
1811 1853 1893 1899 est
1923 1847 2124 1916 praevia

525 1917 722 1973 reddet
777 1919 873 1976 tibi
931 1925 1100 1979 corda
1151 1927 1478 1998 auditorum,
1523 1932 1888 2001 paenitentiam
1921 1935 2120 2006 praedi-

529 2006 708 2062 cando
737 2017 790 2063 et
821 2009 1169 2081 baptizando.
1213 2014 1418 2074 Omnes
1464 2021 1625 2074 etiam
1675 2022 1770 2095 qui
1823 2025 2120 2080 sacerdotii

527 2096 747 2151 nomine
789 2111 1097 2167 censentur,
1155 2104 1338 2176 angeli
1395 2117 1676 2178 vocantur,
1720 2112 1989 2184 propheta
2041 2122 2121 2169 at-

451 2215 455 2220 -
525 2191 774 2251 testante,
816 2189 903 2259 qui
977 2191 1049 2245 ait
1099 2210 1110 2245 :
1160 2219 1180 2240 «ι
1233 2195 1396 2252 Labia
1449 2200 1752 2255 sacerdotis
1808 2203 2120 2260 custodiunt

532 2272 840 2340 scientiam,
883 2287 935 2331 et
971 2278 1148 2352 legem
1191 2285 1472 2355 requirunt
1534 2305 1601 2343 ex
1637 2305 1735 2344 ore
1809 2291 1948 2360 ejus,
1991 2293 2119 2364 quia

522 2361 753 2429 angelus
787 2365 996 2421 Domini
1028 2372 1366 2427 exercituum
1397 2382 1476 2430 est
1507 2377 1766 2447 (Halach.
1800 2383 1876 2448 ιι).
1929 2399 1943 2436 :
2000 2361 2118 2439 Nec

523 2461 632 2500 non
690 2455 1062 2526 unusquisque
1115 2455 1291 2514 ﬁdelis
1321 2461 1366 2515 si
1421 2478 1449 2516 a
1484 2466 1748 2535 pravitate
1803 2471 2115 2538 proximum

518 2545 746 2592 revocat
776 2548 832 2594 et
861 2543 931 2597 ad
961 2543 1162 2601 bonum
1191 2549 1530 2620 exhortatur,
1553 2554 1598 2608 si
1627 2557 1822 2611 aeterni
1858 2571 2113 2634 regnum,

519 2623 607 2678 vel
638 2627 960 2698 supplicium
991 2637 1194 2691 erranti
1223 2637 1526 2710 denuntiat,
1575 2643 1816 2714 profecto
1863 2623 2108 2723 angelus,

522 2717 576 2774 id
633 2731 716 2776 est
771 2728 987 2784 nuntius
1043 2732 1262 2789 Domini
1327 2737 1531 2806 existit,
1598 2755 1724 2797 cum
1779 2743 1897 2802 haec
1948 2744 2100 2804 facit.

522 2807 732 2870 Deinde
763 2818 1011 2888 sequitur
1045 2837 1058 2875 :

594 2949 618 2982 ι
653 2932 752 2991 ilic
780 2945 865 2993 est
891 2940 1039 2996 enim
1067 2945 1160 3016 qui
1188 2946 1364 3006 diclus
1394 2959 1476 3007 est
1503 2969 1605 3024 per
1633 2955 1831 3025 Isaiam
1861 2961 2104 3032 prophe-

520 3033 625 3087 tam
659 3032 967 3094 dicentem:
1000 3057 1112 3098 vox
1168 3044 1452 3104 clamantis
1497 3051 1552 3106 in
1607 3053 1858 3112 deserto:
1915 3057 2106 3114 Parata

2230 1891 2387 1948 aqua:
2427 1878 2601 1934 solum
2661 1891 3068 1938 sacramentum
3127 1879 3374 1938 dabatur.
3407 1877 3466 1934 in
3494 1878 3825 1950 Baptismate

2231 1982 2364 2022 vero
2385 1967 2589 2024 Christi
2621 1984 2743 2025 cum
2774 1978 3115 2026 sacramento
3145 1985 3232 2026 res
3288 1967 3451 2025 etiam
3495 1966 3825 2024 sacramenti

2227 2056 2527 2127 percipitur
2561 2075 2573 2111 :
2605 2058 2842 2114 Joannes
2888 2067 3071 2114 autem
3125 2066 3447 2132 peccatores
3473 2073 3614 2130 aqua
3643 2057 3822 2122 tinxit,

2228 2151 2278 2200 et
2300 2151 2519 2214 peccata
2550 2140 2932 2203 confitentibus
2959 2145 3331 2218 pmnitentiam
3375 2146 3627 2217 injunxit.
3659 2146 3824 2201 Chri-

2227 2239 2342 2287 stus
2374 2233 2696 2305 baptizabat,
2731 2243 2783 2290 et
2839 2246 3063 2310 peccata
3093 2237 3333 2294 dimittit.
3382 2235 3478 2292 Ille
3532 2235 3822 2308 baptizans

2225 2338 2531 2398 venturum,
2554 2342 2606 2388 et
2629 2333 3026 2405 baptizaturum
3047 2352 3106 2392 se
3135 2335 3340 2408 Spiritu
3360 2334 3704 2408 praedicavit;
3730 2333 3821 2388 hic

2224 2427 2502 2500 batipzans
2545 2431 2614 2486 ad
2653 2432 3038 2490 remissionem
3083 2443 3429 2506 peccatorum
3456 2433 3711 2506 Spiritum
3742 2431 3820 2486 in-

2223 2524 2420 2582 lundit.
2460 2524 2577 2586 Illic
2621 2527 2877 2587 homines
2922 2532 3336 2603 baptizabantur
3362 2533 3416 2588 in
3445 2531 3665 2588 nomine
3691 2546 3820 2588 ven-

2221 2614 2360 2683 turi;
2389 2617 2476 2673 hic
2502 2617 2749 2675 homines
2776 2620 3185 2692 baptizabantur
3215 2621 3272 2680 ni
3299 2622 3516 2678 nomine
3536 2620 3729 2689 Patris,
3757 2626 3816 2678 et

2220 2713 2341 2770 Filii
2369 2723 2422 2771 et
2462 2716 2692 2788 Spiritus
2747 2720 2950 2776 sancti.
2984 2721 3389 2778 Sacramentum
3435 2738 3572 2794 ergo
3601 2720 3818 2776 utrobi-

2219 2829 2348 2887 que,
2395 2824 2652 2888 quantum
2707 2816 2776 2872 ad
2827 2817 3096 2884 effectum,
3157 2820 3302 2876 idem
3355 2837 3463 2876 non
3520 2821 3637 2889 fuit,
3688 2820 3814 2892 quia

2215 2910 2325 2968 illic
2363 2921 2760 2970 sacramentum
2791 2915 2965 2971 solum
2997 2915 3114 2986 fuit,
3145 2918 3243 2973 sed
3271 2919 3521 2974 remissio
3552 2926 3810 2990 peccato-

2214 3026 2338 3065 rum
2371 3011 2627 3076 nonfuit;
2649 3011 2738 3068 hic
2766 3021 2945 3069 autem
2990 3021 3042 3070 et
3071 3015 3398 3072 sacramenti
3451 3015 3626 3072 forma
3653 3033 3809 3088 prm-

524 3118 665 3175 viam
697 3123 938 3196 nomini,
995 3140 1172 3187 rem“
1198 3133 1360 3192 facite
1416 3141 1637 3197 semitas
1657 3108 1814 3213 ’θῶας
1847 3108 1881 3192 ἠ
1915 3108 2105 3215 {in};
2142 3110 2192 3173 C
2219 3108 2458 3182 ponitur,
2488 3117 2538 3165 et
2556 3109 2725 3165 virtus
2747 3110 3093 3167 sacramenti.
3121 3112 3325 3168 Pariter
3344 3112 3398 3167 in
3427 3112 3812 3168 remissionem

1793 3185 1805 3198 '
2099 3187 2111 3213 ν
2397 3211 2406 3215 -
2752 3205 2766 3215 ι
3047 3207 3077 3215 _
3181 3207 3191 3215 .
3266 3207 3278 3215 .
3486 3209 3502 3215 -
3619 3207 3629 3215 .

1793 3185 1805 3198 Ι
1860 3185 1880 3192 ”

514 3224 688 3304 super
718 3213 1014 3286 MARCUM.)
1047 3222 1138 3276 Sic
1191 3223 1438 3282 nimirum
1465 3231 1705 3287 Joannes
1733 3213 2068 3304 prmdicabat
2098 3253 2112 3293 :

522 3318 544 3343 «ε
582 3299 680 3354 Hic
703 3310 783 3355 est
813 3305 1214 3372 enim,dicente
1259 3313 1399 3370 Isaia
1436 3323 1700 3390 propheta
1724 3299 1858 3378 z—vox
1880 3323 2115 3382 claman-

517 3385 606 3447 tis,
627 3410 649 3436 υ
674 3398 778 3445 etc.
811 3392 968 3449 Sicut
994 3397 1146 3466 prius
1169 3411 1328 3457 sonat
1349 3385 1477 3471 vos,
1500 3385 1555 3461 et
1581 3418 1770 3478 postea
1808 3412 2112 3470 intellectus

516 3484 846 3555 concipitur,
865 3491 950 3546 sic
972 3493 1198 3552 Joannis
1212 3501 1528 3569 praedicatio
1546 3508 1800 3574 anteibat,
1817 3511 2108 3568 adventum

514 3579 711 3668 Christi
769 3588 1097 3647 nuntiando.
1150 3595 1388 3668 Ideoque
1426 3601 1668 3659 Joannes
1716 3616 1942 3664 vocatur
2003 3627 2105 3668 vox

512 3667 734 3771 Christi,
759 3674 824 3771 id
855 3685 944 3732 est
977 3703 998 3722 σι
1027 3682 1193 3738 Verbi
1228 3667 1371 3755 quod
1422 3698 1532 3746 erat
1564 3692 1618 3747 in
1664 3695 1936 3767 principio
1964 3703 2108 3771 apud

509 3757 689 3813 Deum
722 3764 906 3831 (Joan.
940 3770 999 3836 ι),
1030 3792 1052 3816 ιι
1089 3774 1234 3842 quod
1263 3775 1315 3828 in
1346 3778 1556 3837 Joanne
1584 3757 1773 3839 clainat
1797 3757 1865 3840 ad
1892 3757 2110 3846 Judazos

509 3855 728 3956 sprdos,
787 3878 892 3932 per
961 3877 1183 3936 peccata
1240 3870 1406 3947 longe
1453 3879 1680 3948 positos,
1714 3882 2108 3956 indignationis

507 3943 749 4004 clamore
777 3952 1001 4024 dignos.
1040 3959 1120 4013 Ad
1176 3943 1392 4020 Judaaos
1447 3943 1782 4027 obduraiites
1829 3943 1991 4030 iiures
2047 3977 2105 4034 ﬁt

503 4049 611 4090 vox
671 4046 723 4092 et
772 4041 981 4099 clamor
1035 4045 1091 4102 in
1158 4050 1380 4109 deserto
1438 4056 1566 4128 quia
1604 4059 1722 4116 sine
1763 4063 1966 4133 Spiritu
2004 4067 2107 4146 Dei

505 4139 650 4196 sunt,
686 4133 804 4190 sine
832 4142 1123 4211 propheta,
1159 4146 1277 4202 sine
1329 4167 1457 4221 rege
1489 4161 1542 4208 et
1593 4159 1900 4226 saceadote.
1963 4133 2103 4232 Quid

503 4227 703 4284 clamat
735 4232 981 4291 Christus
1022 4257 1122 4310 per
1149 4242 1412 4302 Joannem
1452 4250 1480 4304 ‘I
1519 4275 1541 4296 α
1579 4252 1780 4311 Parate
1809 4257 1952 4312 viam
1972 4227 2100 4319 δο-

501 4322 662 4370 mini.
707 4342 728 4366 ιι
767 4322 863 4377 Via
897 4326 1113 4384 Domini
1144 4348 1243 4401 per
1274 4352 1434 4406 quam
1468 4340 1614 4394 Deus
1643 4345 1710 4397 ad
1743 4360 1842 4399 nos
1862 4347 2101 4404 descen-

497 4403 622 4503 dit,.
646 4415 698 4460 et
746 4424 846 4465 nos
874 4414 940 4467 ad
970 4415 1121 4471 illum
1154 4403 1515 4481 ascendimus
1547 4439 1632 4485 est
1664 4431 1799 4488 ﬁdes
1828 4435 1878 4488 in
1913 4437 2096 4507 ρ(εηὶ-

498 4495 681 4560 tentia,
731 4497 967 4557 dilectio.
1030 4505 1267 4574 Semitas,
1299 4512 1354 4566 id
1411 4524 1492 4570 est
1549 4495 2094 4589 intentionesxrectee

563 5071 584 5094 «ι
611 5048 728 5105 Fuit
748 5053 987 5111 Joannes
1017 5056 1070 5112 in
1093 5059 1310 5117 deserto
1351 5064 1652 5137 baptizans,
1698 5081 1751 5128 et
1773 5077 2079 5145 praedicans

483 5141 808 5212 baptismum
831 5154 1161 5221 paenitentiae
1190 5159 1244 5212 in
1276 5163 1652 5222 remissionem
1676 5183 2070 5240 peccatorum.»

486 5264 596 5286 —«
647 5243 760 5298 Fuit
799 5249 1034 5306 Joannes
1073 5253 1124 5307 in
1151 5255 1388 5325 deserto,
1430 5285 1450 5308 η
1483 5271 1536 5316 et
1583 5265 1811 5338 reliqua.
1841 5272 2074 5330 Joannes

481 5340 668 5407 gratia
701 5343 798 5398 Dei
829 5344 1236 5418 interpretatur.
1275 5358 1317 5408 A
1373 5359 1546 5428 gratia
1577 5367 1818 5422 narratio
1850 5369 2062 5440 incipit.

482 5434 637 5490 Unde
668 5441 908 5510 sequitur
942 5463 953 5499 :
985 5470 1004 5492 «
1040 5447 1346 5518 Baptizans.
1385 5476 1406 5504 ι
1443 5458 1550 5513 Per
1571 5459 1889 5532 baptismum
1921 5434 2071 5526 enim

479 5534 660 5602 gratia
685 5536 848 5591 datur
876 5556 984 5610 qua
1039 5555 1259 5613 peccata
1289 5553 1460 5620 gratis
1511 5555 1874 5617 dimittuntur.
1915 5566 2069 5624 Unde

475 5629 677 5686 dicitur
728 5649 832 5705 per
878 5639 1194 5707 Apostolum
1241 5659 1253 5695 :
1301 5646 1490 5703 Gratia
1543 5652 1732 5710 salvati
1780 5660 1916 5713 estis
1970 5681 2070 5734 per

475 5727 634 5782 iidem
667 5748 679 5794 ;
719 5739 766 5788 et
801 5730 902 5787 hoc
932 5748 1039 5789 non
1072 5751 1140 5792 ex
1167 5737 1321 5794 vobis
1349 5756 1362 5808 ;
1389 5744 1486 5798 Dei
1508 5748 1652 5804 enim
1701 5751 1902 5810 donum
1934 5727 2016 5814 est
2048 5778 2061 5812 :

2223 3211 2574 3274 peccatorum
2628 3205 2989 3262 condonatur.
3042 3207 3459 3279 Baptizabantur
3486 3207 3733 3264 homines
3781 3227 3817 3266 a

2219 3303 2428 3358 Joanne
2454 3302 2511 3357 in
2567 3304 2822 3373 Jordane,
2858 3306 2950 3376 qui
2995 3305 3281 3362 descensio
3312 3305 3708 3377 interpretatur,
3740 3307 3814 3362 de

2220 3401 2482 3471 superbia
2503 3402 2710 3458 veteris
2732 3403 2974 3460 hominis
2987 3403 3054 3458 ad
3072 3403 3428 3460 humilitatem
3449 3403 3814 3461 confessionis

2217 3506 2271 3554 et
2299 3499 2697 3559 emendationis
2726 3499 3140 3563 descendentes.

2292 3639 2313 3664 ι
2350 3615 2415 3672 Et
2444 3623 2560 3674 erat
2610 3617 2848 3677 Joannes
2879 3615 3105 3679 vestitus
3142 3623 3268 3697 pilis
3296 3618 3510 3697 cameli,
3562 3633 3616 3684 et
3669 3633 3810 3684 zona

2213 3713 2443 3784 pellicea
2472 3716 2614 3772 circa
2646 3717 2865 3774 lumbos
2891 3722 3027 3791 ejus.
3051 3724 3193 3779 Esca
3224 3733 3404 3780 autem
3426 3726 3545 3795 ejus
3572 3735 3688 3780 erat
3718 3726 3806 3779 lo-

2214 3820 2380 3867 custae
2411 3821 2464 3867 et
2483 3813 2587 3868 mel
2612 3814 2882 3872 silvestre.
2907 3819 3138 3875 nJoanni
3170 3820 3413 3877 solitudo
3444 3821 3598 3878 locus
3627 3829 3710 3877 est
3749 3828 3806 3880 et

2214 3908 2465 3964 meditari
2493 3912 2759 3981 operatio.
2781 3913 3153 3972 Paenitentiam
3167 3917 3477 3988 pronuntiat
3506 3933 3607 3988 per
3635 3933 3802 3989 quam

2212 4006 2416 4061 reditus
2464 4015 2517 4062 et
2547 4009 2618 4062 ab
2647 4025 2853 4077 errore,
2887 4028 3142 4069 recursus
3171 4031 3203 4070 a
3229 4015 3545 4081 crimine,et
3571 4023 3690 4087 post
3720 4014 3802 4071 vie

2211 4101 2405 4157 tiorum
2437 4105 2702 4174 pudorem
2733 4107 3004 4178 professio
3026 4110 3348 4168 desinendi:
3375 4113 3639 4175 Pilis,nou
3674 4112 3804 4167 lana

2211 4200 2331 4246 erat
2358 4194 2609 4261 vestitus,
2641 4197 2787 4266 quod
2809 4203 2894 4252 est
2924 4200 3294 4256 indumentum
3325 4203 3662 4258 austeritatis
3689 4218 3801 4259 non

2208 4287 2464 4345 luxuriae.
2497 4293 2644 4346 Zona
2672 4301 2850 4349 autem
2881 4297 3269 4366 pellicea,sunt
3294 4315 3563 4371 pauperes
3593 4303 3797 4358 mundo

2209 4379 2550 4450 mortui,qua
2578 4381 2736 4436 etiam
2767 4385 3042 4442 accinctus
3073 4387 3172 4442 fuit
3201 4389 3370 4443 Elias.
3395 4391 3683 4463 Cingulum
3713 4401 3800 4445 est

2125 4472 2176 4530 Ι)
2203 4465 2272 4520 de
2303 4467 2537 4537 pellibus
2557 4469 2716 4525 siccis
2749 4472 3088 4530 animalium.
3135 4477 3290 4533 Unde
3316 4479 3559 4533 Joannes
3605 4480 3794 4550 cinge-

2194 4553 2354 4609 batur
2409 4556 2554 4611 circa
2603 4557 2822 4614 lumbos
2889 4563 2962 4617 ad
3017 4562 3290 4620 luxuriam
3338 4566 3789 4625 mortilicandam.

2182 4997 2451 5066 abundat,
2505 5001 2658 5070 cujus
2708 5019 2896 5060 cannae
2956 5007 3303 5066 decortlcatm
3358 5012 3536 5068 mellis
3580 5029 3791 5085 sapore

2178 5087 2445 5142 medullas
2475 5089 2625 5147 dant.
2661 5093 2889 5149 Locusta
2916 5106 3101 5153 autem
3131 5108 3213 5154 est
3245 5101 3413 5155 herba
3451 5102 3642 5172 procul
3673 5104 3794 5157 du—

2187 5182 2298 5250 bio,
2340 5194 2393 5239 et
2439 5186 2557 5257 ipsa
2587 5190 2768 5244 eximii
2817 5195 3052 5263 saporis.
3085 5197 3251 5266 Cujus
3272 5208 3462 5254 natura
3488 5210 3567 5257 est
3597 5217 3627 5254 a
3658 5202 3793 5258 loco

2173 5277 2229 5333 in
2282 5279 2459 5337 locum
2505 5286 2721 5342 nemine
2791 5288 3002 5347 ferente
3046 5295 3362 5351 annotinum
3420 5307 3792 5370 transponere

2173 5375 2410 5432 fructum
2425 5419 2438 5432 .
2471 5381 2627 5438 Unde
2644 5392 2694 5438 ct
2712 5401 2744 5438 a
2766 5386 2967 5443 Latinis
2986 5389 3039 5444 id
3063 5407 3258 5448 nomen
3280 5394 3506 5466 accepit,
3525 5411 3645 5451 cum
3665 5399 3793 5468 qui-'

2170 5474 2302 5530 dem
2333 5478 2498 5533 ambo
2529 5495 2734 5537 nomen
2752 5484 2938 5542 herbae
2959 5488 3192 5544 habeant
3213 5492 3458 5560 ejusdem
3483 5497 3778 5552 notaminis

2170 5572 2262 5626 vel
2293 5573 2712 5646 significationis
2746 5583 2891 5652 quod
2921 5593 3004 5639 est
3049 5585 3274 5643 locusta.
3308 5590 3481 5660 Hujus
3540 5595 3776 5650 nominis

2165 5667 2428 5726 Joannem
2479 5673 2648 5738 edere
2683 5675 2868 5732 dicunt
2919 5680 3194 5750 animalia,
3255 5685 3478 5758 quidam
3533 5689 3759 5754 herbas.

2165 5761 2373 5828 Judaei:
2405 5777 2585 5831 autem
2614 5771 2839 5839 locustae
2868 5776 3125 5842 animalia
3161 5789 3284 5838 sunt
3316 5782 3477 5852 licitae
3504 5786 3560 5846 in
3587 5804 3761 5846 esum.
