4072 6078
301 255 407 306 733

1206 242 1790 302 DEFLORATIONES
1831 244 1934 299 SS.
1986 242 2286 297 PATRUM.
2333 272 2405 283 —--
2436 240 2567 295 LIB.
2613 241 2662 294 Ι.
3475 236 3576 289 734

306 373 411 427 Mel
441 378 617 426 autem
648 369 888 423 silvestre
937 369 1161 423 herbam
1209 378 1413 424 constat
1470 386 1606 431 esse,
1660 368 1791 421 sicut
1847 375 1899 421 et
1931 368 1979 428 A
2014 366 2160 437 prius
2191 366 2337 435 quasi
2372 365 2688 434 quibusdam
2712 379 2994 434 corporum
3028 364 3249 420 saltibus
3295 360 3597 416 effereban-

307 462 560 525 loeustas,
592 466 644 512 et
674 459 955 513 amborum
987 459 1143 528 capia
1173 459 1227 512 in
1275 474 1457 512 eremo
1509 465 1606 512 est.
1660 457 1787 511 Haec
1832 458 1898 509 de

320 560 524 613 locusta
552 564 605 611 et
633 556 790 610 melle
837 556 1092 610 silvestri.
1162 556 1291 610 Vilis
1346 564 1397 609 et
1453 570 1642 627 aspera
1692 570 1904 624 quoque

314 647 479 702 Vestis
505 647 574 700 de
604 644 728 714 pilis
756 644 1111 718 camelorum,
1136 645 1219 699 vel
1240 644 1306 699 de
1336 644 1664 714 quibuslibet
1700 642 1907 697 exuviis

311 743 649 805 animalium,
680 758 775 796 cor
802 742 1085 797 contritum
1116 750 1169 796 et
1216 742 1548 796 humiliatum
1603 740 1907 811 pmnitenlis

307 833 575 902 designat.
609 833 769 885 Zonae
797 837 977 885 autem
1008 831 1313 900 praicinctio
1343 838 1544 895 monet,
1572 837 1627 884 ut
1655 830 1722 883 ad
1744 846 1905 884 omne

310 919 669 975 ministerium
726 918 1015 973 voluntatis
1061 918 1253 974 Christi
1299 919 1466 973 simus
1503 917 1745 973 accincti.
1795 918 1904 971 Lo-

309 1025 475 1074 custae
526 1018 764 1088 fugaces,
802 1016 857 1070 in
913 1031 1064 1072 esum
1122 1016 1324 1083 electae,
1382 1014 1615 1085 ﬁgurant
1669 1031 1768 1070 nos
1814 1015 1903 1085 qui

2010 472 2110 529 tur,
2150 464 2422 519 voluntate
2452 463 2598 533 vagi,
2649 461 2903 531 operibus
2953 461 3183 525 inutiles,
3238 459 3415 535 verbis
3461 475 3597 527 que-

2012 554 2133 617 ruli,
2166 553 2291 606 sede
2323 551 2619 623 peregrini.
2658 552 2812 604 Nunc
2841 558 3017 605 autem
3067 566 3250 603 sumus
3295 553 3597 602 sanctorum

2012 640 2268 698 alimonia
2306 649 2359 695 et
2383 640 2596 695 satietas
2622 641 3028 709 prephetarum,
3076 639 3229 694 electi
3275 637 3434 693 simul
3481 651 3600 690 cum

2012 739 2173 794 melle
2202 738 2453 805 silvestri,
2482 738 2606 808 quia
2661 736 3031 791 dulcissimum
3087 736 3267 791 cibum
3326 730 3599 804 praebituri

2011 844 2215 894 smnus,
2250 844 2358 883 non
2386 843 2454 880 ex
2483 826 2732 881 alveariis
2758 826 2913 897 legis,
2947 825 3039 879 sed
3100 842 3167 879 ex
3227 823 3383 877 nobis
3436 821 3603 876 veluti

2012 940 2079 979 ex
2113 925 2311 979 truncis
2338 924 2658 978 silvestrium
2689 922 2943 978 arborum
2973 921 3307 994 gentilitatis.

889 1475 1350 1586 SERMO
1455 1476 1635 1585 DE
1734 1477 2385 1589 ADVENTU
2472 1478 3039 1588 DOMINI.

387 1794 410 1817 «ι
448 1773 590 1824 Beati
621 1778 741 1823 sunt
770 1770 908 1823 servi
942 1769 1014 1823 illi
1041 1785 1178 1838 quos
1214 1786 1334 1823 cum
1366 1766 1590 1833 venerit,
1644 1770 1907 1823 Dominus
1934 1773 1987 1832 Β
2017 1771 2242 1841 singulis
2269 1770 2470 1843 vigiliis
2497 1780 2834 1838 annotantur,
2896 1775 3020 1843 quia
3078 1782 3180 1829 tres
3235 1790 3449 1828 menses
3503 1774 3612 1828 uni-

317 1860 587 1915 invenerit
605 1859 891 1930 vigilantes
920 1860 1078 1923 (Luc.
1118 1862 1243 1927 χιι).
1280 1882 1301 1905 υ
1365 1858 1422 1913 Si
1478 1859 1598 1927 quis
1652 1865 1908 1923 vestrum,

310 1948 630 2011 charimimi,
664 1947 943 2001 dominum
982 1964 1135 2000 suum
1184 1947 1251 2000 ad
1303 1962 1360 2001 se
1414 1956 1575 2000 noctu
1628 1954 1911 2002 venturum

311 2052 571 2114 speraret,
608 2051 715 2097 tota
744 2044 1026 2114 vigilantia
1070 2043 1358 2097 adventum
1400 2042 1518 2111 ejus
1556 2051 1907 2113 exspectaret,

313 2135 728 2202 venientemque
776 2147 1120 2202 summopere
1164 2133 1413 2200 excipere
1463 2132 1753 2197 festinaret,
1806 2149 1911 2203 quo

311 2240 369 2276 se
398 2221 613 2293 magnis
659 2221 848 2293 gratiae
890 2220 1059 2289 ipsius
1105 2220 1526 2274 commendaret.
1572 2222 1712 2275 Ecce
1755 2238 1912 2276 verus

312 2318 577 2373 Dominus
608 2325 788 2372 noster
823 2318 891 2372 ad
941 2334 1040 2373 nos
1086 2318 1338 2389 indignos
1384 2318 1625 2373 servulos
1676 2334 1800 2373 suos
1854 2336 1911 2373 se

314 2414 570 2461 venturos
624 2406 948 2473 denuntiat;
1017 2423 1173 2460 suum
1248 2405 1537 2460 adventum
1622 2408 1913 2477 pervigiles

311 2496 687 2565 praistolantes
734 2495 836 2549 sibi
886 2495 1121 2550 venienti
1163 2503 1505 2549 occursantes
1546 2495 1733 2550 beatos
1779 2512 1911 2566 pro-

313 2593 542 2647 nuntiat.
578 2592 784 2646 ldcirco
814 2609 936 2646 eum
968 2592 1270 2646 nesciamus
1310 2592 1453 2645 diem
1503 2609 1677 2662 neque
1722 2596 1910 2648 horam

317 2681 535 2749 quando
592 2681 792 2747 veniat,
853 2688 1063 2751 oportet
1116 2696 1175 2734 ut
1233 2680 1598 2750 unusquisque
1671 2690 1911 2736 nostrum

314 2770 372 2823 in
403 2768 544 2823 bona
573 2769 782 2823 actione
824 2770 1052 2841 vigilare
1095 2769 1323 2835 studeat,
1376 2786 1445 2824 ne
1493 2786 1613 2824 sero
1656 2772 1741 2824 vel
1790 2787 1911 2826 me-

310 2865 403 2920 dia
429 2874 604 2931 nocte,
664 2874 756 2921 aut
818 2867 949 2938 galli
1008 2875 1167 2921 cantu
1231 2884 1324 2921 seu
1390 2883 1550 2921 mane
1617 2869 1912 2923 adveniens

309 2955 503 3023 (Marc.
535 2956 657 3023 xm)
689 2971 787 3009 nos
815 2956 1109 3026 imparatos
1147 2956 1408 3011 inveniat.
1467 2958 1600 3011 Sero
1649 2957 1913 3012 Dominus

313 3043 477 3110 venit,
510 3059 631 3097 cum
662 3043 898 3111 aliquem
935 3044 991 3097 in
1018 3052 1292 3098 senectute
1320 3044 1387 3097 de
1444 3045 1547 3098 hac
1599 3045 1709 3099 vita
1764 3045 1910 3099 exire

313 3141 577 3210 praecipit.
610 3140 787 3195 Media
815 3147 992 3193 autem
1016 3147 1170 3197 nocte
1214 3140 1450 3207 advenit,
1509 3157 1628 3195 cum
1679 3143 1913 3212 aliquem

312 3230 369 3282 in
392 3228 675 3297 juventute
706 3228 985 3298 inopinata
1015 3237 1186 3283 morte
1224 3230 1515 3283 vocaverit.
1569 3230 1710 3285 Galli
1754 3240 1914 3287 cantu

310 3315 592 3383 adventat,
625 3333 748 3371 cum
781 3317 1077 3386 quemlibet
1107 3318 1159 3371 in
1192 3317 1551 3372 adolescentia
1599 3320 1756 3373 abire
1804 3321 1913 3374 im-

311 3420 488 3483 perat.
527 3415 684 3467 Mane
714 3414 1045 3483 supervenit,
1077 3430 1199 3467 cum
1231 3415 1541 3483 quempiam
1585 3416 1639 3468 in
1684 3416 1914 3484 pueritia

309 3501 665 3557 subtraxerit.
704 3502 850 3556 Beati
883 3518 1013 3573 ergo
1043 3510 1167 3557 sunt
1195 3518 1330 3572 quos
1360 3503 1412 3556 in
1463 3501 1567 3556 ﬁde
1613 3511 1668 3558 et
1712 3521 1912 3575 Opera-

314 3590 459 3644 tione
489 3590 753 3644 invenerit
800 3590 1107 3661 vigilantes,
1169 3591 1296 3659 quia
1355 3600 1512 3645 erunt
1562 3609 1684 3646 cum
1737 3610 1802 3648 eo
1858 3594 1914 3647 in

315 3684 518 3732 aeterno
550 3678 802 3731 convivio
850 3680 1150 3749 epulantes.
1198 3679 1439 3734 Nimium
1495 3695 1622 3735 vero
1672 3682 1914 3736 infelices

312 3774 438 3820 sunt
465 3781 600 3835 quos
645 3782 838 3821 somno
870 3768 1092 3822 desidiae
1112 3767 1322 3822 deditos
1354 3769 1606 3823 inveniet.
1657 3769 1796 3838 Quia
1843 3771 1912 3825 ab

314 3854 497 3908 electis
526 3854 635 3907 suis
664 3854 838 3908 editos
884 3856 1106 3923 dividet,
1166 3864 1219 3908 et
1273 3865 1479 3926 partem
1529 3858 1743 3912 illorum
1788 3875 1911 3913 cum
1973 3904 1976 3908 λ

311 3942 622 4012 hypocritis,
654 3942 711 3997 id
738 3950 817 3997 est
844 3959 965 3999 cum
996 3944 1334 3999 dzemonibus
1363 3954 1544 4015 ponet.
1597 3946 1667 4001 Et
1713 3954 1912 4002 notan-

312 4032 441 4084 dum
473 4030 616 4100 quod
642 4031 906 4087 Dominus
927 4048 1033 4087 non
1075 4033 1130 4087 in
1161 4033 1267 4100 die,
1312 4035 1405 4088 sed
1432 4035 1486 4089 in
1527 4043 1682 4089 nocte
1714 4044 1912 4091 ventu-

313 4135 404 4173 rus
440 4119 632 4174 dicitur
662 4121 882 4189 (Matth.
942 4128 1131 4190 xxiv),
1192 4123 1317 4192 quia
1373 4124 1589 4192 quando
1645 4125 1828 4180 veniat
1882 4142 1914 4179 a

313 4208 462 4262 nullo
518 4210 814 4279 pPEDSCiltlI‘.
875 4210 931 4264 Si
984 4210 1127 4264 enim
1186 4211 1575 4281 paterfamilias
1644 4214 1917 4283 praisciret

313 4312 419 4366 qua
450 4296 582 4350 hora
612 4296 699 4350 fur
727 4298 1023 4365 adveniret,
1058 4298 1241 4366 utique
1270 4300 1539 4367 vigilaret,
1591 4308 1644 4354 et
1690 4301 1913 4359 domum

312 4401 466 4440 suam
498 4385 727 4457 perfodi,
761 4402 823 4441 ac
851 4402 936 4439 res
965 4403 1088 4441 suas
1118 4388 1229 4442 tolli
1276 4388 1498 4443 minime
1546 4390 1760 4444 sineret.
1806 4391 1917 4445 Do-

314 4489 436 4526 mus
466 4482 541 4528 est
572 4482 808 4528 nostrum
857 4490 1070 4544 corpus,
1122 4477 1508 4546 paterfamilias
1563 4485 1643 4533 est
1677 4478 1909 4547 animus,
1940 4460 1993 4521 D

314 4562 403 4616 fur
431 4570 510 4616 est
535 4579 704 4617 mors.
742 4563 871 4617 Hzee
915 4564 969 4618 in
1006 4572 1163 4618 nocte
1222 4565 1387 4629 venit,
1450 4565 1577 4620 dum
1636 4567 1909 4622 hominem

313 4665 591 4735 inepinatc
611 4666 822 4735 premit,
848 4665 1125 4720 dominum
1150 4667 1353 4721 invenit
1370 4668 1747 4734 dormientem,
1785 4668 1913 4723 dum

315 4753 556 4807 animum
589 4755 789 4822 reperit
819 4754 871 4807 in
906 4753 1063 4808 bonis
1092 4763 1412 4826 torpentem.
1446 4757 1680 4810 Domum
1724 4757 1915 4827 perfo-

316 4842 416 4906 dit,
451 4841 576 4909 quia
607 4857 736 4895 mox
784 4858 981 4912 corpus
1037 4844 1257 4897 occidit.
1324 4843 1515 4898 Occiso
1574 4853 1751 4899 autem
1810 4842 1916 4899 do-

316 4930 466 4984 mino
494 4929 637 4983 bona
669 4930 787 4999 ejus
817 4931 969 4995 tollit,
1003 4932 1131 5001 quia
1159 4933 1411 4987 miseram
1441 4933 1676 4988 animam
1731 4951 1763 4989 a
1810 4935 1915 4989 bo-

318 5019 401 5071 nis
430 5028 643 5073 :rterna'a
680 5020 803 5073 vitae
835 5021 1015 5075 evellit
1043 5030 1095 5074 et
1133 5021 1200 5075 ad
1244 5028 1439 5075 tartara
1469 5022 1755 5076 crucianda
1786 5040 1915 5094 per-

319 5107 494 5161 traltit.
546 5104 670 5161 Nox
718 5107 1003 5163 duodecim
1060 5112 1238 5174 horas,
1300 5111 1497 5165 habere
1555 5111 1913 5182 cognoscitur,

315 5210 436 5264 qua:
466 5195 518 5247 in
550 5204 779 5264 quatuor
808 5197 1021 5268 vigilias
1066 5198 1322 5253 dividitur
1363 5206 1414 5252 et
1461 5215 1797 5269 unaquaeque
1841 5200 1920 5255 vi-

314 5297 447 5370 gilia
478 5297 642 5351 tribus
694 5298 839 5352 boris
894 5299 1195 5356 ascribitur.
1254 5303 1499 5356 Humana
1554 5302 1753 5371 quippe
1809 5302 1919 5355 vita

317 5386 461 5442 nocti
491 5393 853 5456 comparatur,
890 5388 1016 5461 quia
1060 5389 1292 5444 tenebris
1349 5390 1669 5463 ignorantiae
1725 5390 1918 5444 obscu-

314 5483 481 5531 ratur.
514 5474 647 5528 Hmc
676 5475 731 5528 in
782 5474 1067 5532 duodecim
1121 5479 1278 5533 horas
1326 5479 1739 5545 dimensuratur,
1793 5479 1918 5550 quia

319 5580 558 5635 praesens
587 5563 699 5617 vita
737 5561 1024 5621 duodecim
1067 5567 1341 5622 mensibus
1382 5568 1805 5623 circumrotatur.
1857 5568 1918 5620 In

316 5661 546 5724 quatuor
564 5651 779 5723 vigilias
811 5655 1035 5723 partitur
1050 5655 1173 5725 quia
1195 5672 1366 5710 annus
1403 5663 1638 5725 quatuor
1666 5654 1918 5726 tempori-

320 5745 441 5801 bus.
468 5756 608 5808 vere,
629 5747 831 5807 testate,
847 5750 1123 5807 autumno,
1146 5745 1324 5799 hieme
1345 5745 1578 5798 metitur.
1620 5738 1751 5796 Tres
1772 5746 1918 5798 horae

2020 1860 2214 1928 cuique
2244 1859 2473 1929 tempori
2504 1862 2866 1930 assignantur.
2926 1860 3168 1931 Quatuor
3203 1863 3363 1916 etiam
3414 1863 3614 1933 vigiliae

2021 1956 2250 2018 quatuor
2276 1955 2461 2002 aetates
2496 1948 2884 2019 intelliguntur,
2935 1950 2988 2003 in
3036 1950 3233 2019 quibus
3280 1951 3417 2004 bene
3466 1951 3613 2021 vigi-

2022 2038 2212 2103 lantes,
2244 2036 2447 2091 ccelesti
2476 2038 2700 2105 praemio
2730 2039 3228 2095 remunerabuntur.

2094 2134 2178 2188 De
2212 2134 2293 2186 his
2319 2133 2521 2203 vigiliis
2549 2132 2676 2186 dicit
2706 2134 2965 2188 Dominus
2998 2152 3011 2187 :
3043 2159 3064 2183 «ι
3100 2135 3154 2189 Si
3187 2136 3240 2189 in
3271 2136 3504 2189 secunda
3524 2136 3613 2190 vi-

2020 2222 2174 2294 gilia,
2206 2230 2260 2276 et
2287 2221 2330 2275 si
2362 2223 2416 2275 in
2448 2221 2599 2275 tertia
2628 2222 2814 2293 vigilia
2840 2224 3064 2289 venerit,
3110 2223 3255 2278 beati
3308 2231 3431 2278 sunt
3484 2238 3617 2293 quos

2021 2312 2310 2382 vigilantes
2336 2310 2619 2365 invenerit.
2656 2334 2678 2359 ι
2712 2312 2891 2366 Prima
2919 2312 3108 2383 vigilia
3135 2320 3214 2366 est
3258 2312 3505 2382 pueritia.
3555 2313 3617 2364 In

2019 2401 2122 2454 hac
2151 2399 2290 2454 bene
2318 2400 2543 2471 vigilant
2592 2401 2682 2471 qui
2741 2400 3101 2454 innocentiam
3155 2407 3493 2455 conservant.
3550 2399 3618 2453 Hi

2023 2503 2258 2557 Domino
2290 2503 2523 2574 pulsanti
2552 2503 2836 2560 confestim
2889 2502 3154 2572 aperiunt,
3203 2502 3331 2556 dum
3386 2509 3615 2557 mortem

2025 2589 2195 2643 securi
2227 2589 2542 2658 suscipiunt,
2574 2590 2698 2658 quia
2727 2605 2855 2643 mox
2885 2605 2941 2641 se
2987 2604 3112 2664 cum
3160 2588 3368 2642 Christo
3415 2603 3617 2658 regna-

2026 2684 2172 2731 turos
2202 2677 2394 2732 sciunt.
2442 2678 2691 2732 Secunda
2746 2677 2935 2748 vigilia
2987 2684 3067 2730 est
3121 2676 3499 2730 adolescentia.
3558 2676 3618 2728 In

2021 2776 2124 2828 hac
2152 2775 2441 2846 pervigiles
2469 2775 2737 2829 excubant
2766 2774 2854 2844 qui
2886 2790 2942 2827 se
2981 2774 3156 2828 carnis
3202 2773 3467 2827 illecebris
3510 2788 3618 2826 non

2021 2864 2385 2932 coinquinant.
2417 2862 2491 2918 Hi
2522 2880 2733 2933 quoque
2763 2864 2996 2917 Domino
3016 2861 3253 2917 venienti
3284 2861 3389 2915 laeti
3422 2860 3617 2916 ostium

2020 2960 2277 3017 reserent,
2313 2953 2438 3022 quia
2469 2968 2565 3024 per
2617 2960 2845 3007 mortem
2901 2968 2957 3005 se
3011 2950 3212 3023 gaudia
3273 2957 3616 3020 percepturos

2020 3050 2257 3110 sperant.
2289 3042 2466 3096 Tertia
2492 3041 2681 3113 vigilia
2710 3049 2790 3095 est
2829 3040 3102 3109 juventus.
3160 3041 3221 3092 In
3280 3041 3380 3093 hac
3433 3038 3617 3108 pervi-

1943 3105 1992 3168 Ο
2023 3105 2162 3202 giles
2188 3130 2482 3185 Dominum
2523 3105 2917 3198 prastolantur,
2969 3128 3061 3197 qui
3109 3126 3294 3181 mundi
3341 3105 3622 3182 desideriis

2023 3235 2133 3274 non
2162 3226 2501 3289 superantur,
2559 3218 2765 3275 scilicet
2818 3216 3014 3275 divinis
3065 3214 3350 3287 praeceptis
3403 3214 3616 3270 exerci-

2025 3316 2218 3363 tantur.
2252 3308 2317 3361 Hi
2366 3307 2527 3363 etiam
2584 3307 2789 3362 alacres
2842 3306 3077 3360 Domino
3132 3311 3435 3370 occurrunt,
3494 3303 3620 3372 quia

2022 3421 2151 3465 mox
2184 3406 2237 3463 in
2284 3405 2484 3477 gaudio
2537 3411 2745 3459 metunt
2800 3420 2919 3472 quae
2966 3402 3019 3456 in
3077 3401 3327 3472 lacrymis
3378 3399 3619 3457 semina-

2020 3503 2231 3550 verunt.
2264 3493 2467 3562 Quarta
2494 3494 2676 3565 vigilia
2707 3501 2786 3547 est
2812 3500 3075 3548 senectus.
3107 3489 3169 3545 In
3218 3492 3316 3545 hac
3338 3488 3612 3563 vigilando

2023 3584 2317 3639 Dominum
2347 3589 2659 3652 exspectant
2689 3582 2779 3651 qui
2810 3582 2864 3635 in
2894 3582 3037 3639 bona
3085 3580 3296 3635 actione
3347 3594 3517 3653 usque
3566 3577 3620 3631 in

2024 3672 2185 3729 tinem
2239 3678 2601 3742 perseverant.
2661 3671 2726 3725 Hi
2783 3670 2875 3723 diu
2923 3669 3284 3725 desideratum
3329 3666 3621 3722 Dominum

2022 3769 2248 3815 ovantes
2279 3759 2591 3831 suscipiunt,
2626 3758 2752 3829 quia
2780 3758 2958 3813 statim
2990 3757 3059 3812 ab
3090 3772 3155 3811 eo
3177 3755 3455 3810 denarium
3497 3754 3621 3811 vita

2021 3866 2120 3918 pro
2154 3849 2336 3903 labore
2365 3848 2683 3919 percipiunt.
2717 3847 2805 3901 Sic
2845 3846 2989 3900 enim
3037 3844 3357 3899 eelebraturi
3412 3858 3615 3898 sumus.

2022 3937 2267 3993 Ctelestis
2296 3953 2392 3991 rex
2422 3937 2568 3991 venit
2598 3938 2651 3990 in
2698 3934 2858 4003 hujus
2903 3933 3089 3989 mundi
3136 3932 3487 4002 Babyloniam
3536 3946 3622 3985 ac-

2021 4035 2202 4102 cipere
2231 4034 2332 4088 sibi
2361 4032 2651 4103 conjugem
2706 4030 3021 4093 Ecclesium,
3081 4044 3243 4097 quam
3299 4027 3468 4083 servis
3520 4043 3621 4082 cu-

2021 4123 2363 4178 stodiendam
2423 4121 2681 4176 tradidit:
2742 4119 2856 4189 ipse
2913 4118 3223 4173 convivium
3274 4116 3622 4171 instructurus

2022 4212 2078 4267 in
2106 4212 2309 4267 cadum
2340 4210 2490 4265 abiit.
2524 4208 2706 4264 Servis
2725 4207 2999 4276 praecepit.
3028 4205 3295 4277 Vigilitate
3316 4212 3369 4259 et
3387 4218 3623 4272 quacun-

2023 4318 2126 4371 que
2191 4302 2323 4354 hora
2387 4296 2683 4361 advenerit,
2753 4294 2927 4365 parati
2993 4293 3097 4349 sint
3164 4310 3286 4348 cum
3353 4290 3619 4361 lampadi-

2023 4389 2124 4444 bus
2153 4388 2372 4445 obviare
2405 4385 2625 4455 (Mutth.
2676 4387 2829 4453 xxv).
2883 4382 3133 4438 Promisit
3175 4390 3352 4437 autem
3392 4397 3449 4434 se
3499 4396 3621 4435 cum

2024 4494 2225 4550 magno
2256 4483 2516 4547 apparatu
2547 4475 2922 4541 adventuram,
2970 4480 3022 4526 et
3064 4487 3316 4543 sponsam
3367 4485 3519 4527 suam
3569 4470 3622 4524 in

2025 4574 2379 4640 praeparatam
2411 4564 2681 4618 civitatem
2714 4563 3073 4615 inducturum.
3108 4560 3154 4615 Ο
3186 4559 3410 4614 nimium
3454 4558 3619 4625 beati,

2025 4656 2115 4725 qui
2147 4655 2194 4709 ei
2226 4668 2503 4709 occurrere
2535 4659 2657 4705 tunc
2682 4657 2803 4705 sunt.
2833 4649 3023 4721 parati.
3056 4647 3201 4719 Nam,
3260 4646 3316 4700 in
3361 4645 3619 4717 gaudium

2024 4743 2240 4797 Domini
2263 4741 2342 4794 sui
2372 4756 2493 4794 cum
2525 4754 2589 4792 eo
2634 4736 2703 4791 ad
2752 4736 2965 4807 nuptias
3014 4735 3308 4795 intrabunt.
3362 4740 3415 4787 et
3460 4744 3621 4802 super

2025 4831 2208 4886 omnia
2236 4830 2382 4884 bona
2439 4828 2606 4898 ipsius
2660 4825 2951 4893 constituti,
3010 4824 3065 4876 in
3119 4830 3376 4876 arternum
3435 4818 3620 4872 exsul—

2029 4928 2231 4983 tabant.
2264 4924 2419 4979 Heu!
2455 4938 2615 4993 quam
2648 4922 2875 4975 nimium
2907 4920 3107 4984 miseri,
3142 4918 3228 4987 qui
3262 4925 3386 4970 tunc
3407 4915 3459 4969 in
3488 4930 3618 4985 pec-

2026 5017 2158 5071 catis
2183 5014 2343 5087 sopiti
2376 5012 2736 5074 inveniuntur,
2771 5009 2896 5078 quia
2925 5007 3105 5061 clausa
3154 5006 3269 5073 jam
3324 5004 3493 5072 janna
3550 5003 3620 5056 ab

2024 5104 2240 5161 zeternis
2306 5102 2479 5174 epulis
2570 5097 2943 5153 excluduntur.
3011 5095 3215 5166 Igitur,
3281 5092 3619 5156 charissimi,

2025 5211 2147 5250 cum
2178 5195 2367 5247 horam
2399 5188 2593 5244 Christi
2650 5187 2934 5249 adventus,
2988 5183 3191 5237 scilicet
3239 5182 3381 5234 diem
3434 5181 3622 5234 mortis

2026 5290 2220 5337 nostrze
2250 5281 2579 5351 ignoremus,
2613 5292 2818 5341 omnes,
2850 5271 3009 5326 simul
3033 5272 3261 5341 juvenes
3291 5277 3342 5324 ct
3363 5269 3617 5341 virgines,

2025 5387 2183 5426 senes
2215 5384 2337 5423 cum
2363 5364 2690 5437 junioribus,
2740 5363 2796 5415 in
2835 5360 2994 5416 bonis
3041 5359 3294 5431 cperibus
3334 5358 3623 5430 vigilemus

2028 5472 2220 5527 faciem
2250 5468 2468 5525 Domini
2517 5468 2570 5521 in
2599 5465 2935 5520 confessione
2985 5461 3395 5534 praeveniamus,
3454 5467 3513 5515 ut
3566 5460 3621 5513 in

2024 5560 2312 5617 Nalivilate
2372 5557 2489 5627 ejus
2534 5560 2926 5610 sacramentum
2982 5553 3221 5622 corporis
3275 5550 3392 5619 ejus
3459 5549 3624 5620 digne

2027 5649 2410 5722 percipiamus,
2443 5652 2723 5717 quatenus,
2770 5659 2891 5697 eum
2942 5641 3175 5695 secundo
3226 5636 3447 5701 venerit,
3498 5652 3618 5688 eum

2028 5742 2145 5809 ipso
2176 5739 2226 5791 in
2258 5736 2429 5810 gloria
2461 5747 2840 5805 appareamus.
