4028 6070
483 290 587 345 735

1617 286 1952 344 WERNBRI
1991 287 2274 345 ABBATIS
2314 288 2371 345 S.
2412 285 2629 343 BLASH

3684 283 3785 342 736

565 415 691 501 Hic
721 413 838 481 ﬁat
866 411 1117 481 divisio
1146 413 1512 491 sermonis,
1532 412 1606 501 psi
1636 412 1994 496 placuerit,
2028 416 2097 481 et
2128 412 2260 481 hoc
2288 412 2475 480 idem
2505 413 2825 479 servetur
2855 412 2930 477 in
2957 412 3114 480 aliis
3147 410 3264 478 ubi
3297 408 3553 479 divisio
3605 407 3786 474 facta

491 493 721 561 fuerit.

560 630 753 686 Totum
785 636 993 702 tempus
1048 629 1208 699 hujus
1261 628 1442 686 szeculi
1488 628 1631 685 nocti
1684 636 2027 699 comparatur
2058 647 2070 684 :
2102 630 2158 691 Α
2183 627 2456 685 constituit
2482 626 2767 683 luminaria
2795 626 2851 681 in
2872 627 3028 694 caelo,
3063 626 3118 681 id
3150 634 3228 683 est
3272 626 3448 683 David
3495 625 3554 681 in
3608 622 3790 698 splen-

496 732 581 787 cui
610 748 831 787 serenus
859 732 974 788 dies
1028 732 1237 788 venturi
1294 731 1475 788 saeculi
1520 732 1922 802 superveniens,
1976 732 2091 788 sole

486 820 709 890 justitiae
739 821 1052 877 illustratur.
1093 822 1243 877 Sicut
1268 821 1466 877 etenim
1516 828 1726 892 tempus
1770 821 1939 877 noctis
1983 821 2088 876 luci

490 917 597 973 diei
651 918 925 988 miletum,
994 926 1128 974 tetra
1185 919 1419 990 caligine
1484 916 1774 974 oﬁ‘uscatur
1840 918 1915 972 ita
1996 918 2087 972 lux

489 1006 730 1061 omnium
763 1007 971 1062 dierum
1001 1008 1161 1077 hujus
1186 1008 1369 1064 saeculi
1398 1007 1504 1063 luci
1531 1007 1741 1064 venturi
1780 1007 1894 1061 diei
1928 1023 2085 1062 com-

495 1103 704 1166 parata,
763 1113 982 1167 prorsus
1036 1098 1207 1152 densa
1274 1096 1573 1152 obscuritas
1642 1103 1937 1165 reputatur.
2010 1096 2092 1150 De

495 1190 739 1255 tempore
776 1193 955 1241 autem
981 1186 1067 1239 vel
1097 1185 1185 1240 die
1217 1186 1377 1255 hujus
1405 1184 1584 1240 seculi
1612 1183 1807 1240 dicitur
1854 1184 1998 1254 quod
2035 1184 2089 1238 in

494 1284 763 1356 principio
792 1286 960 1357 ipsius
986 1286 1132 1341 Deus
1175 1286 1379 1342 creavit
1406 1301 1521 1341 χχιι
1559 1302 1742 1357 opera.
1772 1285 1951 1341 Primo
1994 1284 2093 1343 ita-

491 1388 595 1442 que
625 1373 713 1428 die
746 1373 873 1429 fecit
921 1382 1127 1444 septem
1178 1390 1345 1445 opera
1391 1375 1559 1443 (Gen.
1600 1376 1661 1441 ι),
1711 1373 1766 1428 id
1813 1381 1892 1428 est
1928 1381 2093 1428 male.

490 1461 627 1517 riam
656 1461 970 1530 informem,
1024 1463 1270 1537 angelos,
1321 1463 1517 1532 lucem,
1553 1463 1721 1519 caelos
1767 1464 2087 1536 superiores.

497 1564 716 1625 terram,
749 1574 947 1629 aquam
997 1568 1156 1630 atque
1204 1577 1384 1616 aerem
1419 1576 1435 1631 ;
1494 1561 1731 1616 secundo
1786 1560 1873 1615 die
1918 1559 2098 1616 ﬁrma-

494 1654 739 1701 mentum
788 1648 1009 1719 solum;
1065 1650 1219 1705 tertio
1269 1650 1357 1704 die
1401 1657 1650 1720 quatuor,
1700 1650 1738 1704 il
1779 1658 1857 1704 est
1900 1650 2090 1715 maria,

492 1735 722 1805 semina,
757 1737 1003 1793 sationes
1031 1746 1190 1808 atque
1220 1738 1484 1813 plantaria
1515 1754 1528 1809 ;
1585 1746 1773 1809 quarto
1829 1738 1915 1793 die
1973 1738 2090 1810 tria,

491 1831 545 1886 id
590 1840 670 1889 est
696 1834 865 1889 solem
894 1843 948 1889 et
976 1835 1158 1891 lunam
1189 1843 1244 1891 et
1263 1836 1480 1905 stellas;
1529 1836 1715 1905 quinto
1760 1835 1846 1891 die
1894 1835 1993 1891 tria
2038 1835 2090 1890 id

493 1928 573 1976 est
599 1921 794 1991 pisces,
826 1924 1041 1995 reptilia
1086 1940 1348 1994 aquarum
1394 1932 1447 1979 et
1486 1924 1726 1980 volatilia
1758 1938 1772 1993 ;
1804 1932 1957 1979 sexto
2002 1924 2089 1979 die

2194 726 2324 782 dore
2352 726 2508 797 regni
2538 733 2790 797 tanquam
2821 725 2949 781 solis
2994 725 3385 794 excellentiam,
3433 732 3487 780 et
3531 724 3587 779 in
3634 739 3787 795 spem

2197 816 2336 871 lunas
2363 815 2775 870 obumbrantem
2808 821 3062 885 tanquam
3093 814 3460 887 Synagogam,
3509 821 3564 869 et
3609 812 3792 867 stellas

2196 903 2466 976 principes
2492 904 2627 974 ejus.
2660 904 2832 974 Hujus
2870 903 3042 958 aetatis
3089 903 3189 957 fuit
3242 918 3468 975 vespera
3523 909 3744 972 tempus
3774 918 3787 954 :

2197 1001 2413 1071 quando
2443 1001 2671 1072 populus
2698 1000 2796 1055 Dei
2845 1000 2900 1055 in
2952 1000 3281 1071 Babylonem
3335 1001 3524 1054 ductus
3569 1007 3650 1055 est
3706 1015 3795 1054 ca-

2198 1090 2393 1161 ptivus.
2426 1089 2624 1158 Quinto
2653 1088 2869 1158 saeculo,
2902 1089 2956 1143 id
2984 1097 3065 1144 est
3092 1088 3147 1143 in
3169 1088 3635 1161 transmigrationc
3684 1088 3792 1143 Ba-

2197 1177 2428 1249 bylonis,
2461 1178 2600 1233 facta
2627 1186 2750 1232 sunt
2777 1176 2927 1248 quasi
2956 1177 3211 1232 animalia
3238 1177 3293 1231 in
3347 1178 3500 1247 aquis
3540 1185 3597 1233 et
3636 1177 3795 1231 vola-

2199 1276 2314 1331 tilia
2341 1276 2483 1343 coeli,
2522 1275 2647 1346 quia
2696 1283 2817 1330 tunc
2873 1275 2973 1330 iter
3011 1284 3200 1348 gentes
3258 1284 3511 1345 tanquam
3555 1275 3610 1328 in
3657 1274 3795 1329 mari

2197 1364 2367 1419 Judrei
2392 1365 2575 1421 vivere
2604 1370 2896 1436 cmperunt,
2917 1380 3015 1419 nec
3034 1363 3306 1419 habebant
3336 1363 3585 1420 stabilem
3612 1364 3796 1419 locum

2202 1461 2454 1524 tauquam
2484 1453 2727 1509 volantes
2753 1469 2906 1508 aves.
2969 1453 3143 1523 Hujus
3196 1452 3303 1508 diei
3358 1453 3509 1523 quasi
3567 1468 3797 1523 vespera

2200 1559 2279 1607 est
2316 1551 2694 1622 multiplicatio
2725 1559 3063 1623 peccatorum
3123 1551 3178 1605 in
3222 1551 3424 1623 populo
3480 1549 3795 1606 Judzeorum

2200 1641 2415 1711 quando
2453 1640 2529 1695 sic
2557 1640 2811 1696 excaacati
2839 1646 2980 1708 sunt,
3014 1648 3071 1695 ut
3096 1640 3259 1696 etiam
3288 1640 3580 1696 Dominum
3610 1641 3793 1694 Iesum

2199 1746 2309 1785 non
2338 1736 2555 1801 possent
2582 1745 2896 1803 agnoscere.
2941 1730 3060 1785 Jam
3114 1736 3324 1785 sextum
3379 1730 3637 1786 saeculum
3697 1729 3797 1784 fuit

2200 1831 2255 1884 in
2272 1829 2503 1886 adventu
2549 1828 2768 1885 Domini
2798 1830 2963 1885 nostri
3015 1830 3139 1885 Jesu
3194 1828 3409 1886 Christi.
3468 1831 3610 1885 Nam
3656 1829 3798 1885 sicut

2204 1917 2258 1972 in
2289 1918 2381 1974 illa
2407 1926 2560 1975 sexta
2585 1918 2674 1975 die
2702 1906 2908 1989 primus
2922 1918 3095 1974 Adam
3124 1917 3191 1973 de
3219 1918 3350 1974 limo
3377 1925 3532 1974 terra
3560 1917 3630 1973 ad
3648 1918 3796 1973 ima-

492 1985 739 2081 quatuor,
771 1985 825 2066 id
857 1985 938 2068 est
963 1985 1187 2082 bestias,
1221 2011 1455 2084 pecudes
1483 2020 1537 2068 et
1561 1985 1777 2084 reptilia
1819 2019 1993 2081 term,
2040 1985 2173 2070 etB
2202 2008 2385 2080 ginem
2416 2008 2514 2062 Dei
2546 1985 2722 2063 factus—
2744 2014 2841 2077 est,
2873 2008 2951 2063 sic
3006 2008 3059 2063 in
3106 2008 3207 2063 ista
3260 2014 3413 2063 sexta
3472 2007 3580 2063 diei
3635 2014 3799 2064 aetate

490 2106 792 2174 hominem,
816 2118 868 2164 et
898 2109 1039 2166 facta
1068 2117 1192 2165 sunt
1212 2109 1397 2165 omnia
1426 2122 1540 2165 xxn
1569 2110 1626 2164 in
1665 2110 1857 2165 diebus
1901 2116 1976 2166 vi.
2024 2109 2095 2165 Et

492 2210 610 2251 xm
638 2197 1017 2268 generationes
1044 2206 1168 2253 sunt
1195 2201 1265 2253 ab
1293 2198 1466 2254 Adam
1496 2214 1662 2269 usque
1692 2198 1761 2253 ad
1786 2198 1974 2265 Jacob,
2024 2215 2093 2253 ex

491 2284 646 2352 cujus
674 2286 883 2341 semine
913 2286 1152 2342 nascitur
1176 2303 1314 2359 gens
1353 2287 1536 2342 Israel.
1568 2288 1635 2342 Et
1663 2303 1781 2342 xxxi
1826 2286 1950 2342 libri
1990 2288 2092 2342 Ve-

492 2380 619 2435 teris
646 2381 973 2436 Testamenti
996 2399 1165 2452 usque
1197 2383 1267 2438 ad
1314 2383 1524 2452 Esther,
1560 2391 1615 2438 et
1649 2399 1766 2439 XXII
1796 2383 2088 2439 litterarum

492 2477 616 2524 sunt
660 2470 945 2539 elementa,
994 2471 1190 2541 quibus
1252 2479 1465 2528 constat
1522 2472 1722 2529 divinae
1783 2473 1920 2546 legis
1983 2473 2089 2528 do-

493 2565 685 2620 ctrina.
710 2565 881 2638 Igitur
904 2568 1289 2625 consummatis
1335 2585 1451 2623 χχιι
1499 2569 1752 2639 operibus
1796 2586 1854 2624 γι
1899 2571 2089 2627 diebus

494 2654 760 2724 requievit
786 2655 859 2711 ab
886 2657 965 2712 eis
999 2658 1231 2729 septimo
1259 2659 1405 2714 Deus
1450 2658 1614 2731 (Gen.
1666 2664 1728 2721 ιι)
1762 2678 1774 2714 :
1820 2660 1947 2730 quia
1992 2677 2086 2714 sex

492 2743 739 2800 aetatibus
766 2748 1226 2803 consummabitur
1252 2748 1350 2803 iste
1380 2747 1633 2805 mundus.
1662 2747 1902 2817 Quarum
1948 2757 2086 2805 aeta-

490 2848 600 2895 tum
630 2842 806 2912 prima
834 2850 914 2899 est
941 2844 1011 2899 ab
1039 2844 1209 2900 Adam
1240 2862 1406 2915 usque
1449 2846 1518 2901 ad
1568 2847 1701 2915 Noe,
1761 2846 1904 2917 quod
1953 2845 2087 2902 ﬁunt

487 2930 782 2985 secundum
856 2931 1122 2988 Isidorum
1207 2933 1334 2988 anni
1401 2950 1459 3004 ιι,
1522 2950 1739 3003 noun;
1826 2936 2082 3005 secunda,

486 3033 520 3072 a
547 3016 751 3074 diluvio
780 3035 948 3089 usque
967 3020 1035 3075 ad
1084 3021 1382 3091 Abraham,
1439 3022 1585 3093 quod
1639 3022 1772 3079 ﬁunt
1817 3024 1945 3079 anni
2000 3040 2081 3094 ιιι,

486 3128 811 3170 ucuxxvn.
843 3117 1039 3182 Tertia,
1069 3116 1142 3174 ab
1188 3118 1464 3174 Abraham
1513 3136 1681 3191 usque
1737 3119 1807 3176 ad
1860 3120 2033 3177 David
2070 3140 2081 3176 :

488 3203 634 3272 quod
660 3202 797 3259 ﬁunt
834 3206 959 3260 anni
986 3222 1060 3275 iv,
1110 3222 1397 3279 ucxxxrv;
1447 3216 1656 3280 quarta,
1700 3225 1734 3267 a
1768 3210 1942 3265 David
1988 3227 2083 3265 us-

487 3306 589 3361 que
645 3293 715 3347 ad
770 3295 1296 3367 transmigrationem
1353 3298 1659 3370 Babylonis,
1728 3298 1872 3369 quod
1947 3296 2081 3354 ﬁunt

487 3387 612 3441 anni
643 3402 698 3456 v,
730 3404 902 3445 unetx
936 3405 950 3459 ;
1000 3392 1202 3463 quinta,
1235 3409 1268 3448 a
1324 3394 1790 3466 transmigratione
1843 3395 2080 3466 Babylo-

488 3473 573 3529 nis
600 3492 767 3547 usque
799 3477 868 3533 ad
899 3480 1189 3548 Christum,
1221 3482 1368 3551 quod
1412 3481 1547 3537 ﬁunt
1600 3483 1725 3538 anni
1780 3500 1833 3551 v,
1890 3499 2078 3540 ucuv.

485 3565 532 3618 Α
561 3565 836 3622 nativitate
866 3576 1045 3624 autem
1076 3569 1267 3625 Christi
1298 3587 1465 3641 usque
1482 3570 1549 3627 ad
1594 3570 1649 3625 id
1694 3587 1801 3641 quo
1847 3572 2082 3627 Isidorus

488 3653 600 3708 haec
626 3654 860 3726 scripsit,
889 3664 1065 3712 certus
1092 3674 1346 3713 numerus
1389 3675 1493 3714 non
1552 3660 1778 3715 habetur
1833 3660 1934 3715 nisi
1990 3659 2081 3716 ﬁat

487 3749 699 3805 illorum
722 3768 987 3809 annorum
1009 3755 1342 3826 computatio
1363 3772 1484 3826 quae
1509 3756 1723 3812 fuerunt
1740 3756 1811 3812 ad
1838 3765 2082 3828 tempora

484 3838 716 3896 Heraclii
732 3842 972 3914 religiosi
992 3843 1269 3915 principis.
1292 3844 1463 3914 Hujus
1482 3853 1669 3915 quarto
1691 3854 1745 3900 et
1780 3847 1963 3916 quinto
1998 3848 2082 3903 Si-

483 3926 642 3998 sipoti
664 3930 921 4001 principis
935 3933 1287 3999 anno,1udaei
1314 3933 1367 3987 in
1407 3934 1610 4003 Spania
1647 3934 2075 4006 baptizabantur,

486 4023 540 4070 et
557 4024 683 4072 tunc
706 4018 918 4074 fuerunt
939 4020 1064 4075 anni
1078 4021 1393 4077 anativitate
1413 4022 1631 4078 Domini
1652 4040 1705 4090 v,
1729 4038 2078 4081 uncecxxxvt

489 4116 612 4156 cum
668 4104 1034 4174 superioribus
1103 4106 1258 4161 annis
1320 4114 1535 4162 aetatum
1610 4109 1952 4179 computatis.
2015 4111 2079 4166 Et

488 4200 602 4255 hac
629 4208 711 4255 est
737 4210 890 4256 sexta
917 4210 1048 4259 aetas
1077 4222 1197 4275 qua:
1227 4221 1367 4261 nunc
1396 4205 1574 4278 agitur
1610 4222 1776 4277 usque
1816 4207 1885 4263 ad
1932 4207 2076 4263 diem

481 4283 691 4354 judicii.
725 4284 967 4357 Septima
1004 4304 1134 4344 vero
1182 4298 1486 4346 sanctorum
1526 4290 1628 4346 erit
1665 4292 1897 4362 requies,
1956 4310 2077 4363 quae

486 4386 594 4426 non
642 4373 804 4428 habet
849 4390 1149 4446 vesperam,
1217 4378 1343 4448 quia
1407 4396 1526 4435 eam
1589 4380 1765 4436 nullus
1820 4382 2077 4437 terminus

485 4458 703 4515 claudit.

557 4583 744 4640 Primo
774 4585 919 4641 enim
948 4587 1144 4643 saeculo
1175 4588 1347 4645 factus
1376 4599 1454 4646 est
1488 4594 1651 4648 homo
1708 4593 1763 4647 in
1821 4596 2073 4667 paradiso

486 4674 636 4743 quasi
674 4673 766 4729 lux
824 4673 989 4745 (Gen.
1056 4679 1091 4741 ι)
1150 4678 1556 4749 [Αυθιιειτιιηυξ
1619 4682 1818 4738 Generi
1871 4688 2072 4742 contra
2100 4699 2152 4761 D

485 4763 839 4834 Manicheum]
864 4779 877 4833 ;
911 4765 965 4819 in
996 4782 1101 4835 qua
1129 4774 1284 4821 aetate
1311 4764 1450 4823 ﬁlios
1476 4768 1532 4823 in
1575 4768 1711 4825 lucis
1738 4771 1955 4829 nomine
1982 4774 2070 4829 di-

484 4866 608 4922 visit
635 4868 780 4924 Deus
811 4866 995 4923 aﬁliis
1024 4868 1326 4937 hominum,
1376 4870 1528 4940 quasi
1584 4888 1617 4927 a
1673 4873 1923 4941 tenebris,
1978 4875 2069 4930 ﬁt-

483 4971 586 5025 que
616 4957 776 5028 hujus
804 4955 911 5013 diei
951 4974 1177 5030 vespera
1234 4958 1517 5014 diluvium.
1577 4960 1824 5017 Secundo
1875 4965 2072 5019 saeculo

482 5042 681 5099 factum
741 5054 827 5100 est
887 5046 1039 5116 quasi
1102 5044 1499 5103 ﬁrmamentum
1565 5048 1704 5105 inter
1764 5067 1959 5120 aquam
2022 5059 2075 5107 et

485 5147 702 5201 aquam,
734 5150 860 5190 arca
888 5135 1072 5206 utique
1104 5135 1195 5191 illa
1224 5152 1344 5206 qua:
1390 5138 1614 5204 natavit,
1673 5138 1812 5194 inter
1864 5139 2074 5210 pluvias

486 5235 539 5310 et
566 5230 736 5284 maria
763 5239 896 5285 erat.
928 5233 1042 5287 Hac
1071 5250 1299 5305 vespera
1339 5234 1399 5289 ﬁt
1443 5235 1687 5292 confusio
1743 5237 2070 5310 linguarum.

484 5309 663 5368 Tertio
691 5315 888 5370 saeculo
918 5317 1119 5371 fac-tum
1158 5326 1239 5372 est
1292 5317 1437 5389 quod
1490 5320 1760 5390 separavit
1810 5309 2073 5394 populum

486 5415 640 5455 suum
670 5417 703 5456 a
729 5402 984 5473 gentibus
1012 5421 1110 5476 per
1135 5406 1408 5463 Abraham
1436 5408 1745 5464 discernens
1763 5425 1887 5464 eum
1922 5413 2072 5482 quasi

486 5489 691 5545 aridam
723 5489 793 5544 ab
823 5489 977 5559 aquis
1004 5493 1344 5561 utproferret
1386 5512 1610 5568 germen
1659 5498 1945 5553 herbarum
1985 5508 2071 5555 at-

485 5593 589 5649 que
612 5577 904 5650 lignorum,
930 5578 984 5632 id
1030 5588 1111 5635 est
1155 5592 1368 5639 sanctos
1422 5593 1477 5639 et
1514 5584 1743 5641 fructum
1785 5586 2073 5660 Scriptura;

482 5674 703 5723 sancta.
757 5667 872 5723 Hac
907 5683 1134 5740 vespera
1196 5671 1295 5726 fuit
1359 5680 1636 5744 peccatum
1702 5676 1846 5748 regis
1907 5677 2062 5734 Saul.

485 5763 748 5835 Quartum
795 5764 1052 5823 sarculum
1108 5767 1272 5838 coepit
1322 5784 1356 5826 a
1410 5769 1604 5842 David,
1662 5772 1876 5844 quando
1929 5776 2073 5833 Deus

2199 2104 2467 2160 secundus
2486 2105 2682 2173 Adam,
2714 2105 2769 2160 id
2796 2114 2875 2160 est
2910 2106 3169 2174 Christus,
3218 2105 3273 2160 in
3324 2122 3484 2161 carne
3538 2105 3608 2160 de
3666 2105 3796 2161 Vir-

2196 2194 2324 2265 gine
2356 2193 2523 2250 Maria
2552 2202 2707 2250 natus
2734 2202 2815 2250 est
2845 2214 2857 2250 :
2894 2195 2983 2249 ille
3014 2195 3072 2249 in
3092 2194 3275 2251 anima
3318 2195 3553 2263 vivente,
3604 2196 3696 2250 hic
3740 2195 3793 2249 in

2196 2282 2387 2352 spiritu
2416 2281 2739 2339 viviﬁcante.
2773 2284 2839 2338 Et
2865 2283 3001 2339 sicut
3029 2283 3084 2339 in
3112 2284 3204 2339 illa
3249 2283 3339 2339 die
3384 2283 3443 2339 ﬁt
3487 2284 3675 2339 anima
3717 2284 3796 2339 vi-

2196 2396 2285 2448 va,
2315 2380 2393 2435 sic
2420 2380 2474 2434 in
2501 2380 2601 2435 isto
2648 2380 2846 2436 saeculo
2887 2380 3252 2436 desiderantes
3290 2380 3457 2437 vitam
3504 2389 3790 2439 aeternam.

2198 2468 2265 2523 Et
2290 2468 2426 2524 sicut
2453 2468 2510 2523 in
2537 2468 2631 2523 illa
2656 2468 2745 2523 die
2774 2477 2925 2525 sexta
2958 2470 3288 2542 serpentium
3319 2478 3374 2525 et
3408 2470 3647 2527 ferarum
3699 2488 3793 2544 ge-

2194 2573 2324 2613 nera
2351 2557 2600 2628 producit
2628 2565 2784 2625 terra,
2817 2558 2890 2614 ita
2919 2567 2971 2614 et
3017 2559 3073 2613 in
3128 2561 3229 2615 hac
3283 2567 3437 2615 sexta
3479 2568 3641 2617 etate
3682 2576 3792 2615 sae-

2194 2655 2298 2710 culi
2350 2663 2538 2727 gentes
2593 2656 2757 2710 vitam
2817 2664 3130 2727 appetentes
3182 2664 3436 2713 aeternam
3491 2657 3791 2713 Eeclesiam

2192 2744 2489 2816 generavit.
2551 2746 2617 2800 Et
2662 2744 3117 2815 quemadmodum
3173 2746 3228 2800 in
3282 2745 3374 2801 illa
3427 2744 3517 2802 die
3579 2755 3793 2802 creatur

2194 2833 2462 2888 masculus
2489 2842 2541 2888 et
2572 2833 2794 2902 femina,
2825 2834 2903 2889 sic
2950 2835 3006 2889 in
3052 2835 3153 2891 ista
3193 2834 3374 2891 saeculi
3411 2843 3568 2891 aetate
3616 2837 3792 2890 mani-

2192 2930 2416 2986 festatur
2443 2931 2683 2987 Christus
2713 2940 2766 2987 et
2807 2931 3065 2988 Ecclesia.
3120 2933 3187 2988 Et
3237 2932 3374 2987 sicut
3425 2934 3593 2988 homo
3641 2950 3790 3005 prae-

2190 3020 2409 3090 ponitur
2437 3021 2494 3075 in
2520 3020 2607 3076 die
2656 3021 2749 3076 illa
2806 3020 3108 3092 pecoribus,
3169 3019 3526 3093 serpentibus,
3587 3022 3792 3077 volati-

2188 3104 2290 3160 bus
2308 3107 2451 3172 coeli,
2482 3107 2556 3162 ita
2584 3106 2822 3163 Christus
2850 3107 2905 3161 in
2943 3109 3045 3162 hac
3088 3113 3244 3163 atate
3288 3107 3562 3179 gentibus,
3604 3124 3791 3180 popu-

2188 3201 2254 3256 lis
2281 3211 2334 3257 et
2363 3204 2686 3272 nationibus,
2720 3212 2778 3260 ut
2805 3204 2874 3260 ab
2904 3220 2969 3260 eo
2994 3212 3254 3277 regantur
3281 3205 3369 3260 vel
3396 3205 3601 3261 carnali
3646 3223 3785 3262 con-

2190 3292 2518 3363 cupiscentia
2545 3292 2710 3348 dediti
2740 3294 2893 3348 sicuti
2923 3308 3138 3365 pecora,
3206 3294 3294 3350 vel
3334 3302 3549 3350 terrena
3594 3294 3790 3350 obscu-

2188 3380 2289 3435 rati
2354 3380 2657 3437 curiositate
2723 3382 2874 3453 quasi
2956 3389 3233 3452 serpentes
3262 3424 3276 3450 ,
3363 3382 3449 3438 vel
3530 3385 3790 3455 superbia

2188 3478 2339 3547 quasi
2360 3494 2506 3534 aves.
2540 3480 2607 3534 Et
2633 3479 2770 3535 sicut
2798 3480 2852 3535 in
2876 3480 2969 3536 illo
3024 3480 3112 3535 die
3169 3488 3459 3552 pascuntur
3510 3482 3681 3537 homo
3736 3491 3789 3538 et

2188 3566 2463 3636 animalia,
2496 3584 2616 3639 que
2661 3585 2782 3624 cum
2830 3569 2948 3640 ipso
3002 3576 3144 3635 sunt,
3201 3569 3382 3625 herbis
3432 3571 3788 3626 seminalibus

2188 3655 2350 3728 lignis
2378 3656 2666 3712 fructiferis
2695 3665 2747 3713 et
2775 3657 2957 3713 herbis
3013 3657 3292 3727 viridibus,
3349 3658 3426 3714 sic
3470 3659 3573 3714 ista
3627 3668 3786 3715 aetate

2186 3752 2303 3824 ipse
2332 3755 2561 3826 p0pulus
2606 3755 2955 3825 spiritualiter
3008 3757 3241 3828 pascitur
3283 3764 3586 3812 sanctarum
3634 3757 3787 3813 Scri-

2187 3850 2463 3913 pturarum
2494 3844 2785 3911 alimentis,
2811 3852 2864 3900 et
2910 3845 3032 3918 lege
3072 3845 3258 3901 divina
3296 3846 3364 3901 ad
3406 3846 3783 3917 accipiendam

2187 3931 2566 3987 fecunditatem
2622 3933 2891 3989 rationum
2950 3941 3109 4005 atque
3164 3950 3475 3991 sermonum
3524 3943 3783 4007 tanquam

2185 4019 2366 4074 herbis
2414 4021 2762 4077 seminalibus
2825 4023 3019 4095 partim
3087 4022 3157 4078 ad
3219 4023 3500 4079 utilitatem
3568 4042 3782 4081 morum

2184 4117 2603 4173 conversationis
2631 4120 2898 4188 humanae,
2947 4120 3142 4192 partim
3199 4120 3268 4176 ad
3325 4121 3576 4194 vigorem
3632 4122 3780 4188 ﬁdei,

2184 4204 2345 4274 spei,
2401 4213 2455 4261 et
2517 4206 2789 4263 charitatis
2853 4209 2908 4262 in
2974 4209 3137 4264 vitam
3200 4217 3457 4265 aeternam
3523 4219 3781 4283 tanquam

2183 4293 2364 4349 herbis
2423 4295 2710 4362 viridibus,
2767 4312 2888 4367 quae
2959 4298 3105 4354 nullo
3178 4306 3310 4354 aestu
3376 4299 3783 4356 tribulationum

2184 4399 2446 4447 arescunt.
2481 4393 2721 4448 Carnalis
2761 4402 2960 4464 autem,
3013 4395 3066 4450 id
3109 4404 3189 4452 est
3238 4396 3492 4468 parvulus
3528 4398 3585 4452 in
3633 4398 3788 4454 Chri-

2182 4486 2263 4535 sto
2293 4488 2547 4551 tanquam
2570 4498 2736 4552 pecus
2763 4484 2879 4552 Dei,
2942 4491 2999 4539 ut
3044 4484 3100 4539 in
3152 4485 3301 4540 illum
3357 4486 3559 4555 credat,
3622 4504 3784 4558 quem

2182 4567 2483 4642 intelligere
2510 4571 2750 4626 nondum
2780 4580 2957 4645 potest
3011 4581 3062 4630 et
3120 4582 3297 4629 tamen
3353 4575 3573 4631 eosdem
3631 4576 3787 4632 cibos

2183 4682 2373 4723 omnes
2401 4667 2619 4723 habent.

2251 4783 2376 4837 Post
2396 4782 2550 4837 istam
2582 4800 2863 4855 vesperam
2894 4784 2984 4841 ﬁet
3008 4803 3185 4850 mane,
3217 4804 3337 4842 cum
3370 4786 3485 4859 ipse
3515 4789 3785 4846 Dominus

2178 4869 2235 4923 in
2291 4870 2529 4926 claritate
2584 4880 2837 4927 venturus
2892 4883 2989 4929 est.
3050 4875 3200 4930 Tunc
3262 4876 3600 4946 requiescent
3655 4895 3781 4934 cum

2180 4954 2388 5009 Christo
2417 4955 2485 5009 ab
2515 4957 2767 5012 omnibus
2795 4958 3050 5029 operibus
3078 4961 3204 5014 suis.
3264 4961 3392 5015 Post
3447 4961 3576 5017 talia
3632 4965 3779 5019 enim

2179 5065 2345 5122 opera
2372 5053 2636 5123 speranda
2666 5063 2744 5109 est
2769 5056 2982 5125 requies
3031 5056 3086 5111 in
3134 5057 3223 5112 die
3268 5056 3499 5128 septimo
3547 5060 3641 5129 qui
3690 5078 3782 5116 ve.

2180 5155 2395 5209 speram
2425 5157 2531 5196 non
2560 5142 2741 5197 habet.
2772 5143 2819 5198 Ο
2849 5145 3022 5214 qualis
3047 5144 3223 5217 gloria
3250 5145 3385 5201 lucis
3403 5146 3543 5201 illius
3561 5149 3779 5220 septimi

2179 5227 2307 5295 diei,
2330 5227 2383 5282 in
2411 5244 2516 5299 qua
2562 5231 2798 5286 Christus
2825 5231 2878 5286 in
2907 5249 3018 5288 suae
3043 5233 3282 5289 claritate
3302 5234 3638 5304 praedicatur,
3657 5253 3781 5308 qua:

2181 5322 2250 5378 ab
2279 5322 2396 5394 ipso
2426 5324 2538 5379 sole
2568 5327 2883 5398 angelorum
2906 5327 3262 5395 illuminatur,
3284 5329 3438 5398 cujus
3474 5332 3779 5402 pulchritu-

2180 5410 2360 5466 dinem
2392 5412 2487 5467 hie
2507 5414 2585 5468 sol
2604 5423 2655 5470 et
2676 5416 2802 5471 luna
2831 5418 3092 5472 mirantur
3123 5419 3134 5471 l
3170 5417 3217 5475 Ο
3245 5417 3417 5487 qualis
3442 5420 3620 5491 gratia
3639 5420 3782 5476 illius

2181 5499 2288 5554 diei
2317 5516 2477 5570 quam
2508 5518 2698 5559 omnes
2725 5506 2904 5578 angeli
2935 5522 3228 5578 omnesque
3274 5507 3444 5562 sancti
3494 5508 3779 5564 illumina-

2181 5597 2316 5652 bunt
2349 5613 2360 5650 :
2396 5599 2486 5668 qui
2516 5600 2715 5673 singuli
2745 5605 3050 5677 septuplum
3110 5605 3231 5677 plus
3284 5605 3387 5661 hoc
3437 5606 3552 5663 sole
3598 5608 3779 5663 radia-

2180 5686 2338 5742 bunt.
2379 5685 2444 5742 Et
2499 5688 2542 5742 si
2590 5691 2678 5745 hic
2734 5694 2966 5749 mundus
3022 5702 3128 5749 tam
3185 5709 3431 5748 amamus
3477 5695 3773 5765 judicatur,

2183 5774 2275 5846 qui
2319 5789 2429 5834 uno
2453 5774 2566 5837 sole
2611 5787 2791 5840 tamen
2846 5783 3153 5857 illustratur,
3211 5782 3341 5854 quid
3393 5785 3771 5844 astimandum
