4072 6078
279 273 385 328 737

1238 244 1775 310 DEFLORTIONES
1816 247 1915 303 ss.
1958 220 2255 301 PATRUM.
2288 271 2359 281 —
2395 239 2521 294 LIB.
2567 230 2608 293 ῐ.
2744 256 2784 297 ρ

3466 221 3574 284 738

286 404 368 452 est
422 394 492 449 de
548 390 639 445 illa
692 387 803 443 vita
856 401 977 457 quae
1025 389 1100 438 tot
1153 380 1356 437 solibus
1397 377 1687 432 illustratur
1713 373 1743 426 ?
1773 371 1881 457 Sed
1909 369 1965 430 A
1993 369 2281 424 adventum
2314 364 2432 434 ejus
2465 361 2735 419 celebrare
2782 359 2917 415 solet
2946 373 3042 430 per
3083 363 3340 428 quaterna
3380 354 3576 411 oﬂicia.

290 480 428 535 forte
458 476 660 531 diceret
688 455 917 541 aliquis:
963 468 1061 523 Hic
1102 466 1182 520 sol
1225 477 1485 535 magnum
1523 461 1706 515 lumen
1734 455 1884 512 exhi-

289 569 402 635 bet,
435 565 559 635 quia
586 576 787 634 magno
816 573 1039 630 corpore
1070 556 1259 627 fulget,
1292 552 1488 607 animae
1517 564 1667 616 vero,
1700 562 1886 617 quam-

291 667 378 720 vis
407 659 781 727 serenissima,
810 655 940 727 quid
968 652 1185 709 luminis
1220 650 1463 721 praebere
1492 651 1741 719 poterunt
1767 657 1887 713 quae

292 752 517 811 omnino
567 765 751 820 parvae
805 752 929 801 sunt
974 746 1002 797 ‘I
1033 744 1187 797 Certe
1234 739 1322 794 hic
1367 738 1448 793 sol
1485 734 1653 791 oculis
1698 729 1891 787 nostris

295 838 767 903 circumscribitur,
825 832 1009 889 radius
1065 830 1183 901 ejus
1233 827 1475 898 quolibet
1522 835 1747 893 corpore
1783 834 1890 890 op-

297 939 473 1012 posito
512 931 783 1007 penetrari
811 946 922 985 non
951 928 1158 995 sinitur,
1201 924 1434 979 nubibus
1462 918 1754 991 obtegitur,
1786 931 1891 970 no-

296 1006 472 1085 ctibus
518 1006 559 1081 7a
612 1021 770 1078 nobis
826 1034 1044 1091 prorsus
1098 1014 1374 1071 occulitur.
1432 1006 1676 1082 Angelici
1714 1013 1892 1062 autem

298 1116 517 1189 spiritus
553 1112 640 1169 vel
679 1109 875 1166 animae
911 1113 1216 1162 sanctorum
1272 1100 1418 1157 nullo
1473 1094 1741 1167 corporali
1775 1094 1894 1148 loco

299 1183 843 1276 comprehenduntur,
874 1196 975 1252 soli
1018 1196 1135 1249 Deo
1180 1183 1709 1260 incomprehensibili
1738 1190 1896 1252 atque

301 1271 763 1360 incircumscripto
794 1281 1182 1353 circumscripti
1210 1278 1515 1343 creduntur,
1563 1279 1756 1331 cuncta
1791 1271 1896 1326 ob-

302 1381 501 1438 stantia
552 1379 727 1434 lucem
781 1391 894 1430 suae
944 1370 1198 1428 claritatis
1244 1373 1522 1439 penetrare
1577 1367 1893 1418 noscuntur.

305 1471 375 1527 Hi
432 1467 631 1541 singuli
684 1465 755 1520 ab
810 1470 1012 1519 aeterno
1070 1459 1184 1514 sole
1237 1453 1516 1518 illustrati,
1576 1451 1900 1506 immensum

307 1536 579 1631 fulgorem
607 1570 764 1609 suum
794 1567 917 1608 cum
968 1550 1061 1604 illa
1104 1547 1192 1601 die
1232 1542 1635 1617 participantur,
1696 1536 1901 1609 ipsique

308 1648 542 1704 invicem
572 1645 825 1701 alterutra
853 1639 1093 1696 claritate
1122 1634 1455 1691 deliciantur.

837 1748 1042 1790 DIVISIO
1080 1742 1385 1786 SERMONIS.

385 1845 466 1899 De
518 1839 680 1911 hujus
732 1834 840 1890 diei
905 1826 1313 1901 incomparabili
1368 1822 1544 1897 gloria
1598 1819 1905 1876 cecinerunt

310 1932 555 1992 omnium
584 1907 969 1998 prophetarum
1019 1915 1310 1991 prmconia,
1354 1913 1479 1983 quia
1507 1911 1624 1966 haec
1650 1907 1766 1963 dies
1793 1922 1906 1961 me-

311 2024 416 2079 lior
443 2027 523 2075 est
547 1995 659 2074 vita
687 1995 849 2085 super
875 2023 1137 2066 annorum
1166 2003 1356 2059 millia.
1390 2001 1513 2056 Nox
1542 1999 1721 2068 itaque
1749 1995 1908 2066 hujus

311 2108 571 2182 temporis
607 2103 758 2175 quasi
806 2101 862 2155 in
908 2104 1136 2168 quatuor
1181 2091 1395 2165 vigilias
1440 2087 1696 2144 dividitur
1734 2086 1898 2155 (Luc.

316 2173 444 2269 1m),
471 2195 597 2268 quia
624 2173 715 2248 hic
743 2187 973 2245 mundus
1018 2190 1248 2256 quatuor
1291 2177 1584 2235 interstitiis
1619 2173 1910 2246 distingui-

320 2263 408 2345 tur
427 2263 448 2342 ἐ
481 2263 662 2341 l’rima
688 2279 878 2352 vigilia
905 2276 974 2332 ab
1031 2273 1202 2329 Adam
1259 2285 1429 2340 usque
1483 2266 1552 2322 ad
1594 2266 1712 2320 Noe
1741 2263 1915 2317 fuerat

320 2380 377 2434 in
407 2391 512 2447 qua
540 2371 718 2447 pauci,
748 2368 806 2422 in
832 2367 977 2422 bono
1023 2360 1333 2434 pervigiles,
1390 2354 1689 2427 periculum
1732 2366 1916 2407 evase-

324 2440 481 2533 rant;
540 2440 733 2518 somno
762 2472 893 2513 vero
939 2451 1160 2508 malitia
1211 2462 1497 2520 Oppressos
1543 2441 1802 2497 diluvium
1825 2440 1915 2494 di-

330 2531 604 2612 merserat.
655 2545 906 2606 Secunda
959 2540 1146 2614 vigilia
1174 2555 1207 2593 a
1233 2538 1350 2592 Noe
1407 2548 1577 2603 usque
1602 2531 1671 2587 ad
1699 2531 1919 2600 Moysen

331 2643 647 2702 exstiterat:
707 2636 763 2690 in
817 2648 924 2704 qua
976 2631 1116 2685 bene
1170 2626 1457 2698 vigilantes
1500 2617 1769 2689 colloquio
1821 2618 1920 2675 Dei

337 2741 439 2798 frui
485 2739 805 2799 meruerant,
856 2742 1051 2800 sopore
1102 2739 1232 2780 vero
1274 2718 1621 2793 negligentiae
1669 2721 1923 2788 gravatos

336 2828 529 2905 partim
554 2824 778 2895 sulphur
810 2826 864 2874 et
908 2816 1052 2889 ignis
1097 2816 1520 2879 consumpserat,
1552 2804 1747 2876 partim
1775 2818 1923 2858 mare

334 2896 574 2977 Eubrum
631 2909 1001 2968 absorbuerat.
1048 2901 1226 2958 Tertia
1268 2897 1459 2971 vigilia
1487 2912 1519 2951 a
1546 2896 1727 2964 Moyse
1756 2906 1924 2961 usque

334 3009 403 3065 ad
431 3005 698 3064 Christum
726 2998 898 3053 fuerat
930 3014 942 3050 :
975 2994 1031 3048 in
1078 3006 1185 3062 qua
1231 2987 1363 3061 galli
1411 2983 1562 3056 quasi
1617 2980 1798 3037 media
1839 2995 1927 3035 no-

335 3106 417 3156 cte
455 3100 642 3152 cantus
689 3087 955 3150 edebant,
1007 3080 1136 3136 dum
1185 3078 1396 3148 Moyses
1439 3074 1560 3146 lege
1585 3113 1600 3140 ,
1647 3070 1926 3140 propheta:
1953 3076 2004 3140 ο

337 3193 550 3265 scriptis
576 3186 906 3246 dormientes
933 3180 1003 3237 ad
1032 3176 1246 3235 laudem
1305 3172 1402 3227 Dei
1459 3168 1789 3226 excitabant.
1827 3166 1926 3220 Vi-

340 3254 571 3359 gila‘ntes
594 3279 649 3334 in
690 3270 973 3349 praeceptis
1013 3263 1231 3323 Domini
1281 3270 1474 3317 terram
1523 3258 1661 3313 lacte
1689 3263 1741 3311 et
1768 3254 1928 3309 melle

338 3352 647 3439 manantem
677 3370 980 3445 capiebant,
1033 3372 1248 3434 torpore
1290 3357 1511 3414 desidiae
1538 3353 1724 3424 dediti,
1754 3352 1928 3424 capti—

341 3472 506 3527 vitate
542 3475 596 3521 et
618 3440 775 3519 bellis
825 3454 1196 3529 disperierant.
1247 3449 1449 3519 Quarta
1508 3443 1695 3517 vigilia
1731 3442 1800 3497 ab
1829 3440 1930 3496 ad-

342 3567 506 3617 ventu
561 3550 756 3611 Christi
810 3561 979 3617 usque
1037 3541 1106 3598 ad
1160 3539 1325 3594 ﬁnem
1389 3533 1575 3590 mundi
1640 3548 1698 3587 se
1755 3537 1932 3586 teten-

345 3657 423 3714 dit
452 3675 463 3711 :
489 3655 545 3709 in
574 3667 680 3723 qua
733 3662 893 3704 verus
949 3640 1139 3697 lucifer
1202 3635 1440 3692 Christus
1487 3628 1781 3703 apparuit;
1837 3642 1938 3697 per

348 3770 508 3829 quem
537 3756 755 3809 exortus
780 3742 966 3802 aeterni
1018 3738 1124 3794 diei
1154 3736 1342 3793 adesse
1386 3731 1573 3804 patuit.
1605 3730 1666 3783 In
1703 3729 1803 3783 hac
1831 3741 1937 3782 no-

346 3814 503 3912 biles,
561 3837 693 3913 galli
750 3835 848 3891 alis
878 3840 929 3888 et
957 3828 1181 3885 vocibus
1233 3836 1423 3879 somno
1479 3817 1708 3885 desides,
1742 3814 1940 3870 excita-

350 3905 500 4000 bant,
556 3905 684 3984 dum
742 3919 969 3995 apostoli
1026 3925 1079 3972 et
1125 3928 1311 3971 eorum
1367 3924 1623 3980 sequaces
1681 3905 1834 3960 factis
1889 3910 1943 3958 et

351 3992 507 4080 dictis
534 4032 722 4076 omnes
748 3992 937 4086 gentes
966 4006 1035 4063 ad
1063 4006 1247 4060 lumen
1275 3999 1388 4057 veri
1430 3997 1529 4053 Dei
1576 3994 1834 4067 evigilare
1864 3992 1943 4046 in-

353 4109 609 4169 citabant.
641 4107 704 4160 In
730 4085 833 4157 hac
878 4096 1073 4171 vigiles
1125 4090 1311 4165 sponsi
1366 4085 1775 4143 lmtiﬁcabuntur
1804 4096 1819 4149 ;
1851 4097 1942 4136 er-

352 4201 489 4258 roris
517 4210 646 4253 vera
700 4204 891 4247 somno
947 4182 1193 4251 involuti,
1252 4183 1485 4235 torrente
1541 4171 1683 4245 ignis
1709 4170 1944 4227 devora-

356 4299 576 4354 buntur.
628 4290 723 4347 His
776 4293 956 4344 autem
1020 4279 1247 4354 singulis
1324 4273 1525 4348 vigiliis
1581 4279 1744 4325 terna:
1799 4269 1948 4323 horae

365 4385 715 4448 ascribantur,
775 4376 902 4448 quia
956 4373 1012 4427 in
1065 4370 1150 4425 his
1193 4364 1420 4438 singulis
1465 4358 1797 4430 temporibus
1820 4354 1949 4427 justi

1992 460 2053 512 In
2084 455 2243 526 hujus
2271 460 2451 510 autem
2479 449 2739 522 temporis
2794 447 3095 519 caliginosa
3123 452 3298 513 nocte,
3331 444 3580 513 quaedam

1992 555 2161 609 stellae
2203 551 2427 607 diversis
2484 546 2816 618 temporibus
2868 560 2990 600 cum
3052 539 3381 613 jacunditate
3434 540 3583 595 luxe-

1995 658 2136 717 runt,
2168 650 2351 704 lumen
2409 662 2569 717 quem
2617 660 2791 701 suum
2828 656 2989 711 super
3044 655 3143 694 nos
3198 637 3467 692 fuderunt.
3516 637 3585 691 Et

1998 739 2246 811 quamvis
2274 739 2551 792 horrorem
2594 733 2753 787 nobis
2801 730 3040 801 etfugare
3068 743 3178 782 non
3206 725 3436 798 potuerit
3466 733 3589 780 tunc

1998 856 2119 895 cum
2149 835 2518 908 gradientibus
2545 831 2614 887 ad
2658 846 2846 887 verum
2879 827 3061 884 Solem
3095 824 3579 897 praesignaverunt.

2000 931 2061 983 In
2089 926 2266 997 prima
2302 923 2501 995 quippe
2556 920 2743 993 vigilia
2798 918 2930 972 Abel
2985 915 3129 971 velut
3175 913 3325 967 stella
3353 912 3543 967 claruit
3575 928 3587 965 :

2003 1016 2091 1086 qui
2123 1030 2221 1070 nos
2241 1029 2338 1083 pro
2364 1010 2569 1081 justitia
2592 1008 2727 1063 mori
2758 1006 2957 1072 docuit,
3015 1003 3143 1057 dum
3192 1002 3307 1072 ipse
3332 1000 3592 1056 innocens

2003 1112 2272 1170 occubuit.
2331 1110 2455 1164 Post
2512 1109 2650 1161 hunc
2684 1104 2772 1160 alii
2825 1110 2885 1157 ut
2925 1109 3066 1156 astra
3108 1099 3165 1153 in
3208 1105 3365 1153 nocte
3392 1095 3595 1151 micue-

2003 1209 2143 1268 runt,
2167 1200 2295 1253 dum
2324 1212 2421 1269 per
2437 1195 2689 1266 pietatem
2708 1193 2855 1247 Enos
2884 1191 3058 1245 Deum
3096 1187 3384 1253 invocare;
3409 1185 3591 1240 Enoch

2007 1306 2103 1362 per
2130 1286 2449 1343 munditiam
2488 1299 2611 1338 cum
2660 1282 2773 1336 Deo
2838 1277 3154 1343 ambulare;
3213 1274 3443 1330 Lamech
3498 1287 3596 1344 per

2006 1379 2154 1449 piam
2211 1373 2581 1447 operationem
2640 1370 2871 1424 futuram
2930 1364 3171 1436 requiem
3228 1378 3326 1418 nos
3381 1375 3598 1432 sperare

2007 1475 2319 1530 docuerunt.
2348 1473 2409 1524 In
2438 1466 2673 1524 secunda
2700 1464 2890 1537 vigilia
2935 1461 3026 1517 alii
3054 1468 3114 1515 ut
3147 1459 3323 1515 sidera
3352 1457 3475 1513 coeli
3504 1473 3596 1511 re-

2009 1570 2409 1643 splenduerunt,
2459 1565 2587 1620 dum
2641 1564 2758 1618 Noe
2815 1558 3209 1625 rectitudinem,
3266 1555 3393 1610 Sem
3444 1568 3595 1608 vere—

2011 1640 2284 1725 cundiam,
2340 1654 2521 1709 Heber
2575 1651 2942 1715 stabilitatem,
3004 1642 3397 1701 Melchisedech
3427 1640 3601 1696 devo-

1930 1727 1985 1786 B
2015 1750 2231 1813 tionem,
2258 1745 2528 1799 Abraham
2576 1740 2761 1806 ﬁdem,
2802 1739 2934 1793 Loth
2978 1734 3415 1806 hospitalitatem,
3454 1732 3605 1785 Isaac

2010 1834 2395 1902 obedientiam,
2446 1830 2613 1886 Jacob
2677 1826 3035 1891 tolerantiam,
3066 1824 3265 1893 Joseph
3308 1819 3605 1877 castitatem

2013 1934 2171 1991 nobis
2196 1933 2766 2003 prmmonstraverunt.
2805 1926 2865 1978 In
2895 1922 3049 1977 tertia
3088 1919 3278 1992 vigilia
3320 1917 3455 1976 varii
3483 1917 3607 1972 stel-

2014 2025 2187 2079 larum
2215 2019 2365 2094 globi
2394 2024 2604 2073 noctem
2635 2013 2799 2069 radiis
2826 2010 3202 2083 depinxerunt,
3243 2006 3370 2062 dum
3400 2007 3609 2076 Moyses

2017 2108 2503 2171 mansuetudinem,
2536 2104 2761 2159 Phinees
2812 2100 3006 2166 zelum,
3048 2098 3207 2152 Iosue
3236 2095 3607 2162 constantiam,

2018 2202 2119 2257 Job
2150 2196 2486 2272 patientiam,
2535 2192 2759 2249 Gedeon
2804 2187 3104 2252 ﬁdentiam,
3154 2183 3374 2241 Samuel
3404 2190 3609 2255 tempe—

2021 2271 2272 2357 rantiam,
2302 2283 2479 2342 David
2506 2280 2884 2345 humilitatem,
2936 2276 3197 2333 Salomon
3251 2271 3610 2345 prudentiam,

2023 2386 2279 2445 Ezechias
2306 2381 2723 2446 obsecrationes,
2746 2376 2919 2433 Josias
2936 2373 3244 2446 religiones,
3272 2370 3415 2425 Elius
3452 2368 3615 2426 absti-

2023 2476 2284 2543 nentiam,
2326 2473 2533 2528 Eliseus
2558 2464 3039 2529 honoriﬁcentiam,
3080 2461 3245 2517 Isaias
3280 2457 3616 2515 sanctitatem

2026 2574 2286 2631 Jeremias
2310 2569 2668 2626 sinceritatem
2697 2580 2798 2621 nos
2826 2562 3274 2618 informaverunt.
3319 2555 3617 2613 Duodecim

2031 2679 2243 2736 quoque
2274 2660 2547 2732 prophetae
2604 2663 2663 2710 ut
2725 2650 2964 2725 pleiades
3016 2649 3335 2715 micuerunt,
3365 2646 3494 2701 dum
3523 2660 3623 2700 nos

2032 2757 2376 2818 concordiam
2432 2755 2746 2818 docuerunt,
2804 2757 2857 2805 et
2912 2745 3158 2803 Ezechiel
3209 2741 3621 2816 benignitatem,

2034 2847 2225 2906 Daniel
2253 2844 2585 2909 ﬁdelitatem,
2647 2848 2752 2895 tres
2807 2835 2958 2909 pueri
3012 2832 3395 2901 laudationem,
3426 2829 3625 2887 Tobias

2035 2943 2408 3011 eleemosinas,
2450 2940 2641 2995 Esther
2674 2939 3028 2998 honestatem,
3069 2928 3250 2986 Judith
3280 2926 3621 2995 modestiam,

2036 3031 2317 3093 Machabei
2371 3027 2733 3085 suﬁ‘erentiam
2804 3020 3068 3092 exemplis
3141 3017 3506 3074 ostenderunt.
3564 3017 3624 3070 In

2038 3130 2227 3195 quarta
2254 3119 2461 3193 vigilia,
2484 3114 2643 3172 stella
2670 3112 2854 3179 maris,
2885 3110 3041 3183 virgo
3096 3107 3285 3176 Maria,
3344 3103 3629 3177 splendida

2038 3191 2259 3274 flamma
2286 3191 2544 3275 rutilavit,
2574 3203 2700 3260 dum
2735 3202 2834 3256 iter
2860 3199 2929 3254 ad
2967 3205 3227 3253 aeternum
3258 3194 3426 3250 solem
3456 3191 3629 3248 humi-

2040 3302 2187 3357 litate
2234 3306 2392 3368 atque
2447 3291 2686 3351 castitate
2734 3285 3139 3345 demonstravit.
3170 3286 3231 3338 In
3261 3285 3363 3338 hac
3417 3296 3629 3351 quoque

2040 3400 2275 3455 Joannes
2320 3392 2558 3463 Baptista
2586 3388 2732 3447 velut
2782 3383 3079 3459 planetaria
3104 3380 3258 3437 stella
3303 3377 3633 3450 resplenduit

2044 3488 2135 3559 qui
2191 3490 2474 3556 peccantes
2528 3475 2897 3552 paenitentiam
2955 3472 3161 3544 primus
3197 3468 3403 3526 docuit.
3442 3468 3503 3522 In
3534 3468 3635 3522 hac

2045 3555 2209 3632 etiam
2236 3588 2394 3629 verus
2420 3568 2610 3625 lucifer
2637 3566 2800 3622 decus
2828 3569 3094 3619 astrorum
3138 3558 3396 3625 Christus,
3428 3555 3521 3610 lux
3547 3572 3635 3611 an-

2045 3674 2294 3747 gelorum
2318 3668 2483 3738 fulsit,
2498 3665 2588 3738 qui
2623 3664 2889 3735 fulgorem
2920 3654 3226 3716 aeternidiei
3248 3653 3489 3721 astruxit,
3505 3651 3635 3708 dum

2049 3740 2148 3818 nos
2167 3758 2479 3817 charitatem
2536 3751 2802 3809 instruxit.
2860 3751 2923 3804 In
2975 3749 3078 3803 hac
3131 3743 3486 3800 nihilominus
3511 3740 3641 3797 ruti-

2048 3850 2214 3907 lantia
2241 3847 2418 3903 sidera
2445 3842 2872 3899 flammivomum
2897 3835 3062 3907 jubar
3091 3851 3188 3908 per
3214 3832 3403 3889 orbem
3431 3846 3641 3904 sparse-

2050 3955 2189 4018 runt,
2222 3946 2351 4001 dum
2381 3940 2608 4013 apostoli
2663 3937 3026 4001 dilectionem,
3084 3940 3342 4002 martyres
3380 3927 3644 3986 fortitudi-

2053 4016 2201 4105 nem,
2228 4032 2564 4091 confessores
2591 4028 2957 4090 sobrietatem,
3007 4018 3244 4077 eremita:
3284 4016 3645 4074 mortiﬁcatio-

2052 4103 2200 4193 nem
2220 4121 2461 4194 virgines
2487 4116 2822 4189 pudicitiam,
2844 4112 3022 4168 viduae
3042 4105 3426 4165 continentiam
3453 4120 3550 4160 nos
3569 4103 3643 4158 in-

2056 4224 2379 4279 struxerunt.
2412 4215 2479 4271 lli
2501 4229 2691 4271 omnes
2710 4218 2766 4265 ut
2795 4216 2933 4264 astra
2954 4207 3009 4260 in
3029 4207 3130 4260 hac
3146 4211 3305 4261 nocte
3324 4202 3642 4269 claruerunt,

2058 4320 2113 4367 et
2139 4310 2238 4366 iter
2272 4305 2431 4363 nobis
2457 4302 2525 4359 ad
2554 4309 2813 4357 aeternum
2869 4296 3012 4350 diem
3065 4292 3426 4366 pmbuemm.
3456 4290 3648 4345 Trans.

2063 4407 2183 4458 acta
2238 4403 2416 4453 autem
2481 4391 2582 4446 ista
2627 4395 2800 4455 nocte,
2857 4399 3015 4440 verus
3061 4382 3142 4438 sol
3204 4380 3260 4435 in
3312 4379 3511 4434 unitate
3554 4395 3651 4435 sua

355 4484 519 4540 ﬁdem
572 4435 809 4536 sancta;
844 4468 1118 4528 Trinitatis
1169 4435 1419 4521 habuisse
1488 4463 1796 4514 noscuntur.
1854 4453 1943 4508 Ha.

2063 4435 2183 4458 ac...
2238 4435 2416 4453 μη...
2481 4435 2582 4446 ,ω
3069 4435 3112 4438 ἡ

2031 4455 2385 4562 ἐριεηάεδίι.
2454 4483 2588 4537 Cum
2652 4476 2817 4533 Filius
2870 4472 2988 4541 Dei,
3054 4469 3309 4541 splendor
3361 4467 3549 4537 Patris,
3597 4467 3654 4523 in

357 4588 477 4629 rum
514 4570 677 4644 igitur
714 4570 942 4636 quatuor
977 4556 1284 4631 vigiliarum
1338 4547 1586 4607 custodes
1623 4546 1692 4601 ad
1728 4542 1959 4615 vigilan-

359 4672 489 4727 dum
518 4683 618 4723 nos
644 4663 1090 4721 informaverunt,
1144 4653 1273 4708 dum
1320 4664 1420 4705 nos
1474 4652 1703 4717 quatuor
1745 4638 1955 4712 princi-

365 4768 515 4842 pales
540 4764 762 4822 virtutes
789 4755 969 4816 verbis
996 4761 1050 4809 et
1095 4746 1361 4819 exemplis
1414 4742 1731 4800 docuerunt.
1764 4735 1959 4792 Prima

368 4836 599 4939 namque
628 4862 830 4936 vigiliae
875 4857 1251 4915 observatores
1295 4844 1654 4920 prudentiam.
1697 4836 1959 4897 Secunda:

372 4934 728 5029 excubitores,
762 4954 1148 5014 fortitudinem.
1208 4945 1403 5003 Tertiae
1458 4940 1662 5013 vigiliae
1712 4934 1961 4992 custodes

360 5064 644 5138 justitiam.
690 5059 906 5129 Quartae
953 5051 1155 5125 vigilia:
1199 5045 1555 5103 debellatores
1612 5052 1710 5093 nos
1756 5035 1961 5089 instru-

367 5128 563 5220 iterant
588 5152 1019 5228 temperantiam.
1079 5148 1145 5203 Et
1192 5144 1317 5215 quia
1373 5141 1428 5195 in
1457 5138 1541 5193 his
1569 5142 1796 5207 quatuor
1824 5128 1963 5202 vigi-

368 5261 454 5318 liis
483 5259 772 5315 adventum
816 5248 1008 5307 Christi
1052 5240 1515 5318 praestolabantur,
1570 5234 1694 5289 ideo
1736 5236 1965 5300 quatuor

369 5357 669 5416 Dominicze
689 5352 758 5409 de
785 5350 1018 5407 adventu
1063 5338 1282 5399 Domini
1337 5333 1710 5393 inol’ﬁciantur.
1742 5328 1811 5382 Et
1837 5324 1964 5396 quia

372 5466 600 5528 quatuor
626 5449 812 5507 mundi
861 5447 1077 5502 climata
1122 5446 1219 5511 per
1272 5433 1565 5492 secundum
1611 5429 1728 5499 ejus
1764 5424 1964 5481 adven-

370 5520 486 5614 tum
539 5559 691 5610 erant
762 5541 1062 5621 purganda,
1105 5539 1227 5596 ideo
1281 5528 1667 5606 quadripartita
1722 5520 1963 5581 Ecclesia

2063 4586 2346 4656 majestate
2398 4596 2496 4635 sua
2542 4575 2611 4632 ad
2660 4572 2925 4645 judicium
2972 4566 3222 4642 fulgebit,
3275 4571 3399 4619 tunc
3446 4564 3648 4631 lunam,

2063 4674 2267 4731 scilicet
2293 4666 2611 4734 Ecclesium,
2668 4662 2734 4718 de
2790 4658 3023 4716 tenebris
3080 4660 3412 4725 exemptam,
3457 4659 3656 4707 aeterna

2065 4763 2304 4820 claritate
2351 4751 2697 4819 illuminabit,
2747 4762 3039 4818 omnesque
3077 4744 3259 4800 stellas
3285 4741 3337 4795 in
3368 4739 3496 4796 solis
3546 4739 3660 4811 εἰσ·

2067 4852 2204 4909 riam
2223 4842 2596 4907 commutabit.
2628 4841 2777 4895 Tunc
2827 4840 3017 4893 harum
3072 4831 3383 4905 vigiliarum
3439 4826 3658 4883 excubi-

2069 4950 2209 4998 tores
2274 4930 2657 4998 remunerabit,
2715 4925 2930 4998 quando
2987 4940 3020 4978 a
3058 4919 3266 4991 judicio
3314 4914 3575 4972 transiens
3602 4916 3658 4971 in

2070 5027 2272 5098 nuptiis
2298 5022 2438 5096 Agni
2469 5020 2546 5075 eis
2574 5024 2775 5073 aeterna
2830 5009 3114 5067 dulcedine
3167 5004 3509 5062 ministrabit.
3543 5003 3659 5077 lgi-

2072 5135 2172 5194 tur,
2195 5118 2515 5187 charissimi,
2573 5116 2629 5170 in
2675 5113 2776 5169 hoc
2833 5110 3066 5166 adventu
3115 5101 3334 5160 Domini
3388 5101 3566 5157 sobrie
3609 5107 3663 5156 et

2064 5223 2208 5294 juste
2236 5227 2289 5275 et
2317 5218 2406 5290 pie
2435 5214 2699 5279 vivamus,
2732 5215 2994 5279 quatenus
3042 5205 3097 5259 in
3150 5198 3383 5257 secundo
3431 5198 3664 5255 adventu

2071 5318 2177 5375 laeti
2206 5330 2329 5372 eum
2358 5311 2626 5380 suscipere
2656 5313 2708 5362 et
2753 5305 2810 5359 in
2854 5311 3114 5359 aeternum
3152 5314 3274 5354 cum
3320 5311 3385 5351 eo
3438 5311 3665 5369 regnare

2070 5416 2368 5480 valeamus,
2397 5409 2490 5465 ubi
2538 5406 2722 5463 oculus
2767 5418 2877 5459 non
2922 5398 3088 5468 videt,
3155 5411 3255 5452 nec
3314 5392 3457 5450 auris
3505 5393 3664 5448 audi-

2074 5515 2168 5573 vit.

2011 5675 2087 5690 _
