4072 6078
493 252 597 332 "739

1639 268 1980 342 WERNERI
2017 271 2309 347 ABBATIS
2348 290 2406 354 s.
2449 293 2671 351 ausu

3666 300 3773 365 740

479 504 1161 619 DOMINICA
1222 511 1730 624 TERTIA
1788 498 2143 627 ANTE
2209 519 3147 641 NATIVITATEM
3207 533 3761 648 DOMINI.

551 800 571 825 «ε
596 777 659 832 Et
680 786 839 833 erunt
858 776 1089 852 signain
1107 779 1222 836 sole
1245 788 1296 837 et
1316 781 1512 839 lunaet
1531 781 1725 848 stellis,
1749 791 1803 839 et
1822 784 1876 839 in
1900 784 2061 840 terris
2089 785 2146 845 A
2174 785 2341 860 igitur
2368 800 2536 851 restat
2565 802 2620 849 ut
2649 795 2811 852 simul
2841 813 2942 856 nos
2971 802 3163 859 omnia
3193 801 3409 871 feriant,
3442 822 3563 878 quae
3593 807 3759 866 simul

475 883 731 938 pressura
761 867 1005 939 gentium
1035 884 1148 938 prie
1175 869 1494 927 confusione
1554 872 1762 927 sonitus
1819 873 1983 929 maris
2011 882 2064 929 et

473 957 754 1011 ﬂuctuum.
779 956 1171 1012 Arescentibus
1193 958 1500 1013 hominibus
1522 976 1634 1030 prae
1657 960 1862 1015 timore
1888 968 1941 1016 et
1971 977 2068 1016 ex-

471 1053 810 1125 spectatione
842 1069 962 1123 quae
992 1055 1379 1125 supervenient
1413 1056 1664 1113 universo
1693 1057 1832 1123 orbi,
1866 1082 1887 1105 η
1942 1066 2071 1119 etc.,

471 1142 623 1211 (Luc.
650 1146 807 1212 xxx.)
829 1142 997 1197 Paulo
1019 1144 1273 1213 superius
1293 1145 1557 1200 Dominus
1575 1146 1839 1217 praemisit
1855 1146 2063 1203 dicens:

466 1231 748 1301 Exsurget
776 1246 915 1305 gens
946 1239 1134 1287 contra
1177 1242 1420 1305 gentem,
1453 1242 1507 1290 et
1536 1250 1765 1306 regnum
1800 1234 2066 1293 adversus

467 1343 721 1400 regnum,
744 1335 799 1383 et
826 1336 991 1383 erunt
1029 1336 1183 1384 terrae
1238 1338 1420 1387 motus
1474 1332 1660 1405 magni
1711 1349 1808 1402 per
1835 1332 1978 1400 loca,
2012 1341 2065 1389 et

464 1416 807 1487 pestilentiae,
840 1424 893 1471 et
923 1415 1095 1473 fames
1125 1419 1305 1490 (ibid.)
1334 1437 1348 1473 :
1385 1427 1439 1475 et
1467 1420 1792 1492 quibusdam
1823 1421 2063 1493 interpo-

468 1504 606 1570 sitis,
646 1503 754 1560 lioc
807 1505 1156 1578 evangelium
1184 1507 1466 1577 adjunxit:
1514 1510 1583 1563 Et
1620 1519 1779 1565 erunt
1821 1511 1979 1584 signa
2008 1511 2064 1566 in

466 1592 1083 1660 sole,etluna,etstellis.
1104 1595 1585 1667 (GREGOBIUS.)EX
1607 1599 1802 1669 quibus
1815 1600 2062 1669 profecto

467 1680 741 1747 omnibus,
771 1681 875 1735 alia
887 1682 1000 1751 jam
1020 1682 1163 1740 facta
1180 1686 1475 1753 cernimus,
1499 1703 1530 1742 e
1556 1686 1807 1759 proximo
1831 1698 2063 1745 ventura

462 1778 855 1836 formidamus.
892 1782 1034 1837 Nam
1060 1790 1280 1856 gentem
1312 1800 1478 1855 super
1493 1792 1712 1856 gentem
1735 1802 2055 1857 exsurgere,

463 1884 756 1941 earumque
781 1885 1071 1940 pressurus
1094 1872 1260 1927 terris
1282 1873 1557 1935 insistere.
1599 1876 1719 1942 plus
1742 1884 1850 1930 tam
1876 1876 1927 1930 iu
1956 1893 2054 1930 no-

460 1957 589 2013 stris
650 1958 1099 2015 tribulationibus
1159 1961 1404 2016 videmus
1455 1981 1615 2034 quam
1676 1963 1724 2017 in
1775 1964 2057 2020 codicibus

458 2045 718 2120 legimus.
760 2045 917 2116 Quod
948 2055 1106 2104 terrae
1152 2059 1327 2105 motus
1377 2053 1539 2107 urbes
1574 2052 1893 2108 innumeras
1922 2052 2056 2107 sub-

2175 890 2358 945 omnia
2383 890 2525 948 vitiis
2552 895 2757 951 nostris
2785 898 2926 954 male
2942 900 3165 956 subacta
3180 902 3510 971 serviebant,
3540 912 3601 960 ut
3628 914 3768 978 quot

2174 976 2327 1045 prius
2357 979 2412 1034 in
2438 982 2644 1039 mundo
2674 984 2980 1044 incolumes
3008 988 3302 1045 habuimus
3330 994 3550 1064 gaudia,
3581 976 3664 1050 tot
3691 996 3766 1051 de

2174 1063 2295 1135 ipso
2326 1071 2668 1134 postmodum
2699 1089 2965 1146 cogamur
2992 1078 3195 1134 sentire
3225 1063 3511 1137 tormenta.

2242 1155 2312 1209 Et
2341 1158 2465 1213 misi
2495 1160 2721 1216 breviati
2741 1163 2970 1220 fuissent
2999 1167 3121 1221 dies
3161 1167 3238 1223 illi
3286 1186 3394 1226 non
3425 1170 3580 1227 ﬁeret
3608 1173 3767 1229 salva

2172 1244 2352 1299 omnis
2379 1262 2504 1304 caro
2533 1251 2632 1305 sed
2679 1261 2908 1323 propter
2963 1254 3170 1312 electos
3198 1257 3593 1316 breviabuntur
3641 1262 3766 1319 dies

2172 1330 2273 1389 illi.
2307 1333 2514 1391 Sensus
2533 1347 2637 1393 est.
2667 1340 2787 1395 Nisi
2814 1342 2964 1398 Deus
2993 1344 3086 1415 qui
3113 1344 3209 1400 dat
3237 1346 3486 1404 virtutem
3518 1349 3767 1420 patiendi

2171 1420 2531 1492 dispositione
2558 1442 2663 1482 sua
2694 1429 2999 1487 breviasset
3038 1434 3335 1503 potentiam
3374 1440 3765 1509 persequendi,

2169 1524 2328 1564 rarus
2359 1512 2444 1567 vel
2471 1513 2653 1570 nullus
2678 1515 2833 1573 ﬁeret
2854 1520 3061 1576 salvus.
3098 1523 3223 1577 Non
3250 1540 3391 1594 ergo
3414 1525 3520 1582 hoc
3548 1527 3683 1583 dicit
3712 1537 3770 1583 ut

2170 1604 2421 1669 tempora
2435 1610 2717 1659 mutentur
2734 1609 3035 1663 secundum
3049 1610 3399 1669 deliramenta
3408 1616 3769 1685 quorumdam

2171 1702 2279 1741 non
2308 1690 2699 1751 attendentium
2731 1697 2875 1766 quod
2906 1698 3169 1768 scriptum
3200 1710 3320 1756 est:
3350 1726 3372 1749 α
3409 1702 3768 1761 Ordinatione

2168 1781 2260 1829 tua
2288 1777 2611 1847 perseverat
2636 1781 2756 1838 dies
2788 1784 2973 1851 (Psat.
3006 1804 3067 1842 cx
3082 1789 3219 1859 vin):
3259 1813 3281 1836 ι»
3318 1792 3418 1845 sed
3447 1809 3516 1847 ne
3545 1794 3766 1849 malitia:

2166 1888 2316 1928 mora
2333 1874 2470 1931 fides
2490 1878 2828 1935 credentium
2851 1884 3209 1941 concutiatur.
3231 1885 3446 1955 Quanto
3462 1889 3604 1943 enim
3618 1897 3763 1947 tem-

2166 1976 2300 2030 pore
2329 1962 2610 2021 tribulatio
2638 1968 2955 2025 Antichristi
2980 1973 3205 2043 gravior
3223 1983 3309 2030 est
3329 1977 3755 2043 futuracaateris,

2163 2056 2309 2111 tanto
2364 2053 2698 2111 moderatior
2751 2066 2836 2113 est
2892 2059 3076 2116 futura
3135 2062 3403 2120 brevitate
3461 2068 3747 2138 temporis.

458 2152 584 2201 ruat
604 2160 677 2201 ex
706 2144 826 2199 aliis
886 2145 1079 2201 mundi
1128 2147 1374 2218 partibus
1425 2164 1566 2218 pene
1614 2150 1856 2220 quotidie
1891 2150 2040 2206 audi-

2160 2136 2357 2194 Tribus
2385 2143 2542 2229 annis
2572 2148 2627 2199 et
2670 2144 2900 2204 dimidio
2928 2149 3337 2223 impugnabitnr
3377 2136 3623 2211 Ecclesia
3653 2174 3757 2229 per

458 2250 612 2289 mus.
651 2234 819 2307 Signa
882 2251 1012 2289 vero
1071 2235 1128 2289 in
1186 2235 1302 2292 sole
1331 2245 1385 2291 et
1413 2236 1541 2292 luna
1563 2246 1615 2293 et
1645 2239 1818 2294 stellis
1873 2240 2053 2297 adhuc

454 2332 641 2393 aperte
670 2323 890 2378 minime
918 2323 1176 2378 vidimus.
1222 2324 1333 2380 Sed
1364 2326 1488 2396 quia
1519 2334 1572 2381 et
1601 2326 1718 2383 hmc
1745 2343 1855 2384 non
1886 2328 2051 2399 longe

455 2412 580 2476 sint,
640 2427 706 2467 ex
763 2410 883 2481 ipsa
935 2412 1045 2480 jam
1103 2412 1248 2467 aeris
1286 2412 1662 2471 immutatione
1718 2416 2047 2488 colligimus,

453 2499 699 2573 quamvis
731 2500 876 2572 prius
905 2515 1067 2572 quam
1124 2500 1277 2556 Italia
1333 2503 1523 2574 gentili
1570 2502 1759 2577 gladio
1803 2504 2051 2561 ferienda

449 2588 776 2654 traderetur,
809 2588 1001 2660 igneas
1031 2588 1084 2642 in
1117 2589 1256 2645 cudo
1307 2591 1459 2647 acies
1490 2591 1753 2659 vidimus,
1788 2602 1842 2649 et
1871 2593 2050 2666 ipsum

452 2677 544 2751 qui
572 2685 762 2748 postea
793 2677 1017 2733 humani
1048 2677 1269 2750 generis
1303 2676 1454 2733 fusus
1484 2686 1571 2734 est
1602 2681 1927 2755 sanguinem
1959 2697 2051 2739 co-

449 2766 784 2823 ruscantem.
869 2765 1126 2821 Confusio
1186 2776 1367 2823 autem
1442 2769 1606 2824 maris
1678 2779 1731 2826 et
1787 2771 2049 2827 ﬂuctuum

449 2857 683 2912 necdum
716 2871 861 2910 nova
891 2863 1074 2910 exorta
1105 2864 1226 2923 est;
1284 2856 1383 2912 sed
1408 2858 1535 2912 dum
1569 2858 1731 2913 multa
1762 2858 1873 2928 jam
1905 2877 2046 2931 prae-

451 2936 692 3001 nuntiata
734 2943 1011 3016 completa
1068 2951 1208 3010 sunt,
1263 2944 1484 3001 dubium
1535 2963 1641 3003 non
1676 2955 1757 3003 est
1789 2947 1919 3020 quin
1949 2965 2043 3005 se-

447 3042 681 3115 quantur
735 3048 789 3097 et
843 3056 1018 3112 pauca
1069 3058 1188 3114 quae
1238 3050 1463 3109 restant,
1515 3044 1640 3129 quia
1697 3045 2041 3118 sequentium

447 3149 631 3189 rerum
689 3130 955 3187 certitudo
1008 3138 1091 3185 est
1143 3131 1540 3203 praeteritarum
1574 3134 1857 3189 exhibitio.
1913 3136 2043 3193 Haec

443 3227 647 3286 idcirco
678 3227 937 3291 diximus,
971 3234 1028 3281 ut
1061 3226 1129 3282 ad
1160 3225 1390 3283 cautela:
1411 3228 1648 3284 studium
1680 3238 1874 3286 vestrae
1894 3247 2043 3286 men-

446 3325 527 3372 tes
555 3316 841 3390 evigilent,
869 3332 937 3371 ne
967 3314 1258 3372 securitate
1293 3325 1565 3388 torpeant,
1608 3334 1677 3373 ne
1734 3318 2041 3391 ignorantia

441 3412 820 3485 languescant,
852 3411 948 3467 sed
979 3428 1195 3484 semper
1218 3429 1310 3467 eas
1339 3419 1390 3467 et
1410 3412 1571 3468 timor
1602 3413 1656 3468 in
1688 3417 1838 3469 bono
1870 3430 2039 3486 opere

2160 2227 2545 2285 Antichristum
2558 2273 2572 2287 .

2236 2340 2255 2364 α
2292 2316 2483 2373 Statim
2514 2329 2693 2379 autem
2724 2333 2847 2394 post
2876 2325 3263 2385 tribulationes
3293 2331 3502 2388 dierum
3532 2333 3752 2391 illorum

2158 2411 2668 2485 solobscurabitur,
2729 2430 2781 2476 et
2830 2422 2953 2477 luna
3008 2439 3117 2480 non
3175 2426 3324 2481 dabit
3353 2428 3538 2486 lumen
3569 2449 3751 2495 suum,

2157 2509 2211 2556 et
2241 2501 2414 2558 stellae
2443 2505 2640 2561 cadent
2668 2509 2737 2563 de
2765 2511 2928 2578 cmlo,
2947 2520 3002 2567 et
3023 2513 3247 2570 virtutes
3280 2518 3543 2574 caelorum
3564 2536 3755 2576 move-

2158 2589 2374 2655 buntur,
2424 2601 2477 2647 et
2524 2602 2649 2652 tunc
2706 2599 2920 2667 parebit
2975 2602 3195 2673 signum
3253 2604 3372 2659 Filii
3426 2607 3664 2663 hominis
3695 2609 3752 2664 in

2153 2682 2313 2735 coelo.
2341 2703 2362 2728 ιι
2381 2681 2610 2754 Signum
2631 2685 2869 2755 intellige
2881 2704 3098 2745 crucem
3113 2693 3474 2751 antvexillum
3488 2696 3745 2755 victoriae.

2151 2767 2275 2822 Non
2306 2768 2665 2828 diminutione
2710 2774 2955 2843 luminis,
3015 2779 3113 2835 sed
3167 2784 3572 2852 comparatione
3603 2802 3750 2843 verae

2150 2863 2289 2921 lucis
2318 2868 2500 2923 omnia
2530 2877 2689 2925 erunt
2720 2874 3013 2931 tenebrosa
3060 2877 3117 2932 in
3172 2878 3260 2934 die
3290 2880 3496 2949 iudicii,
3527 2883 3599 2938 de
3632 2900 3744 2956 quo

2148 2965 2495 3034 prophetavit
2524 2967 2697 3024 Isaias
2716 2968 2939 3027 diccens
2965 2991 2977 3028 :
3016 2996 3037 3020 α
3070 2974 3370 3032 Erubescet
3389 2978 3516 3033 luna
3533 2988 3583 3035 et
3603 2996 3745 3037 con-

2150 3049 2406 3108 fundetur
2433 3055 2537 3120 sol,
2570 3071 2697 3112 cum
2727 3062 3044 3130 regnaverit
3091 3063 3357 3120 Dominus
3405 3068 3745 3125 exercituum

2148 3138 2205 3194 in
2232 3150 2415 3197 monte
2471 3142 2607 3200 Sion
2666 3154 2719 3201 et
2773 3147 2828 3202 in
2886 3150 3234 3207 Hierusalem
3263 3162 3320 3210 et
3361 3155 3417 3211 in
3445 3167 3743 3229 conspectu

2149 3251 2341 3292 senum
2390 3255 2611 3296 suorum
2686 3243 2857 3300 fuerit
2902 3247 3242 3318 glorificatus
3292 3252 3426 3317 (Ira.
3495 3257 3670 3323 xxiv).
3716 3280 3738 3303 η

2146 3325 2435 3391 Caeterum,
2464 3337 2691 3399 peracto
2746 3333 2837 3389 die
2887 3335 3077 3403 judicii
3107 3345 3161 3393 et
3188 3339 3528 3398 clarescente
3566 3343 3744 3415 gloria

2150 3413 2348 3470 futura:
2368 3416 2508 3481 vitae,
2529 3426 2655 3475 tunc
2677 3420 2899 3493 incipiet
2921 3424 3118 3480 cmlum
3156 3443 3356 3483 novum
3379 3444 3501 3486 esse
3522 3413 3741 3488 etterra

443 3501 719 3569 sollicitet,
754 3508 803 3556 et
825 3499 1133 3555 sollicitudo
1167 3501 1482 3557 conﬁrmet.
1520 3502 1917 3573 (Ben.\.)Quod
1945 3518 2039 3558 au-
2067 3494 2117 3558 C
2148 3515 2325 3569 nova;
2358 3511 2486 3559 tune
2517 3504 2603 3561 fiet
2661 3510 2805 3581 quod
2861 3512 3011 3568 idem
3066 3516 3338 3586 propheta
3391 3519 3521 3573 alibi
3568 3520 3736 3576 dicit:

444 3607 551 3654 tem
582 3613 696 3669 pra:
723 3595 1066 3662 confusione,
1108 3596 1212 3652 hoc
1256 3605 1339 3652 est
1386 3606 1510 3654 ante
1546 3598 1942 3666 confusionem,
1977 3606 2034 3655 ut

441 3693 602 3742 antea
632 3685 792 3758 signa
813 3683 939 3751 sint,
962 3691 1013 3739 et
1035 3678 1294 3755 pressura
1315 3685 1577 3756 gentium.
1603 3686 1813 3742 Deinde
1837 3703 2033 3759 sequa-

441 3792 528 3841 tur
556 3781 807 3841 confusio
837 3780 1049 3837 sonitus
1102 3782 1275 3837 maris
1332 3790 1387 3838 et
1443 3782 1727 3839 fluctuum.
1767 3783 1859 3839 Sol
1891 3800 2030 3841 con-

439 3890 689 3938 vertetur
720 3881 776 3936 in
809 3880 1082 3949 tenebras,
1117 3880 1192 3936 ait
1244 3881 1359 3938 Joel
1416 3883 1704 3953 prOpheta,
1737 3890 1790 3937 et
1819 3882 1946 3937 luna
1976 3881 2030 3936 in

442 3972 761 4045 sanguinem
788 3979 1082 4042 antequam
1113 3970 1297 4027 veniet
1326 3970 1444 4026 dies
1472 3971 1689 4026 Domini
1717 3987 1948 4044 magnus
1979 3980 2031 4027 et

437 4060 765 4121 manifestus
792 4059 954 4129 (Joel.
1011 4060 1094 4130 ιι).
1152 4057 1347 4116 Merito
1402 4057 1755 4115 incumbente
1796 4059 2027 4130 judicio,

436 4150 617 4205 sonitu
649 4147 814 4203 maris
871 4153 928 4202 et
982 4146 1237 4205 ﬂuctuum
1294 4144 1636 4203 confunditur
1670 4148 1820 4203 orbis
1848 4156 2027 4203 terra—

433 4263 577 4313 rum,
636 4244 1016 4317 prementibus
1070 4261 1129 4300 se
1182 4244 1417 4301 invicem
1480 4242 1708 4311 colonis,
1767 4244 2024 4313 inﬁcitur,

432 4334 672 4391 maxima
730 4333 853 4389 cmli
908 4332 1198 4389 luminaria
1250 4330 1554 4401 turbantur,
1599 4333 1722 4405 quia
1754 4333 2028 4406 quomodo

428 4421 678 4493 impulsa:
706 4420 776 4475 ad
806 4436 989 4477 casum
1019 4422 1248 4476 arbores
1305 4420 1542 4494 fragoris
1588 4431 1879 4495 motusque
1938 4423 2024 4478 sui

428 4509 759 4583 praemittere
785 4507 965 4563 solent
999 4508 1218 4573 iudicia,
1265 4507 1343 4564 sic
1357 4509 1590 4565 termino
1616 4511 1803 4565 mundi
1825 4528 2023 4583 appro-

427 4600 723 4673 pinquante
770 4597 925 4668 quasi
966 4596 1220 4668 paventia
1240 4604 1432 4653 nutant
1454 4596 1741 4653 elementa.
1772 4599 1889 4655 Nec
1920 4599 2020 4654 mi-

426 4713 552 4753 rum
585 4693 836 4751 homines
865 4708 1120 4749 arescere
1153 4709 1267 4765 prae
1310 4693 1521 4775 timore,
1554 4693 1609 4749 in
1659 4696 1853 4766 quibus
1884 4695 2018 4752 illud

425 4784 768 4859 implebitur:
805 4806 828 4831 α
866 4781 1133 4856 Pugnabit
1162 4798 1263 4853 pro
1294 4798 1360 4839 eo
1388 4782 1538 4839 orbis
1568 4792 1844 4839 terrarum
1876 4800 2014 4841 con-

425 4854 520 4930 tra
540 4874 854 4930 insensatos
884 4854 1034 4945 (sap.
1055 4873 1131 4941 v).
1164 4894 1183 4919 ιι
1207 4870 1599 4941 (Gnaconius.)
1622 4870 1829 4928 Omnia
1858 4890 2015 4927 nam-
2044 4854 2101 4913 D

423 4980 529 5036 que
558 4978 679 5037 quae
710 4961 778 5017 ad
807 4976 967 5017 usum
997 4956 1311 5032 accepimus
1331 4959 1470 5028 vitae,
1501 4960 1575 5016 ad
1604 4978 1759 5016 usum
1790 4958 2021 5018 conver-

420 5053 580 5107 timus
605 5051 798 5122 culpis.
824 5050 931 5105 Sed
961 5057 1155 5105 cuncta
1199 5064 1320 5122 quae
1375 5053 1446 5104 ad
1501 5066 1660 5106 usum
1706 5049 2017 5107 inﬂeximus

419 5147 721 5221 pravitatis,
752 5147 821 5201 ad
852 5162 1007 5201 usum
1039 5145 1199 5200 nobis
1231 5152 1518 5200 vertuntur
1563 5145 1805 5201 ultionis.
1841 5148 2016 5202 Tran-

419 5228 719 5305 quilitatcm
746 5248 981 5303 namque
1002 5231 1253 5286 humanae
1275 5232 1432 5303 pacis
1463 5232 1531 5287 ad
1558 5249 1716 5288 usum
1746 5235 2019 5289 vertimus

418 5337 574 5377 vana:
602 5319 938 5375 securitatis:
972 5319 1472 5393 peregrinationem
1495 5329 1658 5377 terra:
1681 5337 1782 5393 pro
1806 5324 2018 5378 habita-

420 5418 566 5473 tione
587 5416 878 5471 dileximus
899 5417 1107 5487 patrize.
1132 5416 1369 5473 Salutem
1389 5432 1675 5489 corporum
1699 5414 2018 5493 redegimus

415 5506 471 5563 in
493 5521 647 5561 usum
677 5505 950 5560 vitiorum.
977 5505 1168 5561 Uberta
1179 5508 1249 5561 tis
1286 5506 1673 5563 abundantiam
1702 5524 1812 5564 non
1834 5510 1902 5564 ad
1925 5525 2019 5566 ne-

417 5594 729 5653 cessitatem
757 5592 959 5658 carnis,
992 5593 1089 5648 sed
1129 5593 1199 5648 ad
1229 5596 1641 5665 perversitatem
1692 5596 2013 5654 intorsimus

414 5682 724 5755 voluptatis.
750 5682 877 5753 Ipsa
898 5696 1092 5737 serena
1114 5681 1477 5738 blandimenta
1501 5685 1644 5739 aeris
1673 5684 1742 5739 ad
1762 5700 2008 5742 amorem

415 5772 573 5833 nobis
605 5771 811 5828 servire
838 5770 1121 5843 coegimus
1152 5777 1381 5826 terrena‘
1431 5772 1835 5829 delectationis.
1874 5775 2005 5832 Jure

2147 3612 2169 3637 α
2199 3591 2351 3648 Tunc
2381 3593 2485 3648 erit
2512 3594 2598 3650 lux
2624 3596 2766 3655 luna;
2788 3598 2928 3656 sicut
2953 3601 3042 3657 lux
3075 3603 3225 3670 solis,
3260 3613 3314 3661 et
3336 3605 3426 3661 lux
3468 3608 3601 3663 solis
3632 3612 3739 3664 erit

2141 3682 2567 3752 septempliciter
2596 3685 2734 3743 sicut
2765 3687 2854 3743 lux
2886 3698 3095 3761 septem
3123 3691 3338 3749 dierum
3362 3696 3495 3761 (lsa.
3529 3698 3682 3769 xxx).
3710 3724 3731 3747 ι»

2141 3767 2529 3841 (Οιιιῐσιοιιιυε.)
2561 3771 2704 3841 Quid
2736 3776 3005 3834 Dominus
3053 3780 3284 3838 virtutes
3332 3785 3597 3840 cmlorum
3630 3767 3736 3843 nisi

2138 3867 2386 3938 angelos,
2435 3872 2816 3943 archangelos,
2850 3876 3095 3944 thronos,
3123 3879 3543 3949 dominationes,
3576 3885 3733 3956 prin-

2133 3966 2345 4038 cipatus
2375 3977 2426 4025 et
2453 3980 2747 4042 potestates
2807 3977 3048 4048 appellat
3100 3997 3222 4052 qua?
3251 3982 3307 4036 in
3336 3983 3576 4041 adventu
3642 3986 3732 4042 sui

2137 4056 2316 4113 oculis
2346 4061 2548 4115 nostris
2577 4062 2861 4121 visibiliter
2888 4077 3173 4138 apparent,
3198 4078 3255 4125 ut
3276 4071 3526 4130 districte
3547 4082 3676 4131 tunc
3698 4092 3732 4135 a

2134 4153 2294 4208 nobis
2323 4153 2538 4230 erigant
2568 4160 2670 4217 hoc
2697 4163 2840 4233 quod
2876 4179 2976 4220 nos
3006 4166 3168 4222 modo
3206 4166 3499 4225 invisibilis
3531 4173 3728 4227 condio

2132 4250 2225 4297 tor
2251 4245 2631 4315 aequanimiter
2683 4259 2865 4320 portat
2891 4254 2919 4307 ‘I
2975 4253 3221 4325 (Βεω.)
3279 4256 3424 4326 Quid
3468 4259 3729 4319 nimirum

2139 4338 2375 4389 tremere
2403 4335 2655 4392 homines
2683 4353 2806 4394 cum
2834 4350 3056 4411 aspectu
3082 4343 3272 4411 judicii
3301 4355 3536 4403 tremant
3561 4365 3729 4420 ange-

2137 4430 2259 4489 licae
2279 4443 2594 4505 potestates.
2614 4439 2769 4495 Unde
2789 4441 2924 4496 Job:
2950 4466 2971 4491 α
2991 4444 3268 4501 Columna:
3289 4447 3412 4503 cceli
3432 4452 3728 4507 contremi-

2134 4532 2293 4579 scunt
2321 4533 2374 4580 et
2403 4535 2605 4596 pavent
2631 4528 2703 4582 ad
2734 4538 2931 4585 nutum
2973 4534 3090 4602 ejus
3138 4536 3275 4603 (Job.
3316 4541 3488 4607 xxvr).
3526 4563 3549 4588 η
3585 4539 3728 4609 Quid

2128 4634 2268 4690 ergo
2297 4619 2501 4675 faciunt
2530 4622 2730 4680 tabulae
2748 4626 2970 4696 quando
3002 4635 3240 4684 tremunt
3265 4631 3555 4690 columnas.
3580 4634 3725 4703 Quid

2129 4706 2345 4778 virgula
2371 4709 2575 4766 deserti
2605 4712 2805 4783 patitur
2831 4732 2952 4771 cum
2986 4717 3183 4774 cedrus
3210 4721 3451 4789 paradisi
3478 4724 3724 4780 concuti—

2132 4813 2245 4860 tur.
2285 4829 2310 4855 α
2346 4807 2413 4863 Ει
2441 4815 2570 4866 tunc
2599 4810 2772 4867 mittet
2799 4813 3028 4886 angelos
3056 4831 3186 4873 suos
3206 4832 3328 4873 cum
3360 4820 3487 4875 tuba
3515 4828 3570 4877 et
3590 4837 3724 4880 voce

2128 4914 2350 4978 magna,
2382 4912 2435 4960 et
2461 4909 2891 4981 congregabunt
2912 4911 3116 4970 electos
3144 4914 3262 4984 ejus
3282 4932 3311 4971 a
3334 4925 3562 4989 quatuor
3588 4937 3723 4976 ven-

2124 5002 2197 5058 tis
2225 5020 2256 5057 a
2283 5005 2510 5060 summis
2538 5006 2806 5064 caelorum
2841 5026 3013 5081 usque
3042 5011 3109 5065 ad
3143 5012 3408 5069 terminos
3439 5031 3652 5073 eorum.
3690 5040 3711 5070 ι

2128 5100 2280 5155 Tuba
2309 5110 2361 5156 et
2390 5111 2631 5173 potestas
2659 5108 2957 5163 suscitandi
2979 5117 3237 5174 mortuos,
3270 5126 3374 5166 vox
3410 5128 3629 5185 magna,
3663 5124 3723 5169 ut

2128 5196 2309 5253 nullus
2338 5208 2622 5254 remaneat
2650 5216 2760 5256 non
2790 5203 3100 5271 suscitatus,
3133 5213 3187 5261 et
3214 5214 3269 5260 ut
3301 5222 3494 5263 omnes
3521 5209 3632 5263 sint
3660 5211 3720 5265 in

2121 5293 2356 5365 judicio.
2395 5297 2563 5361 (ΒιθιοΑ
2592 5315 2762 5372 super
2783 5302 3090 5371 Murcum.)
3125 5306 3173 5358 A
3203 5316 3432 5377 quatuor
3462 5307 3719 5371 ventis,id

2124 5399 2207 5447 est
2236 5406 2265 5445 a
2296 5401 2525 5462 quatuor
2553 5394 2865 5451 climatibus
2893 5400 3102 5467 mundi,
3134 5401 3367 5471 oriente,
3412 5404 3715 5481 occidente,

2127 5489 2379 5560 aquilone
2410 5498 2464 5547 et
2482 5500 2690 5549 austro.
2722 5494 2789 5549 Et
2823 5511 2891 5552 ne
2936 5497 3060 5568 quis
3115 5507 3329 5568 putaret
3357 5518 3465 5557 non
3495 5503 3659 5557 etiam
3686 5519 3717 5559 a

2126 5585 2529 5644 Mediterraneis
2569 5589 2884 5662 regionibus
2936 5598 3386 5669 congregandos,
3438 5599 3718 5667 subjunxit

2122 5685 2338 5741 Marcus
2371 5705 2385 5740 :
2425 5712 2444 5733 ιι
2472 5690 2513 5741 Α
2554 5704 2765 5745 summo
2797 5699 2958 5747 terrm
2987 5709 3163 5765 usque
3192 5695 3260 5750 ad
3290 5712 3560 5752 summum
3591 5698 3714 5754 σαιιὶ

2119 5778 2307 5847 (Marc.
2345 5787 2479 5857 xm),
2518 5807 2538 5831 n
2575 5785 2625 5839 id
2661 5795 2739 5841 est
2770 5787 2841 5841 ab
2888 5790 3145 5844 extremis
3189 5799 3357 5847 terra:
3388 5790 3584 5848 finibus
3612 5811 3713 5868 per
