2036 3039
110 147 161 175 741

577 136 870 169 DEFLORATIONES
890 134 938 163 ss.
961 132 1113 162 ramum.
1133 148 1167 153 ι
1187 133 1250 161 LIB.
1272 125 1292 161 ι.

1707 125 1758 164 742

110 207 254 240 directum,
266 214 354 244 uSque
368 205 400 235 ad
415 206 527 234 ultimOs
542 203 674 232 terminos
690 201 750 237 ejus
764 199 811 228 ubi
825 199 907 244 longe
922 196 949 227 Α
964 205 1045 233 quam
1059 204 1108 232 per
1120 196 1199 223 ﬁdem
1215 195 1363 232 qumsistis.
1390 197 1420 223 In
1436 196 1576 232 Scriptura
1590 204 1669 224 sacra
1684 206 1757 233 saepe

111 254 179 289 exsp
185 243 337 281 solantibus
346 250 465 280 circulus
472 249 534 278 caeli
543 254 569 277 et
576 246 766 276 terrmvidetur
773 243 906 272 insidere.

108 288 216 326 Omnes
230 305 297 333 ergo
320 299 464 325 occurrent
480 294 513 322 ad
527 292 661 328 judicium
677 294 703 318 et
717 288 797 318 electi
821 292 847 316 et
861 295 907 315 ro-

112 343 210 378 probi.
228 341 371 369 Mattheus
386 337 468 368 dicit:
487 351 497 363 α
517 337 541 365 Α
557 335 669 364 summis
680 334 810 363 cozlorum
822 339 910 368 usque

111 376 145 415 ad
161 386 294 415 terminos
309 393 403 413 eorum
425 383 536 418 (Matth.
552 381 640 416 xxxv).
658 391 669 404 υ
688 378 758 415 quod
774 376 910 413 signiﬁcat

112 429 211 460 omnes
226 430 272 466 qui
282 433 345 458 sunt
360 429 411 457 sub
419 428 549 457 curvitate
557 425 619 454 coeli
630 424 708 461 quasi
719 431 769 459 per
782 421 910 449 horizon-

111 480 180 504 tem.
198 464 287 502 Aliter
303 483 309 501 :
327 473 421 502 Statim
433 476 495 508 post
509 469 711 498 tribulationem
724 466 830 495 dierum
844 464 909 492 illo-

112 526 174 545 rum
183 518 339 552 inemptum,
353 523 407 543 non
417 515 506 542 adhuc
518 513 631 544 finitam,
646 509 803 545 soljustitize
814 508 910 535 obscu—

113 562 220 590 rabitur
234 561 270 588 ad
294 560 386 596 gelida
402 558 495 586 corda.
512 555 708 593 (.iitnuostt's.)
726 553 806 581 Sicut
822 552 846 579 ei
861 560 910 586 per

114 610 227 642 captum
245 604 360 632 videntis
377 604 470 630 radius
483 601 615 629 mundani
637 599 702 627 solis
726 602 768 624 aut
786 596 911 632 pallidior

114 651 230 684 videtur,
248 654 292 676 aut
307 648 416 680 clarior,
443 647 479 674 ita
503 654 553 682 per
574 644 746 672 devotionem
772 640 911 668 credentis

114 695 261 730 unicuique
277 693 416 728 spirituale
429 692 519 719 lumen
536 689 696 717 infunditur.
718 688 791 714 Luna
800 693 854 712 non
865 685 911 711 dat

114 729 254 771 lumen,7.si
271 738 378 772 objeclu
393 740 476 763 terra:
501 735 568 762 radii
584 733 650 761 solis
666 732 854 760 excludantur.
871 729 909 755 sic

114 788 140 810 et
166 782 289 811 Ecclesia
305 789 357 808 non
382 781 466 812 dabit,
492 787 552 806 cum
576 778 641 804 vitia
657 776 750 804 carnis
767 774 908 804 olisislent,

113 836 148 855 ne
164 827 300 863 fu'gorem
316 824 516 853 diviniluminis
531 822 565 850 de
582 822 666 849 radiis
682 820 766 855 possit
783 817 908 845 mutuari.

963 245 1044 276 caput
1058 248 1110 276 pro
1121 244 1211 268 mente
1225 239 1413 276 ponitur,quia
1427 240 1506 268 sicuti
1520 240 1607 276 capite
1621 245 1758 277 reguntur

962 285 1097 317 membra,
1113 284 1149 311 ita
1164 284 1344 320 cogitationes
1353 288 1443 312 mente
1454 284 1646 320 disponuntur.
1662 286 1757 321 Capita

963 330 1055 365 itaque
1069 329 1162 357 levare
1176 333 1218 357 est
1232 333 1337 356 mentes
1357 333 1464 356 nostras
1492 329 1525 356 ad
1551 329 1649 365 gaudia
1665 330 1758 365 patriae

964 374 1086 402 caelestis
1102 374 1221 409 erigere.
1242 373 1296 408 Qui
1311 381 1379 409 ergo
1394 374 1479 400 Deum
1496 373 1650 408 diliguntex
1667 375 1759 402 mundi

964 415 1017 446 fine
1032 418 1151 454 gaudere
1165 421 1244 453 atque
1257 417 1599 451 exhilarescerejubentur,
1621 418 1681 453 quia
1696 427 1758 446 eum

964 471 1044 499 quem
1065 465 1157 489 amant
1181 469 1244 489 mox
1271 462 1421 493 inveniunt,
1444 462 1506 488 dum
1524 462 1620 489 transit
1639 463 1662 489 is
1677 471 1759 498 quem

963 514 1018 534 non
1034 511 1194 534 amaverunt
1228 506 1306 533 Absit
1321 506 1391 533 enim
1417 510 1445 533 ut
1471 506 1558 533 lidelis
1573 507 1697 542 quisque,
1713 507 1759 542 qui

965 552 1050 579 Deum
1066 551 1158 578 videre
1183 550 1334 581 desiderat,
1361 550 1396 578 de
1418 550 1510 577 mundi
1535 551 1759 585 percussionibus

964 596 1058 631 lugeat
1085 603 1165 631 quem
1195 594 1266 621 ﬁniri
1301 594 1406 622 eisdem
1442 594 1501 621 suis
1538 595 1760 630 percussionibus

965 647 1019 667 non
1039 640 1157 675 ignorat.
1175 638 1309 674 Scriptum
1325 646 1442 674 namque
1463 643 1505 666 est
1522 649 1527 665 :
1548 649 1559 663 ι
1577 639 1627 673 Qui
1643 640 1760 667 voluerit

965 684 1069 711 amicus
1085 692 1146 711 esse
1162 683 1255 710 saeculi
1275 683 1353 717 hujus
1370 683 1498 710 inimicus
1520 683 1569 711 Dei
1591 684 1762 712 constituitur

965 728 1036 763 (Jac.
1053 729 1102 763 tv).
1119 739 1129 751 n
1145 728 1196 761 Qui
1213 735 1279 763 ergo
1292 727 1529 763 appropinquante
1541 728 1632 755 mundi
1644 727 1696 755 ﬁne
1705 736 1760 756 non

966 772 1076 808 gaudet,
1094 772 1209 799 amicum
1226 779 1256 799 se
1279 771 1349 798 illius
1377 779 1439 798 esse
1463 776 1586 804 testatur,
1617 776 1697 808 atque
1712 781 1762 808 per

965 817 1019 844 hoc
1032 816 1158 843 inimicus
1174 815 1223 843 Dei
1238 815 1422 843 convincitur.
1439 815 1493 843 Sed
1510 816 1580 843 absit
1596 817 1647 844 hoc
1660 825 1674 843 a
1690 816 1761 845 fide-

114 859 236 908 Namque
252 871 278 898 in
294 868 533 906 persecutionilms
547 867 634 894 lucem
648 865 694 893 Dei
707 864 780 890 solus
795 865 910 898 plerum-
925 867 951 904 Β
967 860 1030 888 lium
1046 860 1192 888 cordibus!
1210 860 1282 887 absit
1297 860 1331 887 ab
1347 860 1390 887 his
1406 859 1451 895 qui
1466 864 1493 887 et
1506 868 1569 887 esse
1584 860 1663 888 aliam
1679 862 1762 888 vitam

115 924 167 952 que
181 906 256 943 amor
270 915 331 942 vitae
342 914 422 947 huius
432 912 560 940 excludit.
577 910 667 938 Stella-
679 908 818 937 cadentde
828 906 908 937 mulo,

115 961 186 988 idem
212 960 246 987 de
275 959 409 989 Ecclesia,
437 956 564 992 quoniam
593 963 663 990 pene
701 952 787 980 deerit
817 959 910 977 semen

116 1004 233 1032 Abrahae
249 1003 292 1031 cui
307 1002 472 1030 assimulata:
488 1005 549 1027 sunt
566 998 847 1032 stellze.(BE.\uths.)
858 995 912 1021 \"ir-

116 1048 322 1076 tutesetelorum
330 1046 522 1077 movebuntur,
532 1044 594 1079 quia
602 1043 714 1079 quidam
722 1039 912 1068 ﬁdelest’ortis-

117 1093 177 1120 simi
193 1091 386 1124 turbabuntur,
404 1089 498 1125 impiis
515 1089 583 1116 ultra
599 1087 708 1115 modum
720 1084 907 1112 stevienlibus.

117 1136 167 1165 Vel
181 1136 270 1172 angeli
287 1135 469 1163 movebuntur
491 1133 526 1160 ad
548 1133 612 1159 iram
632 1131 766 1162 vindietm,
792 1129 835 1164 qui
852 1136 912 1155 cum

117 1181 178 1208 tuba
192 1180 316 1208 mittendi
336 1183 399 1206 sunt
414 1186 429 1205 ιι
445 1178 512 1206 Filio
538 1176 668 1204 hominis.
703 1176 731 1202 In
754 1174 816 1201 tuba
841 1173 912 1199 enim

116 1225 246 1253 dicuntur
270 1223 449 1255 descendere,
473 1223 524 1250 hoc
548 1226 588 1249 est
611 1220 719 1248 nomine
743 1219 791 1246 Dei
813 1217 913 1244 bellum

115 1270 255 1305 ingerere,
268 1269 331 1304 quia
338 1276 386 1303 per
394 1267 569 1294 novissimam
578 1266 669 1292 tubam
681 1263 842 1298 intelligitur
853 1261 914 1288 ulti—

116 1322 191 1341 mum
216 1313 319 1341 bellum
334 1312 513 1348 malignorum
542 1310 686 1345 spirituum
703 1308 748 1343 qui
763 1315 834 1342 smpe
851 1305 915 1333 victi

117 1362 182 1386 sunt
196 1359 231 1385 ab
245 1357 359 1393 angelis,
375 1361 404 1383 ut
419 1356 456 1383 ait
467 1356 590 1382 Joannes
602 1353 754 1389 apostolus:
770 1365 779 1375 ‹‹
793 1351 851 1378 Vidi
861 1350 913 1377 Mi—

117 1402 198 1431 chael
212 1406 237 1429 et
256 1401 369 1438 angelos
385 1401 410 1427 in
426 1400 497 1428 cwlo
509 1403 660 1435 pugnantes
676 1397 806 1424 adversus
815 1396 913 1422 draco—

117 1455 181 1474 nem
197 1447 289 1482 (Apoc.
306 1446 368 1480 xu).
388 1457 397 1468 ιι
416 1445 574 1471 Extremum
586 1442 686 1469 bellum
700 1446 762 1468 tunc
779 1440 839 1471 erit,
853 1439 913 1474 quia

118 1492 145 1519 in
162 1492 317 1528 gehennam
332 1489 481 1517 mittentur.
497 1489 632 1522 Tempore
653 1484 832 1513 tribulationis
856 1485 914 1510 An—

119 1525 237 1562 tichristi
258 1532 400 1568 apparebit
430 1531 537 1566 signum
564 1529 621 1556 Filii
644 1528 772 1558 hominis,
795 1527 820 1553 in
845 1525 914 1553 emlo

120 1577 259 1612 subaudis,
276 1581 301 1605 et
315 1584 369 1604 non
384 1577 412 1603 in
427 1580 508 1603 terra.
526 1574 655 1601 Ellicacia
670 1573 741 1600 enim
751 1571 838 1599 crucis
854 1574 917 1597 tunc

122 1620 237 1647 latitabit
251 1620 278 1647 in
293 1619 386 1651 terris,
397 1618 445 1645 sed
461 1618 487 1644 in
499 1617 618 1644 millibus
630 1622 785 1643 sanctorum
797 1613 916 1640 manife—

123 1665 244 1692 stissima
259 1668 300 1692 est
315 1665 343 1691 in
358 1663 444 1692 omlis.
463 1674 472 1685 ιι
491 1663 565 1689 Tunc
576 1662 814 1696 plangentomnes
830 1657 918 1684 tribus

121 1713 211 1742 terrm,
231 1721 241 1733 ιι
260 1708 287 1735 id
302 1712 343 1735 est
354 1707 437 1743 digna
447 1706 557 1742 planctu
567 1705 678 1736 facient,
687 1705 715 1731 et.
726 1711 786 1740 qme
794 1702 917 1737 planctus

121 1753 279 1782 necessario
299 1757 438 1787 sequetur.
464 1750 573 1777 Nullum
591 1749 662 1777 enim
685 1748 784 1775 malum
800 1746 849 1774 erit
864 1746 917 1773 im-

120 1804 252 1840 punitum.
275 1804 308 1830 Et
323 1802 434 1830 tandem
453 1813 462 1826 «
481 1800 609 1827 videbunt
625 1798 720 1826 Filium
736 1796 853 1824 hominis
868 1804 917 1823 ve-

120 1853 239 1881 nientem
264 1852 291 1879 in
313 1851 431 1878 nubibus
447 1850 518 1882 coeli,
538 1862 548 1873 ι»
565 1848 591 1876 id
608 1852 649 1876 est
674 1847 700 1874 in
715 1846 827 1878 sanctis,
849 1845 918 1872 sicut

120 1902 147 1930 et
161 1909 235 1929 nunc
251 1901 344 1928 venire
370 1907 425 1927 non
446 1902 536 1926 cessat
556 1896 706 1925 secundum
726 1895 751 1922 id
769 1893 841 1930 quod
856 1893 893 1920 ait
910 1902 916 1919 :

123 1963 133 1974 -
152 1948 258 1977 Amodo
269 1947 395 1977 videbitis
407 1948 501 1975 Filium
511 1945 629 1974 hominis
641 1945 780 1972 sedentem
791 1951 804 1968 ει
816 1941 919 1969 dextris

121 1999 229 2026 virtutis
245 1998 303 2030 Dei,
321 2002 346 2025 et
360 1997 514 2024 venientem
537 1995 563 2022 in
592 1994 709 2022 nubibus
734 1992 808 2020 ccnli.
836 2004 846 2014 ιι
865 1990 917 2017 Sed

120 2048 184 2076 ideo
198 2053 261 2075 tunc
276 2055 336 2075 eum
351 2047 485 2082 potestate
501 2052 601 2081 magna
612 2047 638 2070 et
655 2043 794 2076 majestate
815 2039 916 2071 veniet,

121 2096 187 2132 quia
201 2097 290 2130 major
303 2098 426 2131 potestas
443 2099 468 2122 et
484 2094 612 2127 maiestas
623 2092 695 2119 illius
706 2088 850 2126 apparebit
859 2095 918 2114 sau-

121 2146 183 2179 ctis,
196 2145 293 2181 quibus
302 2151 429 2179 magnam
441 2143 567 2170 virtutem
574 2141 658 2174 dabit,
666 2148 699 2167 ne
711 2142 782 2166 tanta
791 2144 919 2173 perseeu-

120 2195 195 2221 tione
201 2193 352 2221 vincantur.
364 2203 374 2218 ι
382 2192 416 2219 Et
424 2191 510 2219 mittet
516 2190 630 2226 angulos
637 2197 710 2221 suos,
718 2201 727 2210 η
738 2187 763 2214 id
774 2190 814 2213 est
823 2184 919 2221 pTlDdl-

966 912 1016 938 per
1030 904 1111 932 [idem
1128 904 1255 936 credunt,
1266 907 1293 931 et
1301 912 1361 931 eam
1372 912 1421 939 per
1431 904 1620 939 operationem
1635 905 1763 941 diligunt.

965 949 1004 976 Ex
1021 949 1114 975 mundi
1129 948 1200 975 enim
1216 948 1401 975 destructione
1416 948 1513 983 lugere
1528 956 1623 976 eorum
1649 954 1692 977 est
1716 949 1762 985 qui

966 993 1076 1020 radices
1106 993 1197 1020 cordis
1222 993 1247 1019 in
1276 993 1335 1026 ejus
1362 1000 1457 1020 amore
1485 993 1685 1028 plantaverunt.
1715 993 1762 1029 qui

967 1041 1125 1073 sequentem
1146 1037 1228 1064 vitam
1245 1044 1299 1064 non
1316 1040 1450 1072 quaerunt,
1476 1037 1520 1072 qui
1536 1037 1578 1065 vel
1591 1037 1663 1064 illam
1673 1046 1763 1074 neque

967 1082 1059 1109 alliam
1071 1089 1134 1109 esse
1143 1081 1325 1117 suspicantur.
1336 1082 1392 1109 Nos
1403 1085 1494 1108 autem
1502 1081 1548 1117 qui
1557 1082 1662 1109 caelesti
1669 1083 1763 1118 patrias

967 1126 1069 1162 gaudia
1083 1129 1187 1153 aeterna
1203 1126 1392 1161 cognovimus,
1409 1125 1536 1153 festinare
1552 1125 1587 1153 ad
1602 1134 1661 1153 eam
1678 1135 1763 1162 quan-

968 1170 1055 1198 tocius
1069 1170 1212 1198 debemus.
1229 1169 1386 1205 Optandum
1401 1169 1480 1198 nabis
1492 1172 1533 1197 est
1548 1170 1626 1198 citius
1635 1179 1761 1207 pergere,

968 1217 1050 1250 atque
1070 1215 1104 1242 ad
1120 1214 1192 1242 illam
1203 1214 1245 1241 via
1261 1214 1379 1242 breviori
1391 1214 1547 1249 pervenire.

970 1269 1006 1296 De
1032 1270 1156 1305 tempore
1181 1268 1359 1305 Antichristi
1380 1261 1541 1301 novissimo,
1564 1270 1592 1296 ct
1612 1269 1645 1296 de
1660 1269 1764 1297 ultima

1265 1304 1450 1331 tribulatione
1456 1324 1462 1331 .

1004 1355 1204 1392 (AUGUSTINUS.
1224 1356 1259 1384 ad
1274 1357 1441 1392 Ilesychium
1460 1357 1492 1384 in
1512 1358 1632 1392 epistola
1655 1358 1693 1385 Dc
1709 1358 1765 1385 lina

968 1401 1090 1435 swculi.)
1113 1401 1153 1428 De
1177 1400 1327 1428 Salvatoris
1352 1400 1471 1428 adventu
1488 1401 1534 1437 qui
1550 1405 1724 1436 exspectatur
1737 1402 1765 1429 in

969 1445 1033 1478 ﬁne,
1048 1449 1174 1480 tempora
1187 1444 1361 1472 dinumerare
1373 1452 1427 1472 non
1438 1445 1580 1477 audemus,
1590 1446 1765 1482 necaliquem

969 1490 1129 1525 prophetam
1138 1489 1172 1517 de
1183 1489 1234 1517 hac
1243 1497 1272 1517 re
1282 1490 1425 1516 numerum
1437 1496 1571 1516 annorum
1579 1489 1767 1517 existimamus

969 1533 1135 1569 prmﬁnisse,
1165 1533 1213 1561 sed
1242 1533 1307 1561 illud
1325 1533 1415 1569 potius
1438 1533 1595 1568 praevalere,
1620 1534 1692 1569 quod
1707 1535 1766 1570 ipse

971 1578 1103 1606 Dominus
1112 1578 1148 1605 ait
1160 1587 1166 1605 :
1181 1591 1190 1602 ιι
1204 1578 1291 1605 Nemo
1301 1581 1390 1613 potest
1400 1582 1697 1613 cognosceretempora
1705 1587 1766 1614 quae

971 1622 1050 1650 Pater
1070 1623 1162 1658 posuit
1184 1622 1212 1649 in
1232 1630 1280 1649 sua
1302 1624 1439 1658 potestate
1453 1622 1534 1656 (Act.
1550 1622 1581 1657 ι).
1599 1632 1609 1647 ι
1632 1621 1766 1658 Tempora

972 1674 1040 1703 ergo
1055 1671 1214 1703 computare
1236 1666 1291 1694 hoc
1318 1670 1360 1694 est
1387 1666 1575 1703 chronologis.
1591 1670 1620 1693 ut
1649 1666 1766 1694 sciamus

971 1711 1080 1746 quando
1095 1711 1129 1738 sit
1144 1710 1204 1737 finis
1219 1710 1302 1746 hujus
1318 1710 1410 1738 sazeuli
1431 1710 1472 1737 vel
1492 1710 1625 1738 adventus
1641 1710 1763 1738 Domini.

971 1755 1045 1784 Nihil
1060 1754 1132 1783 aliud
1149 1754 1215 1782 mihi
1233 1755 1341 1782 Videtur
1356 1763 1435 1790 quam
1451 1754 1523 1782 scire
1538 1754 1610 1782 Velle
1625 1755 1697 1790 quod
1709 1754 1768 1790 ipso

971 1801 1008 1828 ait
1025 1808 1031 1827 :
1052 1812 1062 1824 υ
1082 1798 1157 1827 Scire
1173 1799 1309 1827 neminem
1321 1806 1403 1834 posse
1415 1799 1627 1834 (Matth.xx1v.)
1638 1811 1648 1823 η
1660 1800 1767 1835 Oppor-

971 1844 1072 1872 tunitas
1087 1852 1153 1872 vero
1169 1842 1241 1871 illius
1256 1842 1387 1878 temporis
1402 1843 1525 1879 profecto
1541 1851 1593 1871 non
1603 1846 1672 1876 erat,
1690 1842 1767 1872 aute-

971 1897 1053 1925 quam
1069 1888 1231 1925 pl-agdicetur
1244 1887 1423 1923 Evangelium
1440 1888 1567 1915 universo
1582 1888 1642 1915 orbi
1650 1888 1678 1916 in
1688 1888 1768 1916 testi—

971 1938 1065 1965 monio
1080 1937 1206 1965 omnibus
1221 1936 1359 1972 gentibus.
1387 1936 1566 1971 Apertissima
1580 1936 1653 1963 enim
1669 1936 1703 1964 de
1720 1937 1768 1963 hac

972 1995 1002 2015 re
1017 1986 1116 2022 legitur
1130 1985 1263 2014 sententia
1279 1984 1429 2012 Salvatoris
1439 1984 1573 2012 dicentis:
1588 1996 1598 2007 «ι
1616 1984 1650 2010 Et
1663 1984 1769 2019 praedi-

973 2035 1080 2062 cabitur
1094 2035 1147 2062 hoc
1162 2032 1344 2068 Evangelium
1367 2032 1443 2068 regni
1468 2032 1494 2059 in
1513 2032 1643 2059 universo
1658 2032 1726 2060 orbe
1741 2033 1769 2060 in

972 2082 1128 2110 testimonio
1134 2081 1260 2110 omnibus
1266 2080 1409 2117 gentibus;
1427 2085 1489 2108 tunc
1498 2079 1653 2108 venietfinis
1660 2080 1767 2116 (ibid.)»

973 2132 1047 2159 Tune
1058 2131 1148 2159 veniet
1171 2130 1244 2164 ﬁnis,
1274 2130 1340 2166 quid
1360 2133 1403 2157 est
1425 2129 1478 2156 nisi
1504 2134 1568 2157 ante
1592 2138 1646 2157 non
1661 2130 1765 2158 veniet.

974 2180 1091 2211 Quando
1106 2187 1175 2214 ergo
1191 2183 1253 2215 post
1276 2178 1374 2212 veniet,
1396 2177 1528 2205 incertum
1544 2182 1584 2205 est
1600 2178 1689 2210 nobis,
1707 2182 1770 2206 ante

119 2245 245 2276 catores;
258 2241 391 2274 «intuba,
404 2252 413 2263 »ν
426 2240 453 2267 id
461 2235 842 2270 estmanifestationeJnlege
850 2233 921 2260 enim
937 2225 965 2257 Β
977 2233 1066 2256 tamen
1081 2236 1138 2256 non
1153 2236 1214 2255 esse
1233 2231 1377 2255 venturum
1392 2227 1518 2255 dubitare
1542 2227 1634 2263 utique
1649 2235 1704 2255 non
1719 2227 1771 2255 de-

119 2290 314 2327 precipiuutur
325 2289 384 2317 fieri
395 2289 467 2316 tubae
478 2287 592 2316 ductiles
604 2295 636 2314 ex
648 2293 714 2313 auro
731 2288 757 2311 et
767 2291 821 2311 mre
834 2287 860 2310 et
871 2289 918 2309 ar—

120 2344 214 2376 gento,
225 2342 255 2366 ut
265 2338 390 2366 sublimia
398 2337 584 2365 doctrinarum
598 2338 726 2363 resonent
734 2334 917 2361 sacramenta.

160 2401 170 2412 ‹ι
189 2389 223 2416 Et
237 2387 446 2424 congregabunt
461 2386 563 2414 electos
579 2385 640 2420 ejus
655 2385 688 2412 de
705 2392 731 2411 ιν
747 2381 840 2410 mundi
855 2389 919 2417 par-

122 2438 203 2472 tibus,
223 2447 234 2463 ι
250 2437 280 2465 id
295 2441 337 2465 est
352 2437 385 2464 de
398 2440 453 2464 toto
473 2436 539 2463 orbe
568 2439 710 2462 terrarum.
743 2432 820 2459 Haud
840 2429 921 2458 dubie

123 2495 225 2524 magna
240 2486 291 2514 erit
298 2489 455 2514 sanctorum
466 2483 617 2513 constantia
632 2491 695 2511 cum
708 2482 829 2509 auditum
843 2480 922 2508 fuerit

125 2535 199 2572 quod
227 2534 410 2563 Antichristus
432 2533 527 2569 spiritu
551 2533 606 2560 oris
626 2530 736 2559 Domini
760 2529 922 2557 interfectus

125 2585 170 2616 Sit,
188 2588 214 2612 et
228 2582 322 2611 omnis
337 2576 421 2610 lsracl
438 2589 587 2610 conversus
603 2581 637 2607 ad
653 2579 746 2607 fidem.

164 2645 174 2656 -
189 2633 240 2660 llis
254 2635 343 2659 autem
359 2631 417 2659 fieri
437 2629 630 2666 incipientibus
648 2628 777 2664 respicite
793 2632 819 2655 et
834 2627 922 2654 levate

125 2681 215 2717 capita
238 2685 329 2709 vestra
344 2680 471 2716 quoniam
492 2679 690 2715 appropinquat
705 2676 857 2713 redemptio
873 2684 923 2703 ve-

126 2733 195 2758 stra.
210 2740 222 2754 ι
238 2729 437 2765 (Gaauomus.)
449 2729 516 2756 Cum
528 2728 617 2765 plagae
626 2726 718 2754 mundi
730 2726 920 2756 crebrescunt,

126 2783 155 2807 et
184 2782 276 2807 terror
296 2777 392 2813 judicii
416 2776 558 2806 commotis
585 2775 730 2803 virtutibus
759 2772 921 2806 ostenditur,

127 2828 217 2856 levate
231 2827 331 2864 capita,
346 2826 375 2855 id
387 2830 431 2855 est
440 2825 589 2854 exhilarate
605 2824 701 2859 corda,
711 2823 776 2860 quia
786 2824 848 2851 dum
860 2821 923 2849 ﬁni-

128 2880 174 2905 tur
182 2876 304 2904 mundus
319 2875 362 2904 cui
379 2875 458 2903 amici
469 2882 524 2902 non
537 2874 611 2908 estis,
626 2881 711 2910 prope
728 2872 757 2899 tit
773 2872 924 2907 redemptio

972 2278 1080 2306 bemus.
1109 2277 1138 2305 Si
1157 2284 1224 2313 ergo
1248 2276 1313 2304 latet
1327 2276 1437 2312 quando
1452 2276 1575 2304 Ecclesia
1591 2275 1771 2304 fructificante

974 2330 1055 2363 atque
1070 2329 1211 2354 crescente
1233 2325 1381 2353 universus
1397 2333 1414 2353 a
1434 2324 1504 2352 mari
1529 2333 1616 2360 usque
1640 2325 1674 2352 ad
1695 2332 1771 2352 mare

974 2375 1048 2404 orbis
1063 2374 1227 2411 implebitur,
1253 2374 1350 2410 procul
1378 2374 1463 2402 dubio
1487 2374 1551 2402 latet
1578 2373 1686 2409 quando
1710 2373 1772 2401 finis

975 2424 1038 2453 erit.
1056 2424 1128 2451 Ante
1144 2423 1246 2459 quippe
1261 2430 1316 2450 non
1331 2422 1397 2450 erit.
1419 2433 1429 2448 ε
1448 2423 1523 2450 Tunc
1547 2422 1712 2450 revelabitur
1727 2422 1773 2449 illc

975 2475 1094 2510 iniquus,
1110 2486 1120 2497 ιι
1137 2473 1165 2500 id
1172 2476 1214 2501 est
1224 2472 1418 2505 Antichristus,
1433 2483 1444 2496 α
1458 2480 1538 2507 quem
1550 2471 1681 2499 Dominus
1692 2472 1772 2498 Jesns

976 2522 1123 2552 interﬁciet
1138 2521 1233 2556 spiritu
1248 2520 1302 2548 oris
1319 2520 1359 2547 sui
1377 2521 1415 2554 (II
1431 2520 1522 2548 Thess.
1534 2519 1575 2555 ιι).
1594 2532 1604 2543 ιι
1623 2520 1663 2547 De
1678 2520 1772 2548 ultima

976 2576 1067 2600 autem
1081 2569 1253 2598 tribulatione
1263 2568 1330 2596 dicit
1340 2568 1411 2596 idem
1423 2567 1596 2603 Augustinus
1607 2568 1634 2594 in
1647 2568 1717 2595 libro
1732 2568 1772 2595 De

976 2622 1084 2650 civitate
1111 2619 1175 2648 Dei.
1204 2618 1279 2645 Tunc
1306 2617 1426 2645 solvetur
1448 2617 1562 2644 Satanas
1586 2616 1622 2643 de
1649 2616 1774 2644 custodia

978 2679 1036 2704 sua,
1052 2673 1079 2697 et
1093 2667 1175 2697 exibit
1191 2667 1225 2695 ad
1248 2665 1421 2694 seducendas
1443 2665 1578 2698 nationes,
1593 2673 1654 2701 quae
1667 2670 1730 2693 sunt
1745 2665 1775 2693 in

978 2722 1095 2754 quatuor
1110 2715 1217 2752 angulis
1240 2718 1331 2746 terra},
1348 2713 1410 2750 Gog
1424 2717 1452 2741 et
1465 2714 1564 2749 Mago:
1588 2713 1690 2750 (Apoc.
1711 2713 1772 2748 xx),

978 2774 1092 2804 quorum
1110 2762 1362 2800 interpretationem
1383 2762 1522 2791 nominum
1546 2770 1608 2790 esse
1634 2762 1773 2797 comperi-

978 2824 1054 2844 mus:
1073 2815 1135 2851 Gog
1151 2813 1268 2845 tectum,
1280 2812 1378 2848 Magog
1393 2811 1426 2840 de
1439 2813 1521 2844 tecto.
1532 2814 1669 2847 tamquam
1677 2810 1775 2838 domus

979 2871 1005 2895 et
1020 2867 1079 2903 ipse
1094 2863 1139 2900 qui
1153 2860 1276 2898 procedit
1294 2860 1327 2888 de
1340 2859 1432 2888 domo.
1454 2861 1559 2888 Gentes
1575 2867 1644 2895 ergo
1660 2862 1731 2893 sunt,
1748 2858 1775 2887 in
