4010 6074
520 248 622 312 743

1651 231 1992 294 WERNERI
2033 227 2316 291 ABBATIS
2355 234 2412 291 S.
2453 232 2675 292 BLASII

3721 238 3821 296 '7“

520 380 716 451 quibus
745 373 1044 439 diabolum,
1076 371 1222 428 velut
1247 369 1304 424 in
1328 368 1528 440 abysso
1559 364 1808 436 superius
1837 361 2113 433 intellige-
2142 363 2198 423 A
2227 366 2506 433 praelatum
2555 370 2659 451 est,
2717 369 2976 420 venturus
3025 370 3110 420 est
3170 363 3557 432 Antichristus,
3622 365 3720 438 qui
3771 365 3826 422 in

524 469 716 522 bamus
751 464 1044 528 inclusum,
1077 468 1130 516 et
1174 459 1296 530 ipse
1326 458 1394 512 de
1426 455 1533 511 illis
1561 452 1966 526 quodammodo
1995 466 2120 506 sese

521 555 759 612 efferens
807 561 858 608 et
911 548 1244 623 procedens,
1278 553 1336 600 ut
1364 545 1471 600 illa;
1509 542 1618 597 sint
1648 549 1870 605 tectum,
1902 538 2022 610 ipse
2050 539 2120 594 de

521 651 694 700 tecto.
757 639 1059 695 Videndum
1116 643 1202 692 est
1241 642 1421 690 autem
1467 647 1640 704 quare
1677 628 1930 684 diabolus
1957 627 2119 681 modo

527 732 751 804 ligetur.
791 727 1048 799 Alligatio
1097 723 1300 780 diaboli
1338 729 1421 777 est
1460 735 1570 775 non
1597 716 1837 789 permitti
1862 730 2118 804 exercere

524 803 695 878 totam
739 817 1093 876 tcntationem
1124 829 1287 886 quam
1317 817 1518 881 potest,
1551 807 1638 863 vel
1671 806 1745 873 vi,
1776 805 1861 860 vel
1893 803 2020 859 dolo
2048 803 2119 858 ad

521 909 866 971 seducendos
883 903 1202 960 hominesin
1229 908 1439 971 partem
1468 913 1620 951 suam
1648 894 1896 965 cogendo
1913 891 2120 947 violen—

523 1013 624 1068 ter,
661 995 1055 1058 fraudulenter,
1089 991 1174 1046 vel
1209 987 1476 1043 fallendo.
1517 984 1674 1053 Quod
1706 985 1753 1036 si
1784 981 2123 1053 permitterr-

522 1102 629 1156 tur,
665 1089 719 1143 in
749 1095 856 1140 tam
886 1083 1053 1152 longo
1080 1089 1326 1149 tempore
1357 1083 1408 1130 et
1438 1082 1586 1128 tanta
1630 1070 1944 1126 infirmitate
1974 1068 2116 1123 mul-

521 1189 700 1236 torum
756 1172 1026 1246 plurimos
1082 1168 1222 1222 tales
1275 1164 1464 1236 quales
1494 1163 1648 1227 deos,
1681 1160 1734 1214 in
1765 1158 2115 1246 perpetlnon

522 1269 658 1334 vult,
691 1276 744 1320 et
761 1245 962 1316 fideles
989 1257 1266 1325 dejiceret,
1301 1261 1354 1308 et
1386 1268 1456 1306 ne
1477 1251 1766 1306 crederent
1795 1245 2106 1334 impediret.

523 1354 684 1425 Quod
713 1367 781 1407 ne
813 1349 1014 1404 faceret
1043 1344 1296 1415 alligatus
1325 1348 1434 1395 est.
1497 1339 1647 1392 Tunc
1676 1336 1817 1391 enim
1851 1333 2111 1425 solvetur,

523 1423 744 1516 quando
775 1447 828 1494 et
859 1438 1028 1492 breve
1054 1442 1270 1503 tempus
1312 1430 1443 1484 erit.
1501 1428 1639 1481 Nam
1671 1425 1846 1480 tribus
1874 1423 2032 1516 annis
2061 1429 2116 1477 et

524 1510 618 1588 sex
651 1527 931 1584 mensibus
985 1523 1184 1593 legitur
1213 1517 1326 1573 suis
1354 1517 1482 1572 totis
1539 1529 1864 1585 suorumque
1911 1510 2118 1567 viribus

527 1619 836 1685 saeviturus,
869 1622 923 1669 et
952 1611 1089 1666 tales
1119 1615 1280 1664 erunt
1307 1621 1430 1661 cum
1463 1603 1661 1676 quibus
1692 1602 1741 1656 ei
1788 1599 2117 1672 belligeran-

525 1711 655 1764 dum
685 1713 788 1771 est,
820 1711 879 1759 ut
908 1700 1052 1757 vinci
1090 1705 1242 1753 tanto
1273 1695 1390 1764 ejus
1419 1694 1624 1763 impetu
1654 1689 1980 1762 insidiisque
2009 1701 2116 1744 non

523 1798 762 1872 possint.
803 1792 1057 1849 Solvetur
1098 1793 1280 1843 autem
1335 1785 1564 1872 Satanas
1713 1779 1817 1834 line
1848 1776 2031 1833 sa'culi
2056 1783 2119 1872 ut

525 1866 685 1960 quam
739 1883 936 1938 fortem
983 1874 1358 1934 adversarium
1417 1871 1515 1925 Dei
1575 1869 1766 1924 civitas
1820 1866 2113 1938 superavit,

523 1955 648 2034 cum
680 1970 888 2044 ingenti
919 1967 1090 2041 gloria
1119 1965 1202 2019 sui
1241 1959 1625 2030 redemptoris,
1657 1957 1937 2026 adjutoris,
1973 1955 2114 2009 lihe-

523 2063 724 2120 ratoris
756 2058 1007 2130 aspiciat.
1075 2053 1258 2122 Quare
1294 2066 1426 2105 vero
1457 2048 1509 2102 in
1540 2047 1841 2102 novissimo
1867 2044 2118 2100 solvatur

524 2153 775 2210 videatur
807 2167 820 2202 :
854 2145 1054 2209 Exibit,
1083 2150 1142 2196 ut
1167 2141 1369 2196 dictum
1400 2144 1502 2202 est,
1536 2137 1758 2192 Satanas
1787 2134 1841 2188 in
1871 2141 2117 2204 apertam

522 2239 978 2316 persecutionem,
1013 2233 1082 2287 de
1116 2228 1342 2285 latebris
1371 2234 1619 2297 erumpat
1646 2224 1914 2279 odiorum.
1941 2310 1952 2316 ᾗ
1983 2223 2118 2316 Haec

525 2308 672 2389 enim
701 2327 806 2384 erit
844 2321 1139 2380 novissima
1180 2315 1515 2389 persecutio.
1579 2311 1889 2368 Novissimo
1938 2308 2118 2366 immi-

523 2428 686 2478 nente
711 2413 920 2487 judicio
953 2408 1172 2482 quando
1203 2413 1387 2461 sancta
1415 2401 1662 2458 Ecclesia
1691 2409 1802 2457 toto
1835 2399 1968 2456 orbe
1999 2407 2117 2455 ter-

525 2523 710 2564 rarum
741 2502 996 2576 patietur,
1051 2496 1312 2552 universa
1353 2491 1528 2547 fidelis
1573 2489 1765 2546 civitas
1818 2488 2018 2544 Christi
2048 2487 2115 2542 ab

521 2597 776 2653 universa
831 2589 1056 2647 civitate
1103 2582 1308 2640 diaboli
1350 2587 1783 2652 quamtacunque
1825 2577 1925 2631 erit
1967 2584 2114 2631 utra-

526 2702 632 2758 que
663 2697 829 2754 super
860 2687 1086 2734 terram.
1135 2671 1292 2729 Unde
1321 2667 1620 2758 Apostolus
1652 2685 1671 2758 ελ
1716 2690 1738 2714 «
1757 2665 2117 2758 Defrigescet

522 2754 760 2832 charitas
790 2767 1104 2827 multorum,
1163 2769 1216 2816 et
1272 2757 1573 2814 abundabit
1603 2754 1856 2827 iniquitas
1887 2755 2106 2824 (Matth.

523 2865 714 2925 xxxv).
745 2883 766 2906 η
801 2855 958 2914 Unde
995 2850 1191 2908 Daniel
1223 2865 1237 2904 ε
1305 2867 1325 2898 ι
1364 2848 1423 2901 Et
1459 2845 1559 2901 erit
1589 2853 1825 2915 tempus,
1862 2867 1883 2890 ιο
1918 2843 2111 2914 inquit,

528 2979 548 3003 α
585 2944 972 3009 tribulationis,
1004 2939 1182 3014 qualis
1209 2952 1318 2994 non
1350 2935 1448 2991 fuit
1478 2950 1544 2990 ex
1574 2949 1681 3005 quo
1709 2940 1834 2987 nata
1864 2940 1948 2988 est
1977 2947 2114 3002 gens

524 3055 693 3112 δυνοι·
743 3043 956 3134 me
990 3044 1172 3134 ιηέιιες
1205 3026 1529 3134 siem?
1555 3021 2107 3134 ‘1‘.“‘1S2‘3'z;i‘31>:_:
2141 3069 2192 3134 α

521 3107 658 3186 Haec
686 3121 994 3198 persecutio
1023 3115 1331 3174 novissima
1362 3113 1533 3204 futura
1564 3112 1633 3204 ab
1663 3108 2002 3204 Antichristo
2023 3107 2116 3204 tori?

522 3216 623 3270 bus
650 3197 807 3267 annis
835 3213 890 3262 et
933 3220 1034 3260 sex
1082 3200 1361 3257 mensibus
1410 3197 1537 3253 erit.
1583 3197 1706 3251 Non
1748 3197 1892 3250 enim
1933 3197 2114 3248 veniet

523 3302 596 3359 ait
623 3303 779 3357 vivos
809 3302 862 3352 et
891 3299 1130 3348 mortuos
1155 3285 1496 3360 judicandos
1527 3283 1789 3349 Christus,
1830 3281 1934 3337 nisi
1959 3280 2111 3353 prius

521 3387 732 3448 venerit
788 3384 855 3440 ad
903 3378 1250 3437 seducendus
1278 3376 1334 3430 in
1359 3375 1541 3429 anima
1579 3379 1823 3428 mortuos
1854 3371 2110 3427 adversa-

517 3480 633 3536 rius
662 3477 778 3546 ejus
807 3468 1192 3532 Antichristus,
1225 3479 1390 3537 quem
1431 3461 1696 3518 Dominus
1723 3461 1882 3516 Jesus
1931 3459 2106 3515 inter-

519 3568 660 3625 ficiat
687 3562 877 3635 spiritu
915 3558 1030 3614 oris
1072 3555 1187 3610 sui.
1259 3552 1446 3609 Veniet
1503 3558 1629 3606 tunc
1682 3564 1900 3621 quoque
1953 3547 2108 3603 Elias

515 3653 824 3719 Thesbites,
855 3656 1145 3719 antequam
1181 3641 1361 3698 veniat
1390 3639 1510 3696 dies
1547 3637 1762 3694 Domini
1795 3653 2024 3710 magnus
2053 3646 2108 3693 et

518 3743 766 3808 illustris,
828 3737 920 3810 qui
975 3738 1256 3792 convertet
1285 3745 1381 3786 cor
1411 3728 1583 3800 patris
1609 3727 1680 3782 ad
1708 3726 1901 3794 tilium,
1933 3735 1985 3781 et
2011 3741 2108 3782 cor

515 3830 756 3891 hominis
787 3828 856 3884 ad
887 3824 1196 3898 proximum
1242 3834 1420 3884 suum,
1455 3833 1522 3872 ne
1553 3816 1688 3872 forte
1721 3815 1946 3871 veniens
1977 3831 2109 3887 per—

519 3923 718 3981 cutiam
762 3926 967 3973 terram
1012 3911 1232 3984 penitus
1287 3907 1550 3980 (Malach.
1584 3907 1688 3976 ιν).
1734 3928 1755 3953 η
1820 3905 1922 3960 Per
1967 3905 2113 3960 hunc

517 4012 694 4068 Eliam
745 4018 1006 4078 magnum
1058 3996 1477 4068 mirabilemque
1517 3994 1836 4066 prOphetam
1870 3993 2116 4064 exposita

518 4106 622 4163 sibi
658 4104 784 4176 lege
814 4096 1113 4156 novissimo
1144 4105 1392 4164 tempore
1431 4097 1558 4145 ante
1598 4088 1867 4158 judicium
1898 4087 2117 4144 Iudaeos

516 4205 572 4261 in
603 4202 876 4261 Christum
907 4211 1116 4262 verum,
1151 4193 1204 4248 id
1223 4199 1307 4248 est
1334 4190 1390 4245 in
1420 4187 1690 4246 Christum
1719 4194 1969 4244 nostrum
1993 4203 2117 4244 esse

519 4299 822 4359 credituros
849 4291 1270 4351 celeberrimum
1314 4295 1396 4345 est
1439 4287 1495 4342 in
1545 4284 1893 4341 sermonibus
1924 4283 2117 4341 cordi-

518 4399 731 4467 busque
758 4391 1026 4448 fidelium.
1064 4390 1187 4460 Ipse
1219 4385 1418 4458 quippe
1441 4391 1564 4438 ante
1586 4382 1881 4438 adventum
1907 4380 2106 4451 judicia

520 4490 816 4550 Salvatoris
845 4503 955 4542 non
985 4484 1252 4540 immerito
1282 4489 1530 4552 speratur
1559 4495 1680 4534 esse
1703 4486 1981 4548 venturus,
2015 4484 2110 4551 qui

519 4591 680 4648 etiam
712 4601 858 4643 nunc
901 4583 1084 4640 vivere
1139 4596 1250 4636 non
1300 4576 1570 4633 immerito
1627 4575 1888 4632 creditur.
1937 4577 2111 4633 Curru

515 4703 750 4761 namque
780 4685 944 4758 igneo
973 4688 1166 4752 raptus
1198 4684 1280 4733 est
1310 4677 1378 4732 de
1424 4675 1590 4731 rebus
1616 4673 1868 4729 humanis
1900 4691 1914 4729 :
1965 4673 2111 4746 quod

513 4781 924 4844 evidentissime
953 4776 1236 4848 Scriptura
1265 4789 1414 4830 sacra
1446 4779 1675 4828 testatur
1707 4772 1802 4840 (IV
1826 4775 1956 4844 Reg.
1976 4771 2060 4843 ιι).
2083 4795 2104 4820 »

514 4887 649 4942 Cum
679 4877 892 4937 venerit
943 4889 1079 4946 ergo
1132 4869 1458 4943 exponendo
1517 4866 1699 4939 legem
1739 4866 2106 4938 spiritualiter,

513 4997 676 5056 quam
710 4993 855 5034 nunc
887 4973 1059 5030 Judaei
1089 4967 1385 5027 carnaliter
1414 4964 1650 5037 sapiunt.
1695 4963 1989 5021 Convertct
2015 4981 2111 5022 cor

515 5078 684 5152 patris
707 5073 776 5131 ad
809 5071 997 5140 filium,
1019 5069 1072 5125 id
1102 5076 1181 5125 est
1202 5081 1298 5122 cor
1317 5073 1532 5137 patrum
1562 5063 1632 5118 ad
1662 5063 1821 5120 filios.
1855 5063 1943 5119 Sic
1962 5062 2107 5119 enim

516 5193 610 5234 cor
656 5181 869 5245 patrum
903 5169 972 5226 ad
1003 5167 1144 5222 ﬁlios
1186 5171 1556 5228 convcrtetur,
1590 5176 1713 5217 cum
1755 5159 2108 5232 intelligentia

515 5280 733 5344 patrum
783 5267 1117 5341 perducetur
1173 5263 1240 5318 ad
1299 5259 1716 5331 intelligentiam
1755 5256 2009 5328 ﬁliorum,
2054 5268 2108 5316 et

514 5383 611 5423 cor
639 5365 871 5421 filiorum
903 5363 971 5418 ad
1002 5369 1189 5432 patres
1220 5373 1432 5425 eorum,
1463 5355 1593 5411 dum
1621 5355 1675 5410 in
1721 5352 1775 5410 id
1797 5355 1946 5428 quod
1975 5372 2104 5413 sen-

516 5469 703 5520 serunt
732 5460 810 5516 illi
840 5459 1185 5516 consentiunt
1215 5466 1266 5513 et
1293 5456 1408 5513 isti.

846 5575 987 5630 Item
1016 5575 1275 5630 narratio
1305 5571 1370 5628 de
1399 5573 1772 5630 Antichristo.

582 5691 730 5748 Ante
759 5686 1056 5746 terribilem
1090 5685 1383 5742 adventum
1414 5686 1585 5744 nostri
1613 5687 2010 5761 Redemptoris,
2044 5699 2101 5749 ut

2227 467 2431 522 magna
2460 450 2773 523 Babylonia
2802 451 2872 509 de
2910 451 3196 509 meretrice
3227 454 3450 526 generis
3481 455 3606 510 Dan
3636 471 3825 512 nasce-

2228 548 2343 594 tur.
2383 540 2493 596 Sed
2525 539 2716 596 volens
2745 541 2813 596 de
2843 556 2910 597 eo
2934 541 3102 607 scire,
3128 540 3302 612 primo
3325 543 3532 599 notabit
3563 558 3737 614 quare
3752 544 3827 600 sic

2227 636 2452 684 vocatus
2506 628 2592 683 sit.
2647 630 2777 686 Ideo
2832 628 2908 697 fit,
2950 629 3076 702 quia
3115 629 3333 686 Christo
3362 631 3416 685 in
3446 631 3662 686 cunctis
3693 647 3814 687 con-

2226 716 2391 772 traria
2421 716 2604 774 faciet.
2651 717 2898 774 Christus
2942 717 3092 774 venit
3119 718 3342 773 humilis
3366 719 3604 775 humiles
3636 719 3823 792 erige-

2227 822 2304 872 re,
2329 814 2657 876 peccatores
2679 805 2986 876 justiﬁcare
3018 824 3032 861 :
3080 805 3174 862 ille
3201 817 3425 864 econtra
3453 816 3724 864 venturus
3752 817 3827 865 est

2228 894 2515 965 superbus,
2549 895 2768 964 dejiciet
2795 894 3051 961 humiles,
3085 903 3406 966 peccatores
3428 897 3825 970 magnificabit,

2226 982 2422 1052 impios
2446 983 2725 1050 exaltabit,
2759 991 2812 1038 et
2841 982 2967 1038 vilia
2995 1000 3118 1055 qua:
3159 992 3282 1038 sunt
3321 986 3597 1040 contraria
3644 987 3828 1043 virtuti

2226 1070 2462 1126 docebit.
2495 1071 2699 1142 Legem
2751 1071 3130 1143 evangelicum
3169 1070 3476 1142 dissipabit,
3516 1073 3826 1130 daemonum

2226 1159 2499 1214 culturam
2530 1158 2585 1213 in
2606 1159 2866 1214 mundum
2892 1159 3190 1226 revocabit,
3214 1159 3442 1230 gloriam
3465 1177 3664 1217 vanam
3687 1181 3827 1234 quae-

2227 1254 2307 1302 ret
2337 1264 2350 1300 :
2382 1255 2434 1302 et
2463 1247 2894 1318 omnipotentem
2926 1247 3089 1303 deum
3119 1264 3181 1302 se
3208 1248 3542 1304 nominabit.
3591 1252 3697 1309 Hic
3726 1253 3826 1307 ita-

2227 1350 2334 1407 que
2365 1335 2732 1392 Antichristus
2782 1335 2983 1392 multos
3028 1335 3251 1392 habebit
3297 1354 3410 1394 sure
3466 1339 3829 1413 malignitatis

2226 1423 2523 1491 ministros,
2583 1441 2650 1480 ex
2709 1425 2908 1497 quibus
2951 1425 3063 1493 jam
3093 1425 3148 1480 in
3192 1425 3395 1482 mundo
3425 1440 3830 1498 praecesserunt

2225 1512 2466 1584 quidam,
2518 1513 2704 1584 qualis
2735 1513 2832 1568 fuit
2861 1513 3178 1582 Antiochus,
3231 1514 3398 1581 Nero,
3460 1516 3826 1574 Domitianus.

2225 1603 2384 1658 Nunc
2414 1616 2631 1673 quoque
2680 1608 2867 1658 nostro
2904 1609 3159 1674 tempore
3215 1602 3583 1660 Antichristos
3625 1607 3827 1662 multos

2145 1716 2200 1776 Β
2227 1690 2479 1746 novimus
2503 1705 2629 1746 esse
2659 1691 2708 1760 (ι
2733 1691 2896 1747 Ιοαη.
2921 1692 3007 1760 ιι).
3063 1689 3390 1763 Quicunque
3439 1693 3585 1748 enim
3648 1695 3826 1753 laicus

2228 1778 2344 1835 sive
2373 1777 2634 1845 clericus,
2663 1794 2760 1834 seu
2792 1779 2959 1834 etiam
2987 1781 3291 1834 monachus
3329 1787 3522 1837 contra
3552 1781 3825 1850 justitiam

2228 1867 2376 1934 vivit,
2423 1875 2477 1921 et
2529 1866 2736 1923 ordinis
2777 1866 2864 1922 sui
2911 1867 3158 1938 regulam
3189 1867 3553 1940 impugnabit,
3603 1874 3825 1944 etquod

2226 1951 2430 2006 bonum
2459 1957 2544 2006 est
2583 1950 2942 2022 blasphemat,
2987 1951 3308 2006 Antichristi
3347 1962 3475 2008 sunt
3503 1962 3562 2010 et
3590 1956 3825 2012 ministri

2227 2041 2466 2094 Satanae.
2534 2039 2640 2095 Sed
2682 2040 2797 2110 jam
2839 2039 3123 2095 exordium
3152 2039 3470 2097 Antichristi
3500 2043 3816 2102 videamus.

2224 2129 2346 2184 Non
2376 2128 2521 2184 enim
2551 2128 2694 2201 quod
2725 2129 2793 2183 de
2823 2143 2889 2184 eo
2905 2127 3028 2184 dico
3049 2144 3114 2184 ex
3144 2130 3372 2200 proprio
3395 2147 3563 2187 sensu
3592 2134 3822 2206 excogi-

2225 2225 2280 2272 to
2309 2217 2408 2274 sed
2437 2218 2492 2272 in
2522 2216 2680 2272 libris
2710 2217 3004 2289 diligenter
3045 2217 3340 2289 relegendo
3395 2221 3580 2275 omnia
3615 2223 3823 2295 scripta

2225 2306 2464 2363 invenio.
2515 2306 2664 2362 Sicut
2691 2321 2825 2380 ergo
2881 2314 3136 2362 auctores
3191 2308 3366 2363 nostri
3405 2308 3610 2378 dicunt,
3669 2313 3821 2368 Anti-

2224 2395 2463 2451 christus
2521 2411 2590 2450 ex
2636 2395 2840 2467 populo
2895 2395 3210 2450 Iudaeorum
3257 2405 3514 2453 nascetur
3569 2399 3644 2456 de
3676 2401 3818 2456 tribu

2224 2485 2366 2550 Dan,
2408 2484 2709 2541 secundum
2763 2485 3080 2556 prOphetam
3131 2483 3224 2556 qui
3259 2486 3390 2542 dicit
3421 2504 3435 2540 :
3491 2510 3512 2534 κ
3550 2487 3671 2545 Fiat
3700 2491 3819 2546 Dan

2225 2572 2455 2629 coluber
2507 2572 2562 2626 in
2618 2571 2728 2639 via,
2767 2580 3007 2628 cerastes
3044 2572 3100 2626 in
3129 2573 3324 2629 semita
3353 2574 3527 2643 (Gen.
3569 2581 3757 2645 nix).
3793 2607 3814 2628 .

2225 2661 2376 2718 Sicut
2397 2660 2541 2718 enim
2573 2675 2806 2732 serpens
2835 2660 2889 2714 in
2921 2660 3005 2716 via
3035 2661 3267 2729 sedebit,
3301 2670 3356 2719 et
3378 2664 3436 2719 in
3465 2666 3666 2722 semita
3697 2671 3820 2736 erit,

2225 2759 2283 2805 ut
2311 2765 2408 2806 eos
2434 2750 2525 2822 qui
2554 2765 2652 2820 per
2681 2748 2928 2804 semitam
2977 2748 3200 2819 justitiae
3244 2752 3522 2809 ambulant
3552 2755 3738 2825 feriat,
3771 2768 3822 2815 et

2223 2854 2436 2895 veneno
2483 2854 2596 2893 suae
2626 2837 2846 2894 malitiae
2904 2837 3140 2894 occidat.
3202 2840 3469 2897 Nascetur
3513 2853 3704 2901 autem
3756 2865 3821 2903 ex

2223 2927 2572 2999 copulatione
2602 2925 2770 2980 maris
2809 2933 2865 2982 et
2907 2925 3143 2996 feminae,
3179 2935 3232 2984 ut
3262 2928 3354 2984 alii
3381 2931 3656 2999 homines,
3711 2952 3822 2992 non

2223 3025 2278 3072 ut
2309 3015 2402 3072 alii
2455 3015 2662 3082 dicunt,
2711 3016 2781 3071 de
2815 3014 2930 3071 sola
2957 3013 3186 3087 virgine,
3222 3017 3321 3073 sed
3350 3027 3557 3076 tantum
3589 3028 3738 3080 totus
3767 3025 3821 3081 in

2221 3112 2452 3177 peccato
2480 3103 2860 3178 generabitur.
2900 3106 2961 3158 In
2991 3103 3112 3175 ipso
3149 3108 3524 3180 conceptionis
3565 3127 3684 3169 suae
3713 3113 3820 3169 ini-

2220 3195 2292 3250 tio
2321 3193 2573 3249 diabolus
2616 3192 2775 3248 simul
2821 3191 3064 3248 introibit
3109 3194 3163 3248 in
3219 3203 3434 3252 uterum
3462 3200 3648 3256 matris
3681 3203 3820 3273 ejus,

2219 3290 2270 3339 et
2304 3299 2369 3339 ex
2399 3282 2600 3338 virtute
2647 3279 2855 3337 diaboli
2909 3282 3308 3353 confovehitur,
3349 3293 3404 3341 et
3445 3288 3714 3346 tutahitur
3766 3293 3820 3348 in

2219 3379 2413 3426 ventre
2467 3369 2680 3437 matris,
2740 3377 2795 3426 et
2841 3369 2964 3440 ipse
3008 3369 3254 3428 diabolus
3296 3389 3513 3446 semper
3549 3392 3680 3433 cum
3726 3380 3819 3436 illo

2216 3461 2344 3520 erit.
2377 3459 2448 3514 Et
2471 3457 2608 3514 sicut
2636 3459 2693 3514 in
2722 3466 2955 3514 matrem
2981 3459 3202 3516 Domini
3225 3464 3400 3518 nostri
3427 3463 3665 3536 Spiritus
3696 3485 3817 3524 san-

2214 3557 2336 3604 ctus
2365 3547 2532 3614 venit,
2567 3554 2622 3603 et
2650 3561 2774 3603 eam
2807 3546 3008 3603 virtute
3056 3564 3154 3604 sua
3212 3550 3577 3622 obumbravit,
3623 3564 3682 3611 et
3724 3557 3815 3613 di-

2215 3646 2442 3704 vinitate
2482 3644 2727 3717 replevit,
2765 3651 2824 3700 ut
2851 3645 2922 3700 de
2953 3645 3158 3717 Spiritu
3187 3648 3516 3721 conciperet,
3564 3661 3618 3710 et
3669 3655 3818 3729 quod

2215 3751 2533 3801 nasceretur
2563 3742 2805 3800 divinum
2852 3751 2907 3798 et
2961 3748 3207 3800 sanctum
3264 3755 3427 3817 esset,
3479 3749 3550 3805 ita
3601 3768 3816 3827 quoque

2219 3840 2474 3898 diabolus
2505 3841 2558 3895 in
2583 3848 2815 3896 matrem
2855 3840 3173 3898 Antichristi
3200 3842 3519 3914 descendet,
3553 3857 3607 3904 et
3650 3859 3812 3908 totam

2221 3954 2339 3995 eam
2392 3937 2647 4010 replebit,
2692 3945 2751 3992 ut
2779 3937 2924 4010 quod
2963 3947 3150 3994 natum
3187 3941 3369 4010 fuerit,
3399 3951 3574 4001 totum
3603 3947 3674 4004 sit
3707 3949 3810 4006 ini-

2225 4052 2420 4110 quum,
2450 4035 2670 4103 malum,
2703 4035 2996 4107 perditum.
3058 4037 3213 4095 Unde
3242 4047 3295 4096 et
3341 4040 3432 4098 ille
3473 4043 3642 4102 homo
3675 4047 3815 4104 ﬁlius

2224 4133 2552 4209 perditionis
2584 4132 2885 4206 appellatur
2926 4135 2996 4206 (II
3037 4137 3228 4196 Thess.
3272 4140 3356 4210 ιι),
3389 4141 3517 4212 quia
3546 4141 3605 4199 in
3636 4162 3814 4218 quan-

2225 4243 2339 4290 tum
2384 4232 2634 4304 potuerit,
2675 4248 2851 4305 genus
2889 4233 3182 4290 humanum
3229 4237 3437 4308 perdet,
3497 4248 3551 4296 et
3601 4242 3726 4314 ipse
3761 4246 3812 4300 in

2225 4331 2524 4388 novissimo
2542 4330 2832 4401 perdetur.
2872 4331 3015 4388 Ecce
3034 4332 3262 4389 audistis
3280 4335 3512 4408 qualiter
3530 4351 3814 4411 nascetur,

2135 4421 2192 4484 D
2220 4429 2398 4485 audite
2431 4437 2484 4483 et
2501 4427 2680 4484 locum
2701 4427 2793 4482 ubi
2831 4428 2985 4485 nasci
3011 4428 3229 4486 debeat.
3271 4431 3418 4488 Nam
3459 4435 3601 4492 sicut
3622 4440 3818 4497 Domi-

2221 4543 2324 4582 nus
2362 4525 2678 4582 Bethlehem
2707 4525 2812 4581 sibi
2860 4526 3128 4597 prmvidit,
3163 4537 3222 4584 ut
3268 4529 3343 4585 ibi
3377 4547 3482 4604 pro
3515 4537 3680 4592 nobis
3710 4540 3816 4595 hu-

2219 4622 2536 4680 manitatem
2583 4630 2916 4692 assumeret,
2962 4630 3016 4680 et
3052 4634 3388 4696 nasceretur,
3439 4630 3523 4688 sic
3557 4632 3816 4692 diabolus

2218 4720 2297 4774 illi
2333 4718 2538 4776 homini
2576 4719 2793 4790 perdito
2841 4719 2933 4792 qui
2969 4721 3336 4779 Antichristus
3371 4725 3591 4798 dicitur,
3633 4731 3813 4788 locum

2219 4816 2370 4873 novit
2400 4824 2607 4888 aptum,
2649 4816 2795 4873 unde
2833 4815 2990 4872 radix
3052 4820 3298 4876 omnium
3348 4824 3622 4883 malorum
3678 4831 3814 4886 oriri

2218 4914 2433 4982 debeat,
2455 4913 2663 4970 scilicet
2689 4913 3044 4985 Babylonem.
3066 4917 3125 4971 In
3153 4917 3254 4974 hac
3282 4919 3431 4976 enim
3453 4923 3678 4983 civitate
3695 4946 3818 5000 quae

2216 5011 2490 5085 quondam
2523 5011 2724 5082 inclyta
2770 5019 2824 5070 et
2861 5011 3104 5085 gloriosa
3125 5014 3256 5072 urbs
3292 5019 3580 5090 gentilium
3619 5023 3724 5080 fuit
3760 5034 3814 5082 et

2216 5119 2377 5182 caput
2397 5111 2555 5182 regni
2603 5111 2917 5179 Persarum,
2957 5111 3321 5171 Antichristus
3358 5128 3636 5191 nascetur,
3667 5129 3730 5180 et
3759 5125 3815 5179 in

2216 5207 2526 5264 civitatibus
2572 5207 2860 5264 Bethsaida
2898 5216 2952 5265 et
2999 5209 3261 5267 Corozain
3295 5217 3617 5273 conversari
3664 5218 3811 5276 dici-

2214 5314 2322 5361 tur.

2285 5401 2500 5470 Quibus
2513 5402 2824 5462 civitatibus
2849 5404 3114 5462 Dominus
3129 5405 3185 5461 in
3206 5406 3504 5482 Evangelia
3537 5411 3814 5488 imprope-

2211 5507 2295 5555 rat
2323 5501 2549 5559 dicens:
2585 5523 2607 5554 ε
2635 5503 2727 5559 Vae
2751 5502 2865 5573 tibi,
2889 5503 3196 5572 Bethsaida,
3216 5522 3299 5563 vae
3319 5507 3436 5576 tibi,
3457 5510 3752 5569 Corozain!
3781 5537 3810 5564 ι

2212 5598 2368 5666 (Luc.
2401 5601 2486 5669 χ.)
2519 5600 2752 5657 Habebit
2779 5609 2962 5659 autem
3007 5601 3372 5662 Antichristus
3400 5622 3614 5682 magos,
3638 5612 3812 5668 male-

2210 5694 2364 5766 ficos,
2399 5698 2617 5757 divinos
2647 5707 2698 5757 et
2745 5700 3145 5760 incantatores:
3187 5703 3279 5780 qui
3319 5721 3462 5776 eum,
3505 5706 3812 5782 inspirante
