4072 6078
305 299 411 353 ἷίἷὶ

1253 287 1830 344 l)EFLOR.\TlONES
1871 287 1967 343 SS.
2011 283 2307 344 PATlll'M.
2336 319 2408 327 ——
2445 288 2570 342 LiB.
2611 285 2655 342 l.

3495 283 3596 345 7&6

300 422 544 492 diabolo,
577 423 810 478 nutrient
865 431 918 476 et
971 423 1242 478 docebunt
1293 419 1349 474 in
1408 421 1556 476 omni
1599 419 1896 489 iniquitate,
1926 405 1985 466 A
2014 424 2064 471 et
2093 420 2182 488 qui
2223 437 2383 492 supra
2433 428 2648 486 tectum,
2708 436 2814 475 non
2870 416 3154 474 descendet
3187 417 3237 472 in
3268 417 3488 474 domum
3545 427 3601 474 ut

300 508 554 577 falsitate,
585 519 638 565 et
668 511 881 566 nefaria.
920 518 1052 579 arte,
1113 518 1166 564 et
1211 510 1436 582 maligni
1491 509 1707 580 spiritus
1745 513 1898 562 erunt

303 609 468 664 duces
505 608 623 678 ejus
661 617 713 662 et
756 609 909 678 socii,
951 616 1002 664 et
1037 607 1260 663 comites
1298 606 1534 660 iudivisi.
1575 605 1778 660 Deinde
1815 605 1900 658 Je-

305 698 540 752 rusalem
595 697 819 752 veniens
874 713 1062 752 omnes
1108 696 1456 760 Christianos,
1524 711 1658 764 quos
1712 692 1782 747 ad
1842 708 1900 746 se

303 795 616 842 convertere
668 800 778 839 non
806 785 1055 856 potuerit,
1106 801 1202 854 per
1247 784 1394 838 varia
1437 791 1700 838 tormenta
1735 781 1900 852 jugu-

303 874 457 940 labit,
515 883 567 928 et
620 890 774 928 suam
820 874 1004 928 sedem
1061 873 1116 926 in
1175 872 1374 942 templo
1428 878 1612 924 sancto
1669 869 1897 938 parabit.

305 964 591 1031 Templum
649 962 812 1016 etiam
867 961 1194 1015 destructum
1254 959 1398 1030 quod
1438 960 1697 1014 Salomon
1725 955 1901 1013 :ediﬁ-

309 1051 470 1115 cavit,
504 1050 558 1102 in
611 1057 751 1103 statu
807 1064 904 1103 suo
961 1047 1299 1114 restaurabit,
1357 1055 1410 1102 et
1454 1046 1799 1101 circumcidet
1824 1061 1902 1111 se,

309 1147 364 1192 et
390 1137 558 1192 ﬁlium
607 1137 1008 1206 Omnipotentis
1062 1153 1120 1190 se
1177 1135 1480 1190 mentietur.
1513 1136 1706 1190 Totum
1734 1149 1907 1206 genus

307 1225 588 1281 hominum
617 1226 717 1280 sibi
765 1234 994 1295 quatuor
1046 1223 1224 1280 modis
1261 1223 1592 1296 subjugabit,
1638 1223 1762 1292 quia
1793 1222 1908 1276 uni-

306 1329 465 1368 verso
497 1311 615 1368 orbi
643 1313 960 1384 imperabit.
997 1314 1116 1369 Uno
1147 1311 1310 1367 modo
1341 1312 1554 1367 nobiles
1584 1311 1686 1366 sibi
1708 1310 1908 1364 divitiis

309 1402 540 1470 asciscit,
575 1417 697 1471 quae
726 1401 828 1456 sibi
857 1401 1094 1456 maxime
1151 1399 1387 1468 afﬂuent,
1448 1400 1573 1470 quia
1601 1399 1778 1454 omnis
1805 1398 1907 1452 ab-

311 1490 558 1546 scondita
585 1489 818 1559 pecunia
846 1489 946 1544 erit
1002 1489 1050 1542 ei
1109 1489 1420 1543 manifesta.
1469 1488 1646 1559 Reges
1673 1495 1726 1542 et
1753 1487 1908 1558 prin-

313 1589 464 1658 cipes
518 1587 756 1659 primum
815 1587 882 1641 ad
937 1603 996 1641 se
1051 1594 1350 1653 convertet,
1403 1585 1598 1640 deinde
1641 1601 1739 1656 per
1766 1584 1906 1650 illos,

311 1677 467 1732 alios.
530 1673 780 1731 Secundo
835 1675 999 1731 modo
1055 1675 1250 1746 vulgus
1303 1673 1406 1728 sibi
1466 1681 1665 1728 terrore
1707 1671 1906 1737 subdit,

312 1773 440 1844 quia
467 1773 709 1828 maxima
759 1773 966 1828 sevitia
1021 1771 1076 1826 in
1131 1771 1236 1829 Dei
1276 1772 1505 1826 cultores
1535 1771 1678 1826 furit.
1729 1771 1906 1825 Tertio
1933 1756 1986 1815 Β

313 1861 476 1916 modo
528 1861 792 1932 sapientia
862 1868 916 1914 et
969 1859 1271 1914 incredibili
1345 1859 1652 1929 eloquentia
1707 1857 1908 1913 clerum

313 1949 597 2014 obtinebit,
656 1949 783 2019 quia
835 1965 1024 2004 omnes
1078 1957 1218 2003 artes
1272 1955 1328 2002 et
1379 1963 1567 2004 omnes
1613 1947 1914 2016 Scripturas

314 2039 629 2092 memoriter
662 2037 780 2092 scit.
812 2036 1014 2106 Quarto
1062 2036 1226 2091 modo
1273 2035 1458 2090 mundi
1495 2043 1913 2106 contemptores,

315 2135 375 2180 ut
402 2134 526 2180 sunt
553 2126 822 2193 monachi,
853 2125 1024 2196 signis
1043 2133 1096 2178 et
1139 2124 1404 2196 prodigiis
1433 2123 1586 2178 fallit.
1613 2123 1754 2178 Loca
1781 2139 1910 2177 vero

313 2231 416 2285 per
441 2231 562 2284 quae
592 2215 830 2268 Christus
858 2213 1123 2266 Dominus
1153 2212 1524 2267 deambulavit
1549 2220 1602 2266 et
1631 2212 1913 2266 illustravit

315 2303 576 2358 destruet.
615 2302 821 2356 Deinde
852 2317 949 2372 per
984 2301 1290 2355 universum
1321 2300 1509 2355 orbem
1552 2300 1726 2354 mittet
1768 2317 1910 2353 nun-

317 2393 422 2446 tios
447 2399 501 2446 et
541 2390 936 2462 prredicatores.
978 2389 1291 2444 Praedicatio
1333 2397 1512 2442 autem
1559 2388 1677 2457 ejus
1721 2396 1774 2443 et
1817 2403 1913 2459 po-

320 2494 482 2541 testas
509 2485 696 2541 amari
723 2502 890 2555 usque
949 2484 1019 2540 ad
1073 2501 1242 2553 mare,
1301 2485 1370 2540 ab
1414 2484 1617 2539 oriente
1664 2483 1732 2539 ad
1759 2485 1913 2540 occi-

319 2575 559 2641 dentem,
591 2575 661 2629 ab
689 2574 943 2644 aquilone
988 2573 1056 2628 ad
1105 2574 1526 2644 septentrionem
1573 2574 1697 2628 erit.
1739 2573 1919 2628 Faciet

323 2679 536 2732 quoque
563 2663 720 2734 signa
747 2663 936 2731 multa,
970 2679 1171 2734 magna
1200 2669 1253 2717 et
1281 2662 1552 2716 mirabilia
1576 2671 1632 2718 et
1661 2661 1916 2717 inaudita.

328 2761 510 2816 Faciet
535 2761 686 2833 ignes
711 2762 782 2816 de
819 2761 957 2817 celo
1015 2761 1322 2816 terribiliter
1374 2761 1722 2826 descendere,
1753 2761 1919 2816 arbo-

326 2866 414 2904 res
440 2850 613 2904 subito
666 2851 857 2904 ﬂorere
915 2857 966 2903 et
1013 2866 1274 2914 arescere,
1330 2865 1480 2904 mare
1509 2849 1708 2904 turbari
1746 2850 1920 2903 subito

327 2953 380 3000 et
408 2946 759 3016 tranquillari.
815 2947 1045 3001 Naturas
1098 2946 1154 2999 in
1209 2945 1432 3001 diversis
1483 2943 1674 3018 ﬁguris
1703 2945 1919 3010 mutari,

329 3049 590 3104 aquarum
621 3051 804 3090 cursus
863 3043 917 3089 et
972 3034 1217 3088 ordinem
1271 3033 1532 3100 converti,
1564 3034 1758 3106 agitari
1798 3050 1924 3088 aera

331 3133 523 3198 ventis,
582 3140 637 3187 et
689 3132 1022 3188 multimodis
1090 3133 1572 3201 commotionibus,
1608 3105 1684 3187 iet
1735 3141 1928 3188 cuncta
1956 3105 2006 3168 Ο

334 3221 750 3276 innumerabilia
804 3230 857 3275 et
911 3221 1193 3292 stupenda,
1249 3229 1486 3278 mortuos
1536 3221 1591 3275 in
1637 3229 1928 3290 conspectu

333 3311 614 3365 hominum
644 3309 906 3376 suscitari,
965 3318 1022 3364 ut
1050 3310 1106 3363 in
1160 3325 1367 3364 errores
1419 3309 1696 3375 ducantur,
1740 3310 1784 3363 si
1813 3309 1928 3365 ﬁeri

333 3406 528 3469 potest,
560 3398 724 3453 etiam
751 3397 933 3454 electi.
973 3399 1153 3454 Faciet
1181 3414 1393 3468 quoque
1421 3407 1480 3452 ut
1505 3399 1648 3469 ignis
1677 3399 1768 3468 qui
1787 3415 1927 3468 qua-

330 3487 374 3540 si
398 3487 553 3556 jussu
602 3502 700 3542 suo
747 3485 815 3541 de
859 3486 997 3544 00310
1045 3486 1380 3541 descenderit
1425 3486 1759 3542 adversarios
1803 3503 1930 3542 suos

330 3589 515 3628 coram
571 3591 628 3628 se
685 3590 1020 3642 consumere,
1079 3582 1133 3629 et
1175 3582 1415 3630 mortuos
1469 3574 1560 3644 qui
1606 3576 1930 3630 surrexerint

330 3663 432 3718 sibi
485 3662 850 3718 testimonium
902 3664 1050 3718 dare.
1115 3663 1404 3718 Suscitabit
1456 3671 1634 3718 autem
1692 3671 1930 3718 mortuos

329 3765 456 3805 vere
477 3751 506 3802 ?
524 3751 878 3820 Nequaquam
903 3765 918 3819 ;
939 3751 1034 3804 sed
1053 3751 1301 3804 diabolus
1327 3751 1441 3818 ejus
1460 3748 1725 3804 maleﬁcio
1755 3750 1928 3804 alicu-

323 3837 416 3906 jus
451 3839 689 3893 damnati
733 3854 930 3910 corpus
984 3838 1164 3906 intrat,
1222 3847 1276 3892 et
1330 3838 1461 3892 illud
1516 3846 1783 3907 apportat,
1834 3855 1932 3909 per

330 3927 464 3980 illud
491 3928 726 3996 loquitur
752 3929 904 3997 quasi
957 3927 1140 3983 vivum
1197 3927 1458 3983 videatur.
1516 3928 1616 3984 Hic
1644 3929 1927 4002 antiquam

331 4025 630 4079 Jerusalem
659 4024 1030 4090 remdiﬁcabit,
1087 4025 1144 4080 in
1198 4043 1303 4096 qua
1331 4044 1388 4081 se
1419 4036 1476 4082 ut
1503 4029 1676 4084 Deum
1706 4030 1809 4084 coli
1833 4029 1928 4098 ju-

332 4113 510 4168 bebit.
547 4113 777 4182 Quando
809 4114 934 4169 talia
983 4121 1036 4170 et
1073 4123 1221 4169 tanta
1263 4115 1421 4188 signa
1449 4117 1634 4172 vident
1661 4118 1822 4173 etiam
1853 4115 1930 4170 illi

333 4209 424 4279 qui
460 4209 683 4280 perfecti
720 4218 772 4266 et
829 4210 985 4266 electi
1042 4219 1164 4266 sunt
1217 4212 1338 4278 Dei,
1395 4212 1719 4269 dubitabunt
1755 4223 1933 4270 utrum

330 4297 450 4368 ipse
479 4295 721 4352 Christus
745 4297 814 4351 sit
843 4297 934 4368 qui
983 4298 1037 4352 in
1093 4297 1200 4352 ﬁne
1255 4299 1442 4352 mundi
1473 4308 1728 4356 venturus
1756 4310 1836 4357 est
1862 4319 1932 4358 an

331 4411 466 4448 non.
516 4395 642 4449 Haec
679 4402 858 4449 autem
915 4397 1099 4451 omnia
1159 4397 1438 4462 miracula,
1478 4406 1536 4452 ut
1574 4399 1773 4454 dictum
1822 4408 1919 4465 est,

329 4492 508 4546 modis
530 4492 782 4547 omnibus
813 4493 946 4548 falsa
975 4501 1129 4547 erunt
1175 4510 1272 4564 per
1313 4495 1698 4550 incantationes
1726 4497 1922 4553 diabo-

328 4590 480 4658 licas,
510 4589 604 4644 sed
631 4591 1002 4660 peccatoribus
1032 4598 1084 4645 et
1113 4591 1402 4647 incredulis
1421 4593 1747 4649 videbuntur
1773 4613 1922 4651 vera.

820 4704 1020 4758 Divisio
1057 4705 1446 4762 narrationis.

411 4801 676 4856 Excitabit
695 4801 1048 4857 Antichristus
1085 4802 1484 4870 persecutiones
1504 4803 1603 4858 sub
1623 4806 1767 4859 omni
1791 4807 1928 4862 cmlo

337 4897 394 4950 in
423 4897 752 4952 Christianos
780 4905 833 4950 et
861 4897 916 4950 in
943 4913 1132 4951 omnes
1181 4897 1398 4952 electos.
1457 4899 1638 4970 Eriget
1665 4919 1722 4955 se
1752 4903 1929 4972 itaque

339 4993 510 5048 tribus
539 4995 716 5049 modis
741 5003 924 5049 contra
953 4993 1159 5063 ﬁdeles,
1201 4996 1402 5058 scilicet
1443 5004 1660 5063 terrore,
1693 4999 1931 5053 miracu-

335 5092 422 5158 lis,
455 5091 785 5146 muneribus.
818 5091 980 5147 Dabit
1006 5092 1152 5146 euim
1182 5093 1238 5146 iu
1266 5110 1324 5148 se
1379 5093 1720 5150 credentibus
1749 5096 1930 5151 abun-

337 5191 578 5245 dantiam
635 5189 749 5246 auri
797 5200 848 5246 et
903 5192 1130 5263 argenti.
1189 5191 1338 5261 Quos
1395 5209 1524 5248 vero
1569 5211 1677 5251 non
1708 5198 1940 5266 potuerit

339 5289 591 5360 decipere
618 5290 932 5345 muneribus
980 5289 1204 5346 tentabit
1257 5299 1480 5347 terrore.
1511 5291 1659 5361 Quos
1687 5310 1796 5350 non
1829 5303 1938 5349 ter-

341 5400 484 5451 rore,
502 5387 673 5458 signis
691 5394 744 5442 et
763 5387 1034 5442 miraculis
1057 5387 1300 5442 tentabit.
1324 5387 1472 5457 Quos
1503 5405 1600 5444 nec
1627 5390 1796 5461 signis
1824 5392 1942 5446 illu-

344 5483 473 5538 dere
513 5485 764 5552 potuerit,
795 5483 850 5537 in
877 5492 1167 5556 conspectu
1205 5485 1447 5539 omnium
1478 5486 1772 5541 miserabili
1805 5506 1943 5544 mor-

348 5591 400 5637 te
433 5582 669 5638 necabit.
715 5606 737 5630 ιι
769 5583 918 5638 Tunc
975 5583 1074 5638 erit
1130 5583 1249 5638 talis
1305 5584 1594 5653 tribulatio,
1635 5588 1809 5657 qualis
1837 5606 1945 5648 non

355 5681 458 5736 fuit
486 5698 552 5736 ex
583 5698 692 5752 quo
720 5689 911 5754 gentes
965 5700 1080 5737 esse
1139 5692 1416 5752 cmperunt
1471 5701 1638 5754 usque
1695 5687 1764 5740 ad
1819 5689 1949 5744 illud

359 5787 596 5850 tempus.
638 5780 786 5833 Tunc
815 5778 906 5848 qui
931 5779 984 5832 in
1015 5795 1148 5851 agro
1195 5787 1313 5834 sunt
1361 5781 1566 5852 fugient
1596 5781 1664 5836 ad
1694 5793 1904 5840 montes
1935 5801 1950 5856 ;

690 5893 952 5957 Parnm.
989 5893 1225 5958 CLVII.

2011 507 2156 562 tollat
2185 509 2386 580 aliquid
2447 509 2513 563 de
2571 526 2636 563 ea
2665 511 2851 576 (Marc.
2908 508 3051 579 xui).
3089 531 3109 554 υ
3148 509 3295 562 Tunc
3343 508 3519 562 omnis
3545 506 3599 561 ﬁ-

2008 605 2142 659 delis
2167 606 2496 662 Christianus
2541 607 2630 677 qui
2659 607 2906 661 inventus
2951 605 3129 671 fuerit,
3161 615 3252 661 aut
3279 605 3452 660 Deum
3495 623 3596 659 ne-

2007 695 2178 766 gabit,
2208 703 2296 750 aut
2326 711 2424 765 per
2452 696 2673 762 ferrum,
2732 703 2822 750 aut
2867 711 2961 766 per
2988 696 3171 768 ignem
3203 694 3452 762 fornacis,
3485 695 3598 748 sive

2009 805 2107 859 per
2131 799 2424 860 serpentes,
2454 809 2550 846 seu
2575 809 2672 864 per
2709 791 2925 857 bestias,
2984 791 3095 846 sive
3136 807 3232 862 per
3258 791 3402 845 aliud
3432 789 3604 860 quod-

2009 877 2141 932 libet
2193 895 2368 950 genus
2421 881 2668 934 tormenti
2723 881 2980 948 interibit,
3028 881 3072 933 si
3105 880 3156 933 in
3187 878 3294 935 ﬁde
3341 895 3599 951 perman-

2011 976 2164 1030 serit.
2199 977 2328 1030 Haec
2355 986 2534 1032 autem
2590 978 2843 1032 terribilis
2901 977 3170 1034 tribulatio
3227 978 3395 1032 tribus
3447 977 3602 1032 annis

2014 1074 2068 1120 et
2094 1065 2320 1120 dimidio
2349 1065 2560 1120 durabit
2609 1067 2664 1119 in
2707 1074 2818 1121 toto
2859 1067 3082 1120 mundo.
3134 1090 3157 1112 σε
3207 1066 3355 1120 Tunc
3380 1059 3602 1120 brevia-

2013 1156 2211 1209 buntur
2238 1155 2354 1209 dies
2381 1163 2600 1225 propter
2628 1155 2842 1210 electos.
2873 1155 2986 1209 Nisi
3025 1155 3169 1209 enim
3213 1155 3475 1208 Dominus
3510 1155 3605 1209 ab-

2014 1242 2307 1298 breviasset
2337 1242 2453 1297 dies
2475 1259 2584 1298 non
2613 1243 2799 1298 fuisset
2826 1243 2976 1298 salva
3003 1244 3179 1298 omnis
3207 1259 3332 1298 caro
3362 1244 3540 1312 (ibid).
3575 1267 3598 1290 ιο

2017 1341 2251 1410 Tempus
2304 1340 2568 1409 siquidem
2626 1339 2840 1410 quando
2897 1341 3246 1395 Antichristus
3290 1340 3490 1409 veniat,
3521 1340 3609 1395 vel

2017 1435 2232 1505 quando
2261 1435 2376 1489 dies
2416 1435 2607 1506 judicii
2651 1451 2911 1506 apparere
2959 1435 3197 1506 incipiat,
3247 1435 3441 1489 Paulus
3468 1451 3608 1506 apo-

2015 1525 2183 1578 stolus
2208 1525 2266 1578 in
2293 1524 2531 1593 Epistola
2575 1524 2646 1578 ad
2693 1523 3196 1579 Thessalonicenses
3231 1521 3360 1578 dicit
3393 1543 3404 1577 :
3453 1547 3476 1572 ιι
3511 1523 3608 1577 Ro-

2015 1636 2212 1692 gamus
2236 1637 2333 1676 vos
2360 1637 2457 1691 per
2484 1621 2775 1675 adventum
2819 1619 3039 1675 Domini
3097 1620 3262 1674 nostri
3308 1621 3432 1674 Jesu
3455 1619 3614 1674 Chri-

2018 1710 2103 1763 sti.
2140 1732 2161 1756 »
2199 1710 2500 1764 Manifestat
2527 1725 2592 1764 eo
2623 1709 2741 1764 loco
2780 1709 2872 1763 ubi
2913 1708 3082 1763 dicit:
3123 1731 3145 1757 ιι
3179 1708 3470 1776 Quoniam,
3511 1709 3611 1763 nisi

2019 1798 2223 1852 venerit
2251 1799 2507 1852 discessio
2563 1798 2817 1868 primum,
2847 1805 2900 1851 et
2927 1798 3193 1852 revelatus
3247 1797 3404 1852 fuerit
3450 1799 3615 1852 homo

2018 1895 2269 1958 peccator
2322 1894 2374 1942 et
2423 1885 2564 1940 ﬁlius
2620 1885 2934 1957 perditionis
2983 1887 3058 1950 (ll
3087 1887 3268 1941 Thess.
3300 1891 3388 1956 ιι).
3431 1909 3454 1933 »
3502 1886 3615 1942 Sci-

2019 2003 2140 2040 mus
2166 1985 2310 2040 enim
2349 1984 2606 2054 quoniam
2661 1992 2784 2055 post
2839 1999 3067 2055 regnum
3114 1984 3450 2050 Graecorum,
3499 1983 3612 2038 sive

2019 2085 2180 2138 etiam
2211 2091 2332 2154 post
2361 2097 2590 2152 regnum
2623 2082 2922 2147 Persarum,
2947 2095 3015 2135 ex
3040 2079 3235 2150 quibus
3279 2080 3614 2150 unumquod-

2022 2189 2125 2242 que
2154 2187 2252 2226 suo
2282 2180 2528 2241 tempore
2539 2185 2738 2240 magna
2757 2169 2932 2240 gloria
2950 2169 3140 2240 viguit,
3171 2176 3226 2222 et
3252 2168 3493 2223 maxima
3518 2183 3615 2239 po-

2025 2269 2186 2324 tentia
2214 2268 2412 2332 tioruit,
2445 2267 2514 2322 ad
2542 2267 2789 2322 ultimum
2840 2281 3052 2335 quoque
3109 2272 3230 2336 post
3276 2273 3469 2320 caetera
3499 2283 3616 2338 reg-

2022 2374 2112 2425 na,
2141 2373 2369 2429 regnum
2426 2356 2790 2411 Romanorum
2843 2353 3051 2424 capit:
3093 2353 3237 2422 quod
3269 2353 3616 2410 fortissimum

2024 2445 2266 2501 omnium
2293 2444 2626 2513 superiorum
2656 2457 2947 2514 regnorum
2970 2441 3090 2508 fuit,
3139 2449 3194 2496 et
3219 2441 3402 2496 omnia
3447 2459 3618 2514 regna

2026 2541 2186 2595 traxit
2202 2555 2265 2595 ac
2281 2539 2382 2595 sub
2401 2539 2768 2595 dominatione
2786 2553 2886 2594 sua
2905 2537 3110 2604 habuit,
3141 2553 3438 2608 omnesque
3455 2539 3622 2595 natio-

2025 2646 2124 2685 nes
2147 2628 2406 2684 Romanis
2429 2628 2726 2683 servierunt
2753 2627 2854 2682 sub
2904 2626 3122 2682 tributo.
3175 2627 3306 2681 Inde
3331 2643 3464 2698 ergo
3493 2627 3623 2682 dicit

2027 2718 2300 2788 apostolus
2353 2717 2547 2771 Paulus
2599 2715 2976 2770 Antichristum
3006 2731 3114 2770 non
3143 2714 3198 2768 in
3229 2715 3488 2769 mundum
3515 2733 3621 2770 au-

2027 2814 2135 2861 tem
2164 2822 2281 2860 esse
2306 2812 2606 2868 venturum,
2639 2803 2740 2858 nisi
2767 2803 2973 2858 venerit
3001 2801 3257 2856 discessio
3279 2802 3512 2873 primum
3553 2803 3626 2872 (11

2033 2903 2215 2958 Thess.
2253 2906 2316 2971 ιι)
2346 2921 2362 2968 ;
2393 2905 2494 2956 hoc
2520 2908 2618 2968 est,
2675 2901 2782 2954 nisi
2809 2899 3152 2954 discesserint
3179 2899 3366 2953 omnia
3393 2916 3563 2971 regna
3589 2918 3623 2955 a

2030 2992 2274 3046 Romano
2300 2989 2551 3060 imperio,
2598 3004 2704 3058 quo
2733 2987 2884 3058 prius
2909 2986 3124 3042 subdita
3152 2995 3328 3043 erant.
3378 2988 3495 3042 Hoc
3519 3004 3622 3042 au-

2033 3097 2141 3144 tem
2196 3096 2409 3156 tempus
2461 3085 2700 3140 nondum
2745 3084 2914 3152 venit,
2970 3083 3116 3154 quia,
3175 3083 3301 3139 licet
3347 3085 3627 3140 videamus

2035 3179 2336 3232 Romanum
2365 3175 2650 3246 imperium
2697 3190 2765 3228 ex
2813 3172 3054 3227 maxima
3083 3181 3232 3243 parte
3273 3171 3622 3241 destructum,

2034 3275 2215 3321 tamen
2271 3280 2429 3336 reges
2479 3265 2805 3318 Francorum
2861 3261 3118 3331 quamdiu
3161 3261 3489 3330 duraverint,
3535 3261 3627 3332 qui

2035 3357 2338 3411 Romanum
2393 3352 2680 3422 imperium
2729 3359 2907 3406 tenere
2952 3349 3172 3417 debent,
3205 3349 3434 3404 Romani
3472 3351 3627 3422 regni

2035 3453 2272 3525 dignitas
2299 3467 2367 3504 ex
2399 3457 2509 3504 toto
2566 3463 2675 3504 non
2721 3446 2936 3518 peribit,
2990 3446 3118 3516 quia
3161 3445 3217 3500 in
3268 3446 3494 3518 regibus
3518 3446 3630 3502 suis

2036 3541 2216 3596 stabit.
2248 3539 2480 3608 Quidam
2537 3552 2666 3593 vero
2721 3537 2969 3591 doctores
3023 3535 3189 3591 nostri
3243 3535 3430 3591 dicunt
3483 3535 3630 3606 quod

2037 3625 2174 3684 unus
2197 3645 2265 3684 ex
2293 3627 2513 3698 regibus
2539 3627 2864 3680 Francorum
2896 3623 3200 3681 Romanum
3241 3623 3530 3693 imperium
3559 3641 3629 3678 ex

2037 3720 2246 3790 integro
2275 3716 2492 3779 tenebit,
2523 3714 2613 3784 qui
2643 3713 2700 3767 in
2742 3712 3038 3770 novissimo
3089 3719 3332 3782 tempore
3370 3713 3472 3768 erit
3506 3730 3631 3768 ma-

2037 3808 2212 3861 ximus
2243 3813 2296 3861 et
2322 3805 2541 3858 ultimus
2568 3817 2810 3858 omnium
2838 3817 3060 3873 regum.
3090 3800 3194 3870 Qui
3243 3808 3526 3872 postquam
3555 3818 3630 3857 re-

2036 3911 2206 3968 gnum
2235 3909 2390 3948 suum
2427 3892 2653 3948 feliciter
2701 3889 3102 3964 gubernaverit,
3149 3889 3218 3943 ad
3255 3890 3502 3944 ultimum
3533 3891 3628 3944 Je—

2035 3993 2364 4063 rosolymam
2393 3990 2572 4046 veniet
2595 3997 2649 4045 et
2699 3989 2756 4044 in
2795 3996 2980 4042 monte
3033 3987 3230 4042 Oliveti
3281 3997 3546 4058 sceptrum
3579 3995 3633 4042 et

2035 4097 2290 4138 coronam
2321 4095 2474 4134 suam
2502 4079 2755 4156 deponet.
2797 4077 2892 4130 His
2918 4075 3019 4130 erit
3049 4074 3170 4129 ﬁnis
3197 4083 3250 4129 et
3290 4091 3632 4130 consumma-

2037 4172 2112 4226 tio
2139 4171 2522 4231 Romanorum,
2579 4163 2899 4232 imperiique
2938 4161 3380 4216 Christianorum.
3414 4163 3631 4218 Statim-

2037 4283 2144 4338 que
2167 4264 2460 4320 secundum
2515 4260 2828 4332 pradictam
2874 4259 3192 4313 sententiam
3221 4259 3450 4330 apostoli
3481 4261 3630 4315 Pauli

2035 4353 2412 4410 Antichristum
2469 4350 2653 4404 dicunt
2701 4347 3007 4403 adfuturum
3027 4389 3047 4412 ,
3101 4355 3155 4402 et
3199 4355 3325 4402 tunc
3369 4348 3632 4428 revelabi-

1950 4455 2005 4516 D
2035 4461 2120 4508 tur
2146 4450 2363 4522 quidam
2395 4451 2559 4502 homo
2586 4447 2663 4516 (11
2691 4447 2873 4502 Thess.
2932 4452 3015 4514 II),
3073 4445 3424 4501 Antichristus
3477 4447 3631 4502 vide-

2034 4543 2180 4610 licet,
2207 4539 2300 4610 qui
2327 4539 2454 4593 licet
2475 4539 2640 4592 homo
2668 4535 2755 4603 sit,
2787 4535 2907 4589 fons
2935 4534 3078 4588 enim
3108 4535 3210 4588 erit
3234 4536 3474 4590 omnium
3505 4553 3629 4608 pec-

2034 4640 2291 4700 catorum,
2326 4627 2465 4680 lilius
2483 4623 2816 4696 perditionis,
2849 4625 2950 4677 hoc
2987 4631 3068 4676 est
3094 4621 3234 4676 ﬁlius
3261 4623 3484 4692 diaboli,
3518 4642 3626 4680 non

2039 4737 2134 4792 per
2163 4726 2426 4781 naturam,
2475 4714 2568 4768 sed
2599 4729 2696 4783 per
2730 4711 3106 4779 imitationem,
3166 4712 3292 4780 quia
3321 4728 3418 4781 per
3445 4713 3628 4766 omnia

2040 4805 2352 4877 adimplebit
2381 4802 2709 4858 voluntatem
2739 4799 2961 4863 diaboli,
3020 4799 3144 4867 quia
3201 4797 3476 4868 plenitudo
3504 4799 3627 4854 dia-

2042 4898 2233 4951 bolicaa
2288 4891 2560 4964 potestatis
2624 4897 2674 4942 et
2723 4888 2880 4942 totius
2936 4887 3064 4939 mali
3117 4887 3320 4956 ingenii
3367 4901 3628 4958 corpora-

2044 4987 2163 5040 liter
2212 4981 2471 5038 habitabit
2518 4979 2572 5032 in
2627 4977 2740 5041 illo,
2799 4977 2852 5028 in
2911 4989 3018 5044 quo
3074 4982 3231 5028 erunt
3283 4988 3472 5029 omnes
3525 4980 3640 5032 the-

2046 5082 2186 5139 sauri
2213 5079 2432 5134 malitiae
2446 5084 2499 5131 et
2526 5073 2778 5144 nequitiae
2807 5080 2861 5127 et
2889 5069 3201 5140 iniquitatis.

2116 5187 2221 5258 Qui
2268 5185 2595 5249 adversatur,
2653 5179 2709 5233 id
2750 5185 2829 5233 est
2883 5176 3179 5232 contrarius
3207 5185 3289 5232 est
3317 5179 3527 5236 Christo
3585 5190 3638 5238 et

2046 5286 2297 5343 omnibus
2345 5277 2600 5336 membris
2652 5277 2790 5346 ejus,
2821 5283 2876 5330 et
2903 5269 3191 5342 extollitur,
3239 5276 3294 5330 id
3351 5285 3431 5334 est
3468 5279 3522 5334 in
3554 5297 3640 5335 su-

2049 5385 2290 5458 perbiam
2320 5379 2542 5450 erigitur
2568 5391 2728 5444 supra
2782 5389 2944 5429 omne
2994 5373 3138 5442 quod
3167 5373 3360 5430 dicitur
3398 5377 3558 5447 Deus,
3589 5379 3644 5433 id

2052 5490 2132 5537 est
2156 5495 2316 5551 supra
2344 5477 2542 5532 electos
2586 5473 2674 5528 vel
2721 5471 2852 5526 deos
2904 5470 3168 5542 gentium,
3199 5472 3409 5541 Jovem,
3442 5477 3644 5547 Aponi-

2055 5595 2200 5646 nem,
2257 5573 2598 5638 Mercurium,
2674 5585 2811 5638 quos
2865 5567 3062 5640 pagani
3118 5567 3248 5624 deos
3305 5571 3640 5628 existimant.

2059 5680 2234 5748 Supra
2253 5689 2441 5729 omnes
2461 5672 2590 5724 istos
2609 5666 2881 5723 extollitur
2898 5665 3268 5733 Antichristus,
3317 5668 3445 5737 quia
3482 5669 3650 5738 majo-

2061 5794 2174 5833 rem
2197 5783 2250 5830 et
2278 5769 2554 5827 fortiorem
2584 5783 2642 5822 se
2673 5765 2834 5821 faciet
2872 5763 2978 5820 illis
3022 5764 3290 5819 omnibus.
3337 5764 3402 5820 Et
3432 5780 3536 5821 non
3565 5781 3654 5821 so-

3268 5879 3343 5940 2.5
