4010 6074
494 236 598 297 747

1635 223 1966 289 WERNERI
2005 222 2291 288 ABBATIS
2328 230 2386 285 S.
2429 224 2648 288 BLASII

3684 231 3780 291 7&8

490 372 603 426 lum
631 383 793 441 supra
819 367 958 432 illos,
1013 360 1108 418 sed
1138 360 1299 418 etiam
1356 374 1517 429 supra
1563 373 1723 413 omne
1772 358 1917 430 quod
1950 357 2082 414 coli-
2107 358 2164 421 Α
2192 357 2438 415 doctores
2466 358 2611 428 quod
2637 358 2694 413 in
2721 365 2904 414 monte
2933 356 3148 426 Oliveti,
3179 357 3316 413 sicut
3354 357 3471 427 jam
3507 360 3782 430 praemisi-

491 466 596 526 tur,
653 455 709 511 id
755 463 835 510 est
885 458 1124 509 sanctam
1177 447 1511 512 Trinitatem,
1563 463 1684 518 qua:
1738 445 2077 503 solummodo

488 543 715 604 colenda
759 550 813 599 et
866 539 1140 597 adoranda
1193 544 1274 591 est
1319 535 1389 590 ab
1422 534 1569 590 omni
1607 542 1875 591 creatura.
1914 536 1993 590 Ita
2021 550 2080 589 se

490 632 726 702 extollet,
760 639 819 685 ut
846 630 903 684 in
931 627 1133 697 templo
1188 624 1287 680 Dei
1317 622 1520 692 sedeat,
1552 621 1840 679 ostendens
1867 639 1924 678 se
1952 630 2078 677 tan-

486 748 648 806 quam
675 731 743 786 sit
769 730 932 786 Deus.
960 726 1099 783 Nam
1136 723 1270 779 sicut
1297 736 1459 794 supra
1498 718 1751 788 diximus,
1784 720 1840 774 in
1865 719 2079 775 civitate

488 819 798 893 Babylonia:
857 824 1033 883 natus,
1093 811 1388 869 Jerusalem
1439 809 1681 876 veniens,
1734 808 2081 865 circumcidet

487 935 547 976 se
570 917 755 974 dicens
782 913 980 970 Iudaeis
1011 931 1024 967 :
1052 910 1174 985 Ego
1203 924 1323 963 sum
1350 906 1588 963 Christus
1615 906 1771 964 vobis
1798 904 2082 977 repromis-

488 1024 601 1078 sus,
660 1005 752 1077 qui
780 1002 849 1060 ad
902 1001 1129 1057 salutem
1185 1004 1422 1055 vestrum
1476 994 1622 1059 veni,
1670 1001 1728 1047 ut
1754 1008 1852 1049 vos
1889 991 1978 1062 qui
2008 990 2083 1045 di-

485 1103 654 1178 spersi
683 1101 809 1159 estis
837 1112 1167 1173 congregem
1197 1102 1250 1151 et
1277 1092 1593 1148 defendam.
1631 1090 1782 1145 Tunc
1810 1088 2080 1145 conﬂuent

487 1192 558 1250 ad
584 1209 708 1249 eum
760 1204 949 1246 omnes
992 1182 1183 1252 Judaei,
1243 1181 1571 1239 aestimantes
1596 1195 1653 1234 se
1682 1178 1947 1234 Christum
1994 1194 2080 1232 su-

484 1281 711 1354 scipere,
741 1295 865 1336 cum
884 1274 1176 1347 suscipiant
1220 1269 1522 1326 diabolum.
1562 1267 1672 1324 Sed
1701 1282 1769 1322 ne
1807 1265 1985 1321 subito
2025 1272 2080 1320 et

485 1376 774 1452 improvise
825 1370 1174 1429 Antichristus
1222 1366 1423 1431 veniat,
1482 1371 1535 1419 et
1589 1370 1757 1419 totum
1790 1360 1952 1452 simul
1982 1362 2078 1416 hu-

486 1451 705 1524 manum
733 1479 906 1537 genus
960 1457 1211 1530 decipiat,
1255 1463 1308 1511 et
1361 1469 1457 1509 suo
1505 1467 1685 1507 errore
1713 1451 1921 1523 perdat,
1955 1457 2078 1505 ante

484 1562 729 1614 exortum
760 1553 878 1623 ejus
904 1549 1012 1605 duo
1040 1545 1226 1618 magni
1269 1543 1550 1614 pr0phetaa
1578 1539 1855 1595 mittentur
1890 1538 2075 1594 Enoch

483 1661 538 1711 et
588 1651 732 1708 Elias
787 1649 843 1704 in
896 1644 1178 1710 mundum,
1237 1639 1328 1712 qui
1383 1645 1568 1695 contra
1623 1636 1884 1708 impetum
1933 1635 2078 1691 Anti-

2188 462 2326 515 mus,
2358 446 2709 503 Antichristus
2737 445 3008 502 occidetur
3036 445 3091 500 in
3148 445 3436 518 papilione,
3477 455 3533 502 et
3558 447 3618 502 in
3645 449 3779 507 solio

2188 546 2284 586 suo
2310 531 2367 585 in
2395 531 2488 586 illo
2511 530 2632 586 loco
2687 545 2793 601 quo
2823 531 2965 585 Deus
2993 529 3232 586 ascendit
3270 530 3327 585 in
3355 531 3577 587 calum.
3613 533 3781 589 Debe

2186 635 2309 676 mus
2353 627 2533 675 autem
2586 618 2723 675 scire
2769 619 2934 689 quod,
2988 626 3274 689 postquam
3329 619 3508 689 fuerit,
3550 622 3777 691 occisus,

2188 725 2297 764 non
2327 709 2504 764 statim
2557 707 2738 765 veniet
2791 708 2907 763 dies
2944 707 3138 778 judicii
3168 709 3353 776 (Joan.
3387 709 3493 778 ur),
3522 710 3621 765 sed
3648 711 3781 768 sicut

2188 798 2327 853 libro
2358 796 2596 853 Danielis
2650 797 2899 870 legimus,
2958 797 3313 870 quadraginta
3363 798 3479 853 dies
3525 799 3784 856 concedet

2189 885 2451 941 Dominus
2502 885 2686 941 electis
2728 893 2787 940 ut
2847 892 3013 958 agant
3065 884 3456 957 penitentiam,
3531 888 3623 957 qui
3678 890 3782 945 ali-

2189 981 2507 1052 quantulum
2536 980 2739 1037 seducti
2764 988 2917 1036 erant
2945 981 3014 1037 ab
3042 980 3390 1037 Antichristo.

2261 1070 2547 1141 Postquam
2623 1084 2751 1126 vero
2806 1069 3175 1141 paenitentiam
3230 1070 3457 1143 egerint,
3518 1079 3780 1142 quantum

2188 1156 2445 1230 temporis
2471 1156 2565 1212 ﬁat
2618 1172 2894 1229 quousque
2931 1158 3194 1213 Dominus
3247 1158 3445 1229 veniat,
3494 1160 3678 1216 nullus
3706 1169 3784 1216 est

2188 1247 2278 1317 qui
2307 1246 2459 1312 sciat,
2490 1245 2585 1302 sed
2613 1245 2668 1300 in
2705 1245 3054 1318 dispositione
3083 1246 3183 1302 Dei
3223 1255 3424 1315 manet,
3455 1249 3550 1320 qui
3580 1265 3648 1305 ea
3676 1251 3781 1307 ho-

2186 1351 2247 1392 ra
2273 1334 2528 1391 saeculum
2552 1333 2838 1405 judicabit,
2872 1335 2963 1407 qui
2992 1343 3114 1391 ante
3141 1336 3396 1392 smculum
3422 1337 3780 1408 judicandum

2187 1449 2304 1488 esse
2358 1430 2614 1506 praeﬁxit.
2670 1432 2788 1487 Erit
2837 1439 3016 1488 autem
3056 1431 3320 1503 judicium
3349 1434 3405 1488 in
3433 1435 3575 1491 valle
3629 1438 3781 1494 Josa-

2184 1524 2333 1594 phat,
2364 1521 2651 1576 utdicitur.
2682 1521 2847 1575 Vallis
2886 1520 3145 1592 Josaphat
3199 1521 3393 1578 dicitur
3435 1525 3605 1581 valli:
3635 1525 3781 1591 iudi-

2184 1611 2290 1669 cit.
2338 1609 2503 1665 Vallis
2529 1617 2609 1665 est
2637 1625 2853 1681 semper
2885 1609 3043 1679 juxta
3080 1619 3340 1669 montem.
3390 1611 3561 1669 Vallis
3588 1622 3671 1669 est
3696 1615 3782 1672 hic

480 1696 874 1798 ἔξιτίξίίῖἷάεέίὲε
897 1696 1273 1790 Beasti;
1307 1727 1471 1784 armis
1526 1696 1884 1798 permdnient,
1917 1732 1970 1779 et
1995 1724 2077 1778 in-
2103 1723 2157 1787 Β
2186 1696 2435 1798 "fundus;
2459 1712 2640 1798 ωοξιε,
2665 1705 2752 1797 εει,
2787 1696 3013 1798 903mm-
3043 1697 3133 1798 _ln
3188 1699 3327 1798 Valle
3362 1698 3530 1798 igitur
3558 1701 3621 1757 fit
3642 1702 3783 1798 iugi:

480 1834 701 1896 struant,
733 1834 786 1881 et
814 1821 1197 1881 confortabunt
1250 1817 1447 1874 electos
1492 1815 1561 1871 ad
1593 1814 1817 1882 bellum,
1849 1819 1903 1867 et
1930 1828 2077 1884 pra;-

476 1926 733 1983 dicabunt
760 1921 927 1977 tribus
956 1916 1110 1974 annis
1163 1919 1216 1970 et
1269 1911 1575 1968 dimidium.
1607 1908 1764 1979 Quali
1809 1915 1966 1965 astate
1993 1924 2079 1964 vae

475 2017 627 2072 niunt
671 2011 747 2066 illi
776 2010 883 2065 duo
912 2008 944 2061 ?
988 2006 1051 2062 In
1100 2019 1165 2059 ea
1228 2016 1335 2072 qua
1385 1996 1642 2070 assumpti
1705 2003 1851 2052 sunt.
1914 1995 2078 2051 Filios

476 2111 657 2161 autem
685 2097 851 2156 Israel
899 2093 1204 2167 quicunque
1261 2104 1328 2144 eo
1393 2095 1634 2158 tempore
1672 2084 1869 2140 iuerint
1896 2084 2077 2141 inven.

472 2193 532 2262 ti,
562 2195 661 2247 hos
683 2188 960 2262 propheta:
1015 2189 1070 2238 et
1122 2180 1370 2236 doctores
1425 2175 1495 2231 ad
1530 2174 1656 2230 fidei
1684 2173 1916 2246 gratiam
1947 2188 2074 2229 con-

471 2286 716 2346 vertant,
785 2283 839 2330 et
920 2283 1229 2345 pressuram
1315 2263 1446 2320 tanti
1513 2263 1739 2318 turbinis
1801 2262 1858 2316 in
1919 2268 2071 2331 parte

473 2371 764 2426 electorum
829 2358 1190 2434 superabilem
1250 2354 1495 2409 reddent.
1560 2352 1709 2407 Tunc
1763 2349 2075 2422 implebitur

472 2456 617 2531 quod
646 2453 923 2524 Scriptura
971 2446 1136 2503 dicit:
1177 2468 1200 2493 α
1234 2443 1295 2500 Si
1318 2441 1491 2531 fuerit
1537 2455 1793 2531 numerus
1837 2437 2072 2531 ﬁliorum

472 2526 636 2602 Israel
662 2542 801 2599 sicut
825 2553 990 2595 arena
1015 2532 1200 2600 maris,
1231 2530 1455 2601 reliqua
1492 2528 1662 2584 salva:
1690 2526 1840 2584 ﬁent.
1874 2528 2061 2597 (Rom.

471 2634 612 2706 ππ).
646 2654 670 2682 ιδ
703 2631 995 2699 Postquam
1023 2638 1159 2696 ergo
1208 2635 1308 2693 per
1361 2627 1467 2674 tres
1509 2630 1680 2673 annon
1708 2623 1763 2671 et
1787 2614 2071 2671 dimidium

470 2728 908 2808 praedicationem
970 2737 1124 2778 suam
1191 2715 1602 2789 compleverint,
1662 2729 1793 2770 mox
1852 2712 2073 2784 incipiet

467 2804 857 2879 excandescere
912 2808 1219 2869 Antichristi
1269 2804 1589 2879 persecutio,
1647 2811 1702 2858 et
1746 2808 1935 2857 contra
1978 2816 2073 2856 eos

468 2908 818 2967 Antichristus
845 2902 1081 2975 primum
1125 2911 1276 2953 arma
1319 2909 1418 2950 sua
1446 2891 1684 2963 arripiet,
1734 2905 1933 2960 eosque
1980 2889 2069 2944 in-

468 2999 711 3065 terficiet,
766 2994 905 3051 sicut
971 2990 1030 3044 in
1090 2981 1413 3058 Apocalypsi
1468 2980 1709 3053 legitur:
1758 3001 1780 3029 α
1822 2979 1895 3034 Et
1946 2992 2070 3034 cum

2185 1785 2349 1853 cium,
2382 1786 2438 1841 id
2494 1793 2574 1841 est
2626 1785 2683 1840 in
2737 1785 2838 1841 isto
2895 1785 3117 1855 mundo,
3175 1786 3377 1843 scilicet
3417 1788 3475 1843 in
3502 1805 3650 1860 aere,
3690 1790 3781 1847 ubi

2179 1873 2309 1945 justi
2337 1874 2407 1929 ad
2435 1872 2711 1929 dexteram
2767 1872 2979 1937 Christi,
3029 1880 3087 1928 ut
3113 1890 3243 1930 oves
3293 1882 3637 1945 statuantur;
3673 1880 3782 1934 im-

2183 1962 2258 2034 pii
2287 1970 2488 2025 autem.
2518 1969 2575 2017 ut
2602 1962 2743 2017 haedi
2771 1962 2840 2016 ad
2867 1962 3135 2017 sinistram
3174 1972 3458 2035 ponentur.
3491 1965 3783 2035 Quomodo

2183 2058 2253 2114 ad
2280 2057 2524 2114 dextram
2554 2058 2641 2115 vel
2668 2057 2936 2113 sinistram
2956 2058 2987 2113 ?
3014 2057 3098 2113 Ad
3135 2057 3401 2126 dextram,
3441 2061 3649 2117 scilicet
3676 2080 3783 2119 sur-

2182 2163 2302 2202 sum
2361 2147 2415 2201 in
2479 2144 2699 2219 gloria;
2741 2145 2809 2202 ad
2866 2146 3154 2214 sinistram,
3196 2147 3446 2204 deorsum
3499 2149 3558 2205 in
3605 2158 3775 2211 terra.

2180 2236 2313 2290 Justi
2343 2235 2578 2308 geminis
2606 2235 2705 2291 alis
2733 2235 3005 2290 charitatis
3060 2236 3129 2291 ad
3184 2237 3293 2292 alta
3318 2238 3692 2309 sublevantur,
3726 2249 3783 2297 ut

2182 2332 2392 2400 dicitur,
2424 2330 2591 2388 sancti
2621 2339 2833 2387 sument
2859 2347 3064 2404 pennas
3092 2340 3150 2387 ut
3196 2333 3409 2407 aquilas,
3458 2335 3614 2405 impii
3645 2352 3781 2409 pec-

2179 2421 2331 2486 catis,
2391 2428 2449 2476 ut
2504 2420 2786 2494 plumbum
2841 2420 2911 2476 ad
2966 2428 3178 2479 terrena
3237 2422 3432 2493 quibus
3475 2429 3588 2479 toto
3616 2427 3780 2482 corde

2180 2509 2538 2576 inhaeserant,
2587 2507 2837 2563 deorsum
2903 2508 3293 2579 deprimuntur.
3368 2510 3451 2566 De
3504 2512 3780 2570 celeritate

2179 2620 2307 2661 vero
2336 2605 2496 2676 hujus
2538 2604 2728 2676 judicii
2755 2606 3083 2678 Augustinus
3121 2605 3198 2662 ait
3248 2607 3318 2661 ad
3376 2610 3729 2666 Consentium
3762 2632 3775 2667 :

2178 2695 2242 2749 In
2271 2701 2474 2763 atomo,
2506 2693 2680 2763 inquit
2706 2694 3014 2766 Apostolus,
3065 2695 3169 2750 hoc
3197 2702 3278 2750 est
3305 2695 3361 2750 in
3390 2704 3593 2768 puncto
3637 2707 3782 2755 tem-

2181 2783 2343 2854 poris,
2377 2782 2521 2853 quod
2564 2781 2733 2838 dividi
2776 2797 2886 2837 non
2932 2790 3125 2854 potest,
3155 2784 3210 2838 in
3257 2784 3367 2839 ictu
3394 2785 3536 2842 oculi
3565 2787 3673 2843 hoc
3702 2796 3783 2843 est

2178 2878 2234 2933 in
2261 2894 2474 2934 summa
2503 2879 2792 2945 celeritate,
2826 2879 3120 2935 novissima
3157 2879 3305 2946 tuba,
3348 2881 3451 2938 hoc
3477 2888 3557 2938 est
3586 2884 3646 2939 in
3676 2902 3780 2942 no-

2177 2966 2398 3023 vissimo
2452 2967 2608 3041 signo
2661 2967 2807 3038 quod
2861 2967 3094 3035 dabitur,
3139 2975 3198 3023 ut
3222 2968 3327 3025 ista
3371 2972 3773 3045 compleantur.

472 3055 725 3154 ﬁnierim;
781 3079 977 3153 inquit,
1042 3055 1429 3132 testimoniium
1474 3084 1651 3136 suum,
1724 3066 1897 3124 bestia
1949 3082 2073 3136 qua:
2098 3082 2149 3146 α
2179 3056 2349 3154 Canet
2378 3057 2543 3154 enim,
2578 3056 2768 3154 inquit,
2792 3055 2938 3154 tuba,
2971 3063 3023 3112 et
3043 3057 3235 3154 mortui
3283 3067 3566 3154 resurgent
3583 3061 3782 3154 Jincor.

470 3175 711 3235 ascendit
757 3172 826 3227 de
881 3169 1075 3240 abysso
1129 3163 1386 3220 adversus
1414 3174 1508 3217 eos
1545 3157 1709 3215 faciet
1760 3154 1985 3222 bellum,
2014 3160 2070 3211 et

469 3276 650 3332 vincet
675 3285 788 3336 eos,
817 3275 871 3324 et
896 3261 1179 3321 interﬁciet
1218 3259 1409 3331 (Apoc.
1458 3254 1559 3327 xi).
1594 3276 1616 3303 »
1665 3253 1953 3323 Postquam
1982 3251 2070 3306 isti

471 3365 580 3420 duo
628 3355 893 3416 interfecti
946 3350 1165 3417 fuerint,
1221 3345 1347 3402 inde
1395 3350 1620 3400 caeteros
1662 3340 1852 3399 ﬁdeles
1887 3355 2069 3410 perse-

473 3466 664 3523 quens,
721 3452 814 3503 aut
864 3448 1124 3511 martyres
1157 3434 1426 3509 gloriosos
1470 3431 1652 3523 faciet,
1682 3437 1773 3523 aut
1800 3435 2070 3523 apostatas

474 3517 681 3595 reddet.
714 3534 783 3589 Et
818 3530 1123 3601 quicunque
1168 3524 1227 3579 in
1278 3538 1404 3579 eum
1453 3517 1796 3587 crediderint,
1855 3517 2071 3589 signum

472 3630 757 3693 caracteris
785 3627 904 3698 ejus
930 3626 986 3681 in
1012 3624 1187 3679 fmnte
1226 3618 1508 3688 accipient.
1558 3615 1668 3674 Sed
1693 3615 1763 3673 de
1803 3612 2069 3684 principio

474 3725 593 3795 ejus
615 3720 732 3792 jam
786 3716 915 3773 satis
968 3711 1245 3768 diximus:
1295 3723 1438 3763 nunc
1488 3721 1651 3778 quem
1678 3703 1842 3761 ﬁnan
1871 3700 2071 3759 habeat

473 3813 733 3870 dicamus.

972 3901 1184 3961 Divisio
1211 3898 1588 3957 narrationis.

538 4017 637 4074 Hic
663 4009 1031 4078 Antichristus,
1084 4003 1290 4061 diaboli
1332 4000 1474 4057 illius
1525 4007 1579 4055 et
1633 3997 1796 4054 totius
1844 3994 2069 4051 malitim

470 4116 682 4185 artifex,
714 4112 771 4168 in
813 4108 982 4165 tribus
1017 4101 1260 4178 partibus
1311 4096 1520 4166 mundi,
1576 4094 1724 4185 Asia,
1782 4091 1984 4185 Africa,
2016 4100 2071 4185 et

471 4180 707 4277 Europa,
739 4199 907 4256 tribus
934 4193 1133 4267 linguis
1164 4188 1485 4277 appellatur.
1523 4186 1587 4277 in
1613 4183 1861 4277 Hebraea,
1894 4180 2071 4277 Amai-

468 4268 719 4351 meidest
730 4301 867 4359 nego
886 4284 971 4353 ;in
982 4283 1192 4349 Graeca,
1216 4275 1503 4342 Antimosi,
1521 4273 1576 4329 id
1594 4281 1675 4329 est
1703 4268 2063 4339 contrarius;

470 4384 527 4439 in
555 4381 760 4445 Latina,
792 4375 968 4441 Titan,
1002 4371 1058 4426 id
1086 4376 1168 4424 est
1218 4368 1304 4425 sol
1331 4365 1419 4423 vel
1474 4364 1655 4436 gigas.
1704 4359 1810 4430 Qui
1835 4374 1935 4430 per
1962 4366 2068 4414 tres

2178 3141 2340 3213 rupti,
2371 3148 2425 3196 et
2452 3156 2551 3197 nos
2578 3139 3003 3210 immutabimur,
3035 3148 3088 3196 et
3114 3141 3271 3197 istam
3300 3146 3781 3202 commutationem

2176 3236 2233 3291 in
2259 3236 2451 3292 melius
2477 3236 2592 3291 sine
2621 3235 2953 3293 dubitatione
2983 3245 3194 3308 oportet
3222 3238 3471 3313 intelligi,
3503 3241 3633 3312 quia
3661 3260 3781 3299 om-

2178 3341 2294 3395 nes,
2325 3332 2378 3380 et
2400 3324 2533 3396 justi
2562 3333 2615 3380 et
2660 3324 2865 3396 injusti,
2924 3326 3267 3383 resurrecturi
3320 3336 3461 3382 sunt.
3502 3329 3611 3387 Sed
3642 3333 3780 3389 sicut

2178 3413 2442 3469 Dominus
2466 3414 2521 3468 in
2550 3413 2848 3486 Evangelio
2889 3413 3124 3485 loquitur
3155 3434 3168 3470 :
3207 3437 3229 3464 ιι
3263 3414 3421 3491 Quod
3448 3417 3657 3476 bonum
3689 3420 3776 3478 fe-

2177 3511 2327 3581 cerit,
2358 3510 2414 3564 in
2440 3510 2889 3567 resurrectionem
2919 3513 3044 3568 vitae
3076 3526 3090 3583 ;
3140 3512 3283 3585 quod
3313 3513 3457 3569 male
3484 3518 3679 3588 egerit,
3720 3519 3776 3575 in

2177 3599 2619 3656 resurrectionem
2645 3597 2836 3669 judicii
2875 3601 3062 3672 (Joan.
3101 3618 3136 3657 v
3164 3600 3206 3670 ),
3242 3623 3263 3649 υ
3299 3600 3567 3671 judicium
3597 3609 3781 3680 appel-

2179 3684 2296 3739 laus
2320 3698 2540 3754 poenam
2595 3683 3015 3756 sempiternam;
3074 3683 3213 3739 sicut
3238 3684 3345 3740 alio
3402 3686 3523 3741 loco
3559 3708 3571 3743 :
3611 3715 3634 3738 σε
3671 3691 3777 3761 Qui

2178 3798 2288 3836 non
2316 3781 2502 3850 credit,
2542 3780 2733 3853 inquit,
2785 3781 2900 3852 jam
2952 3780 3224 3852 judicatus
3278 3790 3359 3838 est
3387 3784 3571 3844 (locu.
3602 3789 3713 3861 in).
3748 3814 3770 3839 ι.

2178 3869 2408 3926 Proinde
2428 3870 2504 3924 illi
2533 3870 2623 3941 qui
2652 3868 2721 3924 ad
2771 3868 3035 3939 judicium
3092 3872 3437 3928 resurrecturi
3464 3884 3611 3945 sunt,
3665 3895 3779 3937 non

2178 3968 2648 4025 commutabuntur
2694 3967 2751 4021 in
2804 3967 2953 4022 illam
3010 3967 3451 4045 incorruptelam,
3500 3989 3624 4047 quae
3681 3993 3781 4032 nec

2177 4065 2379 4123 doloris
2403 4064 2799 4139 corruptionem
2826 4065 2936 4137 pati
2973 4072 3166 4138 potest.
3220 4066 3319 4127 Illa
3372 4070 3612 4142 namque
3652 4073 3778 4132 iide-

2176 4165 2307 4221 lium
2336 4174 2416 4223 est
2442 4174 2600 4237 atque
2629 4173 2953 4223 sanctorum.
2976 4165 3069 4223 Isti
3102 4182 3233 4225 vero
3261 4176 3526 4240 perpetua
3553 4171 3780 4235 damna-

2176 4257 2321 4316 tione
2350 4257 2748 4326 cremabuntur,
2779 4258 2906 4331 quia
2932 4258 3076 4333 ignis
3102 4275 3292 4319 eorum
3318 4278 3429 4323 non
3456 4266 3779 4340 exstingua-

2177 4360 2278 4423 tur,
2310 4363 2363 4413 et
2389 4355 2590 4413 vermis
2616 4371 2805 4413 eorum
2852 4370 2962 4412 non
3011 4356 3291 4413 morietur.
3322 4360 3398 4415 Ac
3425 4376 3528 4431 per
3543 4363 3663 4420 hoc
3697 4366 3779 4422 in-

469 4493 639 4536 annos
665 4482 719 4530 et
737 4440 1042 4535 dimidium,
1102 4466 1238 4521 sicut
1283 4476 1446 4535 supra
1493 4460 1694 4516 dictum
1738 4464 1837 4527 est,
1869 4469 2071 4527 magna
2096 4440 2151 4504 D
2177 4453 2411 4525 corrupti
2442 4452 2659 4524 quidem
2702 4459 2983 4526 resurgant
3028 4453 3337 4527 integritate
3379 4459 3777 4530 membrorum,

465 4563 837 4641 persecutione
900 4565 1073 4614 totum
1134 4552 1397 4608 mundum
1465 4547 1700 4616 vexabit,
1758 4553 1813 4601 et
1847 4559 2066 4600 omnem

463 4664 726 4740 populum
762 4659 862 4715 Dei
910 4654 1074 4714 variis
1129 4652 1303 4725 poenis
1356 4646 1728 4705 circumdabit.
1778 4646 2065 4740 Postquam

467 4738 654 4821 Ἐπίδοὴ
681 4766 737 4816 et
780 4753 960 4814 Eliam
1004 4747 1308 4816 interﬁciet,
1364 4754 1417 4801 et
1471 4750 1694 4801 caeteros
1724 4741 1779 4797 in
1811 4738 1919 4795 ﬁde
1944 4755 2067 4811 per-

464 4866 743 4920 manentes
769 4849 1024 4924 martyrio
1070 4844 1428 4913 coronaverit,
1485 4842 1556 4897 ad
1610 4841 1859 4896 ultimum
1888 4837 2067 4895 veniet

461 4962 543 5017 ira
568 4957 671 5016 Dei
694 4967 856 5027 super
890 4950 1066 5006 illum.
1093 4946 1236 5002 Nam
1268 4940 1553 4998 tentorium
1591 4954 1746 4995 suum
1798 4935 1867 4992 ad
1897 4951 2064 5007 expu-

459 5057 706 5133 gnandos
728 5055 903 5126 justus
928 5049 985 5104 in
1014 5052 1194 5103 monte
1226 5040 1423 5100 Oliveti
1453 5037 1725 5105 extendet,
1758 5036 1814 5091 in
1845 5050 1952 5106 quo
1982 5034 2063 5089 in-

462 5155 673 5214 venitur
698 5150 876 5209 subita
920 5152 1090 5203 morte
1141 5148 1401 5201 mortuus.
1434 5136 1501 5193 Et
1526 5136 1663 5194 sicut
1697 5134 1887 5190 beatus
1916 5133 2059 5189 Pau-

461 5248 749 5308 lusscribit
774 5246 995 5301 dicens:
1044 5264 1066 5291 (ι
1111 5238 1383 5308 Quoniam
1431 5234 1694 5292 Dominus
1720 5232 1873 5287 Jcsus
1901 5231 2061 5287 inter-

460 5353 606 5410 ﬁciat
627 5348 816 5423 spiritu
843 5345 952 5403 oris
977 5342 1060 5399 sui
1108 5340 1188 5411 (II
1221 5342 1261 5398 Τ
1260 5341 1402 5399 heu.
1447 5338 1531 5410 ii),
1563 5361 1586 5387 υ
1631 5335 1747 5394 sive
1796 5333 2061 5390 Dominus

455 5453 610 5509 Iesus
658 5443 942 5503 interﬁciat
992 5439 1147 5496 illum
1200 5436 1442 5509 potentia
1495 5434 1720 5493 visionis
1767 5449 1898 5502 suae,
1942 5432 2059 5490 sive

459 5545 815 5620 archangelus
858 5537 1089 5597 Michael
1134 5533 1417 5593 interﬁciat
1464 5533 1617 5590 illum
1660 5548 1760 5605 per
1804 5532 2057 5589 virtutem

454 5643 672 5705 Domini
692 5637 860 5698 nostri
883 5638 1011 5694 Iesu
1038 5632 1239 5689 Christi
1271 5647 1286 5701 ;
1316 5646 1428 5687 non
1469 5646 1566 5703 per
1597 5628 1847 5687 virtutem
1879 5628 2053 5698 cujus-

458 5748 587 5804 libet
613 5739 794 5815 angeli
814 5737 902 5797 vel
920 5730 1230 5806 archangeli
1259 5730 1550 5788 occidetur.
1582 5727 1818 5784 Tradunt
1836 5741 2048 5800 quoque

2175 4557 2270 4614 sed
2308 4565 2489 4614 tamen
2516 4554 2894 4629 corrumpendi
2948 4555 3136 4613 dolore
3182 4574 3486 4631 pennarum,
3529 4580 3658 4621 cum
3691 4582 3780 4625 au-

2174 4652 2367 4708 dierint
2399 4673 2412 4709 :
2451 4676 2472 4702 «
2507 4654 2585 4709 Ite
2612 4652 2669 4705 in
2692 4652 2874 4726 ignem
2916 4659 3179 4708 aeternum
3209 4655 3300 4726 qui
3328 4667 3667 4730 praeparatus
3699 4672 3777 4719 at

2173 4750 2389 4807 diabolo
2410 4758 2462 4806 et
2490 4748 2697 4822 angelis
2723 4749 2840 4821 ejus
2883 4751 3106 4821 (Matth.
3138 4753 3292 4824 xxv),
3327 4775 3349 4802 ι)
3383 4770 3417 4811 a
3445 4771 3554 4827 quo
3584 4759 3773 4815 auditu

2172 4849 2317 4905 malo
2340 4848 2515 4922 justus
2540 4863 2649 4904 non
2670 4847 2895 4903 timebit.

2241 4947 2322 5003 De
2350 4946 2561 5002 eodem.
2585 4946 2655 5002 Ut
2678 4944 2860 5000 radius
2900 4946 3039 5005 oculi
3093 4947 3261 5005 nostri
3290 4965 3400 5006 non
3445 4951 3604 5010 citius
3659 4974 3775 5029 per~

2170 5045 2314 5102 venit
2343 5044 2411 5100 ad
2437 5042 2845 5117 propinquiora,
2893 5060 2994 5101 nec
3041 5043 3244 5102 tardius
3265 5046 3333 5103 ad
3363 5049 3773 5125 longinquiora,

2167 5143 2263 5199 sed
2289 5152 2511 5214 utraque
2539 5140 2820 5199 intervalla
2847 5141 3006 5212 parili
3061 5143 3333 5201 celeritate
3360 5147 3650 5222 contingit,
3696 5153 3774 5209 ita

2169 5255 2291 5295 cum
2320 5238 2376 5293 in
2403 5238 2511 5294 ictu
2554 5237 2715 5308 oculi,
2773 5237 2912 5294 sicut
2965 5240 3252 5309 Apostolus
3296 5241 3445 5312 dicit,
3500 5245 3569 5300 sit
3596 5263 3777 5305 resur-

2166 5334 2331 5393 rectio
2379 5342 2733 5402 mortuorum,
2797 5332 3205 5405 omnipotentiae
3250 5337 3352 5392 Dei
3406 5346 3460 5395 et
3507 5340 3775 5400 ineffabili

2166 5432 2317 5489 nutui
2348 5440 2453 5489 tam
2476 5429 2634 5487 facile
2663 5436 2744 5486 est
2778 5447 3008 5505 quaeque
3038 5433 3276 5489 recentia
3321 5451 3487 5506 quam
3515 5438 3772 5498 diuturno

2167 5538 2408 5604 tempore
2436 5528 2647 5600 dilapsa
2673 5528 2940 5589 cadavera
2966 5529 3240 5587 suscitare.
3273 5533 3408 5589 Item
3436 5533 3506 5591 de
3535 5536 3761 5601 eodem.

2166 5628 2280 5684 Erit
2300 5627 2562 5699 judicium
2592 5627 2719 5699 ipso
2785 5622 3060 5698 inopinato
3092 5629 3308 5684 Domini
3353 5631 3583 5691 adventu
3607 5636 3775 5693 celer-

2162 5727 2402 5782 rimum:
2456 5724 2599 5797 quod
2657 5724 3017 5783 tardissimum
3076 5727 3379 5800 putabatur,
3429 5732 3555 5802 quia
3614 5734 3765 5805 ipsas
