4072 6078
259 275 365 328 ⁸149

1207 259 1796 326 DEFLORATIONES
1835 271 1932 328 SS.
1974 271 2282 328 PATRUM.
2321 301 2391 310 -—
2426 269 2561 326 LIB.
2612 272 2652 325 l.

3465 263 3568 334 ἡδο

257 391 634 459 conscientias,
665 391 713 448 si
767 408 879 448 non
934 393 1200 447 sermonis
1248 393 1574 463 prolixitate,
1633 391 1864 448 convin-
1892 407 1947 468 Α
1979 392 2381 448 conscientiam.
2415 391 2574 461 Quali
2603 400 2784 448 autem
2815 393 2991 450 forma
3040 395 3322 468 apparebit
3354 396 3429 451 ibi
3457 397 3575 454 Do-

260 490 368 538 cet.
431 485 492 538 in
548 480 966 553 cogitationibus
1024 479 1190 547 enim,
1258 481 1393 536 sicut
1449 481 1707 550 scriptum
1763 489 1860 550 est,

271 595 294 620 ι(
335 570 489 642 impii
521 570 872 642 interrogatio
921 569 1024 624 erit
1077 571 1232 642 (Sap.
1265 571 1328 637 1).
1365 592 1386 616 υ
1442 569 1507 623 Et
1534 569 1858 638 Apostolus:

267 684 291 708 α
337 657 795 731 ﬂagitationibus,
829 679 852 705 »
906 657 1100 727 inquit,
1139 679 1161 705 (ι
1221 657 1600 712 accusantibus
1645 658 1732 712 vel
1761 673 1862 711 ex-

260 755 571 811 cusantibus
591 755 646 810 in
674 755 762 809 die
801 770 911 824 qua
933 753 1202 823 judicabit
1232 755 1379 809 Deus
1433 754 1642 809 occulta
1690 753 1869 810 homi-

259 871 390 908 num
420 852 714 908 secundum
745 851 1103 923 Evangelium
1153 866 1333 905 meum
1365 868 1463 923 per
1491 853 1673 906 Jesum
1703 851 1864 908 Chri-

257 951 400 998 stum
429 943 608 1011 (Rom.
645 946 731 1011 ιι).
769 963 791 988 υ
859 941 1035 995 Etiam
1091 941 1356 996 Dominus
1410 941 1488 996 sic
1544 942 1752 997 futurus
1787 949 1867 996 est

261 1040 411 1095 testis
440 1038 820 1116 intelligendus
873 1037 1054 1104 velox,
1109 1055 1233 1093 cum
1289 1039 1404 1093 sine
1453 1055 1605 1096 mora
1634 1055 1863 1096 revoca-

262 1137 411 1184 turus
436 1136 516 1184 est
553 1127 607 1182 in
637 1125 975 1200 memoriam,
1037 1126 1181 1183 unde
1240 1127 1528 1185 convincat
1572 1129 1863 1202 puniatque

1970 481 2146 536 minus
2181 481 2212 534 ?
2242 480 2439 536 Electis
2465 481 2520 536 in
2549 498 2614 536 ea
2643 481 2822 538 forma
2852 500 2957 553 qua
2986 483 3041 537 in
3073 491 3258 540 monte
3286 486 3534 558 apparuit
3558 505 3570 541 :

1968 569 2222 640 reprobis
2249 584 2376 626 vero
2407 569 2462 624 in
2518 587 2582 625 ea
2642 569 2816 626 forma
2847 588 2952 642 qua
2999 571 3053 626 in
3110 589 3267 630 cruce
3295 574 3574 646 pependit.

1968 663 2085 720 Erit
2109 665 2184 720 ibi
2215 683 2367 734 crux,
2389 667 2594 723 scilicet
2623 668 2834 741 lignum
2865 669 2919 722 in
2951 685 3056 740 quo
3083 686 3271 742 passus
3292 679 3372 727 est
3398 672 3582 728 Domi-

1971 771 2070 808 nus
2090 755 2119 806 ?
2138 755 2514 826 Nequaquam,
2549 756 2644 812 sed
2667 755 2759 812 lux
2783 756 2837 810 in
2876 759 3096 814 modum
3120 760 3310 826 crucis,
3335 760 3581 832 splendi-

1969 844 2092 898 dior
2120 844 2252 898 sole.
2283 843 2402 912 Qua
2438 846 2571 901 hora
2600 843 2688 900 ﬁet
2714 846 2978 917 judicium
2997 849 3026 901 ε’
3073 849 3252 906 Media
3281 856 3440 907 nocte
3471 867 3579 922 qua

1971 943 2106 997 hora
2136 942 2370 1014 angelus
2420 942 2712 1016 .Egyptum
2770 944 3088 1016 devastavit,
3120 955 3174 1003 et
3199 947 3468 1010 Dominus
3495 947 3576 1003 in-

1973 1031 2185 1086 fernum
2242 1029 2585 1101 despoliavit,
2644 1049 2708 1089 ea
2758 1036 2890 1092 hora
2947 1034 3146 1093 electos
3200 1052 3328 1093 suos
3374 1036 3442 1092 de
3472 1039 3575 1093 hoc

1972 1128 2174 1184 mundo
2203 1128 2469 1185 liberabit.

318 1434 924 1543 DOMINICA
1003 1433 1592 1542 SECUNDA
1665 1433 2007 1539 ANTE
2082 1435 2958 1546 NATIVITATEM
3032 1436 3523 1546 DOMINI.

343 1707 364 1731 «
397 1683 532 1740 Cum
561 1681 796 1738 audisset
821 1683 1054 1739 Joannes
1099 1680 1155 1735 in
1187 1680 1416 1740 vinculis
1446 1696 1615 1751 opera
1644 1679 1860 1748 Christi,
1892 1680 1946 1742 B
1975 1680 2058 1736 lus
2091 1700 2102 1736 :

264 1773 483 1842 mittens
508 1771 643 1828 duos
674 1773 740 1826 de
772 1770 1050 1846 discipulis
1103 1771 1214 1826 suis
1275 1769 1350 1826 ait
1401 1769 1477 1825 illi
1512 1790 1523 1826 :
1578 1771 1657 1825 Tu
1685 1788 1743 1826 es
1772 1771 1864 1842 qui

263 1869 522 1917 venturus
552 1877 628 1927 es,
662 1878 731 1918 an
764 1862 930 1918 alium
970 1867 1345 1930 exspectamus
1375 1860 1402 1913 ‘?
1436 1883 1458 1907 ››
1502 1859 1723 1930 (Matth.
1758 1862 1864 1930 x1.)

261 1950 417 2004 Jesus
446 1966 504 2004 es
535 1967 546 2002 :
584 1949 782 2004 Manda
810 1949 945 2004 milii
1001 1957 1177 2003 utrum
1208 1955 1257 2003 te
1288 1947 1516 2003 debeam
1574 1947 1862 2002 annuntia-

262 2055 323 2093 re
354 2037 539 2093 inferis
587 2055 694 2108 quo
752 2038 1104 2094 descensurus
1158 2054 1299 2104 sum,
1331 2054 1400 2091 an
1447 2052 1554 2092 non
1581 2038 1868 2094 conveniat

267 2144 317 2190 te
341 2143 558 2207 gustare
585 2141 838 2204 mortem,
872 2151 993 2190 cum
1016 2133 1116 2189 Dei
1145 2134 1218 2188 sis
1245 2132 1413 2192 Filius
1433 2135 1461 2186 ‘.’
1510 2134 1862 2204 (Gnnoonws

262 2239 438 2298 super
457 2223 854 2293 Bacchidem.)
887 2222 1116 2296 Spiritus
1163 2222 1460 2294 prOphetiae
1497 2223 1867 2294 prophetantis

263 2313 504 2370 animam
540 2312 713 2385 tangit
739 2311 1029 2383 aliquando
1076 2328 1143 2367 ex
1181 2311 1430 2382 praesenti
1463 2317 1516 2366 et
1542 2328 1650 2367 non
1677 2328 1743 2368 ex
1774 2312 1864 2366 fu-

265 2420 403 2480 turo,
433 2418 492 2466 ut
517 2410 749 2466 Joannes
777 2409 881 2466 ait:
924 2433 945 2457 «
979 2409 1124 2465 Ecce
1171 2426 1343 2481 agnus
1385 2408 1485 2464 Dei
1514 2409 1701 2481 (Joan.
1735 2411 1799 2478 1).
1836 2432 1858 2456 υ

260 2500 548 2555 Moriturus
577 2507 754 2554 autem
810 2498 1089 2568 requisivit
1142 2514 1242 2568 per
1291 2497 1583 2568 discipulos
1621 2514 1746 2554 suos
1775 2498 1866 2552 di-

263 2604 425 2645 cens:
466 2612 489 2638 π
519 2589 597 2643 Tu
622 2604 679 2642 es
717 2586 807 2658 qui
840 2595 1094 2642 venturus
1140 2602 1215 2656 es,
1268 2603 1337 2641 an
1381 2587 1546 2641 alium
1575 2593 1864 2658 exspecta-

263 2703 388 2742 mus
416 2687 446 2738 ?
468 2709 489 2734 υ
522 2688 586 2741 In
616 2699 721 2758 quo
751 2684 984 2740 ostendit
1013 2683 1138 2755 quia
1182 2683 1392 2738 venisse
1443 2683 1866 2756 Redemptorem

264 2782 511 2842 noverat,
539 2774 633 2830 sed
661 2789 732 2830 an
758 2789 857 2846 per
883 2773 1118 2844 seipsum
1163 2772 1219 2826 in
1269 2772 1541 2827 infernum
1572 2771 1868 2830 descende-

265 2871 350 2918 ret
404 2862 700 2918 dubitabat.
759 2861 875 2918 Tali
928 2862 1125 2933 quippe
1147 2861 1302 2931 lapsu
1326 2861 1536 2932 pietatis
1565 2868 1618 2915 et
1646 2861 1865 2931 amoris,

266 2969 377 3008 non
431 2951 778 3020 inﬁdelitatis,
842 2967 941 3007 nec
989 2950 1158 3006 sancti
1205 2949 1547 3006 crediderunt
1602 2950 1868 3005 Christum

2143 1704 2164 1731 ‹‹
2197 1682 2311 1737 Nos
2337 1689 2516 1738 autem
2547 1683 2905 1754 praedicamus
2943 1684 3210 1740 Christum
3239 1684 3573 1754 cruciﬁxum,

1975 1769 2175 1826 Judaeis
2197 1771 2415 1841 quidem
2444 1771 2778 1839 scandalum,
2812 1772 3064 1844 gentibus
3093 1779 3271 1830 autem
3299 1773 3577 1830 stultitiam

1973 1859 2024 1930 (I
2053 1859 2180 1916 Cor.
2223 1860 2282 1928 1).
2319 1883 2340 1908 υ
2384 1860 2518 1915 Mira
2547 1859 2781 1916 faciebat
2825 1860 3108 1928 Dominus,
3156 1861 3253 1915 sed
3282 1869 3408 1917 tunc
3437 1861 3577 1920 mori

1977 1963 2086 2003 non
2115 1946 2440 2021 dedignatus
2494 1955 2591 2004 est.
2653 1948 2719 2004 Et
2775 1964 2904 2006 vero
2961 1948 3088 2018 quia
3144 1949 3326 2005 multis
3368 1949 3580 2007 videtur

1973 2047 2235 2104 Joannem
2263 2047 2453 2104 saltem
2483 2063 2580 2120 per
2624 2046 2914 2118 scripturas
2943 2049 3329 2121 prophetarum
3356 2047 3578 2106 scivisse

1975 2136 2265 2191 novissime
2321 2135 2590 2192 Christum
2646 2135 2983 2206 moriturum,
3055 2136 3301 2210 legamus
3369 2146 3422 2194 et
3476 2137 3570 2195 ita.

1975 2224 2262 2294 Quomodo
2316 2224 2580 2280 Dominus
2631 2224 2832 2280 Lazaro
2867 2244 2878 2280 :
2922 2249 2943 2273 «ι
3005 2225 3108 2281 Ubi
3165 2234 3247 2282 est
3283 2225 3507 2296 positus,
3545 2249 3566 2274 υ

1976 2321 2131 2390 dixit,
2156 2321 2232 2378 sic
2261 2321 2496 2377 Joannes
2539 2321 2834 2394 interrogat
2881 2321 3171 2390 Christum,
3233 2323 3380 2378 nullo
3409 2323 3573 2378 modo

1975 2411 2100 2480 sibi,
2133 2411 2227 2466 sed
2256 2409 2550 2482 discipulis.
2584 2410 2938 2484 Interrogatio
2997 2427 3211 2483 quoque
3238 2411 3315 2468 sic
3345 2411 3575 2486 intelligi

1975 2516 2152 2579 potest
2182 2527 2194 2563 :
2231 2509 2310 2564 Tu
2339 2524 2398 2562 es
2427 2524 2587 2578 quem
2620 2507 2709 2564 lex
2737 2515 3020 2564 venturum
3042 2506 3312 2580 prmdixit,
3345 2525 3413 2564 an
3441 2509 3578 2564 alius

1979 2597 2216 2652 Christus
2236 2596 2681 2668 exspectabitur?
2737 2595 3046 2669 Respondet
3091 2604 3271 2654 autem
3314 2595 3578 2656 Dominus

1978 2692 2133 2748 factis
2161 2694 2338 2764 potius
2366 2709 2530 2764 quam
2561 2692 2736 2748 dictis.
2782 2694 2976 2764 Utique
3006 2693 3123 2754 visa
3165 2693 3424 2750 miracula
3453 2693 3577 2766 ple-

1977 2798 2108 2836 num
2165 2781 2531 2838 testimonium
2588 2780 2717 2837 dant
2769 2781 2912 2851 quod
2950 2782 3019 2838 sit
3075 2781 3243 2837 Filius
3297 2781 3416 2837 Dei.
3447 2781 3580 2838 Haec

1979 2871 2124 2924 enim
2153 2877 2277 2926 ante
2308 2869 2668 2942 Evangelium
2727 2869 2813 2926 vel
2867 2885 2991 2926 rara
3019 2869 3104 2926 vel
3149 2870 3297 2926 nulla
3324 2869 3574 2926 fuerunt.

1980 2960 2128 3016 Unus
2156 2958 2353 3015 Tobias
2382 2957 2569 3014 oculos
2597 2957 2820 3030 recepit,
2865 2965 2920 3014 et
2963 2959 3080 3016 haec
3110 2958 3211 3014 fuit
3237 2958 3439 3032 angeli,
3469 2974 3581 3016 non

267 3049 606 3104 moriturum.
637 3047 790 3104 Unde
820 3047 1070 3119 princeps
1123 3045 1250 3102 ﬁdei
1293 3048 1479 3101 Petrus
1507 3046 1581 3101 ait
1614 3065 1626 3101 ί
1661 3069 1682 3095 (ι
1725 3045 1877 3102 Abs“
1903 3036 1954 3099 (ἶ
1983 3056 2216 3112 hominis
2271 3054 2559 3110 medicina.
2622 3055 2766 3110 Elias
2820 3062 3089 3109 mortuum
3118 3054 3416 3124 suscitavit,
3465 3054 3581 3126 ipse

267 3147 403 3201 ate,
462 3137 716 3207 Domine,
773 3151 882 3191 non
939 3135 1039 3191 erit
1096 3135 1194 3189 tibi
1250 3137 1353 3191 hoc
1399 3134 1629 3204 (Matth.
1668 3142 1803 3201 xv1).
1841 3158 1862 3182 »

266 3227 428 3282 Mittit
453 3242 669 3296 quoque
720 3225 951 3280 Joannes
1003 3223 1293 3295 discipulos
1324 3224 1392 3278 ad
1425 3223 1711 3291 Christum,
1769 3239 1866 3278 eo-

270 3331 390 3370 rum
421 3313 739 3386 ignorantiie
769 3311 1115 3381 consulendo,
1177 3320 1235 3367 ut
1289 3311 1534 3368 videntes
1562 3311 1719 3384 signa
1746 3328 1868 3372 cre-

268 3404 414 3458 dant.
450 3401 772 3459 Scandalum
802 3401 945 3456 enim
999 3399 1363 3470 patiebantur,
1415 3401 1542 3471 quia
1591 3400 1874 3456 audierant

269 3494 452 3547 Jesum
486 3490 732 3562 praeponi
762 3489 1020 3561 magistro
1073 3505 1190 3544 suo.
1252 3491 1365 3545 Hoc
1394 3497 1573 3545 autem
1621 3489 1868 3556 innotuit,

268 3581 363 3637 ubi
393 3581 640 3635 dixerunt
670 3599 681 3633 :
719 3601 741 3627 α
777 3578 972 3645 Rabbi,
1032 3577 1118 3633 cui
1167 3585 1221 3632 tu
1278 3578 1646 3634 testimonium
1677 3577 1867 3646 perhi-

269 3668 455 3736 buisti,
484 3684 610 3723 ecce
639 3666 727 3722 hic
754 3665 1010 3738 baptizat,
1061 3674 1113 3721 et
1168 3681 1356 3722 omnes
1383 3666 1604 3723 veniunt
1650 3666 1719 3721 ad
1747 3682 1870 3721 eum

272 3759 466 3831 (Joan.
506 3762 609 3826 ιιι).
646 3779 668 3805 n

345 3857 407 3910 In
434 3854 552 3926 ipsa
579 3860 759 3910 autem
788 3855 922 3910 hora
979 3853 1184 3910 curavit
1237 3853 1434 3910 multos
1463 3868 1495 3907 a
1522 3851 1873 3927 languoribus

271 3951 325 4000 et
353 3943 528 4016 plagis
555 3951 610 3998 et
636 3941 915 4014 spiritibus
942 3942 1117 4007 malis,
1151 3949 1204 3997 et
1232 3942 1388 3998 caecis
1427 3942 1608 3997 multis
1651 3941 1874 3997 donavit

267 4034 462 4090 visum.
499 4033 564 4087 Et
588 4031 922 4102 respondens
936 4030 1073 4085 dixit
1102 4031 1247 4086 illis:
1287 4054 1309 4078 ει
1343 4031 1542 4087 Euntes
1571 4031 1872 4086 renuntiate

269 4122 466 4178 Joanni
515 4137 636 4192 quae
691 4119 900 4177 vidistis
955 4127 1009 4174 et
1063 4119 1318 4188 audistis;
1355 4120 1481 4191 quia
1509 4119 1636 4176 caeci
1667 4120 1870 4188 vident,

269 4209 449 4267 claudi
477 4209 773 4277 ambulant,
809 4209 1004 4279 leprosi
1063 4207 1409 4278 mundantur,
1453 4209 1598 4263 surdi
1629 4209 1869 4276 audiunt,

271 4298 469 4355 mortui
523 4303 825 4370 resurgunt,
887 4312 1150 4368 pauperes
1213 4297 1654 4368 evangelizantur
1705 4298 1865 4367 (Luc.

271 4389 390 4459 vii).
426 4411 448 4435 »
473 4387 559 4442 Ad
585 4386 897 4442 scandalum
925 4386 1232 4441 nuntiorum
1262 4387 1564 4442 referuntur
1591 4388 1726 4454 haec,
1758 4401 1867 4441 non
1895 4390 1947 4451 D

275 4476 346 4536 ad
355 4477 702 4547 interrogata.
726 4475 997 4546 Pauperes
1016 4473 1144 4530 dicit
1172 4475 1258 4530 vel
1281 4474 1470 4544 spiritu
1491 4475 1576 4530 vel
1597 4474 1870 4544 operibus,

276 4573 334 4622 ut
353 4565 410 4622 in
438 4563 790 4635 praedicatore
819 4562 970 4618 nulla
993 4562 1245 4618 distantia
1298 4565 1365 4618 sit
1420 4563 1558 4620 inter
1584 4562 1793 4619 nobiles
1822 4571 1874 4618 et

276 4653 564 4727 ignobiles,
595 4653 734 4709 inter
788 4651 983 4707 divites
1035 4667 1258 4724 egenos.
1319 4653 1587 4724 Pauperes
1628 4667 1872 4725 evange-

276 4743 523 4811 l-izantur,
580 4741 637 4796 id
687 4748 768 4797 est
822 4741 1122 4813 Evangelio
1179 4744 1474 4808 trahuntur,
1519 4749 1572 4798 et.
1599 4742 1670 4796 ad
1710 4741 1873 4796 ﬁdem

278 4839 678 4889 convertentur.
715 4854 736 4880 «
791 4830 860 4888 Et
899 4829 1093 4886 beatus
1117 4838 1197 4886 est
1243 4831 1335 4901 qui
1389 4846 1498 4886 non
1525 4830 1684 4886 fuerit
1710 4846 1872 4887 scan-

279 4931 538 4988 dalizatus
578 4931 634 4986 in
681 4947 790 4986 me.
826 4953 848 4980 υ
884 4930 990 4985 Hic
1035 4931 1324 5002 respondet
1378 4931 1640 4986 Dominus
1669 4930 1738 4987 de
1766 4933 1870 4985 hu-

279 5021 504 5076 militate
531 5019 717 5074 mortis
760 5035 892 5074 sum.
926 5019 1073 5075 Beati
1103 5018 1290 5075 ﬁdeles
1333 5028 1456 5075 sunt
1493 5035 1720 5090 quorum
1749 5019 1874 5074 ﬁdei

280 5108 412 5164 nihil
469 5107 772 5164 testamenti
831 5105 1018 5163 aﬂ'eret
1085 5124 1215 5164 crux
1237 5151 1253 5177 ,
1309 5123 1456 5165 mors
1479 5150 1492 5177 ,
1564 5109 1860 5180 sepultura.

277 5206 507 5262 Nuntios
533 5205 771 5271 Joannis,
804 5205 895 5275 qui
925 5221 1048 5260 eum
1078 5223 1198 5261 esse
1242 5207 1509 5262 Christum
1539 5222 1646 5262 non
1677 5206 1870 5262 crede-

278 5305 427 5372 bant,
461 5321 493 5359 a
518 5303 761 5374 perﬁdia:
791 5303 1050 5359 seandalo
1097 5305 1342 5378 castigat,
1377 5314 1429 5362 et
1456 5306 1635 5360 eidem
1677 5305 1871 5360 Joanni

277 5401 424 5472 quod
453 5403 726 5473 quaerebat
754 5401 996 5474 exponit,
1019 5402 1143 5474 quia
1164 5403 1306 5458 Deus
1323 5411 1403 5458 est
1420 5403 1597 5459 salvos
1618 5402 1868 5471 faciendi,

279 5508 332 5555 et
361 5500 576 5556 Domini
605 5499 820 5556 Domini
853 5499 1026 5555 exitus
1074 5501 1259 5557 mortis
1303 5502 1478 5573 (Psal.
1513 5503 1700 5574 vau).
1735 5502 1874 5559 Visis

282 5606 356 5654 tot
383 5599 572 5675 signis,
596 5616 703 5655 non
724 5600 1093 5666 scandalizari,
1153 5602 1246 5657 sed
1303 5602 1558 5659 admirari
1589 5603 1872 5674 quisquam

280 5697 470 5768 potuit.
520 5697 670 5752 Mens
717 5705 896 5756 tamen
953 5697 1250 5769 inﬁdelium
1303 5701 1542 5786 graviter
1592 5681 1710 5769 tulit
1749 5717 1872 5759 cum

282 5794 574 5855 Dominum
605 5804 727 5868 post
747 5803 832 5853 tot
859 5795 1118 5855 miracula
1165 5798 1304 5856 mori
1358 5793 1508 5854 vidit.
1543 5797 1698 5854 Unde
1729 5799 1872 5853 Pau-

1982 3155 2161 3200 tamen
2188 3144 2403 3216 rogavit
2451 3151 2504 3198 et
2558 3143 2723 3199 flevit.
2785 3143 2885 3198 Hic
2935 3143 3111 3213 jussit.
3155 3143 3364 3199 Eliseus
3390 3143 3578 3215 lepro—

1980 3251 2098 3289 sum
2129 3232 2376 3288 mundari
2433 3231 2578 3297 fecit,
2640 3247 2750 3286 non
2797 3239 2977 3286 tamen
3013 3231 3088 3286 ibi
3117 3232 3285 3287 valuit
3322 3230 3580 3303 praecepti

1980 3321 2286 3390 auctoritas,
2316 3320 2411 3376 sed
2440 3319 2722 3376 ministerii
2776 3317 2970 3392 ﬁgura.
3029 3318 3191 3374 Addit
3245 3320 3364 3391 posl
3392 3336 3580 3390 supra-

1981 3419 2123 3474 dicta
2149 3419 2219 3474 de
2247 3431 2402 3473 cruce
2433 3423 2485 3470 et
2509 3415 2658 3470 obitu
2698 3422 2750 3470 et
2802 3415 3092 3487 sepultura,
3125 3415 3270 3486 quod
3299 3425 3377 3472 est
3401 3417 3579 3488 pleni-

1981 3508 2108 3563 tudo
2163 3506 2306 3562 ﬁdei.
2365 3504 2586 3560 Nullum
2633 3503 2776 3558 enim
2834 3503 3012 3574 majus
3075 3512 3155 3559 est
3208 3505 3577 3562 testimonium

1981 3622 2143 3676 quam
2171 3613 2285 3660 toto
2312 3621 2370 3658 se
2401 3619 2568 3660 unum
2596 3601 2854 3659 obtulisse
2908 3617 3010 3674 pro
3063 3602 3286 3659 mundo.
3317 3603 3434 3660 Hoc
3459 3604 3575 3660 solo

1979 3695 2140 3766 plene
2174 3693 2439 3752 Dominus
2466 3691 2784 3748 declaratur.
2837 3690 2932 3749 Sic
2979 3691 3144 3748 etiam
3171 3707 3204 3747 a
3230 3692 3436 3746 Joanne
3471 3691 3577 3747 de-

1978 3784 2209 3840 claratus
2265 3790 2342 3838 est
2376 3799 2388 3836 :
2427 3803 2450 3830 ιι
2508 3781 2650 3838 Ecce
2703 3795 2876 3852 agnus
2931 3780 3052 3850 Dei,
3113 3795 3239 3836 ecce
3293 3779 3384 3850 qui
3440 3780 3578 3837 tollit

1979 3887 2202 3952 peccata
2229 3878 2418 3934 mundi
2447 3878 2632 3947 (han.
2665 3877 2726 3945 1).
2762 3897 2784 3924 υ

2057 4003 2079 4027 α
2113 3978 2225 4033 Illis
2251 3985 2432 4033 autem
2460 3974 2781 4031 abeuntihus
2797 3974 2963 4046 carpit
2979 3973 3156 4030 dicere
3181 3974 3250 4029 de
3277 3974 3482 4030 Joanne
3508 3974 3577 4030 ad

1982 4067 2162 4125 turbas
2186 4086 2197 4122 :
2222 4065 2364 4138 Quid
2379 4064 2562 4120 existis
2579 4063 2636 4122 in
2655 4061 2925 4120 desertum
2937 4062 3156 4119 videre?
3180 4084 3201 4110 υ
3229 4062 3449 4131 (Hatth.
3473 4065 3577 4130 χι.)

1977 4156 2308 4214 Arundinem
2363 4160 2524 4209 vente
2569 4152 2796 4208 moveri.
2857 4151 2996 4220 Quia
3026 4150 3182 4206 turba
3225 4149 3575 4206 circumstans

1979 4241 2413 4319 interrogationis
2437 4241 2747 4312 mysterium
2778 4239 3072 4306 nesciebat,
3105 4245 3159 4294 et
3175 4238 3400 4309 putabat
3413 4239 3574 4296 Joan-

1980 4351 2106 4390 nem
2135 4331 2378 4388 dubitare
2406 4331 2474 4385 de
2502 4329 2732 4396 Christo,
2762 4337 2822 4384 ut
2848 4327 3171 4400 intelligeret
3183 4327 3450 4383 Joannem
3467 4343 3576 4384 non

1978 4423 2103 4490 sibi,
2134 4421 2231 4478 sed
2256 4420 2532 4492 discipulis
2560 4419 2670 4475 suis
2697 4418 3080 4490 interrogasse,
3127 4415 3302 4487 inquit
3336 4417 3477 4472 istud
3504 4417 3573 4472 ad

1977 4521 2194 4578 laudem
2235 4518 2478 4576 Joannis.
2530 4519 2632 4574 Per
2667 4516 2985 4572 arundinem
3033 4515 3284 4588 designat
3334 4514 3573 4570 animum

1977 4610 2307 4684 cogitatione
2360 4608 2459 4664 Dei
2504 4622 2756 4676 vacuum,
2789 4612 2841 4660 et
2871 4604 2941 4660 ad
2978 4603 3382 4660 immundorum
3408 4603 3573 4674 spiri-

1977 4710 2127 4757 tuum
2154 4699 2341 4754 ﬂatum
2369 4703 2677 4769 vagantem,
2710 4711 2872 4764 quem
2900 4709 3008 4750 non
3056 4692 3291 4748 habebat
3318 4692 3572 4757 Joannes,

1979 4799 2108 4871 quia
2131 4815 2233 4854 nec
2260 4795 2530 4869 prosperis
2557 4793 2865 4865 erigebatur
2908 4807 3012 4848 nec
3066 4790 3304 4848 adversis
3330 4788 3575 4845 inclinari

1979 4895 2222 4946 noverat.
2255 4884 2508 4956 Sequitur
2540 4902 2552 4938 :

2055 5009 2077 5035 α
2111 4985 2217 5042 Sed
2235 4983 2362 5054 quid
2385 4980 2570 5037 existis
2589 4978 2774 5036 videre
2790 4979 2819 5032 ?
2840 4978 3116 5034 hominem
3135 4973 3390 5032 mollibus
3417 4974 3576 5031 vesti-

1978 5074 2174 5130 mentis
2202 5072 2445 5126 indutum
2475 5071 2504 5121 (ἓ
2537 5069 2675 5123 Ecce
2705 5066 2795 5136 qui
2834 5065 2890 5120 in
2937 5072 3086 5120 veste
3115 5063 3349 5135 pretiosa
3375 5071 3497 5118 sunt
3524 5069 3580 5120 et

1978 5162 2187 5220 deliciis
2214 5160 2272 5215 in
2296 5157 2548 5214 domibus
2577 5171 2770 5228 regum
2799 5161 2940 5208 sunt.
2977 5175 2998 5204 ιο
3039 5151 3226 5222 (ibid)
3257 5153 3576 5218 (Ηιηοῃγ-

1977 5252 2135 5322 lus.)
2164 5247 2318 5307 Unde
2345 5262 2486 5303 vana
2506 5244 2684 5318 gloria
2711 5243 2900 5299 ductus
2928 5242 3074 5297 lucra
3090 5240 3300 5312 quaerit,
3314 5256 3411 5312 pro
3431 5240 3583 5311 dapi—

1980 5342 2082 5397 bus
2110 5339 2195 5396 vel
2226 5335 2465 5394 vestibus
2486 5333 2578 5405 qui
2598 5333 2815 5389 locustis
2828 5331 2985 5400 vivit,
3009 5338 3064 5387 et
3099 5331 3224 5404 pilis
3257 5330 3584 5388 camelorum

1981 5430 2234 5487 induitur.
2261 5426 2359 5481 Hic
2385 5423 2678 5480 notandum
2707 5421 2853 5492 quod
2876 5419 3053 5494 rigida
3094 5419 3205 5476 vita
3235 5425 3288 5475 et
3311 5418 3581 5492 pradica-

1984 5517 2350 5576 tiodeclinare
2373 5513 2574 5569 debent
2619 5511 2870 5574 mollium
2913 5509 3116 5580 palatia
3161 5525 3283 5580 qua
3323 5509 3582 5578 frequen-

1985 5616 2095 5664 tant
2119 5605 2371 5662 mollibus
2400 5601 2592 5669 induti,
2624 5601 2926 5666 adulantes,
2958 5597 3050 5670 qui
3089 5605 3294 5671 ponunt
3328 5596 3583 5669 pulvina-

1981 5705 2170 5764 riasub
2181 5705 2384 5772 cubitu,
2407 5701 2499 5774 qui
2520 5701 2683 5757 vitam
2701 5697 3041 5772 peccantium
3063 5696 3306 5768 palpent,
3324 5711 3434 5752 non
3453 5710 3587 5767 pun-

1984 5804 2138 5872 gunt,
2155 5803 2216 5852 ut
2227 5794 2314 5853 vel
2327 5794 2403 5850 sic
2420 5789 2981 5864 venerentur.
2999 5785 3397 5852 Gmoaiusin
3417 5783 3590 5839 homi-
