4072 6078
484 315 581 370 m
1613 291 1951 348 wanxam
1990 290 2272 346 .tBBATlS
2312 291 2374 346 s.
2423 289 2642 346 BLASII

3674 294 3782 348 ’ἵΰὲ

487 435 610 504 lia.)
649 455 670 480 α
703 433 878 485 Nemo
905 425 1172 481 existimet
1193 423 1245 477 in
1265 421 1442 476 studio
1464 418 1815 492 pretiosarum
1844 416 2071 475 vestium
2100 419 2157 480 Α
2190 415 2280 486 qui
2318 415 2391 470 ait
2423 434 2434 470 :
2473 438 2496 464 α
2556 415 2722 471 Labia
2771 415 3110 472 sacerdotum
3155 415 3456 473 custodiant
3498 417 3782 474 scientiam

485 529 730 596 pecatum
761 533 871 572 non
898 516 1104 571 deesse.
1139 537 1160 561 υ
1194 511 1346 568 Unde
1377 512 1561 565 Petrus
1582 507 1857 579 apostolus
1884 506 1938 562 in
1969 505 2082 596 epi-

485 593 623 668 stola
641 625 737 664 sua
756 607 822 662 ad
839 605 1065 660 feminas
1079 623 1092 657 :
1107 603 1228 657 Non
1252 601 1306 654 in
1320 608 1466 656 veste
1487 597 1720 670 pretiosa
1735 596 1948 668 (IPetr.
1967 593 2028 665 l).
2054 615 2076 639 η

493 734 512 758 ιι
531 707 638 764 Sed
653 705 787 778 quid
814 702 998 758 existis
1016 700 1198 756 videre
1211 701 1239 752 ‘?
1255 699 1577 768 Prophetam
1592 695 1620 747 ἱ)
1640 693 1834 762 Utique
1855 691 1975 746 dico
1996 706 2084 746 vo-

487 799 571 853 bis
599 805 651 852 et
679 795 798 866 plus
818 808 979 863 quam
1008 791 1350 860 prephetarn.
1373 810 1394 833 »
1421 784 1646 855 (Matth.
1670 781 1771 852 x1.)
1792 783 1854 834 In
1893 782 2084 834 hocest

484 867 717 942 Joannes
738 883 856 954 plus
877 897 1038 950 quam
1066 878 1347 948 propheta,
1372 873 1517 944 quod
1536 871 1743 944 dignito
1769 867 2084 924 monstravit

485 990 644 1046 quem
676 971 852 1028 caeteri
881 977 1163 1025 venturum
1195 964 1576 1037 praedixerant.
1610 960 1944 1032 (HILANL'S.)
1985 957 2083 1046 Illa

483 1045 611 1132 duo,
643 1059 890 1130 sed,sed,
928 1058 1178 1129 leguntur
1202 1068 1300 1125 pro
1330 1057 1405 1109 et.
1441 1049 1678 1122 Mystice.
1711 1048 1818 1102 Lex
1849 1045 2082 1118 peccatis

482 1161 667 1234 populi
742 1159 928 1229 juncta
1002 1163 1055 1210 et
1129 1151 1438 1222 pectoribus
1513 1155 1855 1218 peccatorum
1931 1143 2082 1214 quasi

480 1248 784 1306 carceribus
839 1246 958 1300 luce
1035 1241 1315 1298 vacuitatis
1389 1238 1594 1293 inclusa
1655 1236 1953 1300 tenebatur,
2014 1249 2082 1286 ne

480 1355 578 1410 per
603 1353 725 1394 eam
755 1334 992 1391 Christus
1019 1329 1249 1402 intelligi
1295 1334 1494 1398 posset.
1527 1323 1920 1396 (Ληιιοειυε.)
1952 1321 2082 1376 Mit-

481 1428 544 1482 tit
570 1435 701 1500 er'go
729 1421 1021 1493 discipulos
1059 1419 1127 1474 ad
1185 1416 1539 1488 Evangelium
1594 1411 1976 1500 contuendum,
2023 1413 2082 1464 ut

479 1499 912 1586 supplementum
945 1514 1360 1576 consequantur,
1392 1503 1519 1574 quia
1541 1502 1816 1574 plenitudo
1847 1499 1983 1571 legis
2002 1503 2080 1552 est

484 1603 744 1660 Christus.
805 1601 1047 1667 Cumque
1102 1597 1420 1666 plerumque
1477 1599 1685 1646 nutaret
1729 1589 1924 1644 veritas
1963 1588 2078 1640 sine

482 1701 656 1767 factis,
713 1697 847 1752 ﬁdes
903 1693 1214 1768 plenissimo
1276 1699 1552 1764 gestorum
1617 1683 2079 1742 testiﬁcationibus

2191 520 2242 568 et
2269 512 2447 586 legem
2467 513 2740 583 requirent
2767 530 2835 568 ex
2864 530 2957 569 ore
2987 513 3126 584 ejus,
3156 515 3282 585 quia
3307 516 3534 589 angelus
3561 516 3784 571 Domini

2191 611 2518 666 exercituum
2576 619 2657 668 est
2699 612 2960 680 (Malach.
3017 612 3098 682 ll).
3135 635 3156 659 ι»
3219 612 3326 667 Sed
3380 611 3540 682 hujus
3593 613 3785 668 altitu-

2190 698 2372 754 dinem
2392 698 2626 754 nominis
2653 699 2812 754 etiam
2843 715 2942 754 vos
2990 700 3036 754 si
3090 699 3247 756 vultis
3299 701 3518 771 potestis
3551 701 3776 756 mereri.

2189 787 2330 842 Nam
2359 787 2719 858 unusquisque
2777 795 3010 844 vestrum
3064 789 3382 859 inquantum
3439 788 3652 858 sufﬁcit,
3703 790 3788 843 in-

2191 892 2448 953 quantum
2473 885 2706 958 gratiam
2734 901 2979 957 superna:
3019 885 3359 956 aspirationis
3403 885 3628 957 accepit,
3669 886 3714 939 si
3753 902 3790 940 a

2187 973 2450 1042 pravitate
2497 974 2808 1043 proximum
2865 982 3102 1044 revocat,
3158 975 3202 1028 si
3231 975 3500 1030 exhortari
3533 975 3601 1030 ad
3639 975 3788 1030 bene

2191 1061 2522 1132 operandam
2550 1071 2716 1129 curat,
2749 1063 2793 1117 si
2821 1071 3078 1118 aeternum
3098 1079 3328 1135 regnum
3348 1063 3434 1119 vel
3459 1063 3788 1134 supplicium

2190 1150 2386 1204 erranti
2441 1149 2738 1218 denuntiat,
2807 1167 2929 1206 cum
2982 1149 3149 1206 verba
3212 1159 3410 1207 sanctae
3447 1151 3790 1206 exhortatio-

2189 1237 2274 1292 nis
2301 1237 2584 1309 impendit,
2617 1239 2858 1310 profecto
2912 1239 3136 1312 angelus
3181 1239 3384 1294 existit.
3423 1239 3487 1294 Et
3514 1255 3675 1294 nemo
3706 1239 3794 1294 di-

2188 1334 2308 1382 cat:
2367 1326 2670 1383 Admonere
2727 1342 2836 1383 non
2899 1326 3104 1384 sufﬁcio
3128 1368 3142 1396 ,
3227 1328 3496 1383 exhortari
3559 1328 3792 1383 idoneus

2189 1431 2297 1472 non
2326 1432 2464 1471 sum.
2497 1414 2770 1486 Quantum
2799 1405 2954 1488 potes
2981 1416 3197 1484 exhibe,
3238 1433 3308 1472 ne
3337 1415 3482 1472 male
3517 1417 3790 1474 servando

2189 1501 2333 1573 quod
2363 1496 2636 1575 acceperis
2665 1505 2718 1558 in
2750 1489 3046 1558 tormentis.
3081 1505 3342 1576 exigaris.
3394 1506 3607 1561 Scimus
3635 1506 3788 1562 enim

2189 1592 2330 1662 quod
2359 1593 2414 1646 in
2447 1593 2789 1648 tabernaculo
2846 1609 2956 1648 non
3010 1593 3184 1647 solum
3242 1593 3500 1664 phialam,
3530 1594 3626 1648 sed
3649 1611 3786 1664 prae-

2187 1681 2416 1751 cipiente
2447 1681 2678 1739 Domino
2700 1682 2860 1737 etiam
2877 1681 3050 1753 cyathi
3075 1681 3200 1736 facti
3219 1689 3341 1736 sunt
3373 1681 3575 1753 (Exod.
3630 1684 3789 1751 xxv).

481 1789 782 1846 exhibetur.
843 1782 1244 1854 (Gnscomus.)
1298 1782 1530 1834 Joannes
1584 1793 1692 1831 non
1752 1775 1852 1829 fuit
1905 1771 2079 1828 molli—
2107 1785 2161 1845 Β
2191 1779 2292 1832 Per
2321 1778 2528 1848 phialas
2556 1779 2754 1850 quippe
2802 1779 3043 1834 doctrina
3092 1779 3410 1834 exuberans.
3443 1780 3544 1834 Per
3569 1782 3796 1851 cyathos

478 1887 580 1941 bus
617 1885 854 1950 vestitus,
898 1881 1024 1952 quia
1075 1880 1239 1936 vitam
1300 1875 1635 1948 peccantium
1690 1889 1801 1928 non
1856 1870 2076 1926 blandi-

480 1975 676 2030 mentis
732 1972 886 2039 iovit,
943 1969 1036 2024 sed
1102 1983 1289 2039 aspere
1347 1963 1661 2033 increpavit.
1715 1960 1868 2017 Unde
1917 1959 2078 2014 Salo-

482 2081 610 2120 mon
641 2081 653 2118 :
695 2085 716 2112 α
753 2059 932 2116 Verba
959 2057 1262 2127 sapientum
1292 2053 1444 2124 quasi
1473 2049 1672 2106 stimuli
1702 2058 1756 2104 et
1781 2049 1917 2104 sicut
1945 2045 2082 2102 clavi

481 2164 536 2218 in
565 2163 732 2218 altum
764 2157 926 2215 deﬁxi
957 2157 1166 2227 (Eccle.
1195 2153 1328 2222 xu).
1373 2176 1394 2199 η

562 2284 584 2310 (ι
617 2259 716 2314 Hic
745 2266 824 2312 est
855 2256 998 2312 enim
1030 2253 1098 2308 de
1129 2267 1236 2322 quo
1284 2250 1539 2320 scriptum
1575 2253 1654 2303 est
1694 2265 1706 2300 :
1760 2245 1896 2300 Ecce
1935 2242 2089 2298 mitto

487 2359 741 2430 angelum
765 2371 944 2410 meum
968 2359 1093 2407 ante
1115 2351 1308 2404 faciem
1329 2355 1476 2405 tuam
1493 2345 1583 2415 qui
1603 2342 1928 2414 prmparabit
1947 2341 2091 2396 viam

489 2455 636 2503 tuam
668 2453 789 2501 ante
807 2451 857 2498 te
886 2441 1110 2512 (Matth.
1141 2441 1240 2505 x1.)
1276 2461 1298 2484 ι»
1333 2435 1734 2506 (Gnecomt's.)
1765 2431 1920 2500 Quod
1950 2430 2095 2484 enim

492 2537 686 2593 Graece
737 2531 983 2603 angelus,
1047 2531 1149 2584 hoc
1203 2526 1388 2580 Latine
1439 2523 1656 2578 nuntius
1694 2521 1907 2576 dicitur.
1937 2519 2099 2574 Recte

488 2639 620 2698 ergo
641 2621 731 2693 qui
753 2621 997 2676 nuntiare
1027 2630 1323 2686 supernum
1357 2613 1602 2682 judicem
1624 2609 1849 2664 mittitur
1877 2607 2102 2679 angelus

491 2695 738 2779 vocatur,
765 2717 824 2764 ut
848 2705 1166 2782 dignitatem
1195 2711 1372 2758 servet
1400 2702 1455 2756 in
1485 2699 1701 2756 nomine
1731 2714 1894 2768 quam
1922 2695 2106 2767 explet

496 2802 552 2856 in
586 2799 900 2872 operatione
934 2815 946 2851 :
997 2797 1162 2850 altum
1194 2792 1394 2864 quippe
1425 2805 1624 2845 nomen
1650 2795 1748 2853 est,
1779 2786 1873 2840 sed
1905 2785 1946 2839 si
1995 2785 2107 2840 vita

493 2889 717 2946 inferior
742 2904 853 2944 non
909 2893 1014 2942 est.
1078 2883 1282 2939 Omnes
1331 2880 1515 2950 itaque
1544 2877 1634 2948 qui
1683 2874 1968 2931 sacerdotii
1997 2890 2104 2929 no-

2184 1881 2314 1922 vero
2342 1881 2510 1936 parva
2539 1875 2705 1937 atque
2725 1875 2953 1936 angusta
2999 1867 3219 1922 scientia
3263 1867 3594 1940 designatur.
3626 1869 3788 1924 Alius

2188 1963 2430 2018 doctrina
2454 1964 2690 2020 Veritatis
2719 1963 2912 2036 plenus
2939 1965 3266 2020 audientium
3296 1968 3512 2036 lmentes
3539 1967 3792 2024 inebriat.

2191 2053 2294 2107 Per
2321 2055 2422 2107 hoc
2449 2069 2578 2125 ergo
2604 2053 2749 2124 quod
2777 2053 2926 2117 dicit,
2955 2053 3198 2125 profecto
3245 2055 3482 2124 phialam
3527 2055 3791 2124 porrigit.

2193 2148 2343 2201 Alius
2371 2165 2641 2218 exponere
2674 2149 2817 2218 quod
2847 2150 3004 2204 sentit
3033 2149 3194 2206 valet.
3255 2151 3361 2205 Sed
3417 2151 3543 2220 quia
3598 2159 3806 2206 utrum-

2200 2252 2305 2304 que
2333 2235 2608 2291 denuntiat
2635 2237 2878 2308 profecto
2927 2253 3023 2308 per
3066 2238 3283 2292 citatum
3341 2239 3563 2308 prasbet.
3604 2242 3667 2294 In
3697 2239 3800 2294 Dei

2202 2340 2334 2396 ergo
2364 2325 2724 2392 tabernaculo,
2775 2325 2826 2378 id
2877 2326 3038 2379 estin
3094 2334 3277 2382 sancta
3309 2327 3562 2392 Ecclesia,
3611 2327 3801 2396 positi,

2205 2413 2248 2466 si
2298 2421 2394 2484 per
2429 2412 2687 2468 doctrinas
2732 2413 3048 2484 sapientiam
3094 2413 3396 2470 ministrare
3439 2415 3648 2484 phialas
3688 2417 3806 2470 mi-

2205 2510 2352 2564 nime
2381 2510 2619 2581 potestis,
2643 2509 2699 2564 in
2727 2519 2986 2580 quantum
3045 2527 3140 2580 pro
3197 2511 3377 2568 divina
3407 2513 3652 2586 largitate
3681 2515 3809 2570 suf-

2207 2597 2381 2667 ﬁcitis,
2414 2599 2680 2668 proximis
2719 2599 2909 2655 vestris
2953 2599 3082 2654 boni
3121 2600 3270 2673 verbi
3319 2605 3538 2672 cyathos
3572 2603 3718 2673 date,
3751 2613 3814 2660 ut

2211 2693 2469 2758 quantum
2515 2703 2612 2743 vos
2657 2688 2948 2759 profecisse
2985 2689 3242 2759 pensatis,
3291 2690 3454 2746 etiam
3511 2693 3647 2748 alios
3693 2703 3810 2748 tra-

2215 2787 2340 2840 here
2367 2784 2650 2840 vobiscum
2679 2785 2925 2858 satagite.
2959 2788 3020 2840 In
3050 2785 3140 2843 via
3167 2786 3265 2841 Dei
3286 2787 3483 2844 habere
3510 2789 3686 2845 socios
3714 2790 3812 2844 de-

2214 2873 2462 2928 siderate.

499 2979 647 3036 mine
676 2982 960 3035 censentur
988 2972 1170 3045 angeli
1219 2976 1502 3037 vocantur,
1533 2967 1800 3037 prepheta
1828 2969 2108 3020 attestante

1201 3329 1617 3438 SERMO
1703 3326 1878 3430 DE
1947 3324 2566 3432 ADVENTU
2637 3321 3131 3431 DOMINI.

596 3632 618 3658 (ο
662 3607 833 3664 Dicite
881 3600 1270 3676 pusillanimis:
1331 3597 1742 3655 Confortamini.
1795 3596 1931 3652 Ecce
1979 3595 2124 3650 Deus
2152 3597 2202 3662 C
2232 3610 2372 3662 rum,
2409 3617 2430 3642 »
2458 3601 2559 3650 etc.
2585 3595 2723 3650 Caeci
2753 3604 2922 3664 erant,
2955 3595 3080 3667 quia
3109 3596 3281 3652 Deum
3301 3597 3644 3669 ignorabant.
3665 3598 3832 3653 Sardi

521 3706 704 3754 noster
776 3694 976 3759 veniet,
1034 3699 1106 3745 et-
1141 3687 1373 3744 salvabit
1425 3702 1544 3742 nos.
1616 3687 1765 3740 Tunc
1823 3683 2127 3756 aperientur
2235 3699 2404 3758 erant,
2460 3691 2586 3761 quia
2637 3692 2802 3747 verba
2853 3693 2951 3746 Dei
3006 3693 3387 3765 negligebam;
3448 3694 3642 3762 claudi,
3703 3695 3835 3765 quia

524 3787 668 3845 oculi
727 3797 994 3841 caecorum
1061 3787 1115 3834 et
1182 3791 1340 3832 aures
1404 3775 1710 3830 surdorumi
1754 3772 2012 3844 patebunt
2075 3780 2129 3827 et
2236 3805 2344 3845 ηοη
2371 3798 2515 3845 ποιειο
2543 3805 2641 3860 ρει.
2665 3789 2809 3844 bona
2828 3790 3368 3861 omninwdebam;
3395 3792 3527 3848 mnu
3547 3792 3677 3862 quia
3697 3810 3833 3864 pec-

531 3883 686 3940 saliet
739 3881 874 3935 sicut
927 3891 1117 3933 cervus
1156 3872 1396 3938 claudus,
1447 3878 1499 3926 et
1554 3876 1740 3940 aperta
1793 3867 1896 3922 erit
1946 3866 2132 3937 lingua
2238 3883 2358 3930 cata
2412 3890 2510 3930 sua
2567 3874 2834 3929 tacebant.
2892 3875 3022 3930 Haec
3047 3875 3280 3932 surditas
3307 3875 3616 3944 θιοωαίιαε,
3649 3885 3705 3932 ει
3727 3879 3839 3934 δην,

534 3979 806 4028 mutorum
839 3968 971 4037 (ira.
1004 3964 1196 4032 xxxv).
1231 3984 1253 4010 υ
1289 3964 1424 4015 Ante
1453 3960 1743 4016 adventum
1770 3955 2010 4023 Domini,
2034 3955 2087 4008 fr.

2241 3987 2361 4041 quae
2411 3979 2704 4040 sequuntur
2731 3987 2764 4026 a
2791 3971 2965 4041 primo
3020 3971 3239 4028 homine
3266 3972 3475 4028 initium
3519 3989 3829 4044 sumpsere.

537 4083 641 4128 tres
669 4064 988 4132 charissimi,
1042 4064 1100 4117 in
1143 4069 1291 4117 tanta
1319 4058 1554 4131 caligine
1609 4063 1779 4112 totum
1822 4067 1997 4127 genus
2025 4053 2132 4107 hu-
2242 4059 2412 4116 Adam
2441 4059 2584 4126 enim
2614 4059 2668 4114 in
2697 4059 2873 4130 primo
2905 4068 3174 4132 praecepto
3204 4077 3237 4115 δ
3273 4061 3390 4116 Deo
3435 4061 3538 4116 sibi
3593 4061 3839 4130 iniuncto

539 4176 759 4216 manum
787 4153 1186 4220 involvebalur,
1240 4149 1384 4220 quod
1439 4163 1613 4216 neque
1652 4147 1821 4200 Deum
1851 4157 2135 4215 οοεῐιοδθθ·
2244 4149 2434 4204 surdus
2461 4147 2680 4204 etfectus
2694 4155 2792 4202 est.
2809 4149 2944 4203 Cum
2967 4149 3112 4204 enim
3132 4149 3335 4204 dictum
3365 4157 3445 4206 est
3461 4149 3512 4205 ei
3533 4149 3695 4219 (Gen.
3721 4151 3834 4219 tu);

538 4252 688 4316 bant,
719 4260 895 4316 neque
924 4241 1094 4300 verba
1115 4241 1234 4309 ejus
1263 4237 1450 4294 audire
1486 4235 1761 4304 volebant,
1792 4247 1968 4302 neque
1996 4230 2087 4286 bet

2235 4269 2272 4319 με
2306 4249 2369 4301 in
2384 4261 2720 4315 quacumque
2755 4245 2847 4302 die
2873 4245 2942 4298 de
2982 4245 3131 4317 ligno
3183 4245 3420 4304 scientiae
3459 4247 3590 4302 boni
3625 4254 3680 4302 et
3708 4248 3840 4302 mali

535 4344 915 4418 operabantur,
945 4353 1122 4408 neque
1151 4341 1373 4406 peccata
1400 4349 1496 4388 sua
1523 4330 1934 4387 conﬁtebantur.
1966 4328 2087 4418 cur:

2243 4334 2562 4402 comederis,
2622 4340 2793 4388 morte
2866 4333 3129 4399 morieris,
3185 4357 3206 4381 η
3258 4349 3370 4390 non
3423 4335 3632 4390 audisse
3693 4335 3844 4390 visus

539 4416 645 4505 que
670 4429 852 4486 multis
892 4426 1087 4482 animae
1136 4421 1536 4478 inﬁrmitatibus
1579 4416 2137 4505 detinerentur,ﬂpla-
2247 4441 2327 4488 ρει
2358 4456 2382 4481 κ
2415 4439 2586 4488 mone
2617 4429 2884 4486 morieris.
2925 4452 2946 4476 ,,
2987 4429 3096 4485 Sed
3119 4445 3244 4484 cum
3271 4445 3385 4485 non
3401 4431 3503 4485 fuit
3527 4431 3846 4487 observan”.

541 4501 652 4579 cuit
679 4532 891 4574 summo
929 4513 1142 4568 medico
1187 4525 1280 4566 908
1335 4510 1569 4577 νίείωνον
1627 4515 1682 4562 et
1723 4506 1832 4561 δυίε
1859 4501 2141 4559 medicinis
2248 4520 2507 4586 mandati,
2537 4535 2710 4576 caecus
2738 4518 2839 4574 iuit
2866 4535 2990 4574 cum
3017 4518 3184 4574 verba
3211 4519 3413 4575 diaboli
3441 4534 3550 4574 non
3577 4519 3847 4574 intellexit

542 4625 636 4666 eos
661 4608 903 4663 relevare
931 4617 946 4669 ;
976 4601 1071 4655 sed
1089 4607 1240 4654 notat
1285 4613 1379 4652 eos
1407 4597 1571 4650 Isaias
1618 4595 1878 4665 propheta
1916 4592 1971 4645 in
2000 4606 2087 4660 qui

2249 4609 2500 4666 dicentis:
2521 4632 2544 4656 «
2566 4608 2725 4662 Eritis
2738 4607 2872 4663 sicut
2883 4606 2957 4660 dii
2969 4607 3102 4677 (ibid
3110 4609 3170 4677 .).
3189 4629 3211 4654 οι
3235 4607 3367 4662 Cum
3383 4615 3674 4676 putaretur,
3698 4609 3850 4665 vide-

550 4709 668 4756 tuor
721 4691 1074 4764 languoribus
1120 4687 1424 4757 specialiter
1478 4684 1725 4738 laborare
1759 4701 1771 4736 :
1829 4680 1958 4735 caeci
1995 4679 2081 4732 eni

2251 4698 2373 4752 licet
2402 4714 2458 4752 se
2481 4696 2595 4750 ﬁeri
2619 4697 2810 4762 Deum,
2833 4703 3156 4751 excaecatum
3172 4695 3291 4764 jam
3327 4695 3554 4766 gerebat
3577 4697 3844 4765 animum,

539 4794 712 4854 erant,
744 4780 984 4848 elélﬂ'di,
1016 4776 1286 4842 εἰοιευάίν
1317 4783 1372 4829 ει
1406 4773 1561 4828 τοῖιίί·
1609 4774 1862 4864 ,αυφίῐξιθ
1917 4773 2142 4864 aegrum
2237 4793 2394 4864 quod
2423 4793 2676 4863 deinceps
2721 4792 2822 4846 sibi
2866 4792 3251 4862 improperavit
3286 4791 3548 4847 Dominus
3601 4792 3789 4847 dicens
3825 4814 3847 4850 :

546 4879 700 4932 dines
753 4887 938 4928 eorum
997 4882 1185 4922 sanare
1242 4864 1422 4930 vellet,
1453 4879 1520 4916 ne
1549 4861 1730 4955 miseri
1777 4859 2141 4955 desperarent,
2171 4951 2210 4955 _
2259 4859 2286 4932 (ξ
2321 4884 2456 4938 Ecce
2475 4859 2646 4937 Ath
2667 4881 2816 4952 quasi
2837 4859 2973 4936 “nu;
3001 4859 3066 4936 ei
3087 4880 3244 4936 nobis
3262 4881 3434 4938 meum
3451 4885 3530 4937 ωί
3554 4881 3788 4952 παρίει),
3817 4905 3840 4930 ,,

547 4965 714 5022 voluit
771 4963 850 5018 eis
901 4973 1056 5018 suum
1104 4956 1396 5014 adventum
1454 4949 1832 5022 prainuntiare,
1868 4945 2087 5014 voluitqt

2194 4951 2405 5044 )quasi
2461 4972 2646 5026 dicens
2685 4945 2994 5024 .deridendo
3041 4989 3054 5023 :
3115 4969 3250 5024 Ecce
3307 4970 3478 5024 Adam
3545 4945 3634 5040 qui
3691 4945 3850 5038 puta-

540 5071 637 5112 eos
661 5047 1142 5109 confortationibus
1167 5043 1278 5098 suis
1303 5041 1602 5098 consolare.

2248 5073 2326 5127 vit
2349 5089 2407 5126 se
2433 5071 2670 5126 futurum
2709 5069 2902 5133 Deum,
2960 5067 3124 5122 modo
3178 5065 3386 5122 invenit
3438 5083 3496 5124 se
3539 5067 3792 5123 miserum
3831 5088 3847 5140 ;

618 5150 786 5206 Vultis
801 5149 936 5204 scire
961 5145 1054 5216 qui
1081 5143 1186 5198 sint
1206 5140 1418 5213 legati?
1468 5137 1636 5192 Isaias
1690 5143 1750 5190 et
1794 5135 1884 5190 alii
1916 5135 2087 5206 prOph

2249 5162 2423 5216 factus
2468 5158 2619 5230 quasi
2665 5174 2800 5212 unus
2847 5173 2915 5211 ex
2959 5155 3138 5222 nobis,
3187 5155 3243 5210 id
3289 5163 3368 5210 est
3405 5156 3594 5211 similis
3621 5157 3763 5212 Patri
3793 5166 3853 5212 et

549 5259 634 5306 ue.
667 5247 858 5302 Audite
882 5259 1014 5315 ergo
1044 5255 1223 5312 ‘quam
1263 5235 1687 5294 consolationem
1735 5231 1970 5302 injunxit
2002 5231 2087 5301 leg

2253 5249 2388 5306 Filio
2444 5255 2495 5303 et
2545 5245 2764 5316 Spiritui
2811 5251 2992 5300 sancto
3046 5244 3218 5300 factus
3245 5252 3336 5300 est
3387 5243 3552 5312 Deus,
3581 5245 3684 5300 sub
3731 5245 3852 5300 iro-

545 5350 611 5404 tis
645 5367 656 5403 :
690 5346 799 5401 Vos
827 5341 1052 5397 ministri
1088 5339 1218 5406 mei,
1249 5337 1408 5392 dicite
1453 5335 1663 5390 miseris
1691 5331 1905 5404 populis
1951 5330 2042 5400 qui
2065 5329 2146 5398 ja-
2253 5338 2346 5392 nia
2373 5337 2573 5392 dictum
2604 5342 2703 5402 est,
2734 5333 2883 5403 quasi
2912 5333 3066 5388 aliter
3121 5348 3178 5387 se
3231 5333 3436 5390 invenit
3481 5349 3642 5404 quam
3680 5341 3850 5404 puta-

547 5443 668 5493 cenl
699 5435 754 5487 in
779 5429 1074 5496 dOlOPibUS,
1105 5427 1198 5496 εῐιιί
1226 5426 1572 5496 (Ῐθδθερθπὶηῖ
1613 5422 1670 5476 in
1699 5418 2140 5475 inﬁrmum-ibus:
2251 5426 2346 5482 vit.
2379 5423 2707 5481 Claudicavit
2734 5424 2893 5478 etiam
2923 5421 3118 5488 Adam,
3151 5421 3276 5492 quia
3326 5438 3447 5476 cum
3491 5422 3653 5492 coepit
3708 5423 3852 5478 inc-e-

554 5558 575 5584 α
619 5530 666 5588 Ο
699 5526 1082 5602 pusillanimes,
1105 5519 1503 5588 confortamini,
1534 5517 1660 5589 quia
1688 5531 1814 5573 ecce
1842 5515 1988 5571 Deus
2027 5528 2148 5569 nos-
2253 5514 2399 5582 dere,
2455 5528 2624 5583 pravo
2679 5510 2894 5567 incessit
2945 5526 3158 5582 gressu,
3198 5511 3506 5602 vulneratus
3545 5511 3730 5566 aculeo
3761 5527 3853 5566 ve-

545 5641 627 5685 ιρι·
654 5597 853 5693 veniet,
901 5630 956 5678 et
1000 5617 1229 5676 salvabit
1264 5631 1380 5674 nos.
1434 5617 1539 5672 Eas
1577 5613 1913 5670 infirmitates
1945 5611 2140 5682 quibus
2253 5602 2440 5658 uenosi
2469 5599 2750 5673 serpentis,
2781 5607 2834 5654 et
2860 5599 3105 5693 sicmale
3159 5597 3433 5693 operando
3491 5598 3841 5693 claudicavit.

546 5730 629 5776 tra
655 5687 853 5782 veniet,
883 5721 936 5768 et
961 5707 1192 5765 salvabit
1232 5721 1354 5762 nos.
1405 5706 1511 5760 Eas
1555 5701 1898 5759 inﬁrmttates
1948 5700 2144 5771 quibus
2253 5687 2914 5782 Primumuquoqueﬂuod
2943 5687 3140 5782 legitur
3181 5687 3376 5782 iecisse
3411 5693 3713 5782 peccatum,
3737 5689 3846 5782 hoc

550 5775 852 5881 subjacetis'
866 5798 1093 5866 sanabit,
1126 5796 1252 5869 quia
1291 5803 1416 5851 tunc
1471 5791 1776 5865 aperientur
1811 5789 1954 5846 oculi
1983 5803 2147 5844 caeco-
2254 5787 2336 5839 est
2357 5779 2678 5839 claudicare.
2740 5778 2886 5832 Duos
2939 5775 3104 5849 pedes
3163 5775 3323 5832 debet
3351 5775 3549 5833 habere
3581 5777 3740 5831 homo
3771 5775 3848 5830 di-
