4072 6078
327 219 436 272 753

1261 198 1844 263 DEFLORATIONES
1884 199 1990 256 SS.
2038 198 2337 257 PATRUM.
2366 228 2439 240 —
2466 199 2594 255 LIB.
2636 199 2680 255 1.

3523 206 3627 262 734

328 339 617 395 lectionem
647 337 743 392 Dei
774 344 827 393 et
854 335 1106 409 proximi.
1149 332 1250 403 Qui
1290 332 1455 399 altera
1486 329 1697 383 illarum
1752 332 1917 393 caret,
1949 323 2005 383 A
2033 339 2097 378 eo
2130 323 2277 380 velut
2303 339 2530 396 organo,
2561 338 2893 395 movensque
2923 324 3040 394 ejus
3068 332 3313 386 naturam
3359 343 3423 383 eo
3465 329 3631 386 modo

328 437 552 492 claudus
582 443 679 492 est.
713 436 884 491 Adam
931 451 1065 507 ergo
1113 430 1471 489 claudicavit:
1524 428 1651 499 quia
1693 425 1921 480 nimium

327 552 554 590 uxorem
585 534 791 600 dilexit,
825 549 947 588 cum
978 533 1047 587 ab
1088 547 1270 587 amore
1298 528 1396 583 Dei
1442 543 1501 582 se
1546 525 1714 580 ﬂexit.
1749 524 1921 577 Deum

330 640 438 678 non
466 622 674 691 dilexit,
703 622 862 691 cujus
911 620 1167 677 mandata
1212 617 1472 690 neglexit.
1521 613 1718 671 Uxoris
1763 625 1923 664 amo-

327 737 443 774 rem
473 720 573 774 Dei
603 719 773 774 amori
803 718 1054 789 prastulit,
1087 717 1213 770 dum
1252 714 1502 789 libentius
1530 709 1713 764 uxoris
1763 722 1923 775 quam

329 809 432 863 Dei
461 807 701 863 ubedivit
743 788 1002 863 voluntati
1040 788 1473 874 (Aucttsrixos.)
1518 800 1657 853 Nam
1706 804 1925 866 postea-

334 918 494 972 quam
525 901 590 956 de
610 901 758 973 ligno
770 901 1040 972 prohibito
1053 899 1268 953 seducta
1290 896 1514 950 muliere
1558 888 1921 954 manducavit,

330 1000 489 1069 eique
510 998 735 1053 deditut
763 998 922 1053 simul
961 997 1199 1064 ederent,
1238 994 1409 1050 noluit
1446 1007 1567 1047 eam
1605 986 1922 1053 contristari,

332 1104 493 1158 quam
525 1087 777 1143 credebat
806 1102 962 1159 posse
992 1087 1108 1141 sine
1145 1100 1243 1139 suo
1289 1081 1479 1137 solatio
1526 1078 1922 1145 contabescere,

329 1185 373 1239 si
406 1186 475 1241 ab
504 1185 620 1254 ejus
651 1185 973 1240 alienaretur
1009 1183 1210 1250 animo,
1262 1188 1313 1235 et
1358 1178 1578 1233 omnino
1633 1175 1726 1229 illa
1780 1173 1923 1227 inte-

328 1274 437 1328 rire
492 1273 778 1343 discordia,
840 1289 948 1327 non
1006 1272 1223 1342 quidem
1279 1268 1453 1323 carnis
1498 1265 1668 1321 victus
1721 1279 1924 1317 concu—

329 1372 610 1442 piscentia,
643 1387 760 1439 quae
791 1370 1022 1423 nondum
1057 1376 1307 1419 si-wzm‘rt.
1467 1362 1734 1415 fl'liit‘Si'tlii
1787 1376 1924 1427 qua-

330 1459 459 1513 darn
514 1460 911 1526 benexeit-utiu,
975 1476 1078 1527 qua
1135 1460 1450 1527 plerumque
1506 1455 1567 1507 lit
1624 1460 1679 1506 ut
1749 1448 1924 1504 oli'en-

329 1557 490 1610 datur
516 1556 680 1622 Deus,
710 1571 777 1609 ne
804 1556 967 1609 homo
997 1570 1064 1608 ex
1093 1553 1268 1607 amico
1300 1550 1390 1605 ﬁat
1418 1549 1685 1603 inimicus.

2033 435 2139 489 quo
2168 427 2352 475 movet
2378 418 2468 474 ille
2527 436 2767 491 serpens,
2818 429 2870 475 et
2916 422 3126 477 moveri
3181 421 3275 477 illa
3327 422 3502 494 potuit
3561 423 3631 480 ad

2032 507 2414 578 exprimendos
2451 508 2739 565 verborum
2769 525 2948 579 sonos,
3011 518 3063 565 et
3116 510 3273 583 signa
3328 512 3631 582 corporalia

2031 610 2132 674 per
2158 622 2279 674 qua:
2307 606 2502 660 mulier
2527 606 2801 661 suadentis
2829 607 3154 679 intelligeret
3199 608 3554 664 voluntatem.
3599 633 3620 659 ι»

2032 694 2155 747 Non
2207 693 2385 763 itaque
2441 710 2661 765 serpens
2716 695 3005 751 verborum
3053 712 3214 751 sonos
3270 690 3624 770 intelligebat,

2035 807 2155 860 qtae
2180 809 2246 845 ex
2304 792 2398 846 illo
2453 791 2654 846 hebant
2704 793 2770 847 ad
2830 793 3128 859 mulierem,
3191 794 3628 865 quandoquidem

2033 895 2132 935 nec
2191 880 2291 951 ipsi
2351 880 2597 935 homines
2653 897 2878 951 quorum
2936 881 3212 937 rationalis
3267 892 3456 939 natura
3505 870 3622 951 est,

2033 995 2156 1035 cum
2177 980 2392 1034 darmon
2412 979 2468 1033 in
2488 980 2565 1034 eis
2584 980 2818 1049 loquitur
2853 996 2917 1034 ea
2955 982 3201 1051 passione
3233 980 3318 1036 cui
3366 984 3631 1039 exorcista

2032 1068 2336 1138 requiritur,
2370 1069 2541 1124 sciunt
2571 1069 2699 1138 quid
2730 1070 3036 1141 loquantur.
3092 1071 3260 1127 Adam
3315 1072 3513 1141 itaque,
3571 1080 3631 1126 ut

2028 1154 2453 1228 ‘prmlibavimus,
2488 1158 2613 1227 quia
2642 1158 2893 1213 libentius
2922 1160 3103 1215 uxoris
3129 1159 3461 1231 persuasioni
3490 1161 3628 1216 obe-

2033 1254 2168 1309 divit
2196 1271 2357 1323 quam
2388 1255 2486 1309 Dei
2545 1255 2825 1324 voluntati,
2885 1257 3005 1311 ideo
3061 1257 3399 1313 claudicavit.
3447 1258 3624 1313 Mutus

2035 1360 2246 1412 quoque
2278 1343 2455 1397 fuitin
2483 1342 2821 1399 confessione
2852 1345 3077 1415 peccati,
3119 1344 3245 1415 quia
3291 1362 3400 1401 non
3453 1346 3627 1401 solum

2029 1456 2140 1495 non
2196 1440 2471 1495 confessus
2525 1448 2603 1495 est
2658 1450 2956 1512 peccatum,
3006 1442 3101 1497 sed
3158 1443 3317 1497 etiam
3373 1458 3630 1498 excusare

2025 1529 2197 1597 erepit
2211 1528 2553 1584 malefactum
2575 1529 2760 1583 dicens
2783 1548 2795 1585 :
2826 1554 2848 1578 «
2872 1531 3064 1585 Mulier
3083 1546 3245 1600 quam
3266 1530 3460 1585 dedisti
3494 1532 3625 1585 mihi

406 1644 548 1715 Ergo
578 1643 683 1698 alio
715 1642 874 1698 modo
905 1641 1161 1711 quodam,
1195 1641 1353 1695 etiam
1388 1639 1500 1708 ipse
1531 1637 1784 1706 deceptus
1822 1642 1918 1704 est,
1951 1622 2236 1731 B'SOCiam
2265 1624 2332 1678 de
2364 1624 2512 1696 ligno
2541 1624 2690 1679 dedit
2719 1625 2871 1693 mihi,
2906 1633 2958 1681 et
2986 1625 3196 1681 comedi
3247 1627 3407 1695 (Gen.
3455 1628 3560 1694 ιιι).
3598 1648 3620 1674 ιι

331 1741 427 1796 sed
458 1740 584 1795 dolo
632 1740 724 1794 illo
779 1724 1086 1808 serpentino
1144 1753 1249 1807 quo
1307 1736 1500 1790 mulier
1552 1734 1768 1788 seducta
1823 1740 1920 1801 est,

331 1831 480 1884 nullo
509 1828 670 1883 modo
702 1828 851 1882 illum
882 1827 1111 1882 arbitror
1138 1824 1376 1896 potuisse
1407 1823 1587 1879 seduci
1618 1823 1925 1893 (AUGUSTI—

331 1934 449 1973 NUS
485 1918 584 1973 lib.
622 1932 798 1987 super
829 1915 968 1972 Gen.
1010 1916 1081 1970 ad
1112 1916 1370 1971 litteram
1400 1930 1449 1969 c.
1481 1912 1592 1981 27).
1640 1934 1662 1958 ιι
1698 1910 1928 1965 Seducta

333 2014 477 2068 enim
509 2021 623 2068 erat
653 2013 745 2067 illa
777 2012 949 2084 primo
980 2029 1077 2083 per
1112 2019 1416 2082 serpentem
1456 2008 1649 2064 deinde
1696 2007 1779 2063 vir
1830 2022 1929 2076 per

336 2102 621 2157 feminam.
660 2101 921 2156 Diabolus
951 2110 1129 2156 autem
1160 2101 1367 2156 locutus
1395 2099 1450 2153 in
1478 2102 1744 2169 serpente,
1775 2102 1927 2150 utens

554 2208 684 2271 Hic
715 2207 1062 2272 dividatur
1088 2222 1342 2283 sermo,
1373 2204 1431 2269 si
1462 2202 1707 2286 placet.

326 2350 329 2357 ι
404 2322 658 2391 Audistis,
689 2324 897 2391 fratres,
943 2322 1215 2392 quomodo
1263 2321 1435 2376 Adam
1480 2319 1693 2386 surdus,
1728 2326 1926 2385 mutus,

332 2427 528 2479 caecus,
561 2420 616 2466 et
642 2411 863 2466 claudus
892 2410 1108 2466 effectus
1136 2419 1239 2465 est.
1293 2413 1354 2464 In
1401 2411 1517 2463 haec
1562 2408 1751 2461 eadem
1800 2406 1928 2461 vitia

334 2517 508 2573 genus
535 2503 831 2555 humanum
870 2500 1169 2556 involutum
1199 2505 1660 2566 erat,.antequam
1690 2495 1928 2552 Christus

334 2597 391 2652 in
419 2597 681 2652 mundum
724 2596 977 2655 venisset.
1038 2597 1189 2651 Adeo
1246 2595 1390 2649 enim
1447 2593 1700 2649 excaecati
1753 2600 1923 2658 erant,

336 2687 463 2755 quia
492 2685 635 2741 idola
675 2687 972 2740 coluerunt.
1024 2685 1178 2740 Unde
1224 2684 1543 2755 Apostolus:
1600 2704 1622 2731 «ι
1674 2682 1925 2736 Evanue-

334 2783 458 2829 runt
486 2775 542 2828 in
571 2774 989 2847 cogitationibus
1034 2774 1163 2837 suis,
1203 2780 1256 2827 et
1303 2773 1645 2827 obscuratum
1703 2778 1783 2824 est
1836 2786 1930 2825 cor

338 2887 525 2927 eorum
557 2871 833 2942 insipiens.
873 2871 946 2925 Et
990 2871 1117 2940 quia
1170 2886 1278 2923 non
1336 2868 1701 2940 probaverunt
1756 2868 1928 2923 Deum

333 2961 533 3014 habere
565 2960 618 3013 in
650 2960 856 3025 notitia,
890 2959 1107 3013 tradidit
1154 2958 1275 3012 illos
1331 2959 1475 3012 Deus
1527 2957 1582 3011 in
1636 2955 1926 3025 reprobum

331 3065 548 3103 sensum
581 3049 756 3114 (Rom.
809 3049 872 3117 ι).
918 3070 939 3093 ιι
1002 3047 1159 3103 Surdi
1216 3054 1366 3101 erant
1415 3046 1571 3115 juxta
1627 3048 1730 3100 hoc
1786 3027 2008 3113 quodC

334 3146 501 3200 Isaias
531 3146 603 3199 ait
636 3161 649 3196 :
690 3168 710 3191 ιι
748 3145 1101 3199 Incrassatum
1131 3151 1209 3198 est
1254 3159 1347 3197 cor
1402 3143 1585 3213 populi
1642 3141 1819 3211 hujus,
1877 3150 1932 3196 et

333 3234 551 3288 auribus
577 3233 815 3304 graviter
842 3233 1143 3287 audierunt.
1176 3233 1284 3287 Cor
1310 3239 1365 3285 et
1391 3220 1574 3285 oeulos
1602 3246 1728 3285 suos
1772 3230 1926 3285 elau-

320 3329 510 3378 ‘serunt
537 3338 603 3376 ne
635 3321 849 3391 quando
878 3320 1047 3376 oculis
1075 3320 1313 3385 videant,
1346 3328 1398 3374 et
1446 3320 1666 3373 auribus
1707 3319 1928 3374 audiant

334 3420 463 3483 (lsa.
515 3420 619 3488 vi).
664 3430 691 3465 ιι·
740 3417 1188 3473 Claudicaverum
1234 3417 1374 3470 male
1432 3415 1726 3486 operando,
1777 3416 1929 3485 juxta

331 3508 463 3561 illud
494 3523 681 3562 omnes
712 3506 1133 3572 declinaverunt,
1186 3512 1287 3559 etc.
1334 3506 1399 3559 Et
1453 3506 1688 3560 iterum:
1727 3528 1747 3551 «ι
1812 3505 1929 3559 Filii

330 3596 495 3650 alieni
522 3596 883 3649 mentiti'sunt
911 3594 1066 3662 mihi,
1105 3618 1125 3642 ιι
1178 3602 1284 3648 etc.
1349 3595 1526 3665 (Psal.
1585 3596 1740 3662 xvn).
1799 3595 1928 3648 Muti

331 3701 453 3747 sunt
484 3692 608 3747 facti
632 3692 855 3747 tacendo
899 3700 1137 3762 peccata,
1193 3691 1347 3760 juxta
1401 3693 1503 3744 hoc
1556 3689 1701 3760 quod
1756 3690 1929 3744 David

333 3782 400 3835 de
430 3798 486 3835 sc
522 3782 641 3836 ait:
696 3779 963 3849 Quoniam
1026 3780 1162 3833 tacui
1221 3787 1271 3833 et
1325 3779 1753 3832 inveteraverunt
1809 3793 1929 3832 ossa

335 3886 455 3923 mea
487 3871 659 3936 (Psal.
692 3874 868 3938 xxxx).
906 3892 927 3914 ι»
964 3869 1092 3922 Haec
1119 3867 1321 3924 omnia.
1375 3867 1562 3921 fratres
1607 3866 1925 3933 charissimi,

331 3966 544 4021 sanavit
571 3964 811 4021 medicas
859 3966 1107 4020 cmlestis.
1171 3964 1356 4018 Curcos
1413 3964 1750 4029 illuminavit,
1806 3980 1926 4017 eum

332 4056 545 4124 aperuit
582 4071 769 4108 sensus
816 4054 1115 4117 hominum,
1166 4062 1221 4106 ut
1270 4053 1628 4123 intelligerent
1681 4052 1927 4121 Scriptu-

330 4161 439 4209 ηις,
476 4152 527 4197 et
556 4150 763 4212 patrem
815 4159 968 4195 suum
1006 4141 1342 4196 annuntiavit
1371 4140 1591 4207 mundo,
1629 4140 1787 4209 juxta
1826 4143 1928 4194 hoc

332 4240 476 4310 quod
508 4239 579 4294 ait
611 4239 769 4309 ipse:
829 4260 849 4285 «ι
902 4239 1077 4303 Pater,
1130 4236 1465 4292 manifestavi
1524 4253 1721 4291 nomen
1778 4244 1926 4291 tuum

328 4327 642 4382 hominibus
700 4328 883 4397 (Joan.
947 4343 1105 4395 xvii).
1171 4350 1190 4373 ιι
1270 4326 1335 4379 Et
1410 4325 1535 4395 quia
1606 4326 1751 4396 prius
1815 4332 1927 4379 erat

328 4424 386 4480 in
458 4423 660 4479 mundo
695 4466 708 4487 ,
786 4431 837 4477 et
911 4423 1142 4478 mundus
1225 4439 1345 4477 eum
1438 4439 1543 4477 non
1636 4423 1914 4493 cognovit.

324 4515 456 4568 Haec
525 4521 604 4566 est
672 4512 994 4566 illuminatio
1061 4528 1221 4581 quam
1289 4513 1521 4582 postulat
1586 4512 1759 4566 David
1834 4512 1923 4564 di-

328 4619 454 4658 cens
487 4621 497 4656 :
540 4625 561 4648 «
598 4601 845 4655 lllumina
877 4601 1060 4654 oculos
1090 4616 1259 4666 meos,
1313 4617 1375 4652 ne.
1434 4618 1667 4669 unquam
1717 4600 1923 4654 obdor-

327 4691 492 4744 miam
518 4690 568 4743 in
599 4696 795 4755 morte,
817 4713 837 4736 ιι
875 4698 975 4743 etc.
1014 4712 1036 4736 τι
1064 4688 1192 4759 ([sa.
1220 4690 1342 4758 xu.)
1375 4691 1540 4741 Aures
1560 4689 1923 4757 aperuit,cum

329 4778 585 4833 clamavit
616 4798 628 4832 :
655 4778 757 4846 Qui
781 4778 945 4831 habet
969 4793 1123 4831 aures
1163 4777 1414 4831 audiendi
1447 4777 1629 4831 audiat
1685 4778 1912 4835 (Matth.

329 4870 435 4937 x1).
478 4890 498 4915 ιι
537 4866 601 4920 Et
630 4866 851 4938 gentilis
882 4866 1113 4936 pepulus
1143 4865 1507 4919 habuitaures
1536 4874 1765 4933 apertas,
1799 4882 1919 4919 cum

329 4954 769 5027 praedicationem
812 4954 930 5024 ejus
985 4954 1213 5009 libenter
1266 4954 1515 5024 suscepit,
1570 4953 1731 5021 juxta
1781 4955 1922 5021 quod

314 5043 444 5121 ipse
474 5060 569 5113 per
597 5043 770 5097 David
800 5044 873 5096 ait
905 5058 915 5093 :
975 5065 996 5089 τι
1049 5041 1283 5110 Populus
1321 5059 1477 5112 quem
1530 5058 1635 5095 non
1691 5043 1923 5113 cognovi

327 5131 548 5187 servivit
576 5132 727 5200 mihi,
765 5156 786 5179 ι›
812 5138 936 5193 etc.,
966 5132 1140 5189 (Psal.
1176 5134 1312 5197 xvi).
1347 5131 1473 5184 llaec
1502 5138 1619 5184 sunt
1675 5130 1765 5184 illa
1816 5131 1922 5185 duo

328 5234 448 5290 quae
477 5220 740 5290 prepheta
770 5216 1018 5288 promisit
1046 5234 1166 5271 eum
1199 5220 1273 5272 ait
1305 5237 1317 5272 :
1357 5242 1378 5267 ‹‹
1428 5221 1577 5273 Tunc
1619 5220 1925 5287 aperientur

328 5309 468 5364 oculi
500 5323 802 5363 carcerum:
838 5314 889 5361 et
935 5324 1089 5360 aures
1134 5307 1414 5361 surdorum
1463 5308 1721 5379 patebunt
1780 5308 1913 5379 (Ira.

329 5398 525 5467 xxxv).
568 5420 589 5444 ιι
629 5398 924 5467 Sequitur:

408 5518 429 5543 α
464 5495 529 5548 Et
555 5495 714 5548 saliet
740 5495 873 5549 sicut
908 5509 1096 5549 cervus
1141 5495 1361 5550 claudus
1414 5495 1616 5565 tibid.).
1652 5520 1673 5544 ιι
1738 5497 1923 5552 Claudi

328 5584 506 5658 erant,
538 5599 594 5644 ut
623 5589 879 5659 diximus,
913 5593 1037 5661 quia
1066 5599 1207 5647 recte
1253 5606 1363 5647 non
1396 5593 1736 5660 incedebant,
1786 5609 1925 5665 epe-

316 5686 490 5779 fribus
514 5686 669 5745 bonis
698 5700 807 5746 non
825 5696 1093 5747 vacantes.
1118 5686 1224 5746 Sed
1262 5686 1456 5746 direxit
1492 5702 1706 5761 gressus
1740 5687 1923 5747 homi-

2033 1714 2170 1770 Cum
2200 1728 2334 1785 ergo
2361 1713 2436 1767 ait
2463 1736 2485 1761 «ι
2519 1712 2731 1779 mulier,
2766 1729 2927 1783 quam
2956 1714 3147 1768 dedisti
3178 1715 3312 1769 mihi
3340 1715 3563 1780 sociam,
3602 1736 3624 1762 »ι

2035 1811 2089 1864 in
2119 1810 2399 1865 mulierem
2430 1809 2689 1873 convertit
2719 1810 2953 1881 culpam,
2990 1818 3044 1865 et
3089 1812 3261 1864 Deum
3306 1810 3481 1865 etiam
3538 1811 3628 1863 in-

2036 1900 2242 1954 famare
2273 1898 2443 1955 voluit
2497 1898 2553 1952 in
2608 1900 2709 1954 hoc
2765 1898 2953 1967 verbo,
3016 1921 3039 1946 ιι
3075 1915 3236 1970 quam
3284 1898 3476 1953 dedisti
3531 1897 3632 1952 mi-

2033 1992 2116 2049 hi.
2160 2016 2182 2043 ο)

2036 2341 2207 2393 mum,
2239 2342 2362 2381 cum
2392 2324 2555 2380 corda
2583 2341 2769 2381 eorum
2799 2323 2870 2379 ad
2896 2324 3042 2380 viam
3072 2323 3304 2381 caelestis
3322 2304 3512 2393 patriae
3541 2321 3631 2377 di-

2036 2414 2193 2470 rexit.
2220 2414 2395 2470 Corda
2422 2413 2743 2487 diriguntur,
2776 2430 2899 2469 cum
2931 2430 3105 2483 neque
3134 2412 3203 2467 ad
3233 2411 3510 2468 dexteram
3541 2428 3633 2466 ne-

2030 2529 2142 2582 que
2173 2511 2241 2566 ad
2272 2512 2543 2566 sinistram
2591 2511 2944 2566 divertuntur.
2992 2511 3229 2581 Dextera
3282 2518 3362 2565 est
3415 2509 3633 2565 miseri-

2037 2600 2221 2656 cordia
2250 2600 2369 2667 Dei,
2401 2600 2614 2655 sinistra
2643 2615 2770 2654 vero
2800 2599 3125 2670 desperatio.
3155 2598 3307 2655 Unde
3328 2599 3401 2654 ait
3433 2598 3627 2653 Isaias.

2036 2721 2064 2755 ,ιι
2098 2700 2227 2754 Haec
2256 2699 2363 2764 via,
2398 2697 2672 2751 ambulate
2704 2695 2757 2751 in
2777 2713 2861 2763 ea,
2885 2712 3059 2766 neque
3078 2695 3147 2751 ad
3167 2696 3443 2751 dexteram
3461 2710 3638 2763 neque

2030 2774 2103 2842 ad
2134 2787 2401 2841 sinistram
2434 2786 2764 2840 declinantes
2793 2785 2929 2854 (13a.
2964 2786 3118 2854 xxx).
3155 2807 3177 2832 ιι
3232 2784 3397 2838 Judas
3425 2792 3478 2837 et
3523 2783 3637 2837 dia-

2034 2876 2193 2931 bolus
2232 2876 2321 2944 qui
2373 2874 2813 2945 desparaverunt,
2872 2873 2942 2928 ad
2997 2873 3266 2928 sinistram
3321 2872 3636 2927 declinave-

2036 2981 2178 3028 runt.
2212 2972 2476 3043 Origenes
2498 2986 2714 3040 quoque
2769 2971 2861 3039 qui
2918 2970 3145 3027 nimian
3202 2967 3529 3029 conﬁdendo,
3581 2970 3636 3025 in

2037 3060 2406 3116 misericordia
2430 3060 2530 3114 Dei
2561 3058 2873 3130 praedicavit
2901 3058 3177 3133 diabolum
3220 3057 3563 3114 salvandum,
3586 3065 3642 3111 et

2037 3150 2357 3207 solvendum
2384 3156 2506 3218 post
2537 3148 2685 3202 mille
2715 3164 2905 3216 annos,
2938 3155 2991 3202 et
3037 3147 3197 3202 nimis
3243 3147 3331 3202 ad,
3358 3147 3635 3223 dexteram

2020 3246 2348 3304 declinavit.
2382 3242 2567 3315 Itaque
2596 3244 2806 3300 medius
2859 3244 3010 3299 callis
3064 3244 3369 3313 sequendus
3422 3250 3522 3312 est,
3564 3250 3642 3296 ut

2040 3353 2212 3406 neque
2238 3335 2523 3407 desperent
2551 3333 2816 3400 homines,
2848 3348 3023 3403 neque
3050 3332 3380 3387 conﬁdentes
3425 3331 3493 3401 in,
3528 3330 3639 3385 mi-

2038 3424 2327 3480 sericordia
2348 3424 2569 3478 licenter
2597 3429 2840 3494 peccent.
2873 3422 3045 3491 Hujus
3072 3422 3150 3475 rei
3168 3420 3345 3493 ﬁgura
3371 3428 3471 3489 est,
3494 3420 3639 3490 quod

2037 3539 2162 3579 arca
2190 3521 2407 3577 funicris
2435 3537 2557 3575 cum
2587 3520 2928 3577 reduceretur
2955 3519 3021 3583 de
3062 3535 3234 3590 regno
3285 3518 3638 3575 Pbilisthino—

2037 3628 2157 3666 rum
2188 3611 2241 3664 in
2272 3610 2448 3665 locum
2479 3626 2655 3678 suum,
2686 3623 2864 3665 vacca
2892 3607 3014 3663 duae
3042 3608 3309 3663 ducebant
3328 3607 3384 3662 in
3404 3606 3640 3683 plaustro

2039 3717 2136 3771 per
2163 3700 2420 3771 directam
2450 3699 2594 3753 viam
2627 3714 2747 3768 quae
2791 3714 2901 3752 non
2941 3694 3307 3752 declinabant
3340 3712 3514 3766 neque
3572 3693 3641 3749 ad

2038 3799 2316 3855 dexteram
2348 3813 2521 3865 neque
2541 3796 2609 3851 ad
2638 3796 2909 3850 sinistram
2940 3795 2990 3859 (Ι
3022 3797 3152 3866 Reg.
3209 3797 3309 3864 γι).
3368 3796 3506 3849 Area
3563 3801 3643 3849 est

2018 3887 2305 3955 .Ecclesia.
2372 3886 2504 3940 Duas
2563 3901 2741 3939 vaccae
2799 3883 3179 3955 przedicatores
3253 3882 3540 3954 gentilium
3589 3890 3644 3936 et

2037 3976 2366 4041 Iudaeorum,
2401 3989 2506 4043 quo
2535 3972 2671 4027 alios
2700 3973 2837 4026 lacte
2866 3987 2962 4026 suo
2999 3977 3227 4040 pascunt.
3280 3977 3333 4023 et
3389 3970 3529 4039 alios
3572 3969 3642 4024 ad

2040 4072 2334 4127 Ecclesiam
2365 4070 2583 4124 ducunt.
2616 4069 2744 4124 Ideo
2774 4068 2948 4123 David
2969 4068 3043 4123 ait
3074 4083 3086 4120 :
3126 4090 3148 4114 «ι
3191 4068 3333 4132 Bene
3380 4065 3640 4136 placitum

2038 4169 2119 4214 est
2144 4159 2377 4215 Domino
2408 4174 2569 4228 super
2599 4157 2849 4212 timentes
2876 4172 3020 4220 cum,
3054 4163 3106 4211 et
3154 4155 3210 4208 in
3257 4154 3336 4208 eis
3375 4153 3641 4226 qui‘spe-

2034 4256 2158 4303 rant
2184 4264 2345 4317 super
2372 4245 2740 4300 misericordia
2770 4244 2888 4312 ejus
2915 4236 3326 4313 (Psalfcxn'l).
3366 4266 3387 4289 ιι
3426 4243 3641 4311 Utrum-

2038 4354 2142 4408 que
2170 4335 2349 4405 posuit
2380 4342 2432 4389 et
2457 4350 2611 4405 spem
2654 4341 2706 4387 et
2762 4333 3030 4388 timorem.
3275 4332 3391 4389 sine
3447 4332 3640 4387 timore

2037 4423 2382 4498 praesumptio
2415 4430 2512 4478 est.
2542 4421 2728 4477 Timor
2755 4422 2871 4477 sine
2899 4437 2994 4490 spe
3041 4421 3343 4491 desptxatio
3391 4428 3490 4477 est.
3536 4420 3635 4475 Ti-

2034 4530 2153 4569 mor
2176 4514 2351 4567 aufert
2387 4511 2440 4565 in
2495 4510 2861 4566 misericordia
2918 4511 3278 4577 securitatem,
3341 4526 3408 4564 ne
3470 4509 3632 4565 nimis

2034 4603 2305 4657 adhzereat
2333 4600 2553 4655 dextra).
2588 4600 2665 4654 De
2698 4603 2797 4654 hac
2825 4607 2971 4656 recta
2993 4600 3080 4655 via
3101 4599 3175 4654 ait
3193 4599 3428 4654 Joannes
3452 4617 3463 4653 :
3486 4620 3507 4645 ιι
3532 4599 3632 4652 Pa-

2029 4700 2143 4747 rate
2177 4691 2318 4746 viam
2350 4689 2583 4743 Domino
2610 4711 2630 4735 ιι
2669 4689 3004 4751 etc.(Matth.
3032 4688 3130 4759 1v).
3165 4688 3271 4742 Sed
3293 4688 3344 4740 in
3366 4676 3632 4741 hacrecta

2028 4781 2116 4835 via
2145 4778 2444 4833 saliendum
2477 4786 2573 4831 est.
2610 4777 2760 4832 Unde
2803 4777 3042 4830 dicitur:
3084 4800 3103 4822 ι‹
3162 4776 3230 4830 Et
3283 4773 3445 4828 saliet.
3492 4774 3631 4828 sicut

2030 4885 2220 4923 cervus
2249 4867 2495 4921 claudus.
2540 4888 2562 4911 »ι
2599 4864 2738 4920 Sunt
2762 4866 2867 4918 duo
2888 4881 3091 4937 genera
3120 4864 3420 4929 cei‘vorum,
3460 4879 3627 4917 unum

2032 4956 2174 5028 quod
2205 4956 2331 5009 dum
2365 4953 2627 5008 invenerit
2656 4959 2957 5024 serpentem
2990 4953 3042 5006 in
3089 4966 3319 5005 caverna
3368 4950 3460 5006 ubi
3514 4950 3631 5005 lati-

2032 5052 2126 5111 tat,
2158 5061 2278 5100 cum
2309 5060 2365 5097 se
2395 5050 2648 5114 gravatos
2696 5041 3000 5095 infirmitate
3030 5048 3033 5051 ‘
3057 5046 3465 5110 pracsenserunt,
3510 5040 3627 5110 spi-

2030 5135 2135 5188 ritu
2163 5133 2370 5187 narium
2402 5146 2495 5186 cos
2524 5133 2808 5185 extrahunt
2837 5130 2905 5183 de
2933 5128 3195 5194 cavernis,
3228 5136 3281 5181 et
3337 5124 3627 5200 egredien-

2034 5231 2110 5277 tes
2138 5221 2439 5293 percutiunt
2464 5219 2663 5275 collum
2695 5219 2817 5274 hinc
2862 5218 2984 5272 inde
3032 5217 3289 5287 jactando
3345 5217 3621 5273 occidunt.

2033 5311 2236 5365 Deinde
2268 5318 2485 5381 propter
2513 5316 2775 5363 tumorem
2807 5324 2873 5361 ex
2903 5307 3139 5378 pernicie
3179 5307 3372 5363 veneni
3412 5323 3629 5361 currens

2032 5401 2099 5455 ad
2129 5416 2294 5469 aquas
2323 5397 2632 5470 purissimas
2660 5415 2726 5452 ex
2755 5405 2887 5467 potu
2915 5397 3127 5451 illarum
3174 5413 3442 5451 venenum
3490 5412 3627 5452 evo-

2031 5499 2147 5564 mit,
2182 5514 2245 5552 ac
2271 5497 2348 5551 sic
2379 5497 2515 5569 pilos
2544 5495 2759 5561 amittit,
2784 5504 2834 5550 et
2871 5510 3072 5550 cornua
3118 5494 3334 5573 ‘adjicit.
3368 5496 3473 5548 Iste
3520 5508 3629 5548 cer-

2031 5610 2130 5649 vus
2158 5592 2386 5665 ﬁguram
2411 5592 2784 5663 pernitentium
2817 5597 2980 5646 tenet.
3031 5590 3136 5659 Qui
3184 5590 3311 5645 dum
3359 5588 3627 5645 constrin-

2032 5696 2241 5765 guntur
2265 5688 2583 5749 intrinsecus
2612 5687 2937 5747 conscientia
2968 5692 3309 5762 peccatorum
3328 5679 3533 5744 cadunt
3562 5680 3631 5739 ad
