4010 6074
470 276 575 331 7ὔῦ

1606 283 1950 341 WERNERI
1986 288 2275 346 ABBATIS
2315 292 2374 348 S.
2416 291 2635 349 BLASII

3669 311 3779 364 756

474 400 672 469 fontes,
703 400 762 457 id
792 408 874 457 est
906 400 1312 460 addoctrinam
1343 406 1771 479 Scripturarum.
1816 409 1883 464 Hi
1930 428 2073 483 quo-
2100 413 2157 474 A
2187 422 2270 471 est
2297 423 2355 471 ut
2385 424 2439 473 et
2467 417 2536 475 de
2566 419 2809 477 secundo
2839 421 2957 492 ejus
2995 424 3235 484 adventu
3283 428 3475 503 aliqua
3524 433 3779 505 profera-

486 513 593 569 que
621 496 756 554 foris
784 498 1078 569 projiciunt
1104 501 1229 570 quia
1258 512 1630 576 segregantur
1659 521 1760 577 per
1800 507 2081 578 paeniten-

481 585 609 641 tiam
639 600 674 641 a
703 601 937 658 corpore
967 596 1021 643 et
1052 590 1319 662 sanguine
1350 592 1550 648 Christi
1594 611 1770 665 usque
1806 595 1939 650 dum
1981 613 2078 652 re-

478 674 753 745 cipiuntur
778 691 879 747 per
907 678 1411 736 reconciliationem
1442 681 1767 739 sacerdotis.
1800 684 2076 756 Aliudge-

477 788 581 828 nus
600 787 905 843 cervorum,
929 774 977 828 si
997 774 1265 833 invenerit
1281 786 1616 848 serpentem,
1638 780 1853 837 occidet
1870 790 2077 849 eum,et

482 868 611 932 post
635 860 1075 934 victoriampetit
1100 874 1315 922 montes
1364 867 1456 922 ubi
1498 868 1741 925 inveniat
1784 870 2067 939 pabulum.

484 949 577 1006 Sic
604 958 658 1006 et
686 951 1067 1024 unusquisque
1098 953 1229 1008 dum
1280 956 1515 1011 senserit
1562 957 1840 1013 diabolum
1887 959 1942 1014 in
1992 976 2073 1028 se,

480 1046 569 1102 vel
598 1046 652 1101 in
684 1046 827 1103 alios
856 1065 1068 1106 venena
1111 1051 1255 1106 male
1292 1054 1660 1122 persuasionis
1706 1055 1905 1123 infusa,
1952 1074 2075 1114 cum

483 1134 682 1192 virtute
711 1136 931 1192 Domini
960 1154 1086 1194 eum
1117 1138 1449 1211 interﬁcere,
1481 1142 1537 1197 id
1566 1150 1651 1199 est
1679 1160 1785 1200 ase
1804 1145 2075 1215 projicere

483 1224 720 1293 studeat,
753 1226 1047 1299 veniatque
1077 1228 1145 1282 ad
1170 1238 1435 1295 montem,
1468 1230 1525 1286 id
1556 1239 1639 1287 est
1668 1232 1938 1289 Christum
1968 1249 2073 1306 pa-

482 1320 674 1376 bulum
704 1330 916 1393 quierat
944 1338 1014 1378 ne
1042 1324 1263 1381 omnino
1290 1324 1526 1382 deficiat.

556 1437 992 1507 (AUGUSTINUS)
1024 1438 1184 1494 Cervi
1232 1455 1451 1513 quoque
1496 1442 1709 1514 quando
1755 1443 1811 1498 in
1854 1446 2073 1517 agmine

487 1540 588 1581 suo
626 1524 956 1593 ambulant,
998 1526 1090 1583 vel
1140 1529 1359 1598 quando
1416 1532 1655 1588 natando
1709 1532 1843 1588 alias
1893 1541 2072 1590 terra-

481 1629 611 1670 rum
635 1622 837 1684 partes»
858 1622 1073 1686 petunt,
1124 1631 1293 1673 onera
1344 1619 1577 1690 capitum
1630 1636 1856 1677 suorum
1912 1639 2075 1694 super

479 1712 716 1769 invicem
771 1726 979 1784 ponere
1029 1715 1233 1785 solent,
1284 1717 1360 1772 ita
1414 1726 1474 1772 ut
1535 1734 1674 1774 unus
1744 1720 2063 1791 praecedat,

481 1807 532 1855 et
570 1809 865 1872 sequantur
919 1803 1011 1875 qui
1076 1820 1245 1876 super
1310 1822 1435 1861 eum
1500 1808 1680 1879 capita
1745 1818 1952 1879 ponunt
2013 1818 2067 1866 et

478 1903 653 1960 supra
694 1890 818 1947 iilos
856 1891 951 1946 alii
988 1901 1412 1965 consequentes,
1444 1903 1498 1951 et
1525 1896 1724 1953 deinde
1752 1897 1859 1953 alii
1891 1898 2070 1955 donec

472 2001 671 2058 agmen
698 1985 876 2043 ﬁniat.
913 1988 1013 2045 Ille
1043 1997 1223 2046 autem
1275 2007 1415 2047 unus
1462 1993 1555 2064 qui
1602 1995 1819 2064 pondus
1865 1994 2066 2067 capitis

470 2075 526 2129 in
565 2076 801 2146 primatu
853 2078 1149 2148 portabat,
1217 2078 1478 2152 fatigatus
1542 2082 1680 2137 redit
1742 2083 1809 2137 ad
1875 2092 2065 2156 poste-

477 2163 621 2219 riora
659 2173 715 2219 ut
761 2164 905 2220 alter
942 2165 991 2221 ei
1039 2167 1293 2223 succedat
1349 2168 1440 2238 qui
1493 2178 1671 2241 portet
1732 2172 1877 2241 quod
1932 2189 2064 2244 por-

470 2262 649 2328 tabat,
691 2269 853 2332 atque
892 2261 984 2316 ille
1024 2263 1405 2335 fatigationem
1461 2282 1615 2322 suam
1671 2277 1901 2338 recreat,
1958 2286 2066 2340 po-

468 2348 578 2403 sito
607 2350 806 2420 capite,
841 2349 981 2406 sicut
1011 2358 1064 2405 et
1114 2353 1299 2407 ceteri
1348 2354 1643 2424 ponebant.
1696 2357 1772 2411 Ita
1823 2357 2061 2414 vicissim

466 2437 741 2508 portando
770 2438 915 2508 quod
944 2454 1113 2510 grave
1140 2447 1243 2509 est,
1276 2449 1328 2497 et
1358 2443 1507 2498 viam
1532 2453 1804 2517 peragunt
1835 2454 1888 2502 et
1918 2446 2059 2503 invi-

463 2548 590 2591 cem
618 2550 733 2591 non
757 2535 1043 2594 deserunt.
1082 2540 1269 2610 Itaque
1318 2540 1589 2612 spiritales
1627 2544 1869 2616 magistri
1915 2544 2060 2600 cervi

462 2624 553 2681 vel
581 2638 764 2681 cerva
791 2626 971 2681 vocati
1000 2636 1143 2694 sunt,
1176 2627 1321 2684 sicut
1348 2644 1449 2700 per
1488 2630 1799 2687 Jeremiam-
1841 2634 1910 2688 de
1955 2634 2058 2689 do-

463 2712 709 2768 ctoribus
736 2713 952 2786 genitos
981 2713 1124 2770 ﬁlios
1152 2715 1373 2773 incaute
1401 2718 1787 2776 deserentibus
1826 2722 2048 2778 dicitur.

468 2831 491 2857 α
526 2810 703 2866 Cerva
723 2810 777 2865 in
809 2826 948 2885 agro
977 2812 1211 2885 peperit,
1240 2822 1293 2870 et
1320 2815 1537 2889 reliquit
1565 2818 1791 2887 (larem.
1848 2822 1988 2891 xiv).
2033 2844 2052 2868 η

460 2899 713 2970 Apostoli
740 2900 991 2972 magistri
1019 2901 1149 2957 dum
1178 2902 1417 2959 labentia
1447 2906 1606 2975 hujus
1647 2910 2060 2979 temporalitatis

460 2996 766 3055 momenta,
801 2990 957 3061 quasi
989 2991 1236 3062 quadam
1265 2992 1486 3049 ﬁumina
1505 3001 1805 3067 transeunt,
1830 3013 2059 3071 compa-

457 3087 653 3143 tientes
684 3086 970 3155 charitate,
1004 3104 1175 3145 onera
1219 3106 1321 3146 sua
1364 3092 1471 3148 sibi
1505 3093 1739 3152 invicem
1789 3114 2061 3171 superpo-

455 3184 612 3243 nunt,
645 3176 773 3247 quia
802 3181 960 3232 cauta
1012 3178 1403 3237 observatione
1450 3184 1770 3240 custodiunt
1816 3186 1868 3241 id
1915 3188 2059 3259 quod

454 3264 722 3336 scriptum
752 3272 838 3321 est
868 3280 880 3319 :
918 3288 939 3314 α
977 3266 1215 3323 Invicem
1247 3284 1413 3325 onera
1445 3276 1679 3342 portate,
1710 3283 1759 3329 et
1790 3276 1870 3332 sic
1890 3277 2059 3333 adim-

459 3385 481 3409 α
518 3360 743 3432 plebitis
771 3361 952 3434 legem
983 3363 1180 3419 Christi
1211 3365 1358 3437 (Gal.
1393 3368 1488 3437 vr).
1515 3392 1536 3417 η
1572 3371 1800 3438 Cervus,
1825 3387 1949 3428 cum
1966 3392 2058 3431 ve-

453 3449 533 3504 nit
561 3449 631 3503 ad
660 3450 784 3506 loca
812 3451 1037 3521 spinosa
1066 3458 1119 3508 et
1145 3453 1343 3522 lutosa,
1376 3457 1623 3515 saliendo
1653 3460 1906 3516 transilit.
1976 3464 2057 3519 Si-

456 3536 685 3604 militer,
717 3553 750 3593 ο
778 3546 1066 3610 peccator,
1094 3541 1141 3595 si
1170 3546 1472 3600 occurrerit
1502 3547 1593 3601 tibi
1629 3564 1783 3606 amor
1832 3548 2055 3608 divitia-

457 3650 599 3701 rum,
633 3634 730 3706 qui
759 3636 951 3707 pungit
978 3637 1342 3696 sollicitudine
1375 3660 1388 3706 ;
1423 3643 1469 3698 si
1496 3644 1666 3700 lutum
1695 3647 1925 3704 luxeriaz
1966 3658 2051 3714 vel

457 3721 688 3791 alicujus
717 3718 1011 3795 voluptatis
1040 3725 1243 3796 fetidaz,
1276 3731 1541 3789 transilite
1589 3743 1793 3792 mente.
1851 3738 2055 3795 Cervus

457 3810 667 3867 deserit
694 3810 871 3869 valles
901 3821 956 3870 et
984 3817 1235 3872 ascendit
1266 3818 1322 3873 in
1350 3828 1585 3890 montes,
1636 3824 1709 3879 ita
1752 3834 1807 3880 tu
1856 3827 2053 3884 desere

458 3916 681 3965 terrena
712 3914 764 3965 et
792 3918 917 3981 pete
948 3912 1218 3970 coelestia.
1260 3916 1395 3973 Inde
1414 3918 1488 3974 ait
1516 3921 1782 3978 Dominus
1810 3940 1908 3995 per
1949 3926 2054 3980 Da-

459 3997 553 4054 vid
585 4017 599 4053 :
637 4019 659 4049 ι
686 3998 791 4068 Qui
819 4000 1049 4072 perfecit
1066 4004 1237 4074 pedes
1260 4020 1418 4062 meos
1437 4015 1690 4079 tanquam
1710 4026 2049 4081 cervorum,»

467 4094 579 4143 etc.
620 4088 803 4158 (Psal.
861 4091 1031 4157 XVII.)
1076 4093 1285 4150 Cervus
1331 4111 1625 4155 senescens
1672 4100 1896 4157 devorat
1941 4118 2054 4159 ser-

457 4191 678 4254 pentem
710 4192 763 4241 et
788 4193 918 4242 tunc
947 4196 1064 4259 prie
1092 4190 1261 4247 nimio
1289 4192 1483 4250 ardore
1513 4196 1684 4252 currit
1712 4198 1779 4253 ad
1812 4198 2044 4257 fontem.

459 4268 586 4326 Post
616 4274 769 4343 cujus
796 4283 984 4346 potum
1016 4277 1235 4349 deponit
1266 4289 1503 4339 veterem
1536 4285 1730 4355 pellem
1762 4295 1815 4343 et
1851 4302 2052 4345 cornua

459 4367 514 4414 et
540 4360 837 4417 reviviscit.
868 4362 980 4434 Sic,
1013 4377 1065 4421 et
1094 4374 1150 4422 tu
1193 4377 1473 4440 peccator,
1520 4375 1711 4432 occide
1766 4387 2051 4449 serpentes

461 4463 517 4511 et
545 4471 706 4513 curre
736 4458 805 4513 ad
835 4458 1060 4530 fontem,
1092 4464 1149 4520 id
1179 4473 1263 4521 est
1293 4468 1593 4538 Christum,
1626 4481 1679 4528 et
1707 4472 1919 4547 depone
1949 4493 2049 4534 ve-
2080 4467 2132 4529 D

460 4552 630 4600 terem
661 4545 960 4618 hominem,
992 4550 1046 4605 id
1078 4562 1160 4608 est
1190 4557 1518 4627 superbiam,
1553 4545 1915 4619 utdicasvcum
1941 4566 2051 4621 Da-

455 4631 594 4689 vid:
633 4653 656 4685 ι
692 4632 1167 4702 Quemadmodum
1209 4658 1405 4699 cervus
1450 4646 1718 4704 desiderat
1764 4651 1831 4706 ad
1875 4652 2052 4709 fontes

454 4728 721 4821 aquarum
760 4756 781 4780 η
820 4740 932 4791 etc.
972 4736 1156 4805 (Psal.
1194 4740 1333 4811 xm).
1367 4740 1624 4815 Sequitur
1657 4765 1667 4800 :
1707 4769 1728 4793 α
1766 4747 1834 4804 Et
1862 4758 2052 4821 aperta

452 4818 556 4873 erit
585 4818 771 4894 lingua
802 4831 1095 4880 mutorum.
1128 4826 1269 4883 Cum
1296 4828 1447 4886 enim
1477 4831 1735 4892 clamavit
1755 4818 1998 4895 Christus
2032 4858 2044 4894 :

455 4907 618 4981 Agite
646 4911 1045 4984 paenitentiam,
1083 4936 1106 4967 3
1128 4924 1227 4975 etc.
1256 4920 1482 4991 (Matth.
1512 4928 1612 4993 iv.)
1642 4926 1732 4999 qui
1753 4928 1904 4998 prius
1925 4946 2048 4985 eru-

452 5005 1033 5071 bescebantconﬁteri
1091 5028 1320 5089 peccata
1376 5037 1476 5078 sua
1532 5030 1657 5082 tunc
1705 5028 2050 5099 penituerunt

452 5101 503 5149 et
535 5097 880 5157 confessione
909 5114 1136 5175 peccata
1170 5124 1271 5165 sua
1295 5110 1639 5170 detexez‘unt.
1666 5097 1923 5173 Clamavit
1953 5135 2048 5174 ve-

451 5181 601 5237 niam
632 5186 823 5259 Maria,
857 5209 977 5265 quae
1005 5195 1157 5267 prius
1187 5208 1338 5256 muta
1394 5212 1533 5258 erat.
1594 5204 1861 5264 Clamavit
1910 5208 2047 5264 latro

450 5278 664 5375 veniam
695 5281 752 5338 in
783 5300 947 5344 cruce
979 5292 1073 5363 qui
1120 5294 1266 5366 prius
1316 5300 1528 5358 tacebat
1581 5312 1835 5375 peccata.
1900 5304 2046 5361 Ecce

444 5373 598 5422 muta
626 5366 809 5427 locuta
838 5385 919 5430 est
954 5397 969 5444 ;
1004 5388 1052 5435 et
1084 5398 1212 5441 ecce
1244 5396 1423 5445 mutus
1451 5366 1662 5449 locutus
1692 5403 1794 5450 est.
1839 5394 2047 5449 Osten-

442 5461 625 5521 dimus
653 5468 780 5539 quid
813 5472 1052 5532 utilitatis
1100 5484 1316 5551 primus
1363 5490 1632 5549 adventus
1679 5496 1876 5551 summi
1922 5509 2044 5550 me-

438 5558 778 5665 dici-mundo
810 5573 1065 5629 contulit.
1100 5578 1380 5654 Completa
1410 5597 1491 5644 est
1519 5592 1806 5665 prephetia
1841 5612 1853 5646 :
1894 5590 2046 5649 venit

433 5659 682 5717 medicus
716 5683 728 5729 ;
763 5675 1005 5738 aegrotos
1036 5679 1269 5742 curavit,
1331 5659 1537 5747 Verum
1578 5689 1708 5759 quia
1747 5689 1815 5744 de
1860 5691 2039 5761 primo

428 5754 667 5813 adventu
725 5760 925 5819 Christi
984 5770 1228 5843 quaedam
1287 5754 1639 5856 protulimus,
1729 5754 2038 5865 congruum

2094 1774 2148 1834 B

2188 520 2309 561 mus
2322 547 2335 560 .

2710 703 2918 745 DIVISIO
2947 705 3245 749 SERMONIS.

2259 808 2450 866 Omnis
2478 810 2730 868 Ecclesia
2758 814 2861 870 Dei
2889 823 3037 873 tenet
3095 819 3151 872 in
3206 820 3564 880 confessione
3620 833 3675 881 et
3730 827 3786 881 in

2184 898 2529 968 professione
2557 901 2838 958 Christum
2864 904 2933 961 de
2963 905 3104 963 coelo
3135 924 3261 965 esse
3286 920 3576 971 venturum
3604 913 3681 969 ad
3699 914 3783 969 vi-

2185 1001 2285 1042 vos
2313 994 2366 1042 et
2394 997 2639 1045 mortuos
2664 990 3013 1061 judicandos,
3061 1003 3119 1049 ut
3164 996 3239 1053 ait
3280 998 3476 1057 beatus
3522 1002 3787 1073 Augusti-

2184 1090 2313 1128 nus.
2351 1076 2504 1131 Hunc
2550 1076 2719 1132 divini
2770 1079 2960 1147 judicii
3015 1082 3264 1143 ultimum
3321 1086 3469 1143 diem
3522 1088 3783 1157 dicimus,

2182 1162 2238 1217 id
2266 1171 2344 1218 est
2374 1163 2725 1221 novissimum
2757 1174 2990 1240 tempus.
3024 1170 3165 1226 Nam
3194 1189 3294 1244 per
3323 1183 3454 1244 quot
3481 1176 3602 1232 dies
3631 1177 3789 1234 fatu-

2184 1276 2311 1315 rum
2338 1261 2600 1329 judicium
2633 1270 2883 1330 testatur,
2916 1266 3185 1325 incertum
3240 1279 3345 1326 est.
3403 1271 3635 1329 Christis
3680 1276 3783 1335 Dei

2181 1349 2345 1403 Filius
2375 1348 2525 1406 finito
2555 1353 2744 1407 mundi
2773 1355 3027 1422 termino,
3073 1357 3126 1411 in
3188 1375 3249 1414 ea
3297 1362 3545 1431 corporis
3599 1362 3782 1419 forma

2182 1453 2285 1506 qua
2311 1439 2555 1494 ascendit
2584 1440 2772 1507 caelos,
2804 1443 2871 1497 ad
2895 1443 3163 1512 judicium
3192 1463 3311 1502 cum
3342 1450 3545 1505 sanctis
3592 1453 3783 1507 omni-

2183 1526 2281 1580 bus
2309 1526 2509 1582 veniet.
2540 1528 2640 1584 Illo
2670 1530 2814 1585 enim
2846 1531 2914 1587 de
2946 1532 3103 1588 coelis
3132 1535 3200 1589 ad
3228 1535 3490 1604 judicium
3540 1540 3778 1596 venien-

2180 1622 2250 1681 tc,
2284 1614 2513 1672 virtutes
2541 1616 2804 1673 caelorum
2851 1622 3235 1689 movebuntur,
3285 1628 3339 1679 et
3386 1632 3516 1681 tunc
3562 1628 3783 1698 parebit

2179 1702 2399 1777 signum
2426 1704 2549 1760 Filii
2577 1707 2831 1763 hominus
2858 1709 2914 1763 in
2935 1710 3099 1766 cmlo.
3139 1712 3209 1766 Et
3228 1721 3353 1770 tunc
3373 1713 3641 1788 plangent
3665 1732 3783 1771 om-

2177 1815 2277 1855 nes
2308 1801 2484 1857 tribus
2514 1810 2677 1859 terrae
2707 1812 2760 1859 et
2791 1805 3048 1861 videbunt
3104 1807 3304 1864 Filium
3364 1810 3612 1868 hominis
3674 1829 3783 1869 ve-

2176 1888 2415 1945 nientem
2445 1891 2501 1945 in
2522 1891 2760 1947 nubibus
2789 1894 2913 1950 coeli
2944 1911 3068 1952 cum
3090 1897 3289 1953 virtute
3309 1899 3496 1966 multa,
3523 1908 3579 1956 et
3597 1901 3785 1958 mittet

2177 1978 2407 2048 angelos
2436 1996 2568 2035 suos
2598 1997 2720 2038 cum
2751 1982 2880 2037 tuba
2909 1992 2961 2039 et
2989 2000 3124 2041 voce
3153 2002 3355 2060 magna
3387 1995 3440 2043 et
3460 2002 3784 2062 congrega-

2175 2066 2307 2121 bunt
2335 2067 2540 2123 electos
2570 2085 2600 2122 a
2629 2079 2865 2141 quatuor
2912 2073 3087 2127 ventis
3138 2091 3169 2128 a
3226 2076 3454 2130 summis
3507 2077 3771 2133 caelorum

2174 2171 2349 2224 usque
2376 2156 2447 2211 ad
2479 2159 2740 2214 terminos
2780 2175 2972 2215 eorum
3004 2162 3226 2229 (Matth.
3260 2166 3425 2234 xxrv).
3460 2166 3613 2237 Ignis
3644 2175 3772 2222 ante

2174 2258 2297 2298 eum
2328 2246 2648 2315 praecedens
2674 2248 2885 2303 ardebit
2916 2257 2973 2304 et
3000 2250 3057 2304 in
3104 2251 3343 2307 circuitu
3389 2252 3523 2325 ejus
3560 2262 3771 2326 tempe-

2170 2348 2284 2395 stas
2312 2341 2497 2397 valida
2523 2345 2702 2411 (Psat.
2742 2346 2887 2413 χιιι)
2920 2365 2933 2409 ;
2969 2347 3101 2416 quia
3140 2349 3289 2407 idem
3335 2351 3428 2421 qui
3471 2350 3769 2423 aliquando

2169 2428 2319 2484 venit
2350 2438 2407 2484 ut
2429 2431 2767 2499 judicaretur
2792 2434 3059 2502 occultus,
3092 2445 3219 2493 tunc
3248 2439 3429 2495 veniet
3465 2449 3527 2495 ut
3572 2456 3769 2499 omnes

2164 2518 2374 2587 judicet
2400 2521 2737 2577 manifestus.
2772 2523 3139 2597 Congregatis
3166 2543 3304 2600 ergo
3332 2529 3592 2585 omnibus
3629 2546 3768 2585 san-

2168 2607 2269 2663 ctis
2302 2609 2417 2663 suis
2444 2609 2513 2664 de
2555 2611 2694 2666 coelo
2749 2620 2837 2668 est
2887 2613 3281 2683 descensurus,
3330 2625 3383 2673 et
3438 2620 3766 2681 tremendus

2167 2696 2349 2762 valde,
2380 2706 2547 2771 atque
2569 2701 2851 2771 pavendus
2874 2703 3129 2761 adveniet
3157 2704 3219 2760 in
3241 2705 3332 2761 die
3362 2707 3635 2763 examinis
3655 2709 3761 2776 sui,

2168 2786 2387 2856 quando
2418 2803 2543 2844 cum
2570 2789 2784 2861 angelis
2815 2799 2869 2846 et
2896 2793 3281 2864 archangelis,
3303 2795 3517 2853 thronis
3557 2805 3613 2852 et
3659 2797 3766 2857 do-

2168 2874 2553 2932 minationibus
2583 2878 2908 2952 cmterisque
2959 2881 3274 2951 virtutibus,
3331 2884 3488 2941 caelis
3546 2900 3768 2959 quoque

2167 2979 2230 3020 ac
2258 2964 2418 3020 terris
2448 2966 2767 3023 ardentibus
2797 2970 3007 3026 cunctis
3036 2970 3091 3024 in
3122 2971 3206 3026 sui
3254 2972 3502 3044 obsequii
3549 2982 3769 3031 terrore

2168 3055 2456 3110 commotis
2487 3055 2638 3111 visus
2666 3057 2831 3113 fuerit
2860 3058 2914 3113 in
2940 3058 3119 3131 gratia
3150 3061 3470 3131 majestatis.
3522 3062 3636 3119 Sed
3687 3064 3771 3119 vi-

2169 3150 2411 3207 dendum
2438 3160 2521 3208 est
2543 3155 2823 3226 quomodo
2855 3156 3103 3213 Christus
3129 3173 3253 3214 cum
3299 3174 3462 3217 cruce
3508 3175 3606 3217 sua
3657 3177 3770 3218 ve-

2166 3240 2283 3295 niat
2308 3242 2603 3297 secundum
2633 3244 2737 3301 hoc
2769 3245 2916 3316 quod
2947 3245 3152 3303 dictum
3180 3255 3266 3302 est
3292 3264 3303 3300 :
3341 3248 3411 3303 Et
3437 3256 3568 3305 tunc
3594 3264 3771 3321 pare-

2166 3328 2244 3384 bit
2272 3329 2491 3402 signum
2524 3331 2645 3386 Filii
2675 3332 2912 3389 hominis
2941 3334 2998 3388 in
3028 3335 3187 3391 ctelo.
3227 3360 3250 3385 ιι
3292 3338 3538 3395 Joannes
3582 3340 3766 3410 Chry-

2168 3426 2443 3475 sostomus
2470 3419 2539 3476 de
2568 3422 2671 3477 hac
2689 3422 2995 3494 quaestione
3025 3424 3105 3482 sic
3134 3424 3331 3481 diﬂinit
3359 3425 3589 3485 dicens:
3634 3448 3662 3481 ι
3702 3428 3769 3482 Si

2165 3507 2443 3564 dixerint:
2480 3510 2620 3567 Ecce
2650 3510 2707 3565 in
2733 3513 3118 3583 promptuariis
3167 3522 3253 3570 est
3305 3515 3570 3583 Christus,
3631 3532 3768 3573 ecce

2163 3596 2219 3651 in
2247 3597 2558 3666 solitudine,
2592 3599 2764 3655 nolite
2820 3601 3049 3659 credere
3106 3603 3334 3672 (Matth.
3400 3605 3572 3673 xxxv).
3604 3626 3628 3656 ι
3683 3606 3768 3661 De

2163 3686 2407 3743 secunda
2434 3690 2724 3759 praesentia
2752 3689 2945 3762 gloriae
2976 3690 3202 3746 Christi.
3243 3692 3365 3749 Hoc
3392 3692 3593 3750 dicitur
3623 3710 3765 3766 pro-

2163 3783 2284 3847 pter
2312 3776 2764 3846 pseudocbristos
2796 3786 2847 3834 et
2874 3778 3043 3835 falsos
3074 3780 3392 3851 prophetas,
3434 3788 3491 3837 et
3535 3791 3769 3853 pmpter

2161 3863 2576 3931 Antichristum,
2610 3882 2678 3921 ne
2705 3866 2902 3939 aliquis
2933 3883 3117 3924 errore
3147 3869 3535 3941 praeventusin
3566 3869 3766 3926 falsum

2162 3952 2367 4008 incidat
2381 3954 2672 4022 Christum,
2693 3955 2911 4027 quando
2933 3956 3135 4011 Christi
3155 3957 3442 4014 salvatoris
3463 3958 3768 4015 adventum

2162 4042 2871 4112 prevenietAntichristus.
2901 4044 3030 4100 Ideo
3060 4046 3481 4116 praecavendum
3514 4056 3599 4102 est
3642 4048 3767 4103 sol-

2163 4127 2311 4186 licite
2340 4146 2409 4186 ne
2437 4130 2559 4203 quis
2590 4140 2883 4202 pastorem,
2920 4132 2973 4187 id
3023 4141 3106 4188 est
3148 4134 3423 4189 Christum
3476 4152 3767 4207 quaerens,

2160 4218 2369 4290 lupum,
2403 4219 2458 4275 id
2487 4228 2569 4275 est
2597 4220 3001 4286 antichristum,
3036 4221 3297 4279 inveniat.
3332 4223 3416 4280 Ob
3460 4224 3567 4280 hoc
3612 4242 3762 4296 prae-

2161 4313 2359 4371 dicitur
2388 4315 2481 4372 ibi.
2517 4317 2670 4373 Unde
2696 4318 2992 4389 dignoscas
3022 4319 3137 4374 veri
3166 4319 3404 4391 pastoris
3435 4320 3758 4389 adventum,

2162 4402 2265 4459 hoc
2293 4402 2443 4459 dedit
2470 4404 2706 4477 signum.
2740 4406 2856 4462 Hoc
2885 4406 3029 4461 enim
3063 4406 3163 4461 fuit
3210 4407 3468 4463 voluntas
3511 4410 3660 4479 ejus,
3707 4420 3764 4467 ut

2160 4492 2370 4562 primus
2402 4492 2670 4548 adventus
2694 4495 2813 4564 ejus
2868 4495 3104 4551 latenter
3162 4494 3321 4551 fieret
3376 4506 3429 4552 et
3486 4510 3762 4570 quaereret

2161 4580 2306 4652 quod
2335 4581 2597 4652 perierat.
2639 4581 2930 4638 Secundus
2959 4598 3092 4641 vero
3119 4584 3386 4640 adventus
3414 4601 3524 4641 non
3542 4587 3636 4655 ita,
3662 4591 3765 4645 sed

2159 4668 2477 4740 simpliciter
2507 4671 2582 4726 ait
2614 4692 2625 4727 :
2665 4696 2685 4719 α
2722 4672 3228 4741 Quemadmodum,
3252 4694 3275 4724 ι
3298 4674 3491 4746 inquit,
3532 4677 3762 4750 «fulgur

2159 4766 2350 4822 exiens
2379 4767 2448 4822 ab
2476 4768 2685 4825 oriente
2713 4777 2944 4840 apparet
2973 4770 3028 4823 in
3059 4770 3364 4838 occidente,
3399 4770 3471 4825 ita
3501 4775 3611 4829 erit
3651 4776 3759 4831 ad-

2157 4862 2350 4911 ventus
2383 4855 2499 4911 Filii
2528 4856 2769 4913 hominis
2818 4858 3037 4927 (ibid.).
3082 4882 3103 4904 η
3152 4858 3342 4914 Subito
3389 4860 3536 4915 enim
3585 4864 3762 4919 omni-

2157 4944 2258 4999 bus
2286 4945 2594 5015 apparebit,
2619 4961 2720 5001 nec
2741 4945 2996 5019 indigens
3012 4946 3244 5019 quisque
3265 4947 3614 5022 interrogare
3636 4952 3761 5009 sive

2155 5033 2245 5089 hic
2274 5032 2388 5088 sive
2415 5033 2525 5090 illic
2555 5042 2636 5089 est
2666 5033 2929 5090 Christus.
2965 5033 3443 5103 Quemadmodum
3463 5038 3611 5093 enim
3633 5056 3759 5096 cum

2156 5120 2340 5194 fulgur
2366 5122 2664 5189 emicuerit,
2692 5137 2800 5178 non
2831 5138 3059 5194 egemus
3093 5123 3373 5195 inquirere
3403 5127 3450 5180 si
3497 5124 3647 5183 facta
3691 5130 3763 5184 sit

2157 5219 2485 5284 coruscatio,
2518 5220 2592 5274 ita
2619 5236 2743 5275 cum
2774 5220 3037 5277 revelatio
3065 5222 3374 5293 praesentiae
3425 5224 3544 5294 ejus
3600 5224 3762 5281 efful-

2157 5308 2310 5374 serit,
2395 5324 2504 5363 non
2589 5309 2899 5383 indigemus
2970 5310 3316 5383 interrogare
3399 5327 3467 5367 an
3541 5313 3759 5369 venerit

2158 5397 2431 5451 Christus.
2474 5397 2583 5452 Sed
2627 5399 2772 5471 quod
2828 5398 3088 5470 quaeritur
3144 5400 3192 5455 si
3245 5415 3370 5455 cum
3428 5416 3594 5458 cruce
3651 5419 3755 5459 ve-

2155 5493 2298 5549 nerit
2324 5496 2351 5547 ‘?
2381 5495 2462 5549 De
2490 5495 2595 5551 hoc
2626 5495 3013 5565 subsequentia
3042 5495 3353 5552 videantur.

2233 5612 2253 5637 «
2287 5590 2457 5657 Tunc,
2478 5591 2666 5663 inquit,
2695 5592 2908 5663 quando
2947 5602 3207 5649 venturus
3244 5592 3350 5647 erit
3388 5592 3635 5650 Christus
3667 5596 3755 5659 sol

2155 5684 2562 5754 obscurabitur,
2598 5696 2653 5743 et
2682 5689 2806 5744 luna
2831 5704 2939 5745 non
2969 5688 3120 5745 dabit
3142 5687 3327 5751 lunem
3358 5704 3516 5744 suum
3538 5690 3747 5761 (ibid.).

2156 5782 2325 5837 Tanta
2356 5783 2498 5837 enim
2531 5784 2632 5839 erit
2663 5785 2955 5840 eminentia
2983 5785 3296 5856 splendoris
3327 5787 3382 5846 in
3413 5789 3644 5857 Christo,
3690 5798 3753 5842 ut
