4072 6078
290 352 394 404 ’757

1192 337 1776 397 DEFLORATIONES
1818 337 1920 392 SS.
1973 332 2282 390 PATRUM.
2329 361 2396 371 -—
2436 330 2569 385 LIB.
2620 328 2666 381 l.

3483 321 3594 376 7358

290 474 455 531 etiam
487 471 793 529 clarissima
837 467 1129 524 luminaria
1171 466 1294 523 coeli
1322 481 1437 537 prae
1466 465 1680 536 fulgore
1717 460 1886 516 divini
1914 463 1970 522 Α
2001 460 2220 532 signum
2242 456 2375 512 illud
2434 472 2501 510 ac
2554 449 2878 522 triumphale
2935 445 3199 503 vexillum
3266 444 3588 501 sublimibus

289 562 516 618 luminis
572 557 998 615 abscondantur.
1059 558 1212 611 Tunc
1255 569 1389 610 vero
1439 551 1612 607 stellae
1669 549 1888 614 cadent,

293 649 514 723 quando
544 646 867 720 apparuerit
911 645 1131 718 signum
1164 643 1284 700 Filii
1339 640 1584 697 hominis
1613 639 1669 694 in
1716 637 1881 695 coelo.

289 736 670 794 Considerasti
700 743 903 807 quanta
933 735 1006 788 sit
1029 733 1201 788 virtus
1231 730 1395 804 signi,
1425 731 1530 785 hoc
1561 735 1644 784 est
1673 727 1880 783 crucis.

289 829 391 887 Sol
421 824 804 884 obscurabitur
829 832 884 879 et
937 823 1066 878 luna
1094 836 1203 876 non
1257 819 1408 876 dabit
1435 819 1623 873 lumen
1679 831 1840 871 suum
1871 831 1887 871 :

291 931 441 973 crux
465 930 599 972 vero
653 912 908 986 fulgebit,
941 920 996 968 et
1039 909 1347 966 obscuratis
1398 906 1695 962 luminibus
1741 904 1887 971 coeli,

292 1004 638 1076 dilapsisqne
690 1001 985 1065 sideribus,
1021 999 1142 1056 sola
1171 997 1420 1060 radiabit,
1453 1004 1512 1051 ut
1539 995 1692 1051 dicas
1745 1008 1892 1065 quo-

294 1093 441 1151 niam
493 1108 628 1148 crux
685 1091 829 1146 luna:
860 1098 913 1145 et
967 1089 1071 1144 soli
1116 1086 1436 1159 praeclarior
1461 1092 1571 1140 est.
1638 1082 1892 1151 Quorum

295 1190 653 1262 splendorem
707 1188 896 1244 divino
921 1187 1188 1242 illustrata
1215 1184 1430 1256 fulgore
1458 1181 1756 1254 superabit,
1813 1189 1888 1245 et,

293 1277 752 1352 quemadmodum
783 1275 1126 1347 ingrediente
1148 1289 1281 1346 rege
1301 1274 1362 1328 in
1391 1271 1668 1328 civitatem
1730 1285 1891 1325 exer-

293 1369 434 1426 citus
461 1365 739 1426 antecedit
765 1364 1065 1436 praeferens
1093 1363 1255 1436 signa
1281 1370 1445 1434 atque
1471 1357 1894 1430 vexillaregatia

295 1465 349 1512 et
375 1455 616 1512 habitum
671 1452 1077 1525 praeparationis
1122 1451 1414 1507 armisonae
1460 1444 1742 1503 annuntiat
1796 1463 1891 1504 re-

294 1545 383 1618 gis
412 1543 716 1607 introitum,
747 1543 821 1598 ita
842 1541 1074 1598 Domino
1103 1539 1472 1596 descendente
1501 1536 1570 1594 de
1585 1535 1740 1593 caelis
1756 1551 1895 1608 prae-

298 1642 444 1702 cedit
495 1640 771 1698 exercitus
827 1638 1152 1714 angelorum
1197 1644 1252 1692 et
1304 1633 1758 1708 archangelorum
1802 1632 1896 1705 qui

1997 545 2243 602 humeris
2273 544 2645 616 praeferentes,
2706 538 2873 596 divini
2903 536 3051 610 regis
3079 534 3316 592 scelestis
3373 534 3590 607 ingres-

2000 651 2122 690 sum
2150 631 2505 689 trementibus
2551 629 2898 685 nuntiabunt.
2942 646 2964 677 ι
2996 626 3131 679 Item
3159 621 3305 680 idem
3353 623 3542 678 doctor
3571 639 3584 675 :

2005 756 2025 780 «
2065 731 2173 788 Sed
2225 746 2387 804 quare
2445 745 2578 784 crux
2624 724 2912 798 apparebit
2966 730 3111 788 tunc,
3192 729 3245 776 et
3299 734 3462 794 quam
3517 718 3589 774 ob

2000 803 2311 877 causamin
2341 818 2458 886 ejus
2496 814 2724 888 praelata
2777 811 3040 868 Dominus
3096 809 3404 866 adveniet?
3433 803 3590 863 Ratio

1998 907 2288 981 perspicua
2344 911 2448 972 est,
2493 894 2562 958 'ut
2612 908 2916 975 agnoscant
2968 897 3260 956 consilium
3290 895 3587 968 iniquitatis

2000 1014 2114 1053 sum
2143 997 2235 1070 qui
2263 994 2554 1050 Dominum
2581 989 2881 1061 majestatis
2912 987 3316 1044 crucifixerunt.
3354 985 3459 1040 Per
3483 983 3590 1040 hoc

2000 1097 2145 1152 enim
2197 1094 2414 1167 signum
2489 1089 2803 1163 imprudens
2853 1088 3166 1144 Iudaeorum
3249 1082 3590 1157 redarguitur

2001 1185 2272 1257 impietas,
2298 1181 2556 1255 quoniam
2585 1185 2813 1251 propter
2840 1178 2944 1233 hoc
2971 1175 3151 1249 ipsum
3175 1175 3439 1230 habentes
3460 1187 3588 1228 cru-

1998 1290 2140 1340 cem,
2172 1273 2374 1336 veniet,
2400 1271 2553 1340 juxta
2582 1266 2956 1340 Evangelium,
2990 1263 3114 1337 quia
3146 1271 3271 1319 tunc
3326 1261 3590 1334 plangent

2000 1378 2189 1420 omnes
2219 1360 2393 1414 tribus
2422 1363 2602 1423 terras,
2645 1363 2699 1412 et
2726 1355 2973 1411 videntes
3028 1359 3402 1409 accusatorem
3431 1367 3590 1405 suum

1999 1453 2175 1525 ipsam
2197 1449 2404 1506 scilicet
2425 1461 2646 1504 crucem
2679 1452 2733 1501 et
2761 1443 2936 1515 ipsam
2993 1449 3314 1515 arguentem
3371 1455 3586 1512 cogno-

2001 1548 2157 1598 scunt
2193 1541 2474 1610 peccatum
2524 1550 2681 1592 suum
2736 1549 2859 1589 sero
2891 1551 2907 1602 ;
2938 1539 2991 1588 et
3030 1530 3231 1586 frustra
3283 1527 3590 1585 fatebuntur

2002 1627 2222 1702 impiam
2250 1625 2570 1683 caecitatem.

347 1928 968 2035 DOMINICA
1043 1923 1619 2030 PROXIMA
1697 1915 2034 2023 ANTE
2109 1902 2991 2015 NATIVITATEM
3068 1895 3554 2004 DOMINI.

369 2171 392 2200 ι
428 2147 879 2204 MiseruntJudaei
920 2147 988 2203 ab
1025 2144 1424 2215 Hierosolymis
1471 2145 1787 2200 sacerdotes
1834 2139 1969 2200 etB
1997 2133 2378 2206 nemfiguram
2416 2123 2691 2215 baptismi
2725 2120 2988 2215 gessisse,
3047 2132 3280 2215 eumque
3305 2115 3479 2215 Etiam
3538 2122 3594 2172 et

293 2237 490 2293 levitas
511 2237 579 2292 ad
603 2253 748 2305 eum,
809 2244 862 2291 ut
894 2236 1232 2309 introgarent
1287 2249 1444 2290 eum.
1481 2229 1560 2288 Tu
1609 2232 1732 2305 quis
1773 2247 1832 2286 es
1860 2230 1890 2283 ?

295 2335 364 2396 Et
392 2333 678 2397 confessus
707 2343 790 2393 est
819 2343 872 2394 et
926 2350 1035 2392 non
1066 2332 1312 2409 negavit.
1353 2332 1423 2387 Et
1473 2330 1756 2387 confessus
1785 2333 1887 2386 est.

296 2441 419 2514 quia
448 2456 556 2496 non
588 2457 708 2496 sum
739 2455 845 2513 ego
890 2437 1154 2503 Christus,
1189 2442 1299 2491 etc.
1357 2431 1548 2503 (Jortin.
1588 2429 1648 2500 ι).
1688 2452 1709 2476 ιι
1743 2427 1889 2482 Con-

297 2513 475 2587 fessus
505 2538 588 2587 est
615 2545 675 2585 se
702 2545 812 2586 non
839 2545 964 2585 esse
997 2527 1269 2583 Christum
1299 2544 1312 2592 ;
1338 2523 1498 2580 etiam
1522 2534 1629 2576 non
1670 2513 1892 2589 negavit

298 2619 446 2692 quod
475 2625 609 2687 erat,
642 2612 849 2674 scilicet
876 2632 937 2673 se
966 2632 1088 2672 esse
1115 2629 1534 2687 praecursorem,
1562 2617 1619 2666 ut
1651 2622 1891 2682 sequen-

299 2707 377 2763 tia
399 2707 776 2764 determinant.
807 2706 909 2763 Hic
964 2704 1237 2761 humilitas
1264 2695 1488 2759 Joannis
1536 2696 1892 2757 commenda-

302 2813 417 2863 tur.
457 2803 562 2881 Qui
589 2805 717 2861 dum
764 2803 1135 2860 infirmitatem
1164 2817 1318 2857 suam
1374 2797 1648 2856 humiliter
1694 2793 1896 2850 studuit

299 2915 621 2978 agnoscere,
668 2897 768 2956 Dei
787 2892 1168 2954 celsitudinem
1196 2889 1390 2947 meruit
1417 2887 1688 2944 obtinere.
1755 2883 1895 2938 Mira

302 2971 519 3052 caecitas
565 2971 926 3047 Judaeoruml
967 2984 1071 3055 Qui
1119 2999 1240 3040 cum
1296 2981 1557 3036 Joannem
1612 2971 1898 3032 crederent

303 3097 428 3139 esse
461 3080 735 3137 Christum
781 3073 1012 3135 credere
1068 3072 1326 3129 nolebant
1380 3067 1484 3140 ipsi
1514 3063 1710 3120 Joanni
1755 3068 1898 3116 atte-

305 3172 469 3229 stanti
499 3169 770 3226 Christum
807 3181 930 3223 esse
962 3162 1317 3227 Salvatorem,
1359 3163 1434 3212 tot
1454 3152 1626 3226 signis
1656 3164 1722 3207 ac
1776 3150 1897 3205 vir-

303 3261 509 3318 tutibus
537 3258 900 3330 approbatum
927 3266 940 3308 ι

382 3383 402 3406 σε
440 3355 510 3411 Et
539 3355 1016 3427 interrogaverunt
1072 3359 1216 3406 eum.
1252 3345 1389 3416 Quid
1419 3357 1550 3427 ergo
1578 3341 1606 3396 ?
1638 3338 1785 3395 Elias
1841 3353 1902 3393 es

301 3445 632 3503 tu?Etdixit
657 3425 808 3498 :Non
849 3439 1271 3510 sum.Pr0pheta
1302 3449 1360 3491 es
1378 3425 1547 3488 tu‘PEt
1567 3427 1852 3500 respondit
1885 3441 1897 3480 :

302 3545 432 3606 Non
455 3541 661 3618 (ibid.).
683 3566 704 3592 ι
723 3521 1900 3614 (Gnasonws.)Dominusdixeratdiscipulis
1927 3515 1978 3578 Ο

304 3649 459 3705 suis:
491 3669 512 3695 α
547 3647 786 3701 Joannes
833 3639 950 3711 ipse
980 3645 1064 3693 est
1108 3632 1260 3689 Elias
1317 3630 1543 3702 (Matth.
1581 3628 1677 3696 χι),
1714 3649 1735 3673 ρ
1771 3621 1902 3696 quia

306 3737 554 3794 Joannes
602 3734 656 3789 in
712 3730 903 3804 spiritu
952 3733 1068 3782 erat
1119 3723 1272 3778 Elius
1325 3735 1434 3774 non
1485 3718 1538 3771 in
1593 3727 1828 3786 persona
1883 3729 1895 3763 :

306 3827 450 3884 enim
479 3823 626 3896 quod
654 3821 791 3878 dicit
814 3819 899 3874 hic
928 3832 987 3871 se
1015 3830 1122 3870 non
1146 3827 1268 3868 esse
1296 3806 1495 3864 Eliam.
1515 3804 1641 3859 Ideo
1663 3804 1902 3857 Joannes

307 3915 532 3989 negavit
561 3929 621 3968 se
665 3927 790 3966 esse
839 3905 1182 3980 prophetam,
1241 3899 1368 3971 quia
1396 3896 1520 3968 plus
1567 3899 1683 3948 erat
1739 3903 1902 3989 quam

305 3977 596 4078 prdpheta,
620 3998 770 4073 quod
800 3977 894 4053 alii
911 3977 1398 4067 pronuntiaverant
1446 3983 1766 4040 ostendens.
1807 3977 1903 4033 Vel

309 4067 435 4167 quia
466 4067 913 4160 nuntii-querere
951 4079 1305 4138 intendebant
1351 4091 1419 4130 an
1449 4079 1594 4130 esset
1648 4067 1794 4124 Elias
1850 4073 1903 4122 et

308 4151 542 4249 liliseus,
577 4180 628 4234 in
664 4151 860 4249 quibus
910 4172 1084 4244 ﬁgura
1141 4163 1398 4238 baptismi
1456 4158 1760 4234 praecessit,
1816 4151 1902 4210 vel

308 4280 448 4334 alius
478 4294 542 4333 ex
573 4273 808 4347 antiquis
829 4269 1132 4344 prophetis.

386 4400 409 4428 ι
444 4376 712 4432 Dixerunt
744 4386 880 4444 ergo
911 4370 959 4425 ei
992 4387 1005 4422 :
1040 4363 1175 4436 Quis
1204 4379 1264 4419 es
1294 4369 1350 4416 ut
1370 4371 1695 4430 responsum
1713 4353 1904 4408 demus

315 4466 403 4521 his
431 4464 522 4538 qui
553 4439 837 4518 miserunt
867 4474 968 4514 nos
1001 4475 1014 4511 :
1048 4453 1164 4510 Ait.
1210 4454 1332 4526 Ego
1362 4465 1463 4505 vox
1521 4442 1803 4502 clamantis
1851 4439 1906 4493 in

309 4532 526 4610 deserto
559 4568 572 4607 :
608 4551 804 4605 Parate
833 4549 977 4605 viam
1011 4541 1255 4609 Domini,
1278 4541 1418 4595 sicut
1447 4535 1578 4592 dixit
1600 4532 1767 4588 Isaias
1782 4543 1906 4601 pro-

307 4643 471 4714 pheta
503 4642 688 4710 (Joan.
717 4640 785 4708 ι).
834 4661 855 4686 ιι
889 4637 1128 4691 Joannes
1158 4639 1241 4689 est
1269 4645 1375 4688 vox
1429 4625 1486 4683 in
1516 4639 1624 4699 quo
1679 4620 1907 4678 verbum

314 4748 489 4806 sonat,
519 4737 785 4803 ostensio,
837 4743 890 4791 et
909 4731 1210 4806 prOpbetia,
1270 4737 1324 4786 et
1346 4728 1571 4785 lucerna
1627 4721 1778 4780 verbi
1809 4718 1908 4776 Dei

313 4827 601 4899 praesentis
634 4825 690 4881 in
718 4825 946 4888 Joanne,
979 4837 1078 4894 per
1099 4835 1262 4894 quem
1291 4817 1510 4884 clamat,
1540 4811 1824 4887 praesentis
1847 4809 1901 4864 in

319 4932 487 4972 carne
517 4923 790 4985 assumpta
806 4911 893 4968 cui
921 4905 1576 4966 Johannestestimonium
1634 4901 1786 4974 perhi

313 5005 471 5073 juxta
499 5003 650 5057 illud.
687 5027 708 5050 ιι
742 5001 936 5056 Paravi
965 5000 1242 5056 lucernam
1274 4995 1490 5052 Christo
1536 5007 1658 5047 meo
1714 4985 1894 5057 (Psal.

313 5095 522 5163 cxxxt).
560 5116 581 5142 ιι
614 5089 770 5146 Viam
799 5089 1016 5146 Domini
1042 5087 1246 5160 dirigit,
1291 5084 1384 5158 qui
1414 5080 1658 5139 veritatis
1688 5091 1902 5133 sermo-

311 5207 436 5246 nem
463 5179 749 5244 humiliter
778 5189 944 5243 audit.
967 5189 1114 5243 Viam
1144 5185 1362 5242 Domini
1383 5179 1671 5256 dirigitqui
1688 5176 1755 5232 ad
1769 5193 1904 5250 pree-

313 5296 470 5360 cepta
499 5287 617 5357 ejus
647 5288 810 5344 vitam
867 5291 1166 5357 praeparat.
1218 5279 1374 5340 Unde
1425 5279 1557 5336 illud
1593 5297 1604 5335 :
1643 5303 1663 5327 ιι
1701 5277 1757 5335 Si
1785 5276 1904 5350 quis

313 5377 492 5448 diligit
535 5393 621 5432 me
649 5391 953 5432 sermonem
985 5390 1167 5430 meum
1199 5371 1436 5428 servabit
1465 5371 1647 5441 (Joan.
1705 5367 1838 5438 xiv}.
1879 5391 1900 5414 ιι

389 5496 411 5524 α
447 5475 515 5529 Ει
543 5474 635 5546 qui
656 5474 808 5528 missi
838 5475 1056 5528 fuerant
1085 5479 1239 5526 erant
1268 5487 1332 5525 ex
1355 5467 1666 5524 Pharisaeis.
1720 5466 1788 5520 Et
1817 5464 1909 5519 in-

312 5571 740 5636 terrogaverunt
769 5578 913 5617 eum.
939 5560 1272 5616 Etdixerunt
1296 5560 1344 5614 ei
1372 5558 1544 5628 :Quld
1575 5571 1708 5628 ergo
1729 5554 1906 5627 bapti-

314 5678 406 5715 zas
429 5662 473 5715 si
504 5670 559 5714 tu
591 5676 699 5714 non
732 5676 791 5714 es
821 5658 1070 5713 Christus
1102 5674 1283 5728 neque
1312 5653 1458 5710 Elias
1488 5653 1910 5725 nequeproplie-

312 5760 412 5812 ta?
432 5760 657 5827 »(Ιοαη.
689 5760 752 5827 ι.)
786 5753 1348 5810 AudierantPhariszei
1368 5752 1419 5806 in
1447 5751 1729 5822 prOphetis
1753 5751 1911 5810 Chri-

312 5863 457 5908 stum
474 5862 759 5909 venturum
770 5861 821 5908 et
835 5849 1490 5924 baptizaturum,scientes
1504 5846 1674 5905 etiam
1706 5847 1908 5903 Jorda-

1997 2204 2239 2283 Eliseum
2267 2221 2324 2276 in
2349 2217 2528 2292 figura
2547 2211 2801 2285 baptismi
2844 2208 3006 2266 siccis
3032 2206 3268 2280 pedibus
3305 2204 3588 2274 transisse,

1997 2314 2256 2388 putabant
2283 2317 2338 2366 et
2365 2320 2510 2364 nunc
2557 2319 2652 2362 eos
2681 2299 2988 2358 surrexisse
3044 2295 3117 2352 ad
3172 2292 3578 2366 baptizandum.

2000 2411 2142 2481 Quia
2169 2423 2306 2481 ergo
2332 2406 2571 2462 Joannes
2599 2399 2806 2456 nullum
2846 2396 2916 2452 de
2942 2395 3030 2452 his
3057 2392 3188 2450 dicit
3216 2406 3275 2447 se
3304 2406 3449 2458 esse,
3506 2389 3589 2444 in-

1998 2504 2280 2571 terrogant
2307 2511 2413 2568 qua
2440 2489 2670 2548 audacia
2696 2485 2957 2560 baptizet.

2074 2620 2099 2651 ι
2133 2594 2432 2668 Respondit
2450 2592 2530 2650 eis
2557 2592 2798 2647 Joannes
2825 2585 3016 2643 dicens
3045 2601 3059 2637 :
3090 2584 3212 2656 Ego
3233 2579 3459 2653 quidem
3483 2579 3589 2636 ba-

1998 2691 2145 2766 ptizo
2164 2702 2264 2746 vos
2293 2698 2436 2757 aqua
2458 2683 2515 2738 in
2547 2676 2944 2751 paenitentiam.
2976 2671 3083 2742 Qui
3109 2679 3288 2726 autem
3326 2675 3450 2740 post
3501 2684 3593 2725 me

1999 2755 2264 2838 venturus
2296 2755 2398 2840 est,
2431 2769 2622 2828 fortior
2648 2781 2738 2824 ma
2758 2773 2841 2821 est
2872 2779 2886 2834 ;
2919 2761 3082 2831 cujus
3106 2774 3216 2816 non
3244 2773 3366 2813 sum
3388 2755 3592 2828 dignus

2001 2868 2367 2927 calceamenta
2392 2867 2636 2934 portare.
2677 2853 2892 2911 Medius
2937 2857 3117 2907 autem
3163 2853 3402 2903 vestrum
3447 2845 3596 2900 stetit

2003 2973 2163 3033 quem
2182 2970 2280 3012 vos
2307 2933 2552 3008 nescitis.
2583 2947 2710 3018 lpsc
2737 2958 2838 3000 vos
2866 2937 3167 3012 baptizabit
3182 2936 3238 2991 in
3249 2933 3452 3008 Spiritu
3465 2947 3594 2990 san-

2003 3023 2092 3106 cto
2122 3054 2176 3102 et
2201 3043 2318 3117 igni
2348 3039 2550 3112 (ibid).
2573 3057 2595 3087 ι
2621 3036 3027 3107 (Aunus'ruvus,
3073 3025 3451 3093 Gaacoaws.)
3508 3023 3596 3078 Ac

2005 3145 2052 3202 si
2081 3143 2260 3200 dicat:
2292 3139 2416 3195 Non
2442 3136 2741 3206 imputetur
2766 3126 3012 3184 audaciae
3033 3121 3178 3196 quod
3205 3136 3331 3193 ago.
3371 3119 3596 3188 Baptizo

2005 3234 2058 3292 in
2091 3246 2232 3305 aqua
2259 3229 2316 3284 in
2345 3217 2825 3300 poenitentiam,id
2853 3223 2936 3272 est
2963 3215 3020 3270 in
3049 3213 3265 3284 signum
3323 3208 3596 3282 pmniten-

2006 3334 2095 3390 tiae
2121 3325 2414 3402 purgantis
2443 3322 2656 3379 animas
2689 3336 2702 3382 ;
2735 3315 2856 3371 lavo
2897 3325 3155 3383 corpora,
3187 3315 3241 3365 et
3266 3321 3426 3364 usum
3453 3306 3599 3378 bap‘

2008 3426 2209 3486 tizandi
2233 3423 2472 3490 instituo,
2497 3431 2706 3491 parans
2733 3413 2884 3471 viam
2911 3407 3121 3467 fortiori
3149 3423 3258 3471 me,
3290 3404 3448 3474 cujus
3477 3401 3599 3460 cal-

2008 3522 2291 3576 ceamenta
2320 3518 2538 3584 portare
2561 3521 2672 3562 non
2700 3519 2822 3560 sum
2876 3500 3104 3572 dignus.
3138 3495 3314 3552 Tanta
3368 3494 3452 3548 est
3484 3493 3602 3561 ejus

2009 3608 2358 3675 excellentia,
2390 3622 2512 3680 quas
2545 3617 2711 3675 supra
2740 3615 2916 3657 meam
2964 3604 3049 3652 est
3101 3592 3447 3680 parvitatem.
3503 3590 3598 3645 In-

2009 3715 2094 3762 ter
2123 3719 2224 3760 vos
2275 3679 2458 3756 autem
2484 3693 2700 3750 medius
2730 3699 2812 3746 est
2841 3703 3004 3760 quem
3055 3682 3320 3756 praedico,
3351 3679 3450 3735 sed
3498 3694 3604 3734 ne-

2010 3794 2168 3852 scitis
2187 3805 2334 3856 eum,
2367 3786 2492 3859 quia
2520 3785 2636 3853 ejus
2664 3777 2970 3836 humilitate
2999 3789 3106 3829 non
3137 3768 3441 3826 abutimini.
3478 3767 3603 3839 Ipse

2010 3879 2306 3954 baptizabit
2334 3877 2388 3932 in
2420 3873 2628 3946 Spiritu
2659 3875 2852 3954 sancto
2881 3861 3092 3954 etigni,
3121 3861 3228 3916 hoc
3245 3865 3428 3954 est‘et.
3467 3873 3606 3951 pur-

2013 3939 2229 4040 galione
2261 3939 2702 4016 sanctificationis
2747 3959 2800 4008 et
2826 3947 3145 4021 probatione
3189 3939 3555 3998 tribulationis
3587 3958 3604 4006 ;

2012 4027 2099 4111 vel
2130 4055 2185 4109 in
2213 4050 2416 4124 Spiritu
2447 4052 2655 4109 sancto,
2685 4041 2737 4095 id
2759 4047 2842 4094 est
2869 4038 2924 4091 in
2950 4035 3097 4107 igne,
3120 4045 3281 4105 quem
3309 4029 3456 4086 venit
3483 4027 3605 4083 mit-

2012 4156 2126 4201 tere
2157 4122 2328 4213 super
2364 4147 2589 4192 terram.
2649 4127 2883 4202 (Βεολ.)
2941 4122 3176 4194 Spiritus
3232 4123 3454 4174 sanctus
3507 4131 3606 4186 per

2012 4245 2194 4316 ignem
2225 4233 2568 4307 intelligitur,
2593 4244 2714 4301 quae
2743 4233 2795 4281 et
2844 4221 3011 4280 corda
3031 4216 3272 4275 incendit
3299 4231 3403 4287 per
3444 4229 3606 4270 amo-

2013 4313 2129 4396 rem
2159 4347 2213 4394 et
2231 4333 2499 4391 illuminat
2527 4345 2627 4402 per
2673 4321 3015 4396 sapientiam.
3047 4319 3182 4374 Sunt
3210 4314 3301 4388 qui
3330 4313 3403 4368 ita
3423 4327 3608 4402 expo-

2013 4436 2163 4484 nunt.
2200 4427 2259 4481 In
2308 4421 2510 4494 Spiritu
2541 4419 2731 4473 sancto
2763 4413 2820 4468 in
2841 4407 3096 4483 praesenti
3129 4425 3142 4472 ;
3177 4405 3230 4460 in
3259 4403 3409 4477 igne,
3431 4399 3487 4457 in
3517 4397 3607 4456 fu-

2013 4527 2154 4572 turo.
2195 4513 2345 4571 Sicut
2375 4510 2520 4566 enim
2569 4520 2716 4563 nunc
2745 4499 3085 4558 renascimur
3105 4512 3171 4551 ex
3201 4507 3346 4565 aqua
3376 4498 3429 4547 et
3479 4487 3606 4562 Spi-

2013 4607 2116 4665 ritu
2145 4612 2330 4662 sancto
2361 4601 2414 4655 in
2445 4595 2824 4655 remissionem
2855 4595 3222 4662 peccatorum,
3278 4581 3354 4636 ita
3383 4587 3510 4634 tunc
3537 4576 3606 4632 de

2014 4697 2224 4757 levibus
2253 4687 2495 4767 peccatis
2550 4701 2672 4745 cum
2721 4680 2915 4755 quibus
2970 4674 3235 4732 morimur
3279 4683 3383 4743 per
3419 4668 3606 4740 ignem

2012 4757 2414 4862 purgatorium,
2447 4777 2610 4852 quasi
2665 4788 2762 4846 per
2790 4768 3140 4842 baptismum,
3190 4757 3597 4862 mandabimus.

1929 4875 1982 4934 D
2012 4841 2490 4946 DnVJcApostolus
2520 4841 2956 4931 uniuscujusque
2986 4869 3122 4926 Opus
3153 4847 3311 4922 quale
3365 4844 3435 4900 sit
3461 4841 3606 4915 ignis

2332 4963 2339 4964 ,
2386 4962 2403 4964 _
2617 4954 2624 4964 .
2720 4952 2762 4964 ..-
2811 4963 2815 4964 ,
2927 4944 3067 4964 ξιξ-.-
3089 4943 3318 4964 1--.“.--
3339 4930 3554 4964 ιυηάηῆ
3593 4947 3606 4961 ο

2013 5149 2365 5213 calceamenti
2393 5150 2576 5219 (Joan.
2607 5145 2670 5212 ι),
2707 5161 2727 5189 ο
2765 5134 2911 5208 quod
2942 5132 3012 5187 ad
3037 5125 3356 5201 mysterium
3379 5126 3608 5193 spectat.

2013 5254 2130 5310 Mos
2160 5248 2304 5324 apud
2330 5254 2547 5303 veteres
2574 5239 2676 5296 fuit
2703 5241 2764 5292 ut
2786 5233 2830 5289 si
2862 5230 2981 5304 quis
3012 5241 3133 5283 eam
3164 5239 3286 5297 quae
3325 5219 3428 5277 sibi
3449 5233 3606 5276 com-

2013 5320 2222 5429 peteret
2243 5348 2495 5419 accipere
2524 5351 2751 5397 uxorem
2786 5326 3072 5394 nollet,ille
3099 5323 3150 5382 ei
3179 5320 3612 5380 calceamentum

2018 5417 2253 5510 solveret
2284 5417 2379 5518 qui
2391 5445 2511 5514 jure
2540 5428 2962 5511 propinquitatis
2993 5440 3114 5482 eam
3144 5420 3247 5478 sibi
3302 5417 3615 5489 desponsa-

2018 5557 2122 5606 ret.
2156 5513 2400 5604 Christus
2429 5545 2608 5593 autem
2639 5539 2875 5603 sponsus
2933 5520 3197 5580 Ecclesiae
3227 5517 3345 5582 fuit,
3369 5523 3428 5570 ut
3455 5513 3614 5569 Joan-

2022 5665 2120 5706 nes
2141 5647 2214 5707 ait
2247 5661 2260 5699 ε
2300 5665 2319 5688 σι
2356 5637 2462 5708 Qui
2509 5633 2673 5690 habet
2729 5639 2987 5698 sponsam
3022 5633 3259 5691 sponsus
3313 5619 3398 5669 est
3429 5612 3613 5681 (Joan.

2024 5749 2126 5820 tu).
2164 5769 2184 5794 η
2228 5706 2397 5798 Unde
2443 5735 2707 5794 Joannes,
2765 5723 2859 5797 qui
2914 5718 3160 5776 Christus
3204 5725 3332 5768 esse
3354 5706 3616 5820 ‘putajba-

2165 5847 2310 5900 recte
2344 5851 2402 5891 se
2427 5831 2714 5903 indignum
2747 5835 2869 5878 esse
2894 5813 3176 5873 denuntiat
3191 5809 3258 5865 ad
3291 5801 3618 5862 solvendum
