4010 6074
460 274 565 329 759

1595 273 1941 338 'WERNERI
1981 275 2272 336 ABBATIS
2310 274 2371 333 Ξ.
2418 262 2638 329 BLASII

3658 290 3759 349 760

466 400 770 471 corrigiam
792 401 917 471 ejus
962 398 1339 458 oalceamenti.
1376 403 1541 473 Quasi
1569 406 1717 462 dicat
1748 426 1765 461 :
1790 409 1912 480 Ego
1942 409 2053 465 Ιίου
2083 415 2138 476 Α
2162 398 2300 464 dixit
2330 417 2345 464 ξ
2383 432 2405 458 σι
2465 396 2912 471 Consummatum
2970 423 3055 472 est
3107 418 3295 485 (Joan.
3329 414 3467 485 tux),
3508 435 3532 469 ι
3587 411 3767 474 omnis

475 489 777 559 demploris
807 485 1041 563 vestigia
1068 490 1349 547 denudare
1372 509 1478 548 non
1511 495 1687 561 valeo,
1725 492 1848 566 quia
1878 498 2066 567 sponsi

473 591 676 631 nomen
703 575 837 632 mihi
866 594 976 633 non
1003 595 1228 650 usurpo.
1256 580 1353 636 Vel
1410 581 1480 636 ita
1518 580 1947 641 :Calceamenta
2001 603 2064 641 ex

468 663 697 719 mortuis
727 666 1057 722 animalibus
1085 664 1240 723 ﬁunt.
1292 666 1556 726 Dominus
1587 688 1719 728 vero
1765 675 1921 743 quasi
1946 674 2064 731 cal-

464 755 947 827 ceatusbapparuit
974 760 1262 828 postquam
1289 776 1514 815 carnem
1548 763 1863 834 assumpsit.
1896 764 2066 833 Hujus

467 838 863 899 incarnationis
892 843 1214 917 mysterium
1250 864 1412 903 nemo
1434 850 1810 922 unusquisque
1860 852 1932 907 ad
1954 854 2067 923 ple-

471 946 601 985 num
632 931 965 1005 investigare
1020 936 1219 1005 potuit.
1260 937 1509 1010 Corrigia
1563 938 1927 995 calceamenti
1983 949 2064 997 est

469 1025 707 1100 ligatura
733 1031 866 1085 tanti
888 1032 1148 1103 mysterii.
1201 1033 1323 1088 Non
1363 1034 1511 1090 valet
1537 1051 1675 1108 ergo
1702 1035 1942 1093 Joannes
1996 1038 2065 1093 ad

466 1124 687 1195 plenum
722 1129 1017 1199 corrigiam
1047 1130 1283 1197 solvere,
1318 1148 1439 1203 quae
1461 1130 1846 1189 incarnationis
1871 1144 2067 1208 myste-

462 1210 602 1268 rium
633 1230 743 1289 non
770 1213 967 1273 sufﬁcit
994 1216 1358 1289 investigare.

548 1327 568 1350 ο
607 1288 768 1374 Cujus
806 1305 1167 1360 ventilabrum
1208 1288 1272 1362 in
1302 1324 1466 1363 manu
1512 1325 1637 1366 sua.
1677 1311 1743 1366 Et
1798 1329 2063 1383 permun-

472 1392 625 1446 dabit
652 1408 837 1447 aream
885 1410 1060 1461 suam,
1110 1404 1163 1450 et
1217 1399 1580 1470 congregabit
1627 1399 1867 1456 triticum
1909 1419 2063 1457 suum

472 1480 528 1533 in
559 1482 839 1547 horreum,
864 1482 1048 1553 paleas
1078 1493 1259 1539 autem
1309 1488 1591 1543 comburet
1623 1488 1736 1560 igni
1793 1489 2062 1545 inexstin-

470 1569 667 1641 guibili
698 1571 886 1631 (Joan.
918 1574 1007 1642 1).)
1043 1573 1339 1628 Ventilabri
1362 1590 1503 1645 opus
1533 1585 1612 1631 est
1630 1576 1700 1631 ab
1719 1576 2063 1635 infructuosis

471 1659 749 1713 fructuosa
780 1659 1116 1716 discernere.
1165 1660 1321 1731 Quod
1349 1665 1403 1718 in
1435 1660 1595 1719 manu
1626 1666 1842 1721 Domini
1901 1668 2062 1724 situm

2178 511 2361 567 Veteri
2388 513 2718 569 Testamenti
2765 526 3107 575 sacramenta
3134 517 3299 576 ﬁnem
3354 519 3659 592 accepisse,
3715 520 3767 575 et

2174 598 2317 656 Novi
2339 603 2619 657 exordium
2650 612 2861 674 putant.
2912 607 3261 664 Commodius
3313 617 3499 665 autem
3559 608 3775 664 videtur

2174 696 2232 743 ut
2259 688 2509 745 dicamus
2538 690 2868 763 baptismum
2918 698 3068 767 prius
3092 713 3192 768 per
3218 698 3510 764 Joannem,
3575 697 3772 753 deinde

2175 801 2278 856 per
2335 785 2631 857 Christum,
2682 790 2799 846 sive
2845 792 3144 865 discipulos
3189 794 3407 862 Christi,
3454 794 3774 866 aliquandiu

2176 885 2374 953 solum,
2404 903 2474 942 ne
2497 904 2528 941 a
2557 890 2947 947 consuetudine
2973 894 3292 949 abhorreret
3320 894 3375 949 in
3397 909 3555 949 usum
3578 893 3773 965 produ-

2174 982 2319 1030 ctum
2345 992 2361 1042 ;
2394 977 2690 1033 novissime
2719 985 2924 1047 autem,
2945 983 3168 1053 quando
3184 982 3238 1037 in
3263 983 3580 1040 universum
3611 999 3771 1038 mune

2173 1070 2302 1125 dum
2333 1072 2721 1141 praedicatores
2749 1075 3026 1147 baptizare
3062 1078 3214 1133 missi
3245 1086 3385 1145 sunt,
3431 1079 3771 1151 generaliter

2176 1159 2499 1214 institutum.
2533 1161 2808 1217 Videntur
2834 1172 3019 1220 autem
3039 1166 3157 1222 haec
3176 1166 3281 1222 tria
3302 1171 3549 1239 tempore
3570 1167 3769 1223 distin-

2172 1258 2393 1326 guenda
2421 1272 2436 1312 :
2469 1258 2706 1313 Primum
2737 1260 2883 1315 enim
2911 1270 3034 1317 ante
3063 1263 3394 1333 baptismum
3410 1265 3761 1321 circumcisio

2173 1344 2290 1400 sola
2314 1354 2512 1400 statum
2540 1348 2750 1413 habuit,
2801 1357 2863 1404 et
2892 1351 3294 1422 suscipiebatur
3312 1353 3380 1407 ad
3418 1352 3768 1422 justiticatiod

2173 1462 2299 1501 nem
2348 1447 2466 1502 sine
2516 1448 2810 1519 baptismo.
2870 1451 3186 1509 Novissime
3244 1463 3420 1509 autem
3456 1468 3606 1510 nunc
3653 1460 3773 1526 post

2173 1535 2646 1592 circumcisionem
2677 1538 2826 1593 solus
2878 1540 3184 1611 baptismus
3241 1550 3435 1597 statum
3477 1542 3664 1608 habet,
3721 1552 3775 1597 et

2171 1632 2478 1689 celebratur
2505 1635 2573 1690 ad
2602 1635 2830 1691 salutem
2861 1637 2979 1693 sine
3007 1637 3446 1697 circumcisione.
3486 1640 3617 1696 Fuit
3669 1657 3771 1696 au-

471 1754 671 1809 indicat
699 1756 977 1811 arbitrium
1012 1760 1294 1828 potestatis
1325 1762 1673 1818 recondentis
1705 1764 1961 1833 triticum,
2007 1766 2060 1822 id
2088 1780 2144 1840 Β
2174 1733 2545 1840 ίξἮΑιθἮριξδ,
2559 1733 2806 1840 Τέίῖξυω
2835 1735 3130 1840 (Ῑ.“⁰ἀξ¹³ῐ“’
3189 1738 3405 1809 quando
3435 1745 3488 1840 ᾳ
3530 1753 3774 1837 cuicum-

473 1852 555 1898 est
584 1843 863 1914 perfectos
893 1846 1098 1907 fructus
1128 1849 1466 1904 credentium
1498 1851 1554 1905 in
1583 1852 1800 1908 horreis
1833 1869 1847 1919 ;
1880 1855 2069 1925 paleas

470 1933 1217 1997 vermidestinfructuosam
1246 1938 1881 2006 hominuminauitatem,
1938 1942 2070 2014 igne
2144 1994 2153 2001 .

462 2020 653 2089 judicii
680 2024 1100 2079 concremantis.
1137 2026 1238 2080 Per
1269 2027 1633 2082 ventilabrum
1656 2030 1917 2085 discretio
1942 2032 2072 2100 justi

467 2118 755 2185 examinis,
788 2134 888 2191 per
916 2136 1104 2175 aream
1142 2138 1273 2178 vero
1322 2140 1566 2194 praesens
1596 2127 1840 2183 Ecclesia
1868 2127 2073 2201 ﬁgura-

472 2222 579 2268 tur.
619 2214 787 2282 Cujus
820 2231 964 2271 arere
986 2218 1240 2288 purgatio
1292 2219 1453 2275 etiam
1484 2238 1629 2278 nunc
1658 2212 1888 2295 geritur,
1949 2241 2072 2280 cum

472 2313 717 2381 perversi
748 2314 820 2366 ob
850 2313 1139 2369 manifesta
1183 2327 1409 2386 peccata
1440 2319 1508 2373 de
1538 2320 1783 2377 Ecclesia
1841 2323 2072 2389 ejiciun-

474 2410 583 2465 tur,
616 2400 703 2455 vel
730 2410 852 2471 post
880 2411 1106 2458 mortem
1137 2404 1321 2460 divina
1352 2406 1694 2465 districtione
1725 2413 2070 2467 damnantur.

477 2495 622 2549 Inter
652 2495 838 2566 paleas
868 2505 921 2551 et
970 2498 1173 2553 zizauia
1204 2500 1385 2569 distat,
1436 2502 1524 2574 qui
1553 2505 1727 2576 paleas
1774 2523 1806 2562 a
1865 2509 2073 2565 semine

477 2583 597 2652 puri
628 2583 789 2640 tritici
846 2586 1157 2655 prodeunt;
1192 2590 1399 2645 zizania
1428 2608 1555 2648 vero
1603 2609 1635 2648 a
1691 2595 1911 2652 diversa
1964 2598 2073 2653 ori-

472 2671 600 2742 gine
623 2674 1002 2741 procreantur.
1041 2677 1188 2749 Ergo
1237 2679 1412 2747 paleae
1451 2682 1758 2751 signiﬁcant
1802 2686 1924 2740 illos
1981 2688 2073 2758 qui

479 2760 604 2815 fidei
636 2763 909 2832 mysteriis
940 2764 1276 2835 imbuuntur,
1329 2770 1426 2823 sed
1456 2770 1672 2826 levitate
1703 2772 1947 2842 perﬁdiae
2003 2777 2071 2831 ab

477 2857 667 2912 electis
696 2859 1029 2915 dissentiunt
1063 2880 1075 2925 ;
1109 2865 1311 2919 zizania
1334 2865 1457 2921 illos
1488 2867 1577 2939 qui
1606 2885 1771 2938 opere
1793 2879 1843 2925 et
1864 2874 2073 2943 profes-

477 2954 630 3010 sione
661 2956 728 3009 ab
761 2956 954 3013 electis
984 2971 1358 3017 secernuntur.
1387 2964 1451 3017 Hi
1472 2964 1772 3023 ventilabro
1803 2969 1905 3025 hoc
1961 2987 2070 3025 non

473 3054 845 3111 removentur,
877 3048 967 3119 qui
990 3049 1105 3116 jam
1131 3049 1364 3119 judicati
1390 3061 1514 3107 sunt
1547 3072 1560 3118 ;
1592 3056 1692 3110 sed
1742 3057 1911 3127 paleae
1943 3067 2068 3114 tan-

470 3136 584 3186 tum
616 3135 967 3190 ventilantnr.

543 3245 563 3267 ι
602 3224 766 3276 Multa
798 3224 1017 3293 quidem
1075 3234 1127 3280 et
1155 3227 1261 3283 alia
1313 3232 1602 3287 exhortans
1654 3237 2063 3307 evangelizabat

466 3308 691 3380 populo.
723 3312 850 3366 Haec
874 3314 928 3365 in
960 3314 1224 3371 Bethania
1257 3317 1399 3374 facta
1428 3330 1553 3374 sunt
1585 3326 2061 3397 transJordanem,

472 3406 562 3459 ubi
593 3417 712 3461 erat
736 3407 982 3464 Joannes
1016 3412 1535 3488 baptizans(ibid.).
1578 3443 1599 3469 ι»
1635 3422 1891 3477 Bethania
1936 3425 2061 3479 villa

469 3502 553 3547 est
581 3496 641 3547 in‘
663 3498 904 3552 secundo
934 3499 1005 3552 ab
1056 3501 1205 3555 Helia
1236 3504 1486 3561 milliario
1543 3509 1596 3561 in
1628 3509 1803 3565 latere
1859 3515 2060 3568 montis

466 3580 684 3643 Oliveti.
710 3584 804 3637 ubi
836 3585 1084 3642 Salvator
1113 3590 1347 3647 Lazarus
1375 3597 1671 3652 suscitavit.
1709 3600 1852 3655 Bene
1914 3619 2061 3671 pra:-

465 3684 661 3724 cursor
680 3671 901 3727 Domini
928 3676 1100 3730 nostri
1120 3677 1174 3731 in
1207 3679 1464 3736 Bethania
1495 3684 1694 3740 dicitur
1718 3687 2048 3758 baptizasse.

466 3764 605 3818 Nam
637 3765 892 3821 Bethania
938 3770 1135 3827 domus
1165 3773 1493 3831 obedientiw
1539 3778 1943 3852 interpretatur,
2003 3795 2060 3842 ut

465 3853 801 3909 demonstret
833 3873 933 3925 per
960 3859 1327 3917 obedientiam
1370 3863 1497 3921 ﬁdei
1522 3882 1714 3924 omnes
1735 3873 1805 3926 ad
1863 3874 2059 3931 Christi

464 3943 735 4013 baptisma
762 3943 964 4001 debere
992 3951 1315 4020 pervenire.

464 4066 540 4123 De
569 4083 631 4123 eo
661 4048 881 4142 quando
904 4075 1173 4143 cwperint
1212 4076 1466 4136 homines
1497 4082 1735 4155 obligari
1778 4095 2057 4161 praecepto

916 4165 1268 4235 percipiendi
1296 4169 1597 4240 baptisma.

497 4272 767 4340 Quaeritur
793 4280 1326 4348 quandoinstitutnm
1358 4287 1425 4340 sit
1457 4301 1857 4349 sacramentum
1890 4295 2060 4365 bapti-

462 4361 586 4425 smi,
620 4379 684 4416 ex
720 4380 827 4433 quo
857 4366 1116 4439 deinceps
1170 4372 1374 4428 licitum
1407 4392 1515 4431 non
1547 4378 1643 4434 fuit
1680 4380 1809 4435 illud
1867 4361 2056 4454 negli-

2180 1818 2317 1873 cisio
2374 1826 2427 1872 et
2484 1820 2785 1891 baptismus
2833 1823 2994 1877 simul
3060 1836 3453 1881 concurrerunt
3487 1844 3503 1882 :
3536 1827 3776 1897 primum

2152 1905 2535 1973 circumcisio,
2566 1920 2622 1964 ut
2660 1908 2920 1977 finiretur,
2968 1912 3135 1981 aliud,
3197 1910 3253 1968 id
3305 1914 3387 1969 est
3442 1909 3771 1986 baptismus,

2170 2009 2228 2056 ut
2285 2001 2714 2059 confirmaretur.
2770 2002 3020 2077 Operluit
3077 2010 3225 2063 enim
3278 2018 3337 2063 ut
3393 2018 3446 2065 et
3502 2010 3598 2065 illa
3650 2027 3774 2083 qua:

2173 2089 2413 2146 finienda
2430 2101 2585 2148 erant
2605 2109 2957 2167 nequaquam
2974 2096 3149 2152 subito
3164 2097 3251 2154 vel
3275 2098 3768 2170 pmoipitarentur,

2173 2186 2272 2241 sed
2302 2188 2581 2257 paulatim,
2615 2198 2667 2245 et
2698 2191 2856 2262 quasi
2884 2207 3008 2249 cum
3046 2194 3279 2264 quadam
3330 2195 3642 2251 reverentia
3686 2195 3773 2250 di-

2174 2276 2529 2342 mitterentur,
2564 2286 2620 2333 ut
2649 2281 3070 2336 ostenderentur
3116 2282 3262 2338 bona
3304 2282 3473 2339 fuisse
3520 2294 3772 2355 tempore

2173 2380 2289 2432 suo,
2322 2372 2375 2419 et
2396 2366 2656 2422 similiter
2700 2385 2818 2438 quae
2861 2371 3175 2441 incipienda
3224 2382 3380 2427 erant
3429 2389 3541 2428 non
3590 2374 3773 2429 subito

2172 2462 2225 2516 in
2260 2465 2635 2520 auctoritatem
2674 2477 3100 2535 assumerentur,
3161 2471 3257 2526 sed
3322 2487 3451 2527 cum
3509 2488 3664 2527 mora
3722 2481 3776 2529 et

2171 2551 2439 2624 gravitate
2471 2554 2856 2611 inchoarentur
2891 2574 2960 2613 ne
3006 2559 3152 2614 velut
3199 2559 3396 2627 aliena,
3447 2569 3499 2616 et
3548 2570 3779 2632 propter

2174 2657 2286 2695 rem
2326 2642 2547 2698 aliunde
2588 2644 2809 2700 inducta
2847 2647 3025 2701 subito
3075 2656 3415 2717 putarentur.
3456 2648 3554 2704 Illa
3604 2650 3777 2723 igitur

2170 2737 2390 2793 dimissa
2421 2748 2565 2806 sunt,
2598 2757 2702 2796 non
2737 2743 3000 2813 projema,
3034 2743 3084 2797 id
3118 2754 3201 2799 est
3226 2746 3325 2799 ista
3355 2746 3598 2802 instituta
3623 2756 3774 2813 sunt,

2173 2841 2279 2880 non
2310 2838 2614 2898 usurpata:
2656 2838 2713 2883 ut
2753 2830 2923 2884 divini
2972 2832 3182 2887 consilii
3217 2836 3515 2889 auctoritas
3557 2837 3777 2907 ubique

2171 2914 2498 2982 servaretur,
2534 2925 2587 2973 et
2644 2919 2873 2973 humana
2927 2922 3187 2989 causatio,
3238 2939 3307 2977 ne
3366 2924 3548 2979 divina
3604 2942 3780 2997 opera

2169 3015 2579 3082 reprehendere
2609 3017 2851 3083 auderet,
2897 3028 3264 3074 amoveretur.
3324 3019 3587 3089 Quamvis
3635 3038 3780 3095 ergo

2094 3140 2142 3202 Ο
2176 3100 2228 3155 in
2285 3104 2546 3172 passione
2597 3105 2818 3174 Christi,
2872 3123 2971 3177 per
3002 3124 3160 3179 quam
3201 3118 3581 3165 consummata
3639 3120 3773 3166 sunt

2171 3191 2371 3258 omnia,
2407 3192 2611 3248 veteris
2641 3194 2833 3266 figurae
2862 3204 3034 3250 status
3064 3196 3227 3252 ﬁnem
3259 3198 3489 3269 accepit,
3531 3208 3585 3253 et
3635 3201 3779 3254 novi

2172 3289 2480 3343 constitutio
2511 3291 2837 3346 sacramenti
2868 3294 3171 3358 exordium,
3210 3302 3321 3349 tum
3372 3304 3425 3349 et
3462 3296 3617 3365 prius
3664 3297 3778 3351 ali-

2172 3378 2384 3448 quando
2417 3387 2659 3450 tempore
2691 3388 2744 3435 et
2776 3398 2918 3436 nova
2950 3383 3207 3437 inchoata
3255 3392 3380 3438 sunt
3425 3385 3493 3437 ad
3538 3400 3780 3440 consue-

2171 3460 2434 3531 tudinem,
2470 3477 2522 3522 et
2571 3477 2749 3524 vetera
2786 3471 3134 3541 postmodum
3181 3471 3497 3543 aliquandiu
3543 3473 3781 3529 tolerata

2171 3563 2475 3617 secundum
2527 3564 3022 3635 dispensationem.
3074 3567 3334 3621 Similiter
3381 3584 3516 3639 ergo
3556 3567 3781 3625 fuerunt

2169 3658 2395 3722 utraque
2426 3661 2668 3723 tempore
2700 3652 2812 3722 illo,
2850 3654 2964 3711 sive
2984 3663 3109 3709 ante
3129 3656 3462 3725 passionem,
3485 3656 3603 3711 sive
3626 3664 3779 3727 post,

2168 3739 2238 3793 ab
2268 3757 2331 3796 eo
2363 3742 2578 3812 quando
2611 3741 2866 3798 inchoata
2898 3752 3021 3797 sunt
3044 3759 3205 3808 nova,
3230 3743 3405 3799 donec
3423 3745 3778 3813 postmodum

2168 3845 2355 3892 vetera
2384 3847 2509 3892 sunt
2540 3838 2854 3895 interdicta.
2899 3841 2967 3894 Et
3020 3839 3075 3895 in
3132 3841 3238 3895 isto
3297 3842 3475 3896 medio
3526 3850 3779 3913 tempore

2166 3927 2309 3997 quod
2342 3926 2437 3980 fuit
2470 3928 2766 3998 baptismus
2796 3944 2917 3984 cum
2950 3930 3363 3985 circumcisione
3408 3930 3478 3983 ab
3532 3931 3771 3985 inchoa-

2164 4014 2311 4069 tione
2340 4031 2434 4070 sua
2463 4033 2634 4088 usque
2664 4018 2733 4071 ad
2763 4017 3072 4087 passionem
3105 4017 3322 4084 Christi,
3359 4018 3461 4073 hoc
3511 4018 3608 4073 fuit
3656 4020 3773 4074 cir-

2167 4113 2430 4168 cumcisio
2477 4129 2595 4169 cum
2659 4115 2950 4185 baptismo,
3012 4124 3138 4186 post
3193 4115 3509 4185 passionem
3568 4117 3773 4172 Christi

2164 4217 2338 4272 usque
2366 4202 2435 4256 ad
2467 4203 2596 4256 illud
2629 4212 2840 4274 tempus
2884 4219 2989 4272 quo
3030 4204 3151 4274 ipsa
3207 4204 3550 4259 circumcisio
3599 4206 3770 4275 coepit

2166 4291 2466 4361 prohiberi.
2508 4293 2656 4347 Sicut
2684 4294 2829 4347 enim
2851 4294 2974 4347 ante
3001 4292 3313 4362 passionem
3362 4294 3484 4362 ipsa
3523 4293 3766 4349 circum-

2168 4388 2301 4443 cisio
2332 4389 2384 4443 in
2418 4398 2556 4445 statu
2605 4407 2703 4445 suo
2752 4392 2820 4445 ad
2867 4390 3168 4444 remedium
3222 4390 3657 4460 suscipiebatur,
3716 4400 3776 4445 et

461 4465 616 4558 gere,
648 4452 863 4522 quando
895 4454 1034 4510 illud
1064 4460 1346 4530 suscipere
1402 4465 1646 4521 debitum
1677 4468 1796 4525 fuit.
1820 4473 1887 4526 Et
1934 4452 2058 4528 sunt
2086 4499 2137 4558 D
2169 4486 2348 4533 tamen
2396 4488 2520 4535 tunc
2566 4479 2731 4534 etiam
2780 4480 3084 4549 baptismus
3122 4479 3240 4533 sine
3287 4452 3534 4549 periculo
3584 4480 3776 4533 salutis

462 4536 681 4610 quidem
713 4556 880 4611 super
919 4543 1024 4600 hoc
1079 4547 1313 4605 diversae
1351 4551 1583 4621 plurium
1640 4559 2048 4618 aestimationes.

462 4630 784 4701 Aliidicunt
813 4653 877 4692 ex
928 4654 994 4693 eo
1023 4639 1323 4699 institutum
1340 4645 1671 4718 baptismum
1687 4653 1829 4723 quod
1861 4654 2059 4711 Chris-

461 4736 550 4801 tus
575 4730 876 4789 Nicodemo
934 4745 1095 4792 nocte
1116 4739 1187 4797 ad
1216 4757 1276 4797 se
1333 4744 1569 4800 venienti
1624 4750 1845 4805 modum
1901 4770 2057 4812 nova:

459 4822 889 4890 regenerationis
934 4824 1216 4883 insinuans
1271 4830 1391 4886 ait:
1429 4857 1449 4881 α
1484 4835 1608 4889 Nisi
1656 4838 1776 4908 quis
1833 4852 2055 4899 renatus

460 4917 625 4973 fuerit
648 4937 712 4975 ex
745 4936 889 4992 aqua
916 4930 971 4978 et
991 4924 1199 4995 Spiritu
1256 4939 1461 4994 sancto,
1495 4949 1600 4989 non
1634 4944 1811 5004 potest
1867 4940 2053 4998 videre

462 5033 691 5087 regnum
718 5021 816 5076 Dei
845 5025 1035 5090 (Joan.
1075 5027 1184 5095 ιιι).
1231 5052 1251 5076 η
1287 5029 1391 5084 Alii
1420 5031 1607 5087 dicunt
1661 5034 2051 5095 institutionem

457 5104 711 5175 baptismi
742 5126 806 5165 ex
830 5127 897 5166 eo
925 5113 1216 5185 incmpisse
1262 5134 1371 5191 quo
1400 5120 1646 5177 Christus
1685 5134 1808 5194 post
1865 5144 2051 5184 resur-

459 5195 753 5252 rectionem
783 5215 939 5255 suam
963 5202 1018 5256 in
1050 5205 1247 5260 caelum
1279 5224 1619 5265 ascensurus
1658 5213 1955 5287 discipulos
1982 5219 2053 5274 ad

454 5292 858 5358 praedicandum
898 5298 1064 5366 misit,
1123 5303 1359 5361 dicens:
1396 5330 1417 5353 α
1474 5307 1553 5363 Ite
1610 5309 1803 5367 docete
1859 5331 2051 5371 omnes

455 5387 649 5447 gentes
679 5382 1015 5452 baptizantes
1038 5389 1091 5442 in
1127 5393 1344 5449 nomine
1379 5396 1572 5459 Patris,
1627 5408 1677 5453 et
1711 5400 1827 5455 Filii
1849 5411 1901 5457 et
1932 5404 2051 5474 δρί-

456 5474 593 5529 ritus
614 5478 787 5532 sancti
817 5481 1036 5548 (Matth.
1057 5490 1277 5558 xxvttt).
1317 5514 1339 5538 ι»
1373 5491 1612 5559 Quidam
1648 5496 2048 5556 institutionem

454 5571 788 5643 baptismiex
819 5592 884 5633 eo
913 5580 1146 5650 cmpisse
1175 5594 1363 5654 putant
1394 5592 1534 5659 quod
1551 5593 1791 5651 Joannes
1820 5597 1871 5651 in
1907 5613 2047 5672 aqua

453 5671 731 5741 baptizare
760 5675 941 5745 cmpit,
981 5678 1287 5763 praedicans
1332 5684 1721 5767 baptizaturum
1771 5693 1827 5748 in
1868 5697 2045 5767 Spiri:

451 5774 562 5825 tum
593 5768 810 5840 (Matth;
845 5772 947 5842 tu).
994 5774 1100 5830 Alii
1129 5774 1185 5833 in
1235 5764 1489 5851 positione
1544 5768 1761 5855 Christi,
1821 5764 2042 5863 quoadd

2168 4581 2274 4621 non
2312 4568 2763 4623 contemnebatur
2821 4569 2891 4623 ab
2942 4568 3027 4622 his
3083 4567 3283 4638 quibus
3341 4568 3769 4638 praedicabatur,

2165 4666 2237 4719 ita
2268 4669 2391 4736 post
2416 4667 2732 4735 passionem
2763 4666 3084 4736 baptismus,
3118 4664 3371 4734 quamvis
3400 4664 3454 4717 in
3485 4673 3631 4719 statu
3668 4681 3769 4719 suo

2165 4755 2566 4824 suscipiebatur
2610 4755 2680 4808 ad
2730 4755 2982 4820 salutem,
3035 4761 3087 4808 et
3130 4761 3312 4806 tamen
3358 4760 3484 4808 tunc
3527 4757 3771 4809 circum-

2162 4845 2296 4898 cisio
2326 4845 2444 4898 sine
2479 4843 2721 4913 periculo
2769 4844 2965 4897 salutis
3024 4859 3133 4897 non
3190 4842 3650 4898 contemnebatur
3703 4844 3772 4897 ab

2160 4940 2245 4994 his
2276 4940 2473 5011 quibus
2504 4937 2625 4995 finis
2656 4940 2774 5008 ejus
2803 4939 3047 4994 nondum
3080 4935 3553 4991 manifestabatur.
3615 4938 3771 4992 Post-

2163 5046 2320 5100 quam
2353 5039 2533 5085 autem
2571 5029 2777 5085 dictum
2798 5036 2881 5083 est
2915 5046 2926 5082 :
2959 5052 2979 5076 ‹‹
3014 5028 3070 5081 Si
3102 5025 3576 5091 circumcidimini,
3618 5026 3775 5081 Chri—

2162 5129 2276 5171 stus
2308 5120 2465 5173 nobis
2496 5118 2628 5173 nihil
2660 5117 2888 5188 prodest
2919 5114 3132 5186 (Colat.
3165 5115 3240 5183 v),
3280 5138 3303 5163 υ
3347 5116 3457 5183 jam
3502 5114 3771 5186 deinceps

2161 5234 2264 5271 non
2302 5226 2516 5287 poterat
2546 5215 2891 5273 circumcisio
2930 5215 2998 5269 ad
3057 5213 3289 5268 salutem
3329 5212 3560 5283 percipi,
3625 5213 3769 5268 sicut

2158 5306 2328 5374 prius,
2372 5316 2653 5379 postquam
2714 5304 2919 5359 dictum
2974 5301 3189 5357 fuerat:
3239 5325 3262 5349 α
3324 5301 3602 5381 Masculus
3668 5318 3771 5359 cu-

2152 5407 2241 5474 jus
2282 5422 2409 5460 caro
2467 5405 2719 5477 praeputii
2779 5401 3103 5456 circumcisa
3159 5417 3269 5455 non
3302 5394 3509 5462 fuerit,
3569 5400 3769 5470 peribit

2157 5502 2340 5557 anima
2369 5503 2458 5557 illa
2491 5504 2558 5559 de
2586 5502 2792 5575 populo
2824 5514 2925 5553 suo
2957 5500 3119 5568 (Gen.
3152 5498 3312 5568 xvu).
3352 5497 3373 5543 ii
3427 5484 3551 5552 Non
3594 5497 3768 5596 potuit

2155 5599 2501 5655 circumcisio
2531 5602 2598 5655 ab
2638 5600 2724 5656 his’
2764 5598 3035 5650 duntaxat
3062 5593 3260 5665 quibus
3318 5593 3561 5661 injuncta
3594 5593 3765 5648 fuerat

2155 5697 2274 5751 sine
2316 5697 2561 5768 periculo
2605 5669 2807 5773 salutis
2848 5692 3158 5773 contemni.
3211 5692 3443 5745 Rursum
3492 5680 3762 5773 quemadf'

2153 5758 2375 5851 tnoduin
2405 5792 2460 5850 in
2490 5793 2751 5871 principio
2785 5758 3096 5861 tantam
3128 5784 3160 5841 ii
3191 5774 3400 5846 Joanne
3459 5758 3757 5861 adeundum
