4062 6074
341 281 441 340 ’761

1296 280 1875 344 DEFLOR.\TIONES
1907 278 2004 341 SS.-
2036 284 2345 342 PATRUM.
2379 314 2447 325 -
2478 282 2605 339 LIB.
2642 283 2680 339 Ι.

3534 282 3637 343 762

341 414 524 481 Solum
555 426 968 483 sacramentUm
1012 419 1261 497 dabatur,
1293 430 1348 485 ut
1406 430 1457 484 bi
1486 430 1577 502 qui
1624 427 1931 500 baptizandi
1963 409 2010 471 Α
2043 434 2125 482 est
2153 443 2381 483 numero
2409 428 2597 499 utique
2626 425 2896 482 malorum
2967 425 3206 481 omnium
3237 434 3289 481 et
3314 425 3635 482 inﬁdelium.

334 532 493 570 usum
523 532 632 573 non
683 525 948 572 noverant
1003 518 1369 584 erudirentur,
1423 520 1586 575 sicin
1634 519 1934 574 novissimo

333 620 365 658 a
421 604 747 674 quibusdam
804 606 1055 662 ﬁdelibus
1136 607 1481 665 circumcisio
1537 606 1934 679 dispensatorie

338 692 596 748 secndum
654 694 828 749 solum
902 705 1307 752 sacramentum
1374 697 1788 767 suscipiebatur,
1865 711 1934 751 ne

337 781 392 835 hi
445 782 537 852 qui
591 781 904 839 circumcidi
938 794 1342 841 consueverant
1400 786 1924 841 scandalizarentur.

412 890 484 950 De
514 894 762 953 adventu
792 902 847 953 et
884 899 949 954 de
979 898 1261 971 qualitate
1306 916 1558 973 persona?
1579 901 1819 972 judicia.

415 1032 437 1062 ι
473 1008 605 1067 Cum
662 1012 878 1069 venerit
936 1010 1078 1071 filius
1131 1017 1368 1073 hominis
1398 1017 1451 1072 in
1502 1017 1676 1088 gloria
1705 1033 1825 1086 sua,
1883 1025 1935 1074 et

338 1114 530 1155 omnes
559 1102 882 1171 angelicum
907 1119 993 1169 eo,
1019 1112 1144 1161 tunc
1167 1107 1643 1178 congregabuntur
1663 1115 1788 1162 ante
1811 1122 1935 1162 eum

337 1210 531 1252 omnes
561 1207 756 1269 gentes
787 1201 1007 1265 (Matth.
1032 1206 1213 1271 xxv).»
1240 1205 1661 1274 (AUGUSTINUS).
1682 1205 1746 1258 Et
1764 1204 1933 1259 Judaei

339 1285 542 1357 quippe
572 1286 666 1357 qui
694 1287 750 1341 in
804 1288 1011 1344 malitia
1038 1300 1477 1360 perseverantes,
1512 1292 1567 1346 in
1611 1292 1705 1348 illo
1728 1293 1935 1362 judicio

332 1374 594 1444 puniendi
626 1383 770 1444 sunt,
805 1376 944 1432 sicut
999 1378 1129 1433 alibi
1193 1381 1399 1436 dictum
1431 1388 1513 1435 est
1550 1401 1561 1435 :
1610 1404 1631 1428 α
1666 1382 1937 1437 Videbunt

330 1459 390 1517 in
439 1478 602 1534 quem
630 1475 975 1536 pupugerunt
1032 1467 1220 1533 (Joan.
1255 1470 1382 1539 χιχ).
1414 1495 1433 1517 η
1469 1470 1603 1524 Cum
1636 1470 1776 1525 enim
1810 1469 1937 1525 boni

330 1556 385 1605 et
413 1551 544 1605 mali
568 1550 736 1606 visuri
766 1562 894 1608 sunt
915 1555 1164 1624 judicem
1194 1558 1439 1614 vivorum
1495 1567 1544 1613 et
1575 1567 1932 1626 mortuorum,

329 1652 519 1723 procul
574 1654 742 1710 dubio
798 1656 943 1712 enim
974 1657 1159 1713 videre
1189 1658 1314 1714 mali
1373 1676 1481 1715 non
1510 1669 1781 1732 poterunt,
1834 1662 1938 1716 nisi

328 1753 497 1809 solam
523 1752 757 1812 fortnam
788 1774 893 1828 qua
920 1758 1065 1815 tilius
1094 1762 1329 1816 hominis
1375 1771 1494 1832 est;
1528 1764 1627 1818 sed
1669 1772 1846 1819 tamen
1875 1765 1930 1819 in
1958 1759 2012 1822 B

329 1842 576 1900 claritate
608 1844 665 1899 in
706 1863 814 1917 qua
850 1848 1139 1918 judicabit,
1175 1858 1227 1904 et
1281 1850 1335 1904 in
1380 1851 1685 1906 humilitate
1740 1852 1795 1907 in
1828 1869 1933 1924 qua

315 1925 595 1993 judicatus
622 1942 728 1989 est.
761 1936 881 1991 Non
911 1938 1055 1992 enim
1078 1938 1274 1993 iterum
1298 1939 1548 1995 Christus
1567 1941 1623 1995 in
1652 1956 1819 1998 cruce
1847 1942 1930 1997 vi-

326 2028 540 2086 dendus
567 2038 674 2088 est.
707 2032 971 2090 Caeterum
1002 2035 1147 2095 illam
1169 2038 1268 2092 Dei
1288 2037 1514 2092 fonnam
1536 2039 1589 2094 in
1612 2054 1718 2111 qua
1738 2055 1928 2111 aequa-

323 2125 393 2182 lis
421 2137 506 2184 est
535 2131 701 2199 Patri,
732 2133 931 2203 procul
963 2134 1132 2191 dubio
1164 2136 1317 2207 impii
1346 2153 1454 2192 non
1486 2138 1770 2194 videbunt.
1808 2140 1930 2194 Non

334 2224 479 2279 enim
536 2235 662 2282 sunt
715 2230 1105 2287 mundicordes
1164 2234 1256 2304 qui
1312 2234 1477 2299 beati,
1533 2235 1790 2306 quoniam
1820 2237 1929 2307 ipsi

323 2320 764 2380 Deumvidebunt
776 2327 804 2380 ‘l
818 2327 1036 2398 (Matth.
1055 2329 1136 2400 v.)
1148 2330 1403 2402 Alioquin
1418 2332 1464 2386 si
1477 2332 1645 2386 Filius
1657 2333 1753 2389 Dei
1761 2333 1929 2402 judex

324 2416 384 2472 in
440 2418 620 2475 forma
648 2422 706 2476 in
765 2440 874 2494 qua
901 2426 1125 2497 aequalis
1155 2436 1238 2482 est
1288 2428 1455 2495 Patri,
1487 2437 1540 2484 et
1588 2430 1772 2500 impiis
1803 2446 1927 2485 cum

317 2507 657 2576 iudicaturus
685 2519 766 2565 est
794 2514 1098 2583 apparebit,
1148 2515 1280 2587 quid
1310 2525 1389 2571 est
1421 2518 1563 2586 quod
1593 2534 1693 2588 pro
1725 2534 1927 2591 magno

323 2593 570 2651 dilectori
599 2613 698 2653 suo
728 2599 1018 2669 pollicetur
1048 2603 1238 2658 dicens
1271 2623 1282 2658 :
1321 2626 1343 2652 α
1381 2605 1497 2676 Ego
1518 2606 1741 2676 diligam
1773 2623 1919 2672 eum,

325 2699 380 2746 et
403 2694 683 2748 estendam
715 2696 981 2767 meipsum
1012 2698 1090 2753 illi
1142 2700 1331 2767 (Joan.
1363 2704 1534 2771 χω.»
1586 2702 1927 2774 Quapmpter

336 2779 505 2835 Filius
560 2783 792 2839 hominis
818 2786 1160 2853 judicaturus
1216 2797 1319 2855 est,
1350 2805 1453 2845 nec
1483 2797 1668 2845 tamen
1701 2807 1766 2845 ex
1816 2793 1922 2847 hu-

329 2893 488 2933 mana
542 2890 827 2950 potestate,
861 2886 958 2939 sed
988 2901 1060 2940 ex
1115 2902 1178 2942 ea
1209 2904 1316 2959 qua
1344 2888 1507 2943 Filius
1538 2888 1634 2943 Dei
1665 2898 1772 2944 est.
1812 2891 1925 2944 Ita-

332 2983 438 3037 que
496 2977 784 3040 utrumque
815 2973 921 3028 dici
975 2982 1155 3045 potest
1190 2991 1203 3030 :
1237 2984 1287 3031 et
1316 2976 1483 3031 Filius
1522 2977 1755 3033 hominis
1780 2979 1925 3047 judi-

2042 516 2192 571 Visio
2240 516 2328 570 illa
2358 515 2476 571 Filii
2507 516 2769 582 hominis,
2804 532 2904 571 nec
2959 516 3160 570 bonum
3192 517 3289 571 erit
3334 514 3516 585 impiis
3546 515 3640 585 qui

2041 605 2320 659 mittentur
2358 605 2413 658 in
2443 606 2626 675 ignem
2657 614 2936 669 mternum,
2972 620 3075 659 nec
3129 621 3402 658 summum
3434 604 3634 658 bonum

2043 689 2145 744 erit
2169 690 2353 759 justis.
2395 691 2588 747 Adhuc
2616 692 2756 746 enim
2791 699 2949 746 vocat
2975 706 3071 746 eos
3128 692 3196 745 ad
3224 707 3461 763 regnum
3492 691 3637 761 quod

2042 787 2124 842 eis
2155 796 2401 857 paratum
2455 796 2539 843 est
2567 790 2637 843 ab
2668 788 2819 843 initio
2880 789 3086 843 mundi.
3122 789 3274 844 Sicut
3330 788 3474 843 enim
3530 787 3637 841 illis

2043 876 2188 932 dicet
2221 895 2232 930 :
2271 900 2292 923 α
2328 878 2405 931 Ite
2436 877 2491 930 in
2540 877 2720 950 ignem
2754 888 3016 933 aeternum
3066 879 3283 947 (Matth.
3338 879 3475 942 xxv)
3509 894 3522 930 :
3558 876 3637 932 sic

2036 963 2239 1033 justis:
2278 988 2300 1013 α
2337 965 2545 1032 Venite,
2607 966 2878 1022 benedicti
2941 966 3115 1020 Patris
3178 966 3304 1032 mei,
3358 964 3634 1036 possidete

2041 1072 2292 1134 paratum
2322 1064 2478 1119 vobis
2509 1080 2735 1135 regnum
2787 1065 2998 1135 (ibid.).
3035 1088 3057 1111 »
3119 1065 3184 1118 Et
3213 1066 3349 1120 sicut
3382 1064 3455 1118 illi
3486 1064 3636 1118 ibunt

2042 1162 2100 1215 in
2130 1162 2562 1217 combustionem
2592 1172 2877 1227 aeternam,
2910 1164 2990 1218 sic
3032 1163 3163 1231 justi
3194 1163 3248 1217 in
3280 1163 3447 1217 vitam
3478 1170 3634 1217 aeter-

2042 1266 2191 1306 nam.
2229 1250 2368 1319 Quid
2426 1259 2509 1306 est
2539 1260 2719 1306 autem
2777 1252 2886 1306 vita
2913 1261 3113 1306 teterna
3146 1252 3247 1305 nisi
3277 1260 3332 1305 ut
3361 1266 3635 1323 recogno—

2044 1346 2199 1394 scant
2253 1349 2323 1401 te,
2393 1339 2586 1411 inquit,
2647 1357 2810 1394 unum
2874 1342 3041 1393 Deum
3110 1340 3310 1403 vivum,
3368 1347 3420 1393 et
3474 1355 3635 1409 quem

2044 1427 2237 1481 misisti
2292 1428 2475 1482 Jesum
2534 1428 2805 1482 Christum
2861 1429 3049 1497 (Joan.
3118 1430 3282 1497 xvu):
3317 1427 3413 1481 sed
3444 1428 3496 1480 in
3540 1425 3636 1480 illa

2044 1524 2310 1591 claritate,
2372 1525 2440 1580 de
2470 1540 2576 1596 qua
2629 1525 2759 1581 dicit
2790 1525 2933 1579 Patri
2963 1543 2974 1578 :
3011 1550 3030 1571 α
3068 1522 3240 1593 Quam
3272 1523 3434 1577 habui
3488 1522 3636 1593 apud

2045 1620 2097 1668 te
2144 1614 2466 1684 priusquam
2516 1614 2757 1667 mundus
2790 1613 2946 1668 tieret
3001 1614 3208 1681 (ibid.).
3256 1638 3276 1659 »
3309 1613 3460 1667 Tunc
3489 1611 3633 1664 enim

2046 1700 2217 1755 tradet
2247 1717 2483 1772 regnum
2516 1703 2631 1757 Deo
2661 1710 2715 1756 et
2748 1703 2911 1769 Patri,
2945 1711 3001 1756 ut
3030 1706 3188 1756 intret
3217 1716 3413 1757 servus
3460 1701 3634 1754 bonus

2041 1789 2098 1842 in
2127 1789 2386 1861 gaudium
2416 1790 2631 1845 Domini
2653 1791 2759 1844 sui.

2554 1889 2766 1928 DIVISIO
2816 1890 3115 1929 SERMONIS.

2110 1962 2287 2028 Nunc,
2322 1961 2680 2028 dilectissimi,
2713 1964 2856 2018 diem
2888 1964 3081 2018 mortis
3110 1972 3310 2018 nostra:
3340 1970 3393 2018 et
3438 1962 3636 2017 adven-

2039 2058 2149 2104 tum
2182 2050 2397 2106 Domini
2427 2051 2601 2105 nostri
2631 2051 2757 2106 Jesu
2796 2051 2994 2106 Christi
3034 2061 3086 2106 et
3115 2051 3357 2107 terribile
3412 2067 3475 2105 ac
3522 2066 3634 2105 me-

2040 2139 2300 2194 tuendum
2326 2138 2589 2207 judicium
2621 2139 2739 2207 ejus
2780 2140 3097 2195 studeamus
3118 2140 3324 2210 jugiter
3352 2139 3621 2211 cogitare.

2038 2237 2119 2291 Ad
2168 2237 2407 2291 omnium
2457 2237 2602 2292 enim
2658 2246 3005 2308 peccatorum
3040 2238 3265 2294 vulnera
3295 2237 3443 2291 nulla
3471 2238 3629 2291 inve-

2039 2324 2141 2378 niri
2173 2334 2411 2395 possunt
2442 2325 2662 2380 utiliora
2692 2328 2953 2393 remedia,
2987 2343 3148 2398 quam
3181 2335 3236 2381 ut
3256 2326 3629 2396 unusquisque

2040 2415 2242 2485 cogitet
2298 2415 2488 2468 horam
2536 2414 2708 2483 illam,
2769 2416 2990 2487 quando
3020 2416 3121 2469 erit
3178 2415 3245 2469 de
3276 2418 3380 2471 hoc
3429 2413 3629 2470 saeculo

2038 2511 2391 2581 migraturus.
2450 2509 2738 2578 Quomodo
2770 2511 2913 2565 enim
2974 2514 3153 2581 potest
3183 2510 3296 2565 ﬁeri
3325 2519 3380 2565 ut
3433 2510 3629 2581 aliquis

2034 2606 2223 2676 gravia
2240 2614 2463 2676 peccata
2480 2614 2775 2676 praesumat
2790 2608 3312 2678 suscipere,quando
3325 2623 3382 2661 se
3394 2622 3632 2661 momen-

2037 2695 2102 2748 tis
2130 2694 2361 2767 singulis
2391 2694 2567 2750 credit
2594 2696 2661 2750 de
2692 2697 2796 2751 hac
2822 2696 2949 2751 luce
2984 2712 3143 2765 posse
3183 2696 3439 2768 migrare.
3474 2696 3629 2751 Sicut

2034 2789 2180 2844 enim
2228 2797 2281 2843 et
2312 2790 2603 2861 Scriptura
2635 2790 2762 2845 dicit
2794 2808 2808 2843 :
2847 2816 2867 2836 ιι
2906 2792 3198 2856 Memento,
3243 2789 3337 2857 fili,
3370 2792 3625 2862 quoniam

2031 2902 2183 2941 mors
2212 2902 2321 2941 non
2352 2886 2585 2940 tardabit
2617 2889 2789 2949 (Eccl.
2808 2891 2936 2955 xxv),
2962 2911 2981 2933 υ
3019 2895 3071 2941 et
3103 2888 3233 2941 illud
3262 2905 3274 2940 :
3305 2912 3325 2935 «
3354 2890 3627 2942 Memento

2033 2983 2454 3039 novissimorum
2505 2993 2745 3046 tuorum,
2804 2992 2857 3038 et
2901 2983 3125 3039 desines
3181 2984 3448 3038 inimicari
3496 2986 3628 3053 (Ec-

329 3073 497 3142 cabit,
553 3084 607 3130 et
656 3092 766 3132 non
821 3080 988 3134 Filius
1026 3082 1259 3136 hominis
1314 3083 1595 3151 judicabit,
1636 3090 1697 3139 ut
1733 3101 1920 3140 verum

2034 3074 2128 3128 cli.
2163 3074 2284 3142 vn),
2333 3096 2353 3120 η
2390 3072 2480 3143 qui
2511 3072 2655 3127 enim
2688 3072 2977 3142 diligenter
3002 3073 3247 3138 attendit,
3280 3088 3438 3143 quam
3489 3076 3627 3126 dura

2209 3160 2525 3179 ψῃλμη,
2796 3161 2901 3179 ,ει
2932 3159 3031 3179 Α-.
3110 3161 3178 3179 τη
3384 3160 3470 3179 κιρ

326 3169 395 3223 sit
461 3173 607 3244 quod
660 3175 732 3229 ait
790 3195 808 3231 :
874 3200 895 3223 υ
966 3179 1099 3233 Cum
1156 3182 1372 3236 venerit
1430 3182 1595 3237 Filius
1661 3184 1915 3252 hominis,

320 3267 448 3315 tunc
503 3264 1000 3336 congregabantur
1051 3277 1176 3324 ante
1248 3287 1370 3325 eum
1424 3287 1616 3326 omnes
1666 3281 1859 3344 gentes
1893 3298 1913 3322 ι

317 3355 370 3403 et
399 3365 507 3404 non
543 3351 708 3405 Filius
757 3354 990 3410 hominis
1011 3356 1295 3425 judicahit,
1339 3367 1396 3414 ut
1426 3377 1618 3416 verum
1678 3362 1746 3415 sit
1774 3364 1918 3434 quod

315 3437 385 3491 ait
425 3458 436 3492 :
476 3462 498 3486 α
532 3440 652 3509 Ego
682 3457 791 3495 non
816 3443 1007 3512 judico
1064 3446 1261 3517 (Joan.
1307 3454 1364 3518 ι),
1404 3474 1426 3495 η
1460 3462 1511 3504 et
1547 3469 1558 3503 :
1606 3474 1626 3498 «
1663 3452 1781 3523 Ego
1811 3468 1919 3506 non

320 3543 505 3596 quaero
564 3529 804 3601 gloriam
858 3548 1052 3600 meam,
1086 3542 1172 3589 est
1228 3536 1318 3607 qui
1361 3547 1564 3608 qumrat
1611 3546 1667 3594 et
1715 3540 1919 3607 judicet

320 3622 529 3691 (ibid.).
573 3627 712 3682 Nam
761 3632 1058 3686 secundum
1118 3634 1225 3690 hoc
1274 3635 1419 3705 quod
1473 3636 1527 3689 in
1556 3636 1762 3704 judicio
1809 3653 1918 3693 non

312 3713 497 3768 forma
526 3715 651 3782 Dei,
693 3718 790 3771 sed
821 3720 994 3774 forma
1025 3720 1149 3776 Filii
1203 3723 1438 3777 hominis
1468 3725 1774 3794 apparebit,
1818 3743 1920 3782 nec

313 3795 431 3878 ipse
461 3811 902 3881 Paterjudicabit
923 3836 933 3870 :
956 3818 1259 3872 secundum
1287 3819 1388 3875 hoc
1413 3820 1555 3875 enim
1575 3820 1774 3876 dictum
1799 3830 1879 3875 est
1902 3838 1914 3876 :

320 3927 341 3953 ει
380 3905 544 3962 Dedit
564 3910 728 3965 Pater
757 3912 898 3968 Filio
922 3914 1081 3968 vitam
1106 3916 1310 3972 habere
1333 3917 1386 3971 in
1409 3917 1705 3988 semeptiso
1728 3917 1914 3987 (Joan.

313 4006 371 4072 v)
406 4021 419 4057 :
458 4028 479 4052 η
505 4022 613 4061 non
644 4009 826 4078 utique
851 4011 1088 4067 dicitur:
1125 4014 1291 4068 Pater
1319 4030 1428 4070 non
1453 4015 1921 4087 judicabitquem-

314 4116 477 4172 quam
504 4118 518 4172 ;
542 4104 639 4158 sed
658 4106 964 4160 secundum
986 4109 1090 4161 hoc
1113 4110 1256 4177 quod
1274 4110 1544 4181 aequalem
1564 4113 1721 4167 Pater
1734 4112 1921 4184 genuit

316 4197 530 4266 Filium,
577 4201 846 4270 judicahit
901 4218 1022 4258 cum
1054 4204 1167 4259 illo.
1214 4205 1522 4261 Secundum
1553 4209 1658 4264 hoc
1677 4223 1812 4279 ergo
1839 4209 1920 4263 di-

314 4304 457 4351 ctum
487 4305 590 4363 est,
625 4300 769 4369 quod
799 4300 852 4353 in
882 4300 1092 4370 judicio
1122 4318 1229 4356 non
1248 4301 1426 4357 forma
1457 4304 1575 4369 Dei,
1610 4306 1708 4360 sed
1748 4306 1921 4362 t‘orma

312 4392 404 4448 ﬁlii
431 4395 669 4449 hominis
698 4397 1006 4466 apparebit.
1049 4400 1173 4452 Non
1210 4399 1334 4471 quia
1355 4401 1621 4468 judicabit
1657 4404 1747 4474 qui
1770 4404 1919 4458 dedit

2032 3161 2129 3216 erit
2200 3160 2534 3215 examinatio
2605 3168 2729 3215 ante
2796 3159 3035 3215 tribunal
3109 3161 3325 3225 Christi,
3382 3160 3474 3214 ubi
3530 3176 3627 3214 re—

2028 3264 2285 3327 cepturus
2308 3264 2395 3311 est.
2418 3256 2792 3328 unusquisque
2813 3257 3113 3312 secundum
3134 3272 3303 3327 Opera
3319 3272 3433 3321 sua,
3450 3272 3558 3311 non
3575 3255 3625 3311 ei

2027 3352 2278 3416 poterunt
2316 3345 2534 3414 placere
2577 3354 2803 3415 peccata
2835 3345 2920 3400 vel
2952 3345 3182 3401 crimina
3202 3346 3452 3416 propria.
3492 3346 3625 3400 Cum

2028 3434 2172 3489 enim
2201 3441 2327 3488 ante
2349 3434 2499 3487 illum
2530 3435 2868 3489 tremendum
2888 3435 3129 3503 judicem
3147 3443 3496 3507 congregatae
3519 3435 3623 3488 fue-

2028 3524 2135 3577 rint
2157 3538 2349 3577 omnes
2379 3530 2572 3593 gentes
2610 3524 2832 3589 (Matth.
2885 3524 3050 3591 xxiv),
3084 3523 3212 3593 quid
3249 3532 3375 3578 tunc
3404 3524 3504 3577 erit
3532 3523 3621 3577 in-

2022 3612 2199 3680 justis,
2234 3620 2288 3665 et
2318 3611 2599 3677 adulteris,
2632 3611 2886 3676 ebriosis,
2921 3620 3083 3681 atque
3111 3612 3423 3683 raptoribus
3443 3613 3471 3665 ?
3497 3611 3622 3667 Fle-

2026 3708 2113 3753 tus
2168 3700 2451 3755 oculorum
2508 3708 2561 3754 et
2622 3700 2823 3754 stridor
2869 3700 3129 3766 dentium,
3163 3717 3283 3757 cum
3315 3704 3627 3756 sanctorum

2027 3788 2424 3844 multitudinem
2452 3789 2521 3842 ad
2580 3790 2862 3844 dexteram
2894 3788 3067 3857 regis,
3093 3796 3147 3844 et
3174 3790 3242 3844 ad
3271 3791 3500 3861 gloriam
3533 3806 3626 3844 se-

2026 3884 2334 3949 gregatam,
2349 3885 2698 3947 peccatorum
2729 3878 2993 3947 populum
3016 3879 3070 3930 in
3086 3878 3412 3947 profundum
3436 3877 3626 3932 tartari

2028 3964 2145 4019 sine
2188 3964 2300 4019 ulla
2330 3964 2705 4020 miserationis
2734 3980 2800 4019 ac
2847 3966 3020 4020 venia:
3048 3981 3146 4035 spe
3181 3966 3500 4032 dimersum,
3531 3981 3627 4020 re-

2028 4052 2173 4107 cludi
2203 4069 2262 4107 se
2319 4052 2644 4108 intenebris
2699 4055 2876 4107 suisa
2929 4054 3084 4109 beata
3140 4065 3449 4109 sanctorum
3504 4053 3625 4109 luce

2028 4141 2282 4205 viderint,
2341 4149 2393 4196 et
2450 4142 2503 4195 in
2555 4140 2886 4212 profundum
2945 4141 3138 4197 inferni
3181 4141 3538 4211 descendere,
3572 4151 3625 4197 et

2029 4254 2196 4308 super
2224 4254 2283 4292 se
2313 4248 2595 4312 urgentem
2628 4253 2691 4292 os
2715 4254 2877 4292 suum
2909 4247 3151 4308 puteum,
3180 4247 3382 4294 aeterna
3410 4240 3626 4309 suppli-

2027 4327 2111 4381 cia
2140 4335 2191 4381 et
2222 4336 2538 4397 perpetuam
2571 4337 2797 4381 mortem
2829 4328 3082 4382 morituri
3114 4329 3451 4398 aspexerint.
3484 4328 3623 4381 Fru-

2029 4433 2138 4477 stra
2168 4425 2429 4495 pauperis
2460 4442 2621 4497 quem
2663 4426 2713 4479 in
2752 4426 2853 4481 hac
2909 4427 3012 4481 vita
3058 4426 3308 4496 despexit
3348 4434 3619 4495 peccator,

310 4506 469 4545 omne
493 4493 757 4560 judicium
790 4494 951 4560 Filio,
985 4512 1109 4551 cum
1140 4497 1208 4552 de
1241 4497 1335 4554 illo
1366 4500 1510 4554 dicat
1543 4500 1724 4554 Filius.
1760 4524 1781 4549 α
1819 4502 1913 4555 Est

2168 4476 2425 4495 τητ-ητ
2466 4476 2490 4497 Ἰ
2752 4476 2849 4481 ηη
3065 4476 3305 4496 μην-η
3348 4476 3619 4495 ,τη-νηττ.

2033 4514 2459 4569 misericordiam
2492 4515 2810 4585 postulabit,
2842 4516 3043 4571 frustra
3074 4525 3382 4571 extremum
3434 4515 3624 4570 Lazari

308 4588 399 4659 qui
429 4599 640 4662 quaerat
668 4600 723 4645 et
749 4593 960 4660 judicet
986 4611 998 4647 :
1028 4617 1050 4641 »
1078 4596 1174 4650 sed
1206 4597 1276 4651 ita
1306 4597 1511 4653 dictum
1538 4606 1618 4653 est
1645 4619 1657 4653 :
1694 4622 1713 4646 ιι
1752 4601 1916 4654 Pater

305 4690 415 4745 non
464 4690 671 4761 judicat
712 4710 1063 4766 quemquam,
1112 4695 1208 4750 sed
1262 4712 1420 4751 omne
1443 4697 1709 4765 judicium
1766 4698 1915 4753 dedit

307 4787 442 4844 Filio
466 4813 489 4839 ι
524 4808 538 4844 :
568 4804 631 4846 ac
661 4790 706 4845 si
764 4791 1008 4846 diceret:
1037 4793 1250 4847 Patrem
1310 4809 1472 4849 nemo
1506 4795 1787 4850 videbitin
1816 4797 1907 4866 ju-

304 4885 447 4942 dicio
477 4886 723 4945 vivorum
755 4896 808 4943 et
830 4895 1192 4956 mortuorum,
1227 4891 1325 4944 scd
1346 4907 1537 4945 omnes
1562 4892 1909 4964 Filium,quia

304 4991 359 5038 et
388 4982 531 5041 ﬁlius
558 4985 798 5041 hominis
846 4994 950 5051 est,
985 4994 1041 5040 ut
1086 4987 1257 5056 possit
1310 4994 1364 5042 et
1388 4988 1455 5042 ab
1498 4988 1679 5058 impiis
1709 4989 1904 5057 videri,

303 5095 427 5137 cum
445 5092 499 5138 et
524 5082 602 5138 illi
624 5084 903 5148 videbunt,
928 5085 981 5139 in
1006 5102 1166 5157 quem
1188 5093 1558 5155 pupugerunt.
1588 5086 1761 5141 Omne
1777 5103 1907 5158 ergo

301 5178 454 5237 dedit
503 5181 775 5250 judicium
834 5183 991 5251 Filio,
1031 5185 1161 5257 quia
1190 5186 1356 5255 judex
1389 5186 1444 5240 in
1477 5186 1650 5240 forma
1680 5184 1775 5239 lilii
1801 5188 1906 5241 ho-

302 5276 463 5333 minis
523 5280 828 5349 a'pparebit,
879 5298 1000 5352 qua}
1062 5283 1233 5338 forma
1290 5300 1399 5339 non
1453 5291 1536 5339 est
1584 5283 1776 5350 Patris,
1808 5285 1905 5339 sed

302 5374 444 5441 Filii,
479 5390 583 5432 nec
612 5392 675 5431 ea
707 5377 826 5432 Filii
857 5377 909 5431 in
932 5395 1039 5450 qua
1066 5383 1289 5451 aequalis
1310 5391 1392 5437 est
1422 5382 1585 5449 Patri,
1610 5381 1706 5437 sed
1732 5381 1910 5452 inqua

297 5471 482 5528 minor
512 5481 599 5529 est
626 5475 806 5541 Patre,
825 5482 881 5529 ut
913 5474 980 5530 sit
1010 5476 1062 5531 in
1080 5477 1285 5545 judicio
1315 5478 1472 5534 bonis
1502 5487 1554 5534 et
1582 5478 1744 5534 malis
1769 5494 1905 5534 con-

298 5570 547 5642 spicuus.
574 5570 807 5642 Quando
835 5582 1013 5630 autem
1062 5574 1297 5645 judicem
1328 5575 1590 5631 videbunt
1620 5575 1763 5641 mali,
1796 5592 1906 5630 non

298 5666 385 5724 eis
439 5664 712 5726 videbitur
766 5671 962 5741 bonus,
993 5673 1116 5744 quia
1144 5687 1254 5729 non
1310 5674 1379 5729 ad
1419 5690 1542 5729 eum
1585 5674 1903 5745 gaudebant

298 5760 489 5835 ébrde,
518 5766 617 5823 sed
648 5772 775 5825 tunc
805 5764 1146 5842 Plangentse
1182 5768 1376 5827 omnes
1406 5772 1580 5825 tribas
1612 5777 1812 5826 terrae:
1846 5761 1900 5823 t'd

2024 4610 2274 4682 digitum,
2311 4629 2418 4684 quo
2475 4614 2674 4669 ardens
2704 4613 3077 4685 refrigeretur,
3130 4613 3442 4667 ardentibus
3468 4612 3626 4667 labiis

2026 4709 2245 4779 rogabit
2290 4709 2505 4780 apponi,
2542 4725 2670 4765 cum
2701 4709 2831 4764 velit
2868 4709 3034 4763 miser
3063 4725 3183 4763 cum
3221 4709 3494 4776 justorum
3527 4708 3626 4760 hu-

2027 4797 2353 4870 miliumque
2382 4815 2684 4868 pauperum
2712 4798 2887 4852 laetari
2917 4798 3113 4867 gloria,
3144 4812 3281 4868 quos
3313 4794 3440 4849 vidit
3471 4794 3622 4847 duris

2030 4896 2302 4969 quondam
2348 4896 2680 4968 paupertatis
2710 4895 3047 4963 subjacuisse
3104 4893 3412 4958 laboribus,
3446 4900 3497 4945 et
3527 4892 3621 4945 illa

2028 4994 2083 5049 in
2106 4995 2215 5049 vita
2245 5009 2349 5066 qua
2381 5010 2498 5049 cum
2528 4994 2629 5046 vita
2661 4993 2961 5048 moriuntur
2990 4990 3126 5045 mala
3157 4999 3423 5060 portasse,
3455 5004 3523 5042 ne
3553 4989 3621 5041 ad

2020 5093 2106 5148 illa
2122 5101 2327 5147 aeterna
2340 5100 2675 5147 mererentur
2687 5090 2950 5159 supplicia
2964 5089 3339 5157 pervenire.Ut
3355 5104 3490 5160 ergo
3505 5089 3621 5143 hazc

2018 5200 2129 5246 tam
2161 5190 2313 5258 dura,
2346 5198 2399 5244 et
2428 5197 2534 5243 tam
2567 5187 2839 5242 terribilia
2896 5193 3021 5239 ante
3052 5186 3284 5240 tribunal
3316 5185 3508 5240 aeterni
3533 5186 3621 5253 ju-

2017 5287 2155 5343 dicis
2184 5286 2373 5340 audire
2405 5302 2511 5339 non
2541 5299 2874 5349 mereamur,
2896 5283 3020 5337 dum
3053 5284 3230 5337 adhuc
3253 5284 3392 5347 licet,
3417 5292 3474 5339 et
3494 5300 3618 5338 eum

2020 5386 2117 5440 Dei
2150 5384 2415 5452 adiutorio
2446 5382 2497 5436 in
2547 5390 2812 5451 potestate
2858 5388 3047 5435 nostra
3097 5389 3176 5435 est
3209 5381 3618 5437 consideremus

2019 5477 2384 5534 conscientias
2412 5484 2645 5541 nostras,
2672 5484 2726 5530 et
2755 5476 2799 5529 si
2822 5474 3001 5544 aliqua
3034 5475 3261 5531 crimina
3289 5475 3375 5530 vel
3398 5485 3621 5546 peccata

2017 5575 2285 5647 capitalia,
2306 5575 2537 5630 necdum
2563 5572 2929 5644 elcemosynis
2960 5580 3009 5627 et
3033 5574 3362 5628 orationibus
3382 5581 3619 5642 purgata

2019 5673 2074 5727 in
2133 5672 2309 5735 nobis,
2380 5672 2553 5727 adhuc
2608 5666 2879 5726 dominari
2941 5672 3346 5741 cognoscimus,
3400 5677 3614 5738 portum

2017 5764 2369 5838 pmnit'entlzr,
2404 5766 2639 5822 devtetts
2695 5773 3044 5835 peccatorttm
3100 5763 3366 5831 ﬂuctibus,
3402 5760 3617 5817 Christo
