4010 6074
496 277 597 328 76:;

1599 288 1946 343 \VERNERI
2004 287 2290 344 ABBATIS
2342 288 2397 342 S.

2452 287 2583 345 BLA
2592 290 2678 344 Sll
3686 294 3789 349 764

494 392 834 462 gubernante
861 395 1181 455 festinemus
1212 401 1437 456 intrare.
1469 403 1535 456 Et
1565 403 1612 455 si
1667 402 1810 471 quod
1839 402 1894 456 in
1922 403 2080 457 navi-
2104 387 2159 448 Α
2190 403 2296 459 Sed
2327 403 2462 459 forte
2491 407 2710 477 quando
2739 407 3068 478 generaliter
3097 423 3290 465 omnes
3311 407 3384 464 ad
3411 407 3788 479 pmnitentiam

493 491 610 542 cuta
665 489 861 546 animm
889 502 1090 550 nostra:
1145 497 1328 552 multis
1377 499 1786 569 tempestatibus
1818 508 2077 570 peccato-

492 599 634 650 rum,
668 593 759 639 aut
788 603 887 657 per
916 592 1227 660 superbiam
1257 593 1513 660 fractum,
1547 602 1638 649 aut
1667 612 1766 666 per
1795 597 2079 652 avaritiam

489 688 727 751 ruptum,
760 693 850 739 aut
878 703 978 754 per
1005 688 1270 745 luxuriam
1311 691 1612 747 resolutum
1641 709 1762 748 esse
1793 695 2080 765 cognosci-

492 793 631 843 mus,
657 795 984 851 componere
1016 786 1100 840 vel
1127 804 1377 858 reperare
1407 789 1562 844 bonis
1583 790 1844 861 cperibus
1863 791 2081 846 festine-

490 883 629 922 mus.
650 869 970 929 Studeamus
984 875 1191 946 jugiter
1213 877 1462 932 vitiorum
1480 879 1766 934 exhaurire
1780 880 2042 934 sentinam
2057 921 2069 933 .

491 956 617 1013 Non
647 963 789 1016 enim
813 973 1034 1033 peccata
1063 974 1260 1020 nocent
1299 968 1588 1036 praeterita,
1623 968 1669 1021 si
1698 983 1805 1024 non
1830 969 2072 1039 placent.

492 1056 640 1112 Sicut
679 1060 822 1114 enim
872 1062 1013 1116 nulli
1051 1063 1320 1130 justorum
1370 1064 1817 1136 suﬁicitjustitia,
1870 1066 1916 1119 si
1972 1082 2082 1121 non

489 1150 923 1214 perseveraverit
951 1167 1126 1222 usque
1152 1151 1206 1206 in
1239 1151 1418 1220 finem,
1452 1153 1527 1207 ita
1552 1154 1683 1207 nulli
1729 1163 2079 1224 peccatorum

489 1257 687 1298 nocere
718 1247 908 1315 poterit
940 1247 1194 1316 iniquitas
1219 1264 1340 1314 sua,
1362 1249 1406 1303 si
1435 1257 1719 1322 antequam
1750 1251 1820 1306 de
1851 1267 2081 1324 corpore

487 1341 593 1395 isto
645 1342 888 1398 discedat
945 1346 1012 1398 ad
1071 1345 1542 1417 eleemosynarum
1581 1351 1841 1416 remedia,
1873 1352 1958 1405 vel
2015 1353 2083 1407 ad

485 1431 818 1500 poenitentiae
841 1434 1232 1488 medicamenta
1253 1435 1577 1508 confugerit.
1594 1439 1700 1494 Sed
1721 1439 1847 1510 quia
1864 1442 2081 1511 quando

486 1518 574 1573 vel
595 1535 699 1589 qua
728 1521 863 1575 hora
884 1522 950 1576 de
973 1523 1073 1578 hoc
1092 1525 1290 1579 saeculo
1311 1526 1756 1596 rapiamur,scire
1773 1543 1879 1582 non
1897 1545 2084 1598 possu-

486 1621 626 1674 mus,
661 1609 777 1662 sine
809 1609 915 1663 ulla
949 1611 1210 1666 dilatione
1243 1611 1327 1667 vel
1357 1629 1512 1668 mora
1543 1614 1611 1669 de
1641 1616 1862 1670 sinistra
1895 1616 2082 1689 fugere

485 1693 804 1752 festinemus
861 1699 930 1753 ad
975 1700 1280 1756 dexteram.
1315 1703 1428 1758 IIoc
1485 1704 1699 1758 sanitati
1745 1706 2077 1761 credendum

487 1791 588 1850 est,
623 1800 730 1839 non
761 1787 921 1840 aetati.
955 1788 1013 1840 In
1042 1789 1344 1844 remedium
1381 1790 1572 1846 salutis
1603 1807 1714 1848 suae
1744 1809 1967 1864 semper
1995 1811 2080 1865 pa-

487 1887 631 1934 ratus
681 1882 767 1950 sit,
802 1885 892 1954 qui
941 1885 1066 1941 vita:
1123 1902 1232 1942 sua:
1269 1904 1485 1958 semper
1530 1889 1771 1945 incertus
1819 1899 1920 1957 est,
1953 1893 2081 1964 quia

487 1967 578 2040 qui
633 1985 735 2024 nos
765 1987 989 2027 securos
1021 1974 1151 2030 fecit
1182 1976 1454 2043 docendo,
1494 2001 1515 2025 ‹‹
1562 1979 1824 2034 Peccator
1854 1979 1906 2032 in
1938 1995 2078 2051 qua-

482 2073 697 2129 cunque
727 2060 815 2116 die
843 2077 1137 2117 conversus
1170 2064 1344 2130 fuerit,
1397 2083 1586 2121 omnes
1617 2067 1929 2138 iniquitates
1963 2071 2078 2138 ejus

483 2145 743 2201 oblivioni
769 2150 1284 2219 tradenturmsech.
1309 2156 1484 2222 xvm),
1513 2179 1533 2200 ι»
1565 2154 1681 2225 ipse
1700 2156 1860 2210 etiam
1891 2169 2078 2213 cautos

487 2251 605 2289 esse
636 2235 807 2292 voluit
828 2238 1015 2294 dicens
1041 2258 1052 2292 :
1080 2265 1099 2288 α
1130 2241 1310 2296 Nolite
1341 2243 1557 2297 tardare
1588 2245 1833 2298 converti
1864 2246 1933 2300 ad
1964 2247 2076 2302 Do-

484 2322 710 2391 minum,
744 2341 844 2381 nec
900 2326 1161 2383 differatis
1191 2331 1257 2384 de
1305 2330 1392 2385 die
1424 2331 1478 2384 in
1533 2331 1675 2386 diem
1708 2334 1902 2402 (Eccli.
1935 2336 2009 2408 ν).
2048 2357 2070 2386 ι

2186 517 2574 572 provocamus,
2626 502 2826 574 aliquis
2877 505 3016 561 inter
3045 521 3111 561 se
3148 503 3353 578 cogitat
3399 504 3634 561 dicens:
3669 504 3789 576 Ego

2180 599 2399 670 juvenis
2454 601 2617 655 homo
2669 616 2892 658 uxorem
2949 603 3176 669 habens,
3230 602 3506 673 quomodo
3551 616 3784 673 possum

2189 692 2280 742 aut
2324 689 2548 758 capillos
2605 690 2874 757 minuere,
2905 699 2998 746 aut
3023 691 3270 749 habitum
3299 690 3587 762 religionis
3615 704 3788 746 assu—

2144 804 2156 814 ~
2190 792 2339 833 mere
2381 779 2409 830 εἲ
2454 779 2570 834 Nec
2599 794 2700 832 nos
2749 778 2857 835 hoc
2906 779 3158 842 dicimus,
3195 778 3389 836 fratres
3439 778 3781 847 charissimi,

2188 880 2297 920 non
2326 866 2433 921 hoc
2461 866 2842 937 praedicamus,
2875 876 2933 922 ut
2968 868 3223 938 juvenes,
3256 868 3346 940 qui
3393 868 3668 940 conjuges
3697 868 3787 923 ha-

2190 954 2322 1008 bere
2352 954 2620 1024 videntur,
2655 955 2895 1010 habitum
2929 958 3106 1029 magis
3137 973 3298 1028 quam
3331 972 3521 1012 mores
3549 956 3790 1011 debeant

2191 1051 2544 1098 commutare.
2578 1043 2737 1112 Quod
2769 1045 2912 1099 enim
2943 1046 3148 1100 homini
3181 1061 3412 1101 uxorem
3442 1045 3661 1100 habenti
3692 1061 3788 1100 no-

2191 1138 2295 1196 cet,
2329 1133 2376 1184 si
2406 1148 2466 1187 se
2497 1132 2723 1188 voluerit
2754 1133 2822 1188 ad
2855 1149 3024 1204 opera
3056 1135 3200 1189 bona
3230 1135 3315 1190 vel
3383 1135 3617 1190 honesta
3647 1149 3787 1190 con-

2187 1227 2420 1286 vertere,
2453 1220 2500 1274 si
2522 1230 2867 1292 peccatorum
2893 1239 3114 1278 suorum
3144 1222 3369 1278 vulnera
3394 1222 3787 1294 eleemosynis,

2185 1308 2425 1376 jejuniis,
2450 1319 2502 1363 et
2531 1310 2874 1365 orationibus
2905 1312 2971 1366 ad
3026 1313 3312 1367 sanitatem
3343 1312 3637 1383 pristinam
3665 1320 3786 1366 stu-

2191 1397 2317 1451 deat
2346 1412 2628 1453 revocare.
2663 1400 2803 1454 Vera
2833 1400 2974 1455 enim
3019 1400 3308 1456 conversio
3339 1400 3457 1456 sine
3481 1399 3786 1456 vestimen-

2191 1503 2365 1549 torum
2399 1496 2819 1552 commutatione
2875 1497 3069 1554 sufﬁcit
3119 1499 3243 1554 sibi.
3276 1498 3611 1554 Vestimenta
3660 1499 3786 1555 reli-

2190 1592 2347 1662 giosa
2402 1592 2520 1646 sine
2569 1592 2725 1648 bonis
2780 1594 3037 1666 operibus
3091 1610 3201 1649 non
3257 1595 3434 1650 solum
3481 1595 3783 1651 remedium

2191 1691 2389 1746 habere
2419 1706 2528 1746 non
2555 1698 2832 1762 poterunt,
2888 1694 2988 1749 sed
3044 1695 3208 1750 etiam
3249 1695 3458 1763 justum
3487 1695 3590 1751 Dei
3634 1695 3785 1764 judi-

2191 1780 2335 1835 cium
2391 1780 2754 1836 sustinebunt.
2787 1782 3185 1839 Convertamur
3239 1800 3377 1856 ergo
3409 1785 3478 1839 ad
3534 1785 3762 1840 meliora

2191 1867 2317 1921 dum
2341 1868 2394 1921 in
2417 1877 2606 1924 nostra
2634 1879 2759 1924 sunt
2786 1879 3052 1942 potestate
3071 1873 3335 1928 remedia.
3350 1873 3448 1928 Hic
3468 1874 3783 1947 exstingua-

2190 1974 2310 2011 mus
2367 1966 2596 2012 mortem
2652 1960 2938 2015 moriendo
2985 1962 3224 2032 peccatis
3258 1978 3270 2016 :
3302 1962 3389 2018 hic
3439 1963 3605 2018 vitam
3663 1963 3783 2020 vitae

2189 2054 2398 2109 meritis
2444 2056 2812 2126 acquiramus.
2856 2059 2958 2113 Per
2985 2059 3277 2115 Dominum
3324 2068 3568 2116 nostrum
3595 2061 3778 2117 Jesnm

2188 2151 2456 2207 Christum
2494 2153 2688 2208 Filium
2723 2155 2821 2210 Dei
2877 2157 3212 2228 unigenitum
3243 2158 3486 2230 quicum
3537 2158 3778 2232 ingenito

2189 2240 2342 2295 Patre
2397 2249 2451 2295 et
2489 2241 2692 2312 Spiritu
2745 2252 2934 2300 sancto
2980 2246 3113 2300 vivit
3167 2250 3219 2301 et
3268 2255 3462 2320 regnat
3501 2248 3651 2304 Deus
3687 2264 3780 2319 per

2185 2337 2372 2392 omnia
2400 2339 2598 2395 saecula
2619 2339 2962 2396 saaculorum.
3001 2344 3197 2406 Amen.

2103 2524 2179 2541 Fs

896 2724 1043 2834 IN
1157 2728 1700 2844 VIGILIA
1815 2738 2700 2854 NATIVITATIS
2787 2744 3334 2858 DOMINL

1722 2990 2078 3056 Secundum
2134 2996 2491 3060 Matthaeum
2508 3045 2521 3059 .

552 3158 573 3182 α
606 3137 668 3190 In
719 3137 814 3194 illo
871 3148 1146 3213 tempore:
1177 3147 1308 3201 Cum
1358 3157 1503 3204 esset
1531 3151 1862 3222 desponsata
1892 3164 2064 3211 mater
2093 3157 2141 3220 C.
2170 3157 2379 3216 habens
2409 3158 2476 3215 de
2507 3158 2709 3232 Spiritu
2739 3165 2953 3218 sancto.
3005 3157 3284 3234 Siquidem
3315 3169 3622 3218 memorato
3669 3175 3766 3217 0r-

472 3223 612 3278 Jesu
643 3227 806 3281 Maria
834 3229 1058 3301 Joseph,
1091 3243 1387 3304 antequam
1449 3241 1818 3309 convenirent,
1851 3244 2068 3300 inventa

471 3320 554 3366 est
583 3312 636 3367 in
689 3324 842 3372 utero
871 3318 1085 3375 habens
1137 3322 1204 3377 de
1254 3324 1454 3395 Spiritu
1491 3331 2059 3403 sancto(1t!aith.l).s

545 3403 678 3456 Cum
710 3406 1044 3462 nativitatem
1075 3409 1292 3466 Domini
1321 3423 1373 3468 et
1401 3415 1701 3473 Salvatoris
1733 3422 1907 3476 nostri
1934 3425 2065 3479 Jesu

472 3489 669 3544 Christi
702 3508 808 3562 qua
835 3503 1078 3550 aeternus
1108 3508 1233 3555 ante
1263 3505 1464 3558 saecula
1494 3506 1591 3560 Dei
1625 3507 1791 3562 Filius
1831 3512 2064 3568 hominis

469 3593 538 3630 ex
567 3585 818 3649 tempore
847 3582 998 3638 filius
1027 3589 1300 3656 apparuit,
1361 3593 1644 3650 Matthaaus
1690 3601 2056 3670 evangelista,

471 3662 622 3720 brevi
678 3669 895 3737 quidem
927 3689 1202 3742 sermone,
1237 3679 1332 3733 sed
1374 3681 1442 3734 ab
1473 3683 1743 3740 Abraham
1787 3705 1960 3754 usque
1989 3692 2059 3745 ad

465 3749 670 3822 Joseph
727 3754 900 3808 virum
932 3759 1114 3814 Maria:
1161 3764 1526 3832 perduxisset,
1573 3785 1872 3844 omnesque
1901 3789 2058 3829 com-

467 3840 617 3892 muni
665 3841 912 3900 humanae
939 3849 1269 3906 conditionis
1325 3855 1522 3911 ordine
1551 3861 1767 3928 genitos
1787 3840 1975 3917 _simul
2006 3874 2060 3920 et

465 3939 797 3999 generantes
850 3937 1200 4007 ostendisset,
1266 3959 1388 3997 mox
1447 3945 1515 4000 de
1591 3947 1707 4018 ipsa
1777 3950 2057 4008 locuturus

462 4025 725 4087 quantum
755 4022 873 4090 ejus
917 4027 1207 4095 generatio
1237 4044 1269 4084 a
1325 4034 1538 4088 caeteris
1563 4035 1790 4092 distaret
1822 4042 2051 4110 aperuit,

459 4106 584 4176 quia
631 4108 883 4166 videlicet
925 4115 1105 4170 caeteri
1151 4133 1249 4187 per
1302 4123 1737 4190 conjunctionem
1782 4106 1948 4183 maris
2002 4139 2055 4186 et

460 4193 675 4252 feminae
731 4198 969 4267 solitam,
1001 4203 1120 4274 ipse
1175 4216 1358 4262 autem
1390 4227 1490 4280 per
1544 4213 1833 4286 virginem,
1869 4225 2052 4288 utpote

460 4281 558 4336 Dei
588 4285 756 4340 Filius
787 4300 1106 4346 nasceretur
1133 4294 1187 4348 in
1217 4298 1497 4353 mundum.
1541 4302 1608 4355 Et
1634 4281 1852 4371 quidem
1879 4281 2050 4364 dece-

457 4369 547 4424 bat
585 4374 930 4445 omnimodis,
971 4387 1030 4433 ut
1084 4398 1207 4437 cum
1264 4386 1411 4440 Deus
1463 4390 1624 4446 homo
1652 4369 1902 4465 propter
1948 4398 2048 4453 h0-

456 4459 630 4514 mines
663 4460 777 4516 fieri
800 4465 986 4534 vellet,
1003 4484 1108 4524 non
1133 4487 1193 4525 ex
1219 4473 1319 4527 alia
1343 4492 1506 4545 quam
1531 4479 1600 4534 de
1621 4459 1832 4553 virgine
1862 4501 2046 4543 nasce-

456 4555 625 4615 retur,
686 4559 738 4605 et
767 4567 892 4607 cum
921 4556 1188 4629 virginem
1243 4578 1515 4633 generare
1545 4570 1903 4643 contingeret,
1935 4593 2043 4632 non

453 4634 622 4690 alium
656 4654 818 4709 quam
850 4643 940 4713 qui
971 4645 1118 4700 Deus
1148 4659 1294 4704 esset
1322 4650 1491 4707 filium
1522 4634 1859 4724 procuraret.

527 4749 547 4770 α
582 4725 714 4780 Cum
745 4739 911 4793 esset,
933 4731 1125 4804 inquit,
1159 4735 1487 4808 desponsata
1517 4753 1686 4800 mater
1712 4747 1844 4803 Jesu
1876 4752 2043 4808 Maria

447 4813 668 4885 Joseph,
700 4824 988 4888 antequam
1021 4825 1394 4892 convenirent,
1426 4830 1645 4888 inventa
1673 4843 1761 4888 est
1803 4837 1856 4892 in
1887 4849 2040 4896 utero

447 4901 656 4959 habens
685 4905 754 4961 de
798 4907 1005 4979 Spiritu
1064 4923 1306 4970 sancto.»
1340 4917 1457 4986 Quo
1488 4923 1676 4978 ordine
1709 4925 1790 4979 vel
1821 4927 1872 4980 in
1931 4947 2038 5000 qua

445 4990 661 5047 civitate
691 4994 759 5048 sit
789 4997 1064 5054 celebrata
1122 5004 1424 5075 conceptio,
1461 5007 1640 5064 Lucas
1698 4990 2037 5085 evangelista

444 5078 772 5137 suﬂicienter
801 5088 1046 5156 exponit.
1081 5089 1187 5144 Sed
1221 5093 1341 5163 quia
1376 5104 1570 5152 vestrae
1599 5078 1873 5157 sanctitati
1905 5120 2034 5160 con-

442 5173 547 5220 stat
575 5184 698 5224 esse
729 5174 1092 5244 notissimum,
1150 5179 1441 5237 dicendum
1472 5186 1661 5255 paucis
1717 5191 1785 5245 de
1817 5192 1899 5246 his
1931 5197 2034 5250 erit

437 5269 559 5323 quae
589 5256 868 5314 Mattheeus
899 5265 1105 5318 scribit.
1137 5267 1445 5325 Notandum
1490 5273 1545 5327 in
1585 5277 1770 5346 primis
1800 5282 1920 5351 quia
1975 5283 2028 5338 in

437 5356 504 5395 eo
535 5345 678 5412 quod
708 5347 778 5399 ait
814 5372 834 5395 ιι
871 5359 1164 5422 antequam
1193 5361 1542 5416 convenirent
1565 5345 1596 5411 a
1623 5369 1790 5422 verbo
1821 5385 2028 5426 conve-

433 5429 618 5484 niendi
643 5448 749 5487 non
782 5435 960 5504 ipsum
1011 5446 1370 5515 concubitum,
1404 5452 1501 5504 sed
1532 5455 1840 5522 nuptiarum
1906 5477 2026 5530 quae

433 5518 748 5583 praecedere
779 5523 952 5576 solent
983 5533 1216 5596 tempus,
1268 5534 1550 5593 insinuare
1579 5518 1748 5597 voluit
1804 5518 2024 5616 quando

435 5618 497 5656 ea
525 5621 646 5673 quae
679 5607 826 5675 prius
856 5610 1191 5680 desponsata
1222 5618 1397 5675 fuerat
1423 5641 1545 5679 esse
1575 5631 1766 5697 conjux
1801 5607 2012 5702 incipit.

433 5690 578 5762 Ergo
609 5700 901 5763 antequam
933 5701 1295 5756 convenirent
1325 5707 1452 5762 dicit
1482 5690 1772 5784 antequam
1803 5690 2020 5791 nuptia-

437 5792 554 5829 rum
588 5779 850 5835 solemnia
881 5783 985 5838 rite
1018 5783 1376 5858 celebrarent,
1426 5779 1642 5854 inventa
1671 5813 1754 5858 est
1780 5807 1834 5860 in
1866 5779 2020 5865 utero

2175 3247 2319 3313 dine,
2349 3257 2539 3319 postea
2595 3259 2977 3306 convenerunt
3032 3251 3248 3322 quando
3287 3252 3491 3322 Joseph
3521 3250 3594 3306 ad
3623 3268 3765 3322 pra:-

2171 3346 2387 3407 ceptum
2441 3338 2624 3410 angeli
2655 3340 2866 3410 accepit
2930 3340 3226 3412 conjugem
3257 3356 3414 3394 suam
3451 3355 3464 3408 ;
3500 3340 3600 3395 sed
3655 3357 3764 3396 non

2174 3426 2626 3496 concumbebanl,
2662 3427 2784 3501 quia
2803 3427 3055 3504 sequitur
3078 3444 3090 3482 :
3120 3450 3140 3479 ι
3163 3428 3233 3484 Ει
3259 3443 3368 3484 non
3389 3430 3763 3505 cognoscebat

2172 3531 2310 3570 eam.
2336 3537 2356 3569 ι

2245 3623 2268 3652 ε
2305 3600 2530 3658 Inventa
2585 3613 2668 3660 est
2706 3610 2886 3662 autem
2944 3607 2999 3663 in
3029 3617 3192 3668 utero.
3237 3611 3446 3667 habens
3475 3634 3498 3660 ι
3540 3629 3574 3668 a
3613 3615 3760 3671 nullo

2168 3687 2278 3744 alio
2310 3707 2466 3761 quam
2490 3707 2522 3746 a
2546 3692 2776 3765 Joseph,
2798 3697 2888 3768 qui
2911 3693 3128 3753 licentia
3148 3696 3377 3755 maritali
3407 3700 3601 3757 futura.
3621 3715 3759 3759 uxo-

2168 3777 2240 3832 ris
2269 3796 2408 3849 pene
2429 3781 2609 3836 omnia
2631 3793 2874 3839 noverat.
2903 3786 3031 3843 ldeo
3064 3796 3369 3844 tumentem
3400 3792 3520 3859 ejus
3550 3801 3758 3848 uterum

2165 3881 2291 3920 mox
2322 3867 2537 3922 curioso
2569 3869 2930 3940 deprehendit
2960 3874 3172 3930 intuitu.
3197 3877 3449 3948 Sequitur
3480 3898 3492 3932 :

2235 3955 2433 4025 Joseph
2468 3967 2649 4012 autem
2682 3960 2762 4013 vir
2789 3962 2927 4030 ejus,
2960 3979 3085 4018 cum
3115 3974 3261 4021 esset
3301 3969 3477 4035 justus
3505 3976 3558 4022 et
3589 3970 3756 4025 nollet

2165 4057 2284 4096 eam
2342 4045 2642 4113 traducere,
2694 4049 2862 4104 voluit
2918 4051 3128 4108 occulte
3175 4053 3448 4111 dimittere
3504 4073 3654 4112 eam.
3730 4085 3749 4106 υ

2163 4131 2365 4187 Videns
2385 4132 2584 4205 Joseph
2603 4152 2856 4207 sponsam
2886 4143 3204 4213 concepisse
3225 4159 3397 4214 suam,
3421 4161 3591 4218 quam
3615 4145 3753 4203 bene

2159 4230 2382 4276 noverat
2411 4235 2440 4276 a
2467 4223 2615 4278 nullo
2645 4226 2763 4281 viro
2793 4227 2960 4285 fuisse
2991 4238 3269 4298 attactam,
3291 4249 3412 4289 cum
3455 4247 3603 4291 esset
3631 4238 3754 4306 jus-

2157 4316 2265 4374 tus,
2297 4319 2347 4364 et
2371 4311 2517 4379 juste
2545 4314 2728 4369 omnia
2773 4316 2937 4372 vellet
2965 4333 3151 4391 agere,
3197 4323 3459 4393 Optimum
3489 4324 3664 4391 duxit,
3693 4332 3751 4381 ut

2157 4413 2332 4469 neque
2389 4401 2491 4455 hoc
2533 4400 2657 4457 aliis
2703 4404 2974 4476 proderet,
3043 4424 3223 4480 neque
3261 4411 3377 4482 ipse
3422 4428 3541 4468 eam
3599 4416 3748 4472 acci-

2154 4496 2306 4555 peret
2336 4503 2582 4554 uxorem,
2616 4492 2712 4546 sed
2752 4501 2956 4550 mutato
3013 4498 3230 4554 occulte
3274 4501 3592 4570 nuptiarum
3624 4520 3751 4575 pro-

2154 4575 2334 4644 posito
2353 4576 2406 4630 in
2437 4579 2748 4636 conditione
2778 4597 2896 4636 eam
2914 4599 3169 4653 sponsam
3194 4603 3416 4644 manere
3445 4599 3747 4660 pateretur,

2151 4671 2207 4717 ut
2230 4673 2371 4719 erat.
2410 4666 2550 4720 Nam
2581 4678 2632 4722 et
2660 4668 2715 4722 in
2747 4670 2889 4725 Isaia
2919 4671 3135 4744 legerat
3189 4677 3452 4748 virginem
3480 4679 3554 4736 de
3583 4681 3749 4737 domo

2149 4751 2324 4807 David
2348 4769 2468 4810 esse
2499 4765 2885 4828 concepturam
2917 4769 2969 4815 et
2999 4763 3297 4832 parituram
3329 4766 3645 4838 Dominum,
3678 4773 3748 4828 de

2148 4857 2255 4912 qua
2311 4841 2468 4896 etiam
2516 4845 2680 4900 domo
2733 4857 2953 4902 noverat
2983 4865 3159 4920 genus
3204 4853 3430 4911 duxisse
3487 4859 3738 4930 Mariam,

2146 4938 2307 5000 atque
2349 4929 2473 4986 ideo
2530 4949 2636 4988 non
2681 4933 3026 4993 discredebat
3081 4941 3134 4994 in
3165 4957 3230 4997 ea
3259 4945 3546 5015 prophetia
3600 4950 3744 5006 hanc

2147 5017 2310 5073 fuisse
2330 5021 2673 5090 completam.
2720 5023 2826 5080 Sed
2858 5027 2937 5083 sic
2967 5043 3088 5083 eam
3119 5027 3287 5086 voluit
3315 5033 3529 5092 occulte
3559 5036 3743 5093 dimit-

2143 5112 2278 5168 tere,
2313 5115 2366 5161 ut
2398 5124 2575 5179 neque
2622 5111 2896 5182 acciperet
2951 5117 3266 5190 conjugem,
3319 5129 3373 5176 et
3409 5119 3501 5177 illa
3533 5141 3739 5196 sponsa

2141 5192 2662 5258 pareret.Nimirum
2687 5197 2846 5266 pauci
2875 5211 3058 5255 essent
3088 5205 3181 5273 qui
3213 5220 3334 5259 eam
3373 5192 3644 5279 virginem
3676 5219 3731 5266 et

2140 5294 2249 5332 non
2296 5281 2477 5350 potius
2525 5291 2872 5341 autumarcnt
2901 5304 3022 5344 esse
3068 5294 3427 5350 meretricem.
3455 5298 3609 5353 Unde
3643 5316 3733 5356 re—

2138 5375 2299 5434 pente
2349 5370 2638 5425 consilium
2693 5375 2897 5446 Joseph
2926 5378 3158 5434 consilio
3213 5383 3442 5440 meliore
3472 5396 3728 5454 mutatur,

2136 5464 2192 5509 ut
2222 5457 2472 5514 videlicet
2502 5459 2573 5513 ad
2603 5465 3032 5520 conservandam
3051 5468 3225 5524 Mariae
3238 5471 3594 5546 famam,ipse
3607 5494 3728 5534 eam

2133 5544 2410 5600 celebrato
2461 5549 2766 5618 nuptiarum
2799 5554 3052 5611 convivio
3107 5559 3406 5632 conjugem
3436 5544 3724 5636 acciperet,

2133 5632 2229 5686 sed
2285 5642 2490 5688 castam
2560 5649 2822 5708 perpetuo
2882 5645 3198 5701 custodiret.
3257 5649 3443 5704 Maluit
3490 5632 3724 5725 namque

2129 5729 2392 5784 Dominus
2423 5733 2637 5804 aliquos
2666 5738 2888 5792 modum
2917 5757 3028 5795 suae
3057 5747 3428 5814 generationis
3459 5749 3721 5822 ignorare

2129 5833 2288 5886 quam
2319 5821 2620 5877 castitatem
2652 5823 3242 5901 infamareGenitricis.
3264 5833 3400 5890 Nam
3433 5821 3714 5909 sequitur:
