4062 6074
309 297 418 354 ⁸765

1237 292 1820 352 DEFLORATIONES
1860 295 1964 351 SS.
2011 293 2320 352 PATRUM.
2355 327 2421 335 —
2453 295 2578 351 LIB.
2612 297 2658 348 Ῐ.

3497 300 3601 360 ’ῖ66

391 445 412 466 α
449 422 577 476 Πεθο
596 427 776 476 autem
798 436 828 477 e
849 435 882 477 ο
902 421 1195 493 cogitante,
1222 434 1352 476 ecce
1379 418 1639 492 angelum
1684 417 1907 473 Domini
1939 420 1990 479 Α
2019 417 2270 488 voluerit,
2304 419 2516 474 beatam
2547 419 2645 474 Dei
2667 417 3026 487 Genitricem,
3045 439 3370 494 nunquama
3401 426 3605 498 Josep'n

306 519 553 602 apparuit
581 519 633 575 ei
660 519 886 577 dicens:
919 520 1144 590 Ioseph,
1178 518 1255 574 ﬁli
1293 517 1492 582 David,
1555 515 1668 572 noli
1715 516 1908 571 timere

309 608 564 679 accipere
591 608 819 664 Mariam
849 608 1138 682 conjugam
1170 615 1339 662 tuam.
1366 606 1524 674 Quod
1557 605 1699 660 enim
1740 605 1793 658 in
1843 619 1909 658 ea

310 705 499 752 natum
529 703 613 752 est
640 697 710 751 de
740 697 940 766 Spiritu
967 704 1154 752 sancto
1174 703 1276 752 est.
1300 696 1481 750 Pariet
1518 703 1697 749 autem
1733 691 1908 746 ﬁlium

315 802 368 848 et
395 793 623 852 vocabis
652 807 850 848 nomen
885 794 1002 862 ejus
1029 793 1216 847 Jesum
1250 812 1264 860 ;
1296 792 1413 864 ipse
1443 791 1584 847 enim
1601 790 1807 846 salvum
1829 789 1910 844 fa-

314 882 426 937 ciet
452 884 712 954 papulum
743 896 900 935 suum
926 896 957 935 a
982 881 1222 952 peccatis
1254 896 1461 936 eorum.
1499 902 1520 926 »
1555 878 1766 948 Quibus
1785 893 1910 949 pro-

314 970 464 1026 fecto
492 969 682 1025 verbis
711 969 908 1026 modus
938 969 1312 1040 conceptionis
1341 971 1478 1038 ejus,
1519 967 1678 1022 simul
1725 975 1777 1021 et
1821 967 1909 1020 di-

315 1069 542 1144 gnitatis
571 1077 760 1148 partus
790 1069 1074 1136 edocetur,
1127 1068 1253 1140 quia
1299 1067 1556 1124 videlicet
1591 1066 1660 1120 de
1708 1065 1912 1136 Spiritu

314 1167 508 1214 sancto
539 1158 809 1228 concepit,
845 1165 898 1211 et
922 1157 1168 1228 paritura
1185 1156 1251 1210 sit
1273 1155 1562 1210 Christum.
1587 1153 1762 1222 Quem
1785 1163 1834 1209 et
1867 1153 1912 1208 si

313 1255 502 1318 aperta
531 1261 666 1302 voce
697 1245 926 1318 angelus
952 1245 1237 1299 Christum
1258 1260 1366 1300 non
1385 1243 1642 1315 appellet,
1661 1243 1715 1296 in
1739 1258 1803 1298 eo
1827 1250 1912 1298 ta-

311 1361 437 1416 men
459 1344 605 1417 quod
643 1343 1004 1415 etymologias
1022 1342 1258 1398 nominis
1280 1342 1407 1396 Jesu
1425 1340 1913 1412 exponens.ipsum

313 1433 503 1488 salutis
527 1433 763 1488 ostendit
792 1441 1091 1498 auctorem,
1125 1432 1556 1502 populorumque
1578 1429 1911 1484 salvatorem

313 1537 378 1579 ac
405 1522 668 1594 populum
690 1521 814 1592 ejus
847 1529 1128 1591 nuncupat
1176 1519 1466 1574 manifesta
1499 1519 1727 1583 ratione,
1789 1518 1917 1589 quia

315 1619 396 1675 sic
427 1619 700 1673 Christum
727 1617 996 1690 significat
1024 1625 1080 1671 ut
1109 1633 1209 1688 per
1235 1617 1353 1671 hac
1382 1624 1433 1670 et
1479 1631 1601 1687 quae
1645 1614 1916 1670 nescierat

315 1708 464 1764 dicat
490 1707 715 1778 Joseph,
748 1713 801 1761 et
836 1722 869 1760 a
900 1705 1158 1762 contactu
1201 1705 1301 1760 Dei
1337 1704 1628 1759 Genitricis
1675 1703 1916 1757 funditus

2015 516 2307 572 celebratis
2335 517 2560 589 nuptiis,
2609 517 2665 571 in
2708 533 2906 574 nomen
2951 522 3202 595 conjugis
3246 534 3602 596 assumptam,

2017 613 2253 676 exponat
2285 606 2405 675 ipse
2437 605 2629 660 melius
2657 608 2800 662 hunc
2829 609 3002 664 sancti
3045 612 3326 684 Evangelii
3373 613 3554 670 locum
3589 632 3602 668 :

2017 693 2326 765 pariterque
2353 696 2601 749 ostendat
2629 693 2834 750 licitum
2867 697 3034 753 fuisse
3065 701 3212 770 apud
3257 701 3496 767 Iudaeos,
3549 711 3607 756 ut

2019 806 2236 862 sponsa;
2289 807 2402 845 suae
2457 792 2686 863 quisque
2744 794 2945 848 carnali
3003 795 3203 866 copula
3258 799 3602 866 misceretur,

2019 895 2156 935 sano
2197 880 2319 948 ejus
2370 880 2650 936 intellectu
2693 882 2925 938 libenter
2968 885 3231 953 cedimus,
3281 895 3488 941 tantum
3538 904 3608 943 ne

2020 984 2149 1040 erga
2167 970 2387 1022 Martem
2418 969 2941 1041 Dominiquidquam
2960 980 3176 1044 gestum
3211 975 3356 1046 quod
3391 977 3609 1046 publica

2020 1066 2276 1135 opinione
2307 1077 2490 1136 posset
2519 1067 2776 1122 infamari
2803 1069 3116 1125 credamus.
3146 1071 3306 1139 Quod
3342 1089 3472 1128 vero
3504 1074 3607 1128 ad-

2020 1155 2168 1212 ditur
2207 1177 2225 1201 οι
2259 1155 2434 1210 donec
2463 1157 2679 1225 peperit
2705 1155 2868 1210 ﬁlium
2919 1175 3078 1212 suum
3120 1161 3543 1232 primogenitum
3581 1187 3602 1208 υ

2021 1259 2183 1300 nemo
2229 1245 2303 1298 ita
2359 1244 2778 1316 intelligendum
2834 1253 2984 1316 putet
3041 1249 3194 1318 quasi
3250 1258 3370 1320 post
3425 1261 3609 1306 natum

2024 1340 2198 1395 ﬁlium
2228 1357 2345 1394 eam
2377 1342 2714 1412 cognoverit,
2748 1349 2806 1396 ut
2835 1343 3053 1412 quidam
3084 1361 3337 1414 perverse
3383 1347 3612 1417 opinan~

2023 1437 2126 1485 tur.
2159 1429 2309 1484 Scire
2332 1430 2474 1484 enim
2491 1430 2652 1484 debet
2676 1439 2861 1486 vestra
2885 1431 3202 1486 fraternitas
3223 1433 3348 1504 quia
3393 1435 3614 1490 fuerunt

2023 1517 2270 1574 haeretici
2299 1518 2411 1590 qui,
2445 1526 2671 1589 prepter
2701 1521 2804 1576 hoc
2832 1522 2978 1592 quod
3009 1521 3211 1576 dictum
3228 1533 3309 1576 est
3335 1544 3355 1569 ‹‹
3383 1539 3491 1579 non
3514 1539 3612 1579 co-

2025 1616 2327 1687 gnoscebat
2372 1631 2493 1670 eam
2541 1615 2719 1672 donec
2767 1619 2981 1687 peperit
3025 1618 3214 1686 lilium,
3253 1643 3272 1666 υ
3329 1620 3616 1675 crederent

2026 1704 2250 1759 Mariam
2280 1714 2403 1774 post
2430 1713 2611 1758 natum
2645 1706 2934 1761 Dominum
2962 1708 3241 1780 cognitam
3273 1723 3397 1763 esse
3443 1723 3477 1763 a
3516 1710 3615 1764 Jo-

314 1803 536 1852 menten
565 1770 837 1850 amoveat.
870 1795 1100 1865 (BEDA.)
1149 1793 1324 1861 Quam
1383 1801 1565 1847 tamen
1622 1791 1913 1862 dispensa-
1940 1770 1996 1830 B
2028 1794 2184 1863 seph,
2217 1770 2426 1848 et‘inde
2455 1801 2606 1849 ortos
2635 1810 2730 1850 eos
2776 1811 2914 1866 quos
2960 1770 3160 1851 fratres
3205 1796 3424 1851 Domini
3470 1797 3618 1853 Scri-

314 1895 464 1950 tione
489 1895 640 1963 juxta
690 1891 1037 1948 necessitatis
1095 1893 1348 1962 accipere
1401 1890 1627 1959 jubetur
1683 1889 1800 1944 solo
1852 1888 1921 1942 de

315 1983 537 2038 nomine
567 1981 880 2054 coniugem,
914 1997 983 2035 ne
1011 1979 1441 2050 videlicetquasi
1489 1978 1733 2032 adultera
1782 1977 1919 2048 lapi-

316 2071 547 2126 daretur
583 2085 616 2124 a
644 2069 868 2134 Judmis,
902 2077 956 2123 et
985 2077 1044 2123 ut
1064 2068 1117 2121 in
1149 2069 1437 2140 Egyptum
1463 2065 1679 2139 fugiens
1695 2065 1924 2120 haberet

317 2167 575 2224 solatium
607 2165 859 2231 masculi,
891 2165 984 2236 qui
1034 2164 1290 2221 familiari
1349 2179 1479 2220 cura
1527 2171 1580 2218 et
1633 2171 1776 2218 tutor
1833 2163 1918 2218 fe-

315 2257 512 2312 mineas
543 2254 871 2326 fragilitatis,
909 2261 962 2308 et
993 2253 1144 2309 testis
1175 2252 1298 2324 ejus
1323 2260 1603 2323 perpetua:
1628 2251 1920 2324 virginita-

317 2347 386 2401 tis
415 2345 699 2401 existeret.
733 2343 972 2398 Produnt
1002 2341 1265 2403 Catholici
1303 2341 1644 2412 expositores
1688 2349 1744 2395 et
1787 2341 1922 2396 alias

320 2459 513 2500 causas
542 2457 708 2514 quare
738 2440 839 2496 Dei
888 2439 1226 2496 Genitricem
1275 2440 1480 2509 Joseph
1526 2437 1778 2510 accipere
1824 2439 1920 2493 de-

319 2531 498 2589 buerit
530 2530 836 2602 conjugem.
866 2527 1016 2598 Quas
1046 2529 1101 2582 in
1149 2528 1284 2594 suis,
1344 2526 1438 2599 qui
1495 2527 1626 2594 vult,
1684 2526 1922 2582 inveniet

317 2621 481 2678 locis.
521 2619 762 2674 Adhibet
789 2626 966 2674 autem
1025 2617 1369 2690 evangelista
1423 2616 1600 2686 partui
1658 2616 1921 2690 virginali

324 2719 485 2783 etiam
510 2715 811 2790 praphetici
839 2715 1111 2771 sermonis
1142 2713 1477 2785 exemplum,
1523 2717 1582 2768 ut
1621 2721 1780 2768 tantas
1820 2714 1920 2767 mi-

322 2807 571 2866 raculum
589 2803 890 2876 majestatis
905 2820 970 2860 eo
988 2803 1184 2860 certius
1205 2803 1504 2868 videretur,
1527 2801 1668 2873 quod
1691 2803 1794 2858 hoc
1810 2818 1920 2858 non

323 2897 498 2954 solum
526 2895 644 2966 ipse
672 2893 858 2950 fictum
899 2893 1173 2960 crederet,
1217 2893 1314 2947 sed
1366 2891 1526 2946 etiam
1570 2908 1600 2945 a
1654 2892 1918 2964 propheta

319 2992 645 3069 pradictum
678 2991 968 3047 recoleret.
1005 2992 1142 3046 Nam
1172 2998 1225 3045 et
1264 2989 1391 3046 huic
1437 2989 1807 3061 evangelistae,
1863 2989 1918 3045 id

323 3093 407 3150 est
436 3083 687 3138 Matthaao
719 3081 885 3135 moris
929 3089 1010 3135 est
1056 3080 1235 3134 omnia
1283 3095 1402 3152 quae
1450 3088 1640 3134 narrat
1679 3080 1917 3150 prophe-

321 3173 440 3229 ticis
470 3171 750 3247 affirmare
780 3168 1130 3224 testimoniis.
1163 3167 1396 3239 Scripsit
1414 3183 1648 3240 namque
1666 3169 1918 3240 Evange-

322 3270 455 3326 lium
484 3287 642 3324 suum
675 3268 744 3323 ab
779 3282 966 3322 eorum
1001 3265 1239 3322 maxime
1268 3281 1508 3333 causam,
1568 3266 1658 3337 qui
1706 3281 1772 3320 ex
1813 3265 1916 3321 Ju-

320 3359 453 3418 dais
475 3358 792 3422 credebant,
825 3371 928 3413 nec
965 3365 1143 3410 tamen
1172 3354 1313 3428 legis
1343 3353 1702 3421 caeremoniis,
1728 3371 1918 3425 quam-

320 3449 405 3505 vis
434 3446 609 3502 renati
638 3447 692 3500 in
724 3445 960 3513 Christo,
991 3443 1252 3498 valebant
1295 3443 1477 3509 evelli,
1524 3451 1572 3497 et
1625 3453 1920 3515 propterea

324 3543 608 3617 satagebat
636 3560 733 3599 eos
768 3559 800 3599 a
829 3543 1033 3597 carnali
1073 3541 1212 3612 legis
1242 3549 1294 3595 et
1314 3541 1704 3611 prophetarum
1753 3558 1918 3596 sensu

326 3636 395 3692 ad
428 3632 764 3704 spiritualem
795 3631 886 3702 qui
917 3631 985 3686 de
1017 3629 1231 3684 Christo
1261 3628 1498 3700 erigere,
1533 3637 1798 3700 quatenus
1827 3646 1918 3682 sa-

325 3729 606 3780 cramenta
627 3719 750 3776 ﬁdei
775 3719 1098 3775 Christianas
1119 3725 1266 3773 tanto
1285 3717 1531 3772 securius
1552 3717 1915 3788 perciperent,

324 3828 528 3896 quanto
559 3819 674 3874 haec
703 3833 814 3872 non
843 3816 992 3872 aliud
1033 3831 1156 3872 esse
1199 3813 1549 3886 perciperent
1596 3831 1756 3886 quam
1801 3831 1919 3886 qua:

321 3910 606 3982 prophetae
629 3907 1016 3980 praedixerant.

391 4016 554 4082 Ecce,
589 4037 610 4062 ι
643 4012 836 4086 inquit,
877 4037 897 4060 «ι
933 4011 1103 4083 Virgo
1135 4010 1189 4064 in
1221 4018 1380 4066 utero
1411 4010 1652 4075 habebit,
1674 4018 1725 4065 et
1743 4010 1918 4081 pariet

320 4111 511 4180 ﬁlium,
544 4119 598 4168 et
623 4111 893 4167 vocabunt
927 4124 1128 4164 nomen
1158 4109 1281 4178 ejus
1299 4107 1656 4174 Emmanuel,
1677 4108 1822 4179 quod
1839 4116 1920 4163 est

319 4201 729 4272 interpretatum
760 4199 1058 4254 nobiscum
1091 4199 1256 4254 Deus.
1293 4221 1314 4246 υ
1344 4197 1558 4253 Nomen
1602 4197 1914 4265 salvatoris,

320 4289 467 4361 quod
495 4289 780 4345 nobiscum
811 4288 956 4342 Deus
977 4303 1006 4340 a
1038 4287 1310 4357 prOpheta
1340 4294 1587 4353 vocatur,
1632 4294 1917 4355 utramque

317 4392 568 4438 naturam
597 4381 755 4437 unius
777 4395 1030 4452 persona:
1052 4379 1226 4450 ipsius
1241 4379 1439 4450 signat.
1467 4378 1571 4448 Qui
1601 4379 1746 4434 enim
1789 4387 1914 4433 ante

1951 3125 2001 3188 C

2027 1897 2187 1960 ptura
2214 1888 2474 1959 appellat,
2515 1898 2859 1944 assumentes
2908 1899 2960 1944 et
3004 1893 3109 1947 hoc
3163 1893 3218 1946 in
3275 1893 3613 1960 adjutorium

2029 1979 2113 2032 sui
2143 1978 2348 2032 erroris
2375 1977 2517 2048 quod
2540 1978 2934 2049 primogenitus
2955 1989 3314 2051 nuncupatur.
3347 1982 3616 2038 Dominus

2028 2065 2177 2120 Deus
2224 2073 2436 2119 avertat
2479 2066 2620 2120 hanc
2667 2065 3065 2137 blasphemiam
3124 2084 3157 2123 a
3211 2069 3317 2125 fide
3376 2070 3618 2126 omnium

2029 2170 2296 2228 nostrum,
2327 2162 2609 2233 donetque
2639 2163 2798 2218 nobis
2847 2164 3127 2222 Catholica
3163 2166 3366 2237 pietate
3409 2169 3616 2223 intelli-

2028 2268 2159 2326 gere
2205 2261 2458 2324 parentes
2503 2255 2673 2309 nostri
2722 2254 3024 2312 Salvatoris
3063 2257 3384 2314 intemerata
3451 2259 3618 2314 fuisse

2027 2358 2246 2414 semper
2266 2342 2574 2414 virginitate
2603 2344 2918 2414 praeclaros,
2953 2354 3003 2401 et
3034 2361 3142 2402 non
3166 2346 3330 2413 filios,
3375 2347 3474 2403 sed
3517 2363 3619 2403 co-

2029 2448 2228 2511 gnatos
2276 2455 2470 2496 eorum
2516 2439 2714 2496 fratres
2756 2441 2973 2498 Domini
3019 2443 3421 2515 Scripturarum
3467 2460 3620 2501 more

2027 2529 2354 2600 nuncupari.
2388 2529 2494 2584 Sed
2525 2529 2597 2584 ob
2626 2530 2679 2584 id
2711 2531 3109 2603 evangelistam
3152 2549 3218 2587 an
3265 2543 3392 2605 post
3432 2541 3619 2589 natum

2027 2618 2223 2673 Filium
2254 2617 2355 2672 Dei
2385 2632 2502 2672 eam
2534 2619 2866 2690 cognoverit
2885 2620 3069 2676 dicere
3093 2637 3204 2677 non
3235 2623 3621 2695 curasse,quia

2027 2715 2165 2771 nulli
2191 2716 2259 2771 de
2300 2717 2406 2772 hoc
2453 2715 2837 2787 ambigendum
2896 2719 3220 2787 putaverint,
3280 2721 3424 2792 quod
3480 2735 3615 2776 con-

2022 2807 2212 2877 juges,
2265 2805 2462 2876 quibus
2504 2804 2559 2857 in
2603 2805 2933 2876 virginitatis
3005 2808 3334 2862 castimonia
3395 2824 3616 2879 perma-

2025 2894 2303 2958 nantibus,
2333 2892 2436 2948 Dei
2467 2891 2659 2946 Filium
2691 2893 2844 2948 nasci
2891 2895 3162 2967 singulari
3212 2897 3388 2967 gratia
3435 2897 3619 2950 datum

2025 3001 2127 3058 est,
2161 2989 2472 3047 nullatenus
2502 3006 2569 3045 ex
2616 3006 2684 3045 eo
2729 2991 2990 3046 castitatis
3029 2992 3152 3062 jura
3199 3001 3467 3050 temerare
3523 3008 3619 3064 po-

2028 3081 2250 3138 tuerint.

2098 3196 2408 3252 Notandum
2458 3211 2675 3267 quoque
2717 3203 2799 3251 est
2847 3197 2994 3268 quod
3054 3197 3411 3272 primogeniti
3483 3213 3614 3266 non,

2022 3296 2182 3364 juxta
2214 3292 2586 3348 hmreticorum
2617 3292 2960 3363 Opinionem,
2994 3292 3095 3348 soli
3119 3299 3244 3349 sunt
3264 3311 3397 3366 quos
3431 3293 3625 3350 fratres

2028 3389 2346 3454 sequuntur,
2416 3389 2543 3435 sunt
2619 3381 2728 3435 alii.
2809 3381 2918 3436 Sed
2997 3383 3149 3450 juxta
3242 3383 3618 3438 auctoritatem

2029 3471 2429 3542 Scripturarum
2461 3485 2657 3524 omnes
2687 3470 2777 3542 qui
2808 3470 2969 3540 primi
3000 3469 3212 3526 vulvam
3241 3472 3489 3543 aperiunt
3510 3473 3625 3527 sive

2029 3571 2228 3626 fratres
2259 3583 2357 3623 eos
2390 3567 2552 3639 aliqui
2583 3585 2677 3622 seu
2718 3568 2851 3622 nulli
2901 3578 3220 3640 sequantur,
3275 3570 3627 3642 primogeniti

2027 3665 2317 3713 vocantur.
2349 3661 2604 3712 Attamen
2652 3673 2775 3710 cum
2821 3658 3089 3714 Dominus
3137 3658 3359 3730 speciali
3407 3660 3617 3715 ratione

2027 3746 2202 3818 possit
2257 3745 2660 3817 primogenitus
2715 3745 2894 3801 dictus
2965 3747 3216 3818 intelligi,
3289 3749 3448 3819 juxta
3519 3750 3625 3804 hoc

2029 3846 2172 3916 quod
2203 3846 2260 3899 in
2289 3844 2620 3915 Apocalypsi
2650 3844 2784 3898 dicit
2812 3845 2880 3900 de
2909 3861 2975 3900 eo
3002 3847 3244 3900 Joannes
3277 3863 3288 3900 :
3329 3869 3350 3894 α
3394 3846 3499 3914 Qui
3543 3855 3625 3900 est

2026 3935 2184 3989 testis
2218 3933 2395 3989 ﬁdelis
2424 3933 2820 4004 primogenitus
2853 3944 3211 4000 mortuorum,
3272 3943 3324 3989 et
3369 3935 3624 4004 princeps

2027 4039 2221 4095 regum
2252 4030 2413 4077 terra:
2472 4021 2670 4094 (Apoc.
2732 4023 2793 4089 l).
2831 4044 2851 4068 υ
2918 4022 2981 4074 Et
3029 4021 3310 4091 apostolus
3369 4022 3612 4076 Paulus:

2032 4141 2054 4167 α
2088 4121 2226 4173 Nam
2256 4133 2394 4190 quos
2441 4116 2696 4187 prescivit
2753 4125 2806 4170 et
2858 4117 3263 4186 praedestinavit
3312 4116 3624 4172 conformes

2026 4206 2145 4262 fieri
2176 4206 2443 4278 imagines
2475 4205 2592 4259 Filii
2624 4204 2727 4270 sui,
2757 4212 2814 4258 ut
2844 4205 2912 4258 sit
2960 4205 3076 4274 ipse
3125 4205 3522 4276 primogenitus
3569 4206 3625 4259 in

2025 4297 2212 4350 multis
2240 4295 2499 4348 fratribus
2529 4294 2717 4362 (Rom.
2750 4294 2889 4360 νηί).
2929 4314 2951 4344 ι
2989 4294 3391 4365 Primogenitus
3441 4301 3522 4348 est
3569 4295 3624 4348 in

2026 4393 2210 4448 multis
2242 4392 2524 4458 fratribus,
2560 4391 2685 4463 quia
2720 4415 2742 4438 «ν
2796 4400 3058 4463 quotquot
3104 4401 3429 4464 receperunt
3475 4409 3620 4460 eum,

318 4479 564 4542 tempora
592 4479 750 4526 natus
780 4485 844 4524 ex
876 4470 1030 4523 Patre
1061 4469 1207 4522 Deus
1257 4475 1360 4534 est,
1412 4467 1528 4537 ipse
1572 4467 1626 4522 in
1670 4467 1911 4536 plenitu—

2027 4483 2175 4539 dedit
2199 4483 2276 4537 eis
2299 4489 2619 4552 potestatem
2641 4479 2781 4536 ﬁlios
2799 4481 2897 4535 Dei
2920 4481 3037 4538 fieri
3063 4483 3242 4548 (Joan.
3260 4485 3355 4552 1).»
3381 4481 3623 4550 Quorum

320 4559 448 4616 dine
480 4569 781 4631 temporum
815 4555 1150 4621 Emmanuel,
1186 4555 1241 4608 id
1263 4563 1348 4610 est
1369 4555 1654 4611 nobiscum
1678 4557 1844 4620 Deus,
1865 4555 1918 4609 in

323 4663 502 4724 utero,
534 4655 718 4710 matris
775 4653 948 4710 factus
999 4659 1082 4707 est
1139 4653 1264 4724 quia
1319 4659 1518 4707 nostra:
1573 4651 1916 4724 fragilitatem

321 4753 554 4812 naturae,
578 4745 632 4798 in
652 4743 910 4798 unitatem
934 4757 1047 4796 suae
1066 4756 1320 4812 persona:
1350 4740 1628 4811 suscipere
1666 4740 1920 4814 dignatus

321 4842 424 4906 est,
448 4833 668 4913 quando
687 4856 707 4881 α
737 4831 972 4886 Verbum
992 4844 1126 4886 caro
1152 4829 1356 4884 factum
1372 4837 1454 4884 est
1476 4837 1529 4884 et
1569 4830 1838 4884 habitavit
1866 4829 1919 4884 in

321 4931 484 4990 nobis
501 4931 686 5000 (lacn.
707 4930 767 4994 ι),
788 4951 808 4976 υ
838 4928 1034 4982 mirum
1051 4925 1307 4983 videlicet
1343 4926 1394 4980 in
1414 4927 1634 4981 modum
1657 4926 1922 4997 incipiens

323 5036 449 5076 esse
470 5019 615 5092 quod
647 5034 745 5074 nos
775 5033 984 5082 sumus,
1031 5023 1084 5070 et
1137 5029 1246 5069 non
1285 5014 1545 5069 desinens
1595 5030 1720 5069 esse
1776 5015 1920 5085 quod

321 5116 480 5164 erat:
514 5107 595 5164 sic
623 5121 911 5162 assumens
942 5112 1196 5159 naturam
1224 5111 1484 5170 nostram,
1516 5111 1575 5158 ut
1614 5101 1757 5174 quod
1808 5111 1922 5157 erat

320 5207 441 5280 ipse
471 5221 582 5264 non
611 5204 896 5278 perderet.

399 5306 771 5380 «Exsurgens
786 5315 966 5362 autem
988 5306 1190 5378 Ioseph
1213 5320 1245 5360 a
1267 5320 1458 5360 somno
1473 5303 1595 5360 fecit
1625 5305 1763 5360 sicut
1784 5321 1924 5376 prac-

319 5404 540 5472 ceperat
560 5396 609 5454 ei
625 5395 860 5469 angelus
877 5395 1115 5462 Domini,
1135 5403 1187 5450 et
1203 5395 1416 5466 accepit
1436 5395 1702 5464 conjugen
1738 5409 1916 5458 suam,

321 5504 376 5560 et
391 5510 500 5552 non
522 5493 897 5566 cognoscebat
916 5508 1090 5549 eam.»
1112 5494 1334 5563 Accepit
1356 5509 1475 5548 eam
1495 5493 1563 5547 ad
1577 5509 1773 5547 nomen
1793 5509 1913 5548 con-

314 5592 469 5668 jugis
497 5593 570 5648 ob
589 5607 786 5648 causas
813 5607 948 5664 quas
970 5590 1341 5662 praediximus,
1361 5597 1540 5645 etnon
1555 5592 1926 5662 cognoscebat

320 5705 445 5752 eam
466 5690 534 5745 ad
553 5706 693 5762 opus
714 5687 1007 5762 conjugale
1021 5687 1090 5743 ob
1104 5703 1305 5743 arcana
1324 5704 1446 5762 qum
1463 5687 1745 5743 didicerat.
1768 5687 1925 5757 Quod

320 5787 366 5842 si
389 5787 512 5859 quis
523 5783 654 5844 huic
676 5793 878 5842 nostra:
899 5786 1222 5856 expositioni
1235 5786 1505 5842 obsistere
1527 5794 1579 5842 et
1599 5787 1927 5842 contendere

2031 4582 2180 4627 recte
2207 4569 2604 4642 primogenitus
2633 4569 2961 4640 appellatur,
2983 4571 3126 4643 quod
3158 4587 3350 4626 omnes
3381 4571 3625 4642 adoptio-

2028 4671 2114 4724 nis
2141 4669 2300 4734 tilios,
2334 4668 2497 4724 etiam
2524 4668 2647 4723 illos
2677 4669 2770 4740 qui
2801 4669 3191 4724 incarnationis
3221 4673 3338 4739 ejus
3383 4679 3628 4740 tempora

2029 4759 2302 4814 nascendo
2350 4766 2752 4828 prmcesserunt
2801 4757 3065 4830 dignitate
3111 4757 3485 4830 progreditur.
3535 4758 3624 4810 Si-

2031 4848 2248 4920 quidem
2280 4854 2507 4918 possunt
2537 4845 2613 4898 illi
2647 4861 2769 4900 cum
2801 4847 3012 4900 Joanne
3044 4847 3394 4900 veracissime
3414 4846 3622 4900 testari.

2034 4944 2138 5012 Qui
2169 4946 2319 5016 prius
2345 4959 2447 4998 nos
2476 4941 2623 4998 venit
2653 4950 2777 4996 ante
2809 4957 2908 4996 nos
2940 4941 3112 4997 factus
3144 4952 3243 5005 est,
3279 4941 3332 4996 id
3374 4951 3455 4996 est
3503 4950 3626 5012 post

2033 5050 2133 5088 nos
2165 5032 2382 5105 quidem
2415 5031 2468 5084 in
2499 5031 2702 5085 mundo
2733 5030 2970 5100 genitus.
3006 5029 3112 5083 Sed
3165 5032 3362 5085 merito
3412 5031 3626 5086 virtutis

2035 5121 2428 5194 primogenitus
2457 5119 2699 5175 omnium
2724 5119 2848 5185 jure
2879 5125 2960 5172 est
3014 5127 3256 5183 vocatus,
3310 5136 3626 5191 quanquam

2035 5226 2086 5273 et
2117 5217 2170 5271 in
2200 5218 2316 5288 ipsa
2339 5217 2520 5270 divina
2545 5214 2828 5270 nativitate
2853 5231 2960 5268 non
2986 5215 3436 5270 iuconvenienter
3457 5216 3629 5284 possit

2034 5306 2431 5378 primogenitus
2477 5305 2605 5368 dici,
2656 5305 2782 5375 quia
2828 5304 3143 5374 priusquam
3192 5313 3494 5359 creaturam
3541 5304 3626 5358 fa-

2036 5397 2229 5452 ciendo
2261 5394 2518 5466 gigneret
2546 5392 2804 5464 aliquem,
2837 5403 3169 5449 comternum
3197 5394 3299 5448 sibi
3331 5395 3502 5449 Pater
3523 5410 3626 5464 ge-

2036 5493 2151 5547 nuit
2181 5492 2392 5546 Filium.
2459 5491 2614 5544 Prius
2670 5492 2814 5545 enim
2876 5507 3035 5562 quam
3098 5491 3327 5545 verbum
3382 5490 3628 5546 veritatis

2036 5587 2349 5658 adoptionis
2383 5586 2524 5641 filios
2573 5586 2676 5640 sibi
2724 5587 3049 5642 redimendo
3098 5588 3348 5660 gigneret
3395 5587 3624 5657 aliquos,

2036 5694 2370 5742 coarternum
2401 5684 2504 5738 sibi
2539 5685 2696 5740 Pater
2725 5686 2915 5758 genuit
2945 5686 3202 5741 Verbum.
3246 5685 3400 5739 Unda
3449 5685 3627 5752 ipsum

2039 5784 2276 5840 Verbum
2314 5781 2430 5852 ipse
2462 5781 2626 5836 Filius
2655 5784 2776 5848 Dei,
2811 5785 2927 5852 ejus
2958 5782 3208 5839 videlicet
3239 5781 3405 5836 virtus
3435 5786 3487 5830 et
3532 5792 3622 5828 sa-
