4010 6074
444 225 549 279 767

1549 229 1889 286 \VERNERI
1931 229 2215 285 ABBATIS
2256 230 2312 285 S.
2350 231 2568 286 Bl.\Sl[

3636 240 3754 292 768

448 347 649 418 pientia
679 349 915 423 loquitur
947 372 959 407 :
991 356 1111 427 Ego
1142 372 1205 412 ex
1236 371 1332 411 ore
1362 354 1631 410 Altissimi
1662 354 1897 425 prodivi,
1923 354 2028 423 pri-
2058 354 2113 413 Α
2142 370 2211 409 ne
2257 372 2356 427 per
2410 357 2684 423 feminam,
2746 358 2843 414 sed
2898 376 2999 432 per
3055 361 3249 429 virum,
3304 362 3461 430 juxta
3520 376 3749 417 morem

452 438 726 507 mogenita
783 440 837 494 in
892 458 1110 498 omnem
1169 451 1495 499 creaturam.
1572 444 1717 498 Deus
1785 443 1855 498 de
1920 445 2035 497 Deo

450 532 606 578 natus
631 535 763 591 erat,
816 529 963 583 etin
1011 549 1076 586 ea
1117 548 1232 604 qua
1286 541 1504 588 creatus
1562 540 1644 586 est
1702 532 2036 587 humanitate

449 625 666 667 omnem
696 626 1002 673 creaturam
1031 621 1281 690 praeibat.

527 754 547 777 ιι
578 732 647 785 Et
676 737 913 803 vocabis,
947 738 1138 811 inquit,
1167 755 1363 795 nomen
1397 741 1514 809 ejus
1556 742 1762 796 Jesum.
1801 764 1822 787 η
1876 741 2038 797 Jesus

453 820 737 877 Hmbraice
802 825 995 882 Latine
1050 828 1305 883 salutaris
1362 831 1475 885 sive
1528 830 1763 884 salvator
1820 829 2035 885 dicitur.

455 908 624 976 Cujus
675 914 1011 969 vocationem
1070 919 1306 972 nominis
1364 920 1642 990 prophetis
1694 918 1863 988 liquet
1918 934 2040 973 esse

450 998 831 1058 certissimam.
881 1003 1037 1060 Unde
1086 1024 1187 1061 sun
1236 1008 1348 1076 gilla
1405 1023 1609 1078 magno
1665 1007 1888 1062 visionis
1924 1006 2044 1075 ejus

450 1085 725 1144 desiderio
754 1101 973 1146 cantata
1006 1112 1018 1147 :
1057 1118 1079 1141 α
1116 1096 1315 1150 Anima
1345 1105 1521 1150 autem
1569 1112 1692 1150 mea
1741 1095 2043 1150 exsultabit

449 1174 505 1228 in
537 1176 789 1243 Domino,
815 1189 868 1235 et
887 1183 1248 1239 delectabitur
1272 1202 1438 1255 super
1458 1184 1681 1239 salutari
1724 1201 1822 1240 suo
1866 1186 2039 1248 (Psal.

450 1265 664 1331 xxxw).
705 1290 726 1313 η
755 1268 822 1322 Et
852 1269 1041 1325 iterum
1075 1291 1087 1326 :
1126 1294 1147 1323 α
1186 1274 1397 1329 Defecit
1426 1275 1478 1327 in
1510 1274 1735 1327 salutari
1757 1282 1848 1327 tuo
1866 1273 2044 1327 anima

451 1367 576 1407 mea
605 1356 775 1419 (Psal.
808 1360 1031 1428 cxvni).
1070 1384 1091 1407 η
1126 1362 1194 1415 Ει
1224 1362 1352 1415 alibi
1380 1379 1392 1417 :
1431 1385 1452 1409 α
1489 1363 1607 1433 Ego
1635 1370 1816 1415 autem
1848 1362 1899 1415 in
1936 1364 2043 1416 Do-

450 1440 597 1496 mino
624 1442 921 1513 gloriabor,
955 1450 1203 1519 gaudebo
1234 1450 1286 1503 in
1353 1452 1464 1505 Deo
1519 1452 1644 1503 Jesu
1703 1466 1826 1504 meo
1885 1450 2032 1518 (Ha-

454 1530 571 1584 bac.
605 1535 709 1597 ιιι).
748 1557 769 1579 n
805 1535 873 1587 Et
900 1537 1136 1593 maxime
1166 1538 1299 1592 illud
1333 1556 1345 1594 :
1381 1562 1403 1586 ιι
1438 1541 1604 1603 Deus,
1636 1539 1687 1592 in
1709 1538 1927 1592 nomine
1957 1547 2046 1593 tuo

456 1617 666 1673 salvum
701 1637 787 1676 me
820 1622 904 1677 fac
930 1626 1113 1693 (Psal.
1133 1630 1269 1693 Lm).
1298 1652 1319 1674 η
1350 1631 1425 1683 Ac
1454 1628 1500 1681 si
1532 1628 1735 1682 diceret
1763 1645 1774 1680 :
1800 1628 2045 1681 Nominis

2141 453 2439 523 Scriptura)
2480 456 2807 528 genealogia
2852 465 3144 526 taxaretur,
3193 476 3261 515 ne
3309 459 3655 530 lapideretur
3719 474 3762 515 ι

2140 542 2344 597 Iudaeis
2375 551 2430 597 ut
2460 544 2721 611 adultera,
2757 553 2813 599 ut
2841 546 2896 599 in
2926 547 3217 618 zEgyptum
3249 546 3469 620 fugiens
3510 548 3762 604 haberet.

2146 630 2242 683 viri
2273 631 2548 698 solatium,
2581 642 2638 687 ut
2664 642 2852 703 partus
2882 635 3149 691 celaretur
3176 637 3418 703 diabolo,
3447 637 3602 708 ,dum
3650 654 3756 708 pu-

2148 734 2225 782 tat
2252 744 2359 782 non
2391 729 2459 783 de
2485 731 2717 803 virgine,
2750 732 2851 786 sed
2880 732 2951 787 de
2977 749 3145 790 uxore
3176 734 3445 807 genitum,
3483 750 3554 790 ne
3602 735 3764 789 inte-

2146 826 2366 872 merata)
2403 820 2633 891 Virginis
2664 820 3043 877 adverteretur
3080 822 3327 878 infamia.
3369 821 3563 877 Maluit
3604 823 3765 878 enim

2149 905 2418 960 Dominus
2448 907 2656 977 aliquos
2671 908 2740 963 de
2757 924 2856 964 suo
2882 911 3062 979 potius
3097 919 3240 979 ortu,
3282 926 3447 983 quam
3496 911 3769 966 dubitare

2149 1002 2217 1055 de
2247 1002 2438 1056 matris
2467 1004 2694 1074 pudore,
2728 1020 2796 1059 ne
2828 1006 3133 1077 virginibus
3163 1007 3409 1063 velamen
3439 1010 3769 1063 excusatio.

2147 1089 2233 1144 nis
2263 1089 2433 1156 fieret,
2465 1093 2608 1163 quod
2628 1091 2882 1147 infamata
2903 1095 2970 1148 sit
2993 1103 3167 1149 mater
3185 1096 3424 1162 Domini,
3449 1112 3518 1152 ne
3541 1096 3771 1153 dicenti

2152 1179 2382 1234 Domino
2412 1199 2425 1235 :
2468 1203 2489 1227 ιι
2524 1182 2645 1235 Non
2679 1182 2801 1236 veni
2828 1183 3043 1239 solvere
3072 1184 3281 1255 legem,
3312 1184 3415 1240 sed
3445 1184 3769 1256 adimplere

2151 1275 2369 1343 (Matth.
2404 1277 2478 1344 v),
2520 1300 2540 1323 ο
2570 1275 2713 1331 ullus
2744 1278 3035 1346 objecerit:
3090 1279 3249 1347 Quod
3300 1295 3424 1336 cum
3473 1281 3619 1351 legis
3665 1281 3772 1333 in-

2146 1364 2294 1433 juria
2324 1373 2478 1418 natus
2508 1365 2601 1431 sit,
2635 1373 2693 1419 ut
2720 1367 2875 1420 testis
2906 1368 3133 1437 pudoris
3176 1368 3405 1423 maritus
3452 1369 3777 1423 adhibere-

2154 1459 2257 1517 tur,
2290 1452 2379 1522 qui
2409 1452 2579 1523 possit
2609 1454 2793 1509 dolere
2826 1462 2878 1509 et
2932 1456 3212 1512 vindicare
3267 1457 3646 1527 opprobrium,
3705 1457 3761 1510 si

2153 1565 2262 1603 non
2292 1558 2619 1619 agnosceret
2649 1561 3075 1619 sacramentum,
3124 1568 3193 1607 ne
3236 1552 3512 1608 videretur
3566 1553 3772 1608 Maria:

2154 1637 2368 1706 culpam
2390 1638 2713 1693 obumbrare
2743 1640 3055 1695 mendacio.
3108 1640 3351 1696 Causam
3398 1642 3544 1697 enim
3596 1658 3782 1697 men-

453 1707 529 1801 “fi
558 1707 809 1801 gloriam;
842 1713 930 1783 qui
965 1715 1174 1769 vocaris
1224 1716 1492 1781 Salvator.
1543 1716 1595 1769 in
1644 1732 1735 1769 me
1785 1715 2045 1770 salvando
2072 1702 2125 1762 Β
2157 1726 2321 1780 tiendi
2351 1726 2678 1795 desxionsata
2703 1743 2810 1781 non
2833 1728 3039 1796 habuit,
3060 1744 3185 1784 cum
3202 1730 3782 1801 conjugiiprzemiurn

451 1794 707 1851 claritica.
738 1798 894 1853 Jesus
924 1817 1058 1871 ergo
1096 1819 1294 1857 nomen
1314 1812 1395 1858 est
1433 1803 1549 1857 Filii
1588 1804 1680 1874 qui
1721 1819 1785 1858 ex
1818 1803 2046 1873 Virgine

452 1890 611 1937 natus
641 1893 739 1955 est,
773 1889 972 1960 angelo
1003 1900 1333 1960 exponente,
1370 1891 1687 1963 significans
1738 1892 1883 1962 quod
1929 1893 2047 1962 ipse

454 1971 662 2027 salvum
697 1973 857 2030 faciet
915 1980 1177 2049 papulum
1238 1997 1397 2035 suum
1455 1996 1488 2035 a
1545 1980 1786 2051 peccatis
1837 1996 2044 2035 eorum.

453 2057 558 2126 Qui
586 2069 768 2117 autem
799 2064 971 2120 salvat
1003 2083 1031 2121 a
1056 2069 1321 2137 peccatis,
1354 2069 1501 2123 idem
1532 2069 1717 2139 utique
1766 2083 1798 2123 a
1852 2084 2049 2124 corru-

450 2149 730 2219 ptionibus
765 2154 960 2209 mentis
993 2164 1045 2209 et
1076 2157 1323 2226 corporis
1360 2173 1480 2228 qua:
1507 2157 1578 2211 ob
1608 2164 1825 2226 peccata
1872 2156 2048 2211 conti-

450 2246 646 2306 gerunt
672 2238 919 2295 salt-abit.
953 2242 1204 2297 Christus
1236 2260 1364 2298 vero
1394 2244 1713 2299 vocabulum
1748 2252 1829 2299 est
1857 2260 2049 2300 sacer-

452 2324 594 2378 dotis
623 2327 709 2381 vel
761 2329 925 2397 regize
975 2332 1278 2399 dignitatis.
1331 2334 1469 2386 Nam
1522 2340 1574 2388 et
1617 2333 1938 2388 sacerdotes
1985 2348 2049 2387 ac

452 2428 617 2484 reges
644 2415 699 2469 in
729 2415 850 2487 lege
880 2434 910 2471 a
938 2420 1247 2487 chrismate,
1280 2420 1339 2474 id
1369 2430 1453 2475 est
1478 2421 1732 2476 unctione
1760 2422 1864 2477 olei
1914 2438 2049 2476 san-

451 2511 546 2575 cti,
578 2512 995 2582 appellabantur
1024 2517 1605 2587 christi,signiﬁcantes
1624 2534 1747 2572 eum
1768 2519 1860 2589 qui
1884 2535 2051 2574 verus

453 2614 544 2652 rex
576 2608 627 2653 et
659 2602 903 2670 pontifex
934 2604 986 2657 in
1019 2606 1223 2661 mundo
1255 2621 1529 2675 apparens
1552 2615 1748 2662 unctus
1798 2614 1883 2661 est
1929 2608 2051 2663 oleo

452 2685 651 2743 laetitiae
680 2706 795 2758 prae
825 2692 1200 2762 participibus
1232 2695 1366 2748 suis.
1398 2698 1442 2749 Α
1473 2712 1576 2765 qua
1607 2696 1862 2750 unctione
1888 2696 1940 2750 id
1971 2705 2055 2752 est

453 2776 747 2833 chrismate
770 2779 885 2848 ipse
910 2781 1172 2836 Christus
1209 2791 1262 2837 et
1288 2784 1540 2852 ejusdem
1577 2785 1846 2839 unctionis
1890 2785 1942 2839 id
1971 2793 2057 2841 est

451 2866 644 2937 gratia)
670 2868 971 2936 spiritualis
1005 2871 1309 2941 participes
1354 2880 1480 2926 sunt
1528 2873 1812 2928 christiani
1855 2875 2051 2941 vocati,

452 2954 546 3024 qui
573 2972 669 3025 per
696 2956 749 3010 id
781 2959 924 3028 quod
955 2959 1215 3015 Salvator
1243 2968 1326 3015 est
1360 2976 1463 3015 nos
1491 2962 1703 3017 salvare
1734 2978 1765 3017 a
1792 2964 2050 3031 peccatis,

448 3057 549 3111 per
578 3044 631 3097 id
663 3046 804 3113 quod
838 3047 1072 3116 pontifex
1100 3056 1181 3101 est
1211 3064 1313 3102 nos
1363 3049 1722 3104 reconciliare
1774 3052 1889 3105 Deo
1940 3053 2040 3105 Pa-
2078 3054 2127 3123 (Σ

450 3130 538 3198 tri,
570 3147 669 3200 per
696 3132 750 3187 id
781 3135 925 3205 quod
944 3137 1055 3191 Rex
1078 3144 1160 3190 est
1183 3153 1411 3208 regnum
1437 3138 1594 3192 nobis
1619 3138 1788 3193 Patris
1806 3140 1885 3194 sui
1909 3140 2042 3196 dare

450 3218 707 3291 dignetur
738 3222 789 3275 in
818 3231 1109 3280 aeternum.

739 3390 910 3446 ITEM
942 3393 1322 3451 EXPOSlTlO
1354 3397 1446 3451 DE
1480 3397 1747 3455 EODEM.

528 3568 549 3594 α
586 3546 785 3603 Christi
818 3554 1101 3621 generatio
1131 3555 1209 3610 sic
1239 3564 1351 3610 erat
1375 3558 1597 3612 (Matth.
1633 3560 1691 3627 ι).
1723 3582 1744 3606 n
1779 3560 2051 3628 Quaeritur

453 3649 552 3689 cur
593 3652 700 3691 non
731 3638 806 3692 ait
833 3640 960 3695 Jesu
1011 3642 1227 3709 Christi,
1279 3645 1375 3698 sed
1434 3646 1776 3702 solummodo
1829 3650 2046 3715 Christi,

463 3728 608 3794 quod
636 3727 833 3796 angelo
856 3745 978 3784 mox
1010 3731 1216 3786 dicturo
1246 3735 1508 3788 servavit.
1541 3735 1851 3801 Generatio,
1885 3738 1938 3792 id
1969 3747 2052 3793 est

452 3811 572 3881 ipse
617 3814 858 3870 Christus
890 3817 943 3870 in
974 3835 1134 3874 carne
1177 3830 1493 3890 generatus.
1545 3824 1636 3879 Ac
1692 3825 1736 3878 si
1796 3826 2046 3880 diceret:

453 3899 763 3971 Generatio,
796 3922 919 3976 quae
948 3916 1032 3961 est
1060 3908 1326 3972 Christus,
1362 3911 1441 3966 sic
1471 3921 1586 3966 erat
1636 3912 1824 3968 bifaria
1869 3915 2051 3984 expla-

457 3985 657 4051 nanda,
693 3987 843 4043 velut
875 4007 907 4044 a
934 3991 1182 4047 decursze
1212 3994 1558 4067 genealogite
1607 3996 1746 4061 loco,
1793 3998 1884 4052 tibi
1930 3998 2002 4053 ait
2037 4013 2047 4048 :

456 4095 477 4121 ιι
510 4074 682 4130 Jacob
712 4079 901 4148 genuit
927 4080 1131 4150 Joseph
1166 4082 1339 4136 virum
1389 4083 1591 4151 Mariae,
1642 4085 1711 4141 de
1746 4103 1850 4157 qua
1896 4096 2052 4142 natus

449 4170 533 4216 est
553 4165 711 4219 Jesus
734 4169 829 4237 qui
856 4176 1076 4222 vocatur
1114 4170 1381 4225 Christus.
1416 4171 1620 4229 Omnes
1650 4191 1782 4248 ergo
1812 4193 2053 4247 genera-

456 4250 630 4307 tiones
649 4255 716 4308 ab
737 4257 1017 4310 Abraham
1033 4275 1211 4329 usque
1233 4260 1303 4315 ad
1325 4262 1497 4317 David
1520 4265 1904 4334 generationes
1935 4283 2049 4345 ιιιγ⁹

453 4348 507 4393 et
536 4356 565 4393 a
604 4342 773 4397 David
821 4362 992 4416 usque
1048 4348 1116 4401 ad
1164 4351 1705 4421 transmigrationem
1760 4342 2049 4425 Babylonis

456 4431 842 4495 generationes
889 4450 1001 4498 xiv,
1054 4444 1105 4491 et
1148 4452 1181 4491 a
1228 4441 1713 4512 transmigratione
1764 4444 2050 4515 Babylonis

458 4531 631 4585 usque
655 4518 726 4571 ad
748 4520 1019 4575 Christum
1041 4526 1427 4595 generationes
1457 4546 1566 4585 xw.
1614 4530 1901 4587 Generatio
1950 4549 2050 4587 au-

460 4611 566 4656 tem
601 4605 799 4660 Christi
831 4609 911 4664 sic
930 4618 1046 4664 erat
1068 4615 1272 4682 (ibid).
1302 4639 1323 4661 ιι
1353 4617 1783 4673 Primahominis
1812 4621 2050 4675 conditio

456 4702 560 4758 est,
587 4697 732 4766 quod
757 4696 927 4751 Adam
961 4699 1029 4753 de
1057 4708 1195 4756 terra
1221 4702 1517 4773 plasmatus
1546 4715 1628 4760 est
1652 4725 1664 4769 ;
1697 4710 1939 4762 secunda
1968 4717 2051 4764 est

455 4784 582 4854 quia
614 4784 813 4839 femina
852 4787 919 4842 de
952 4787 1119 4843 latere
1151 4791 1255 4845 viri
1285 4803 1473 4847 creata
1522 4799 1605 4848 est
1639 4813 1651 4857 ;
1701 4798 1857 4850 tertia
1916 4814 2049 4852 vero

452 4874 599 4943 quod
628 4884 787 4929 natus
815 4884 898 4931 est
928 4878 1108 4945 homo,
1132 4896 1198 4933 ex
1230 4880 1348 4936 viro
1379 4890 1431 4936 et
1459 4884 1682 4937 femina.
1717 4885 1911 4939 Christi
1948 4903 2049 4940 au-

451 4969 561 5015 tem
594 4966 885 5033 generatio
917 4966 995 5022 sic
1025 4977 1161 5034 erat,
1199 4976 1254 5023 ut
1284 4970 1399 5025 sine
1445 4971 1563 5027 viro
1614 4983 1933 5028 nasceretur
1979 4975 2047 5029 de

453 5049 1007 5125 femina,conceptus
1044 5074 1140 5127 per
1196 5058 1373 5127 ipsum
1431 5068 1697 5117 sanctum.
1762 5063 1938 5116 Prima
1995 5071 2048 5118 et

451 5140 691 5193 secunda
723 5147 1004 5213 generatio
1039 5155 1281 5201 ruerunt.
1314 5148 1494 5203 Tertia
1524 5149 1591 5205 de
1623 5150 1773 5205 ruina
1802 5167 2044 5222 genera-

452 5236 668 5279 verunt.
704 5230 765 5282 In
797 5240 986 5301 quarta
1008 5234 1241 5289 salutem
1273 5236 1617 5292 invenerunt.

530 5353 552 5377 α
589 5332 723 5386 Cum
774 5347 918 5393 esset
964 5339 1299 5409 desponsata
1341 5352 1517 5398 mater
1552 5347 1680 5401 Jesu
1728 5345 1891 5401 Maria
1945 5348 2043 5403 Jo-

458 5420 592 5507 sepb
628 5448 675 5485 η,
709 5429 762 5474 et
793 5426 1025 5495 reliqua.
1068 5431 1157 5483 Sic
1198 5441 1375 5485 autem
1417 5442 1533 5487 erat
1573 5435 1769 5489 Christi
1818 5452 2044 5507 genera-

453 5506 548 5570 tio,
584 5507 620 5561 il
651 5517 731 5563 est
763 5510 840 5565 sic
870 5514 938 5567 ad
970 5515 1244 5570 Christum
1292 5522 1516 5588 pertinet
1561 5524 1675 5579 huic
1721 5506 2045 5596 genealogia

457 5630 479 5654 α
517 5607 649 5661 Cum
682 5617 828 5664 esset
860 5611 1211 5680 desponsata.
1259 5639 1279 5659 η
1316 5616 1409 5670 llis
1440 5620 1618 5673 causis
1649 5637 1754 5675 non
1793 5622 1861 5676 de
1907 5624 2043 5676 siin—

452 5701 579 5775 plici
611 5701 843 5776 virgine,
881 5704 979 5761 sed
1009 5705 1076 5760 de
1109 5706 1438 5779 desponsata
1469 5721 1627 5769 natus
1676 5724 1758 5771 est
1798 5716 2043 5773 Christus

2154 1830 2341 1893 partus
2372 1823 2439 1877 sit
2484 1823 2821 1891 feminarum,
2875 1841 2942 1879 ne
2981 1826 3189 1881 Herodi
3231 1835 3284 1881 et
3322 1827 3525 1883 Judaeis
3577 1844 3778 1883 excu-

2156 1911 2313 1966 sandi
2342 1911 2679 1981 praeberetur
2701 1912 2937 1980 occasio,
2972 1914 3117 1985 quod
3148 1921 3332 1968 natum
3380 1931 3443 1969 ex
3482 1915 3778 1972 adulterio

2155 2008 2631 2070 persequerentur,
2665 2009 2718 2055 ut
2749 1999 3000 2056 fidelibus
3028 2003 3336 2074 conjugatis
3364 2020 3427 2058 ex
3458 2003 3581 2074 pari
3613 2019 3775 2059 con-

2156 2114 2322 2153 sensu
2350 2097 2681 2154 continentia
2720 2099 3103 2165 insinuaretur,
3153 2110 3211 2155 ut
3258 2100 3361 2155 nisi
3408 2103 3774 2174 praevarica-

2156 2187 2287 2242 tioni
2342 2195 2485 2241 esset
2542 2187 2797 2253 obnoxia,
2860 2188 3095 2259 qualiter
3148 2190 3390 2244 humana
3453 2192 3776 2262 progenies

2156 2274 2499 2346 multiplicari
2518 2275 2635 2329 sine
2659 2275 2984 2345 virginitatis
3007 2277 3332 2334 detrimento
3357 2279 3624 2349 pOtuisset
3653 2280 3739 2335 de
3760 2312 3781 2321 -

2157 2382 2574 2428 monstraretur.
2618 2397 2639 2421 α
2676 2375 3031 2445 Desponsata,
3063 2375 3156 2429 uid
3189 2383 3272 2431 est
3298 2375 3536 2430 nondum
3559 2385 3777 2447 nupta.

2161 2488 2181 2509 α
2218 2464 2389 2517 Mater
2416 2464 2559 2531 ejus.
2603 2487 2625 2511 η
2661 2464 2828 2517 Mater
2866 2463 3004 2531 ejus,
3048 2464 3242 2534 inquit,
3294 2480 3404 2519 non
3458 2480 3602 2519 uxor
3650 2466 3780 2520 Jo-

2157 2551 2323 2622 seph.
2370 2574 2390 2598 α
2426 2551 2593 2604 Maria
2619 2549 2851 2621 Joseph.
2899 2575 2918 2597 »ι
2969 2552 3028 2606 In
3071 2552 3187 2622 ipsa
3238 2553 3410 2621 janua
3464 2553 3780 2607 amborum

2158 2656 2435 2721 ponuntur
2458 2649 2696 2716 nomina,
2723 2666 2844 2720 quae
2864 2648 2989 2704 facti
3022 2657 3353 2719 congruunt.
3382 2672 3404 2697 ι
3444 2653 3780 2721 Antequam

2159 2737 2541 2795 convenirent.
2585 2760 2606 2784 ι»
2644 2738 2962 2791 Proximum
2992 2738 3300 2808 nuptiarum
3333 2747 3545 2809 tempus
3578 2747 3781 2793 osten-

2163 2827 2260 2895 dit,
2293 2844 2400 2881 non
2451 2826 2594 2898 quod
2644 2833 2967 2898 sequeretur
3008 2835 3067 2881 ut
3117 2834 3311 2898 postea
3368 2826 3779 2897 convenirent,

2161 2924 2451 2979 sieutdicit
2480 2922 2753 2978 Elvidius.
2797 2947 2816 2969 ι-
2856 2924 3079 2978 Inventa
3136 2932 3273 2978 est»
3335 2939 3369 2978 a
3418 2923 3568 2978 nullo
3625 2924 3775 2991 alio,

2161 3014 2322 3067 nisia
2352 3014 2571 3083 Joseph,
2622 3013 2710 3084 qui
2770 3012 2998 3065 maritali
3053 3012 3273 3069 licentia
3322 3011 3512 3067 futura:
3562 3014 3775 3067 uxoris

2156 3102 2340 3158 omnia
2380 3108 2625 3156 noverat.
2688 3100 2776 3156 Sic
2830 3102 3096 3155 Mattheus
3152 3100 3502 3172 prmtermisit
3560 3101 3772 3166 multa,

2156 3216 2275 3269 qua)
2308 3201 2477 3255 Lucas
2506 3198 2760 3267 narravit,
2810 3197 3042 3253 dicens:
3102 3222 3122 3244 α
3180 3200 3241 3250 In
3290 3214 3499 3264 mense,
3556 3197 3774 3269 inquit,

2156 3298 2309 3343 sexto
2341 3289 2539 3341 missus
2569 3295 2649 3341 est
2680 3286 2911 3358 angelus
2954 3286 3177 3340 Gabriel
3221 3302 3255 3341 a
3304 3287 3417 3341 Deo
3462 3286 3519 3339 in
3568 3287 3778 3341 civita-

2156 3385 2263 3431 tem
2295 3376 2535 3431 Galilazte
2566 3375 2650 3429 cui
2682 3391 2878 3428 nomen
2910 3375 3203 3441 Nazareth,
3237 3374 3309 3429 ad
3343 3376 3612 3446 virginem
3656 3376 3777 3430 de-

2158 3484 2471 3546 sponsatam
2506 3474 2642 3541 viro,
2676 3475 2761 3529 cui
2792 3489 2988 3528 nomen
3033 3482 3149 3529 erat
3195 3474 3424 3544 Joseph,
3475 3474 3543 3528 de
3595 3474 3775 3529 domo

2158 3565 2347 3620 David.
2374 3565 2441 3618 Et
2469 3580 2664 3618 nomen
2696 3562 2925 3633 virginis
2970 3562 3156 3618 Maria.
3208 3563 3280 3617 Et
3328 3563 3616 3634 ingressus
3663 3578 3775 3615 an-

2158 3655 2315 3727 gelus
2345 3654 2559 3707 adeam
2592 3651 2720 3705 dixit
2758 3669 2769 3703 :
2825 3653 2958 3719 Ave,
3010 3650 3186 3723 gratia
3234 3651 3419 3722 plena,
3479 3651 3768 3706 Dominus

2160 3762 2357 3815 tecum,
2400 3775 2419 3797 η
2457 3759 2561 3805 etc.
2596 3752 2746 3818 (Luc.
2781 3752 2855 3817 ι.)
2887 3748 3157 3803 Nimirum
3186 3749 3328 3804 enim
3362 3764 3536 3819 usque
3583 3748 3652 3802 ad
3712 3748 3772 3802 id

2160 3840 2536 3913 genealogiam
2567 3839 2786 3892 deduxit
2817 3848 2870 3891 ut
2914 3838 3120 3892 diceret
3164 3838 3369 3908 Joseph
3418 3839 3596 3891 virum
3641 3838 3774 3890 Ma-

2160 3930 2271 3997 riae,
2305 3930 2372 3983 de
2405 3945 2511 4000 qua
2540 3937 2697 3982 natus
2728 3935 2810 3982 est
2845 3928 3024 3992 Iesus,
3058 3926 3151 3998 qui
3204 3934 3429 3981 vocatur
3473 3925 3759 3980 Christus.

2160 4030 2231 4083 Et
2260 4029 2382 4083 ideo
2412 4034 2731 4096 conceptum
2783 4026 2907 4096 ejus
2943 4041 3106 4097 quem
3145 4025 3550 4079 transcenderat
3601 4026 3769 4079 Luca:

2161 4118 2493 4172 narrandum
2529 4116 2765 4185 reliquit.
2812 4138 2832 4161 ιι
2870 4116 2931 4167 In
2980 4124 3160 4169 utero.
3206 4138 3227 4161 ι»
3270 4113 3395 4167 Non
3438 4113 3495 4166 in
3541 4122 3767 4167 uterum

2162 4206 2461 4276 accipiens,
2496 4206 2549 4258 id
2581 4212 2664 4259 est
2692 4219 2800 4258 non
2828 4202 3047 4257 aliunde
3068 4211 3369 4274 acceptum,
3408 4202 3509 4256 sed
3534 4202 3767 4257 interius

2163 4305 2413 4360 veniente
2442 4303 2645 4372 Spiritu
2678 4311 2865 4356 sancto
2887 4301 3148 4362 habitum,
3168 4309 3226 4354 ut
3249 4300 3385 4354 illud
3413 4317 3425 4353 :
3478 4324 3499 4346 α
3539 4299 3763 4355 Femina

2077 4416 2129 4474 Ι)
2162 4393 2519 4451 circumdabit
2537 4392 2707 4445 virum
2726 4393 2861 4461 (λεν.
2882 4392 2982 4458 ιιι).
3013 4414 3034 4438 »ι
3068 4421 3136 4429 —
3162 4390 3242 4444 De
3262 4388 3465 4458 Spiritu
3490 4398 3706 4443 sancto.
3738 4414 3759 4433 ι

2162 4482 2434 4553 Quaeritur
2463 4480 2508 4534 si
2537 4479 2751 4533 inventa
2774 4481 3025 4549 aJoseph
3051 4478 3259 4533 habens
3282 4478 3349 4533 de
3389 4476 3591 4548 spiritu
3623 4494 3766 4532 san-

2159 4590 2267 4645 cto,
2296 4594 2393 4634 cur
2426 4576 2700 4631 dimittere
2730 4590 2851 4629 eam
2881 4575 3066 4629 voluit.
3099 4575 3248 4639 Ideo,
3282 4574 3411 4645 quia
3439 4590 3543 4630 nec
3588 4583 3765 4629 totum

2161 4670 2333 4731 scivit,
2368 4684 2469 4721 nec
2504 4676 2671 4720 totum
2717 4665 3004 4733 ignoravit.
3055 4665 3298 4718 Noverat
3341 4664 3396 4717 in
3445 4670 3604 4719 utero
3653 4665 3764 4719 ha-

2159 4759 2396 4819 bentem,
2430 4769 2536 4807 non
2568 4755 2637 4808 de
2668 4753 2865 4808 carnali
2899 4753 3210 4816 concubitu,
3245 4750 3342 4807 sed
3373 4752 3442 4807 de
3488 4752 3763 4823 spirituali

2159 4853 2383 4906 vit-tute.
2424 4851 2505 4904 De
2536 4866 2642 4920 quo
2673 4866 2803 4904 vero
2834 4848 3155 4918 conceperit
3176 4847 3466 4919 ignorabat
3492 4865 3505 4901 :
3530 4849 3680 4918 quod
3709 4848 3763 4902 ei

2160 4942 2398 5012 aperitur
2428 4938 2581 5010 quasi
2612 4937 2893 5006 nescienti,
2926 4938 3056 4991 dum
3104 4936 3371 4991 inducitur
3417 4936 3485 4990 de
3529 4945 3751 4991 sancto.

2156 5028 2225 5083 Et
2256 5028 2488 5099 reliqua.

2230 5146 2367 5197 Item
2401 5142 2657 5213 quaeritur
2714 5157 2812 5196 cur
2867 5141 3144 5194 Matthqu
3200 5138 3546 5210 anticipavit,
3611 5139 3765 5209 quod

2162 5250 2293 5286 mox
2327 5230 2559 5301 angelus
2591 5238 2702 5284 erat
2736 5230 3003 5284 dicturus.
3056 5231 3168 5283 Hoc
3200 5228 3457 5281 nimirum
3505 5226 3633 5281 fecit
3659 5244 3768 5296 pro

2159 5329 2421 5402 spirituali
2455 5328 2695 5393 fervore,
2729 5336 2780 5380 et
2812 5344 2876 5381 ne
2907 5326 3127 5379 lectoris
3159 5325 3370 5380 animus
3405 5324 3766 5396 paucissimis

2156 5428 2280 5485 licet
2308 5427 2465 5481 lineis
2495 5426 2767 5479 dubitaret
2799 5433 2849 5478 et
2880 5433 2933 5478 ut
2966 5430 3019 5477 in
3050 5441 3145 5479 ore
3186 5424 3416 5478 duorum
3463 5423 3548 5478 vel
3598 5421 3760 5475 trium

2157 5526 2370 5581 testium
2404 5533 2509 5579 stet
2529 5540 2691 5577 omne
2706 5523 2926 5577 verbum
2950 5523 3137 5592 (Deut.
3182 5522 3350 5592 xviii).
3391 5545 3412 5569 ι
3437 5521 3642 5589 Ioseph
3672 5518 3761 5572 vir

2156 5623 2305 5691 ejus.
2352 5647 2372 5667 ο
2412 5623 2467 5676 Ιιι
2500 5622 2777 5692 Scriptura
2809 5636 3024 5690 sponsae
3055 5634 3272 5686 uxores,
3323 5628 3377 5674 et
3418 5618 3602 5690 sponsi
3644 5617 3749 5671 viri

2154 5719 2245 5776 vel
2299 5720 2483 5777 mariti
2524 5718 2799 5777 dicuntur.
2857 5741 2876 5763 α
2923 5716 3054 5772 Cum
3103 5724 3251 5773 esset
3291 5712 3501 5787 justus.
3553 5737 3565 5762 ν
3618 5714 3754 5768 Cum
