4062 6074
302 324 405 375 769

1278 307 1869 364 DEFLORATIONES
1911 305 2015 362 SS.
2058 306 2357 363 PATRUM.
2390 337 2455 346 —-
2493 308 2615 363 LIB.
2658 312 2697 362 Ι.

3496 316 3597 371 770

302 439 512 498 conscii
554 435 842 494 criminum
889 433 1115 489 obnoxii
1171 432 1280 489 sint
1336 439 1560 504 peccato
1606 432 1785 501 (Rom.
1831 431 1889 501 ι),
1928 439 1979 494 Α
2008 444 2310 487 cessuram.
2343 430 2656 502 Aliquando
2678 431 3010 505 imaginibus
3036 435 3218 491 cordis
3250 436 3605 495 oculisosten-

301 546 400 587 cur
449 527 675 598 Joseph,
735 540 856 580 cum
913 523 1146 579 crimine
1197 522 1351 585 zelet,
1399 521 1579 589 justus
1618 528 1847 576 vocatur
1868 522 1895 571 ‘l

305 620 454 686 Ideo,
509 624 569 670 ιιι
607 614 867 668 idoneum
924 612 1044 681 ejus
1096 610 1465 666 testimonium
1520 608 1892 665 commendet.

306 708 438 761 inde
467 702 745 776 plerisque
800 699 1141 770 exemplariis
1197 698 1413 753 additur
1446 716 1458 751 :
1496 720 1516 745 α
1557 697 1690 752 Cum
1734 697 1896 751 homo

305 802 456 850 esset
502 793 702 862 justus,
736 813 758 838 υ
818 797 876 844 ιιι
930 787 1184 844 ostendat
1247 785 1549 843 secundum
1604 787 1896 839 humanam

296 890 565 962 justitiam
592 887 796 958 Joseph
817 887 1030 955 justum
1088 884 1280 955 fuisse,
1323 883 1447 955 quia
1490 882 1897 953 comparatione

298 979 537 1050 justitize
588 976 690 1031 Dei
731 990 829 1046 pro
866 973 1038 1029 nihilo
1088 973 1322 1029 ducitur.
1370 973 1439 1027 Et
1468 971 1593 1026 ideo
1623 976 1773 1026 recte
1804 985 1897 1025 se-

305 1071 488 1140 quitur
521 1083 532 1121 :
572 1088 593 1112 u
626 1063 973 1119 Nolleteam.
1011 1086 1032 1109 »
1064 1063 1190 1117 Non
1242 1061 1417 1116 solum
1459 1060 1619 1124 celat,
1661 1058 1759 1113 sed
1796 1072 1899 1113 nec

303 1159 464 1213 audet
492 1153 811 1226 contingere
841 1150 1107 1222 templum
1135 1149 1407 1205 Dominici
1436 1147 1703 1219 corporis.
1733 1147 1897 1202 Recte

297 1254 498 1323 justus,
544 1250 767 1321 justitiae
813 1248 1073 1320 templum
1112 1262 1223 1302 non
1270 1246 1585 1316 corrumpit.
1623 1268 1644 1291 α
1691 1243 1900 1298 Tradu-

304 1356 453 1397 cere.
494 1364 515 1388 η
551 1346 631 1395 Ac
661 1337 708 1392 si
739 1336 948 1392 diceret
976 1354 990 1390 :
1019 1335 1421 1390 Nolletducere
1440 1348 1715 1405 sponsam,
1736 1347 1900 1402 quam

308 1429 623 1500 suspicatus
656 1433 740 1481 est
770 1441 894 1481 esse
920 1424 1249 1491 adulteram,
1294 1430 1352 1477 ut
1399 1421 1511 1487 alii,
1562 1421 1677 1476 sive
1708 1420 1899 1474 tradu-

308 1542 442 1583 cere
468 1525 536 1580 ad
563 1538 784 1596 poenam
815 1538 977 1593 quam
1005 1521 1215 1577 sciebat
1259 1535 1374 1575 non
1411 1519 1481 1573 ab
1512 1517 1734 1573 homine
1764 1531 1899 1573 con-

306 1615 540 1686 cepisse.
570 1610 946 1668 Traductionis
991 1609 1134 1665 enim
1184 1608 1403 1665 verbum
1437 1606 1635 1677 saepius
1673 1605 1730 1659 in
1758 1605 1903 1659 mala

308 1720 470 1777 quam
498 1702 552 1756 in
585 1701 733 1755 bona
756 1706 910 1771 parte
938 1697 1241 1753 invenitur.
1293 1694 1453 1764 Quod
1482 1694 1647 1750 etiam
1678 1693 1902 1748 Graecus

2003 538 2103 605 sis,
2144 538 2287 593 sicut
2345 537 2522 592 Jacob
2572 537 2868 594 demissam
2917 557 2948 595 e
2988 541 3127 597 cmlo
3186 544 3386 598 scalam
3435 544 3594 615 (Gen.

2003 635 2176 703 xvin),
2236 641 2288 688 et
2354 634 2544 689 Petrus
2599 652 2698 690 vas
2745 637 2966 707 plenum
3025 639 3389 695 animantibus
3417 641 3472 696 in
3502 658 3596 698 ex-

2005 720 2139 776 stasi
2169 721 2379 777 viderat
2409 725 2564 789 (Act.
2603 727 2685 793 x).
2750 725 3059 797 Aliquando
3118 728 3452 800 imaginibus
3481 738 3604 787 ante

2004 825 2301 880 corporeos
2329 809 2518 866 oeulos
2547 828 2612 866 ex
2641 828 2770 867 aere
2816 816 3130 885 assumptis,
3165 817 3299 872 sicut
3327 819 3605 875 Abraham

2004 914 2114 954 non
2139 898 2317 953 solum
2344 899 2494 964 vidit,
2527 901 2625 954 scd
2660 908 2713 955 et
2742 901 2798 954 in
2830 903 3050 958 domum
3105 905 3332 976 accepit,
3366 915 3420 961 et
3456 907 3604 963 insu-

2005 1002 2106 1057 per
2161 987 2323 1042 etiam
2369 987 2517 1057 pavit
2574 988 2866 1059 aliquando
2923 992 3245 1047 coelestibus
3293 996 3604 1052 substantiis

2007 1076 2166 1144 (Gen.
2199 1074 2359 1141 xvm)
2391 1096 2410 1143 ;
2443 1075 2579 1130 sicut
2612 1076 2878 1146 baptizata
2912 1079 3144 1134 Domino
3173 1097 3276 1137 vox
3307 1083 3492 1138 sonuit
3518 1085 3606 1140 di-

2005 1186 2172 1227 cens:
2211 1193 2231 1218 «
2267 1172 2367 1227 Hic
2388 1180 2470 1226 est
2491 1171 2655 1225 Filius
2678 1188 2835 1227 meus
2860 1175 3083 1243 (Matth.
3109 1175 3213 1236 ιιι).
3242 1198 3265 1225 ιι
3300 1176 3608 1249 Aliquando

2007 1269 2245 1325 torrenis
2272 1277 2327 1324 et
2352 1268 2669 1325 coelestibus
2698 1270 2843 1325 sicut
2871 1286 3056 1328 coram
3105 1274 3291 1343 Moyse
3319 1273 3372 1327 in
3418 1284 3608 1332 monte

2006 1355 2191 1429 ignem
2220 1359 2522 1429 robumque
2546 1357 2776 1413 sociavit
2804 1358 3004 1429 (Exod.
3042 1362 3142 1429 ,u),
3192 1360 3503 1433 signiﬁcans
3550 1380 3611 1421 se

2007 1446 2285 1502 doctorem
2314 1446 2508 1517 populi
2534 1444 2674 1513 fore,
2707 1447 2800 1518 qui
2832 1448 2972 1519 legis
3003 1449 3276 1504 flammam
3306 1452 3606 1522 acciperet,

2009 1541 2061 1589 et
2090 1537 2271 1589 tamen
2300 1534 2511 1604 peccati
2543 1534 2756 1605 spinam
2788 1551 2899 1592 non
2928 1536 3288 1608 relinqueret,
3319 1538 3433 1594 sive
3463 1541 3607 1611 quod

2011 1636 2089 1678 ex
2117 1621 2215 1677 illo
2242 1621 2441 1692 populo
2481 1623 2678 1688 exiret,
2711 1623 2803 1694 qui
2853 1623 3039 1695 ignem
3091 1625 3387 1680 divinitatis
3413 1628 3475 1680 in
3505 1628 3611 1683 hu-

2011 1724 2193 1765 manae
2219 1717 2429 1764 naturae
2448 1710 2635 1781 spinas
2663 1714 3004 1782 imponeret.
3037 1713 3336 1785 Aliquando
3357 1716 3614 1771 humanis

308 1809 420 1849 non
448 1789 688 1847 absurde
719 1803 901 1844 sermo
928 1786 1217 1860 signiﬁcat,
1267 1784 1576 1855 vapardeir,
1607 1781 1896 1852 mathysai,

2032 1798 2267 1853 :ordibus
2323 1804 2530 1854 Secreta
2584 1800 2906 1869 poenitentia
2962 1781 3206 1872 inspirat,
3243 1810 3302 1857 ut
3329 1804 3616 1860 Zacharias

311 1892 365 1946 id
397 1894 487 1947 est
506 1887 815 1959 propalare,
849 1885 997 1958 quod
1026 1892 1113 1941 est
1141 1883 1323 1955 palam
1353 1881 1539 1938 facere
1571 1888 1625 1936 et
1652 1878 1908 1935 omnibus

310 1988 497 2034 notum
530 1977 720 2033 facere
769 1983 1118 2046 conceptum.
1162 1996 1185 2020 α
1221 1970 1465 2027 Occulte.
1504 1990 1527 2020 ι
1558 1970 1642 2024 Ne
1679 1976 1774 2023 aut
1800 1984 1908 2038 pu-

314 2067 455 2123 blice
484 2065 711 2122 dimissa
740 2079 905 2120 uxore
935 2078 1053 2129 sua,
1088 2060 1252 2116 alieni
1300 2060 1475 2116 coitus
1506 2066 1720 2113 reatum
1751 2071 1913 2126 super

313 2181 437 2223 eam
459 2164 760 2233 induceret,
801 2170 891 2218 aut
936 2161 1151 2217 detenta
1198 2158 1439 2229 seipsum
1471 2155 1627 2228 quasi
1655 2153 1913 2209 adulterii

315 2246 598 2310 conscium
629 2268 784 2307 reum
842 2249 1222 2307 constitueret.
1258 2271 1279 2295 ‹‹
1317 2245 1622 2311 Dimittere,
1662 2266 1684 2291 »
1717 2243 1773 2296 id
1831 2250 1915 2296 est

318 2358 545 2399 uxorem
576 2356 689 2396 non
723 2340 945 2403 ducere,
978 2338 1093 2393 sive
1124 2352 1156 2392 a
1184 2351 1346 2408 ptena
1375 2332 1626 2390 adulterii
1655 2332 1915 2386 innocen-

325 2438 439 2487 tem
478 2430 744 2485 liberare.
792 2429 936 2484 Ecce
990 2426 1166 2482 Adam
1225 2422 1470 2481 ccelestis
1524 2437 1664 2476 nova
1694 2418 1921 2490 opponit

318 2518 621 2577 veteribus.
656 2516 831 2572 Priori
860 2515 979 2572 vice
1009 2531 1075 2570 ex
1094 2513 1212 2569 solo
1243 2512 1367 2566 viro
1422 2510 1623 2566 femina
1651 2508 1793 2563 facta
1839 2513 1920 2561 est

325 2618 452 2673 sine
481 2620 682 2671 matre.
723 2612 980 2670 Secunda
1009 2627 1138 2667 vero
1167 2610 1251 2664 vir
1273 2625 1342 2664 ex
1371 2608 1490 2663 sola
1512 2606 1733 2661 muliere
1759 2612 1919 2659 natus

326 2714 412 2762 est
440 2705 555 2760 sine
587 2702 798 2760 carnali
825 2708 999 2772 patre.
1039 2699 1120 2753 Ex
1174 2690 1393 2753 feminis
1441 2694 1626 2751 decuit
1654 2708 1801 2748 nova
1829 2708 1922 2747 re-

325 2793 585 2864 demptio,
615 2808 645 2846 a
676 2789 874 2861 quibus
921 2785 1209 2859 praecessit
1236 2784 1461 2856 antiqua
1509 2781 1914 2855 praevaricatio.

322 2885 597 2939 Terrenus
627 2879 808 2934 Adam
863 2878 933 2933 de
984 2877 1303 2946 incorrupta
1332 2880 1484 2928 terra
1510 2870 1776 2928 formatus
1819 2876 1918 2925 est.

326 2968 610 3026 Secundus
630 2966 807 3023 Adam
835 2965 908 3021 de
937 2963 1255 3034 incorrupta
1290 2968 1342 3016 et
1372 2958 1719 3015 immaculata
1760 2965 1923 3013 carne

323 3063 557 3138 virginis
587 3062 788 3118 Mariae.

402 3174 427 3206 «
468 3154 596 3208 Haec
620 3154 801 3206 autem
822 3165 889 3206 eo
918 3148 1216 3221 cegitante,
1242 3162 1371 3204 ecce
1390 3144 1621 3218 angelus
1643 3141 1878 3199 Domini.
1898 3163 1920 3195 ι

325 3244 475 3299 Bono
503 3241 623 3298 viro
652 3248 703 3296 et
724 3241 896 3310 justo,
957 3238 1100 3293 bona
1127 3245 1181 3293 et
1204 3236 1354 3305 justa
1410 3233 1694 3307 cogitanti,
1750 3232 1928 3287 bonus

329 3340 382 3388 et
400 3333 578 3401 justus
606 3328 859 3402 apparuit
904 3326 1155 3381 nuntius.
1225 3325 1472 3396 Ideoque
1505 3321 1722 3378 additur
1754 3343 1777 3368 ‹‹
1812 3320 1929 3374 Do-

328 3427 462 3484 mini
495 3451 517 3477 »
551 3427 620 3482 ad
660 3423 1073 3483 distinctionem
1129 3424 1515 3493 apostatarum
1573 3418 1920 3490 angelorum.

330 3518 487 3572 Hunc
515 3512 780 3585 angelum
811 3511 1125 3568 Gabrielem
1152 3509 1305 3565 multi
1334 3516 1551 3580 putant,
1579 3509 1738 3576 juxta
1773 3507 1932 3560 Lucae

334 3604 555 3660 ﬁdelem
598 3600 995 3666 narrationem,
1067 3614 1177 3653 non
1237 3598 1361 3670 quia
1414 3596 1534 3667 ipse
1590 3594 1658 3649 sit
1712 3592 1933 3648 nuntius

329 3691 620 3749 nativitatis
683 3689 945 3752 omnium,
1022 3687 1152 3759 quia
1216 3686 1601 3757 interpretatur
1675 3680 1932 3737 fortitudo

336 3782 474 3850 Dei;
507 3788 560 3836 et
588 3779 821 3835 victoria
848 3776 1119 3832 bellorum
1169 3782 1251 3830 est
1281 3773 1330 3829 ei
1362 3772 1677 3829 commissa.
1714 3771 1780 3822 Et
1811 3768 1933 3822 ideo

338 3880 395 3935 in
426 3878 710 3933 nativitate
729 3874 951 3931 Joannis
1005 3883 1058 3929 et
1113 3873 1314 3929 Christi
1361 3871 1431 3927 ad
1487 3867 1811 3925 vincendum
1837 3864 1936 3920 ini-

342 3968 545 4024 micum
568 3965 899 4021 venientium
931 3970 1079 4018 recte
1112 3962 1362 4016 mittitur.
1409 3960 1575 4016 Recte
1604 3958 1674 4013 de
1703 3955 1936 4011 Domino

344 4080 561 4136 quoque
593 4062 856 4135 cogitanti
914 4066 1226 4132 opportuna
1279 4057 1563 4113 adhibetur
1609 4052 1933 4116 consolatio,

345 4162 488 4218 sicut
513 4169 568 4217 et
623 4160 835 4215 duobus
882 4158 938 4212 in
984 4157 1068 4212 via
1125 4154 1540 4212 ambulantibus
1570 4160 1821 4207 ostensus
1859 4158 1941 4205 est

348 4262 599 4317 Christus
628 4258 786 4331 (Luc.
820 4255 989 4329 xxiv).
1015 4276 1037 4307 ι
1066 4256 1127 4308 In
1153 4253 1359 4309 somnis
1380 4250 1652 4322 apparuit.
1690 4273 1712 4298 η
1748 4250 1941 4304 Sermo

344 4354 647 4428 apparendi
675 4353 955 4408 insolitam
983 4367 1099 4405 rem
1118 4348 1418 4422 significat.
1474 4346 1701 4402 Duobus
1756 4342 1939 4399 modis

347 4452 550 4510 locutio
581 4450 763 4506 divina
787 4447 1171 4521 distinguitur,
1191 4452 1284 4502 aut
1310 4461 1410 4515 per
1461 4442 1707 4515 angelos
1727 4448 1819 4496 aut
1844 4456 1945 4511 per

2016 1886 2096 1941 ait
2125 1906 2137 1941 :
2177 1910 2199 1936 α
2231 1888 2299 1941 Ει
2326 1886 2457 1941 dixit
2486 1886 2623 1941 mihi
2680 1888 2912 1958 angelus
2959 1889 3051 1959 qui
3078 1889 3405 1961 loquebatur
3442 1892 3498 1947 in
3526 1909 3615 1950 me

2019 1982 2222 2052 (Zach.
2263 1983 2362 2051 ιι).
2397 2006 2419 2031 ιι
2455 1984 2588 2038 Cum
2622 1999 2754 2040 vero
2771 1985 2860 2040 hic
2878 1985 3043 2040 beato
3067 1986 3269 2057 Joseph
3297 1990 3622 2060 apparuisse

2020 2070 2218 2127 dicitur
2250 2070 2496 2142 imagine
2548 2071 2700 2128 cordi
2753 2081 2973 2127 ostensa
3016 2076 3294 2144 apparuit.
3331 2099 3351 2123 ις
3387 2078 3616 2148 Joseph,

2019 2158 2094 2212 ﬁli
2126 2159 2318 2213 David.
2355 2184 2376 2207 ››
2411 2159 2749 2216 Blandientis
2784 2159 2981 2217 aﬂ‘ectu
3011 2161 3249 2233 loquitur
3276 2172 3464 2220 notum
3493 2183 3620 2221 eum

2022 2245 2337 2318 signiﬁcans
2368 2256 2427 2303 et
2454 2247 2796 2316 familiarem,
2831 2249 2988 2319 cujus
3017 2266 3217 2307 nomen
3246 2261 3302 2308 et
3329 2270 3504 2326 genus
3523 2256 3625 2310 de-

2023 2336 2287 2408 signatur.
2320 2336 2459 2393 Hinc
2488 2345 2715 2409 apparet
2742 2339 2883 2409 quod
2935 2354 3007 2394 ex
3080 2340 3273 2396 eadem
3303 2341 3443 2397 tribu
3470 2352 3627 2400 erant

2023 2425 2224 2495 Joseph
2246 2432 2297 2479 et
2347 2425 2545 2481 Maria.
2583 2427 2744 2480 Juxta
2774 2426 2907 2482 illud
2937 2448 2955 2482 :
2988 2451 3009 2475 α
3073 2429 3250 2485 Nemo
3295 2430 3580 2502 copuletur
3610 2451 3625 2487 :

2025 2512 2128 2568 nisi
2159 2513 2226 2568 de
2256 2513 2399 2568 tribu
2427 2530 2526 2570 sua
2554 2516 2755 2584 (Exod.
2815 2516 2994 2586 χχιιι).
3038 2540 3059 2564 η
3096 2520 3159 2571 In
3193 2534 3300 2589 quo
3328 2521 3627 2577 notandum

2027 2600 2173 2672 quod
2200 2617 2308 2657 non
2340 2609 2445 2657 tam
2477 2618 2643 2659 carne
2672 2620 2834 2675 quam
2868 2604 3063 2675 spiritu
3094 2605 3267 2661 ﬁlium
3295 2606 3477 2665 David
3505 2626 3628 2666 eum

2029 2697 2180 2763 dixit,
2214 2706 2269 2753 ut
2291 2700 2495 2768 justum
2515 2700 2697 2757 virum
2727 2716 2791 2756 ex
2821 2718 3028 2773 genere
3086 2703 3221 2771 justi
3268 2714 3630 2779 propagatum

2028 2796 2132 2851 hoc
2159 2796 2426 2853 meruisse
2456 2797 2793 2854 declararet.
2840 2821 2861 2847 α
2914 2799 3044 2853 Noli
3088 2799 3306 2867 timere,
3345 2824 3370 2849 η
3401 2811 3631 2872 apparet

2032 2884 2175 2955 quod
2205 2900 2372 2941 causa
2403 2886 2620 2942 timoris
2668 2887 2979 2958 apparuerit
3006 2887 3288 2944 dimittere
3326 2905 3473 2956 eam,
3506 2890 3632 2961 quia

2033 2973 2260 3029 timebat
2294 2973 2541 3045 profiteri
2601 2974 2843 3047 speciale
2900 2975 3234 3049 conjugium.
3299 2977 3432 3032 Vide
3488 2979 3634 3049 quod

2034 3065 2186 3117 metu
2221 3061 2312 3118 ille
2340 3079 2450 3119 non
2494 3063 2564 3118 sit
2615 3065 2909 3130 coercitus,
2969 3081 3079 3135 quo
3130 3065 3383 3136 accipere
3411 3081 3633 3122 uxorem

1956 3164 2005 3226 ί]
2035 3150 2338 3221 prohibitus
2373 3159 2475 3218 est,
2510 3152 2607 3208 sed
2633 3152 2857 3221 jubetur
2886 3169 2956 3208 ne
2984 3152 3055 3208 ad
3081 3168 3237 3208 suam
3264 3153 3636 3225 paenitentiam

2038 3239 2188 3293 illam
2219 3238 2477 3311 accipere
2509 3248 2795 3312 pavescat.
2833 3241 2988 3295 Prius
3024 3242 3185 3296 timor
3234 3242 3550 3313 expellitur,
3583 3253 3641 3298 ut

2036 3335 2297 3391 libentius
2349 3336 2589 3392 dicenda
2644 3346 2835 3408 postea
2891 3337 3201 3393 audiantur.
3246 3363 3268 3387 «ι
3330 3339 3639 3413 Conjugem

2041 3431 2208 3480 tuam.
2244 3448 2277 3507 υ.
2302 3425 2451 3480 Solet
2471 3425 2744 3497 scriptura
2773 3442 3011 3498 sponsas
3033 3428 3301 3500 conjuges
3326 3428 3417 3483 vel
3438 3444 3640 3484 uxores

2039 3535 2254 3576 vocare.
2288 3520 2417 3576 Sive
2472 3520 2597 3577 ideo
2642 3523 2813 3577 Maria
2867 3524 3063 3592 coniux
3118 3524 3343 3592 dicitur,
3378 3525 3505 3596 quia
3533 3524 3642 3580 sub

2041 3610 2234 3664 eodem
2256 3609 2391 3681 jugo
2418 3609 2689 3665 educandi
2720 3610 3055 3666 salvatorem
3093 3620 3238 3667 erat.
3283 3634 3306 3663 (ι
3341 3612 3525 3682 Quod,
3556 3613 3645 3667 in—

2040 3699 2176 3769 quit,
2207 3704 2417 3764 natum,
2461 3722 2481 3746 n
2532 3714 2639 3754 non
2672 3699 3009 3756 extrinsecus
3047 3709 3130 3755 est
3159 3701 3512 3772 seminatum,
3545 3702 3643 3758 sed

2042 3786 2111 3840 de
2142 3786 2345 3857 Spiritu
2373 3795 2589 3842 sancto.
2631 3789 2731 3843 Hic
2787 3789 3022 3844 solvitur
3079 3790 3227 3861 quod
3255 3792 3461 3862 Joseph
3504 3791 3646 3847 scie-

2044 3883 2134 3950 rit,
2193 3883 2324 3954 quid
2368 3884 2719 3955 ignoraverit.
2777 3887 3205 3956 (Αυιιυδτικυε.)
3263 3886 3371 3941 Sed
3426 3902 3536 3942 non
3569 3887 3642 3943 ob

2043 3971 2151 4026 hoc
2197 3972 2428 4042 Spiritus
2487 3980 2643 4043 pater
2709 3974 2908 4027 Christi
2965 3974 3371 4029 existimandus
3422 3983 3525 4041 est,
3585 3983 3647 4030 ut

2046 4060 2196 4114 Deus
2215 4061 2375 4116 Pater
2390 4062 2631 4116 Verbum
2647 4062 2917 4133 genuerit;
2937 4061 3175 4132 Spiritus
3195 4079 3329 4117 vero
3341 4062 3620 4118 hominem
3633 4103 3647 4117 .

2049 4156 2157 4211 Sed
2186 4156 2313 4228 quia
2342 4157 2463 4229 ejus
2504 4157 2809 4212 ministerio
2864 4157 3054 4212 civitas
3100 4158 3307 4212 Christi
3350 4158 3650 4228 adimpleta

2049 4244 2141 4299 sit.
2187 4269 2207 4292 »ι
2244 4246 2427 4300 Pariet
2455 4254 2637 4301 autem
2666 4244 2857 4300 tilium.
2905 4268 2927 4294 ιι
2992 4247 3196 4302 Parere
3252 4254 3435 4301 tamen
3483 4245 3651 4309 faciei,

2050 4344 2168 4400 sine
2196 4345 2389 4402 dolore
2435 4346 2701 4417 pariendi,
2752 4346 2892 4403 sicut
2950 4345 3068 4402 sine
3111 4347 3327 4418 peccati
3375 4347 3654 4402 voluntate

2052 4432 2156 4488 fuit
2201 4445 2525 4507 conceptus.
2588 4436 2678 4493 Sic
2733 4444 3110 4491 monstrantur
3166 4445 3399 4507 quatuor
3447 4436 3655 4492 incerta

350 4548 726 4621 semetipsum.
760 4546 869 4601 Sed
899 4519 1022 4601 cuin
1071 4559 1168 4614 per
1222 4540 1576 4611 semetipsum
1606 4540 1725 4594 sola
1754 4536 1938 4607 inspi—
1968 4519 2021 4579 D
2055 4532 2493 4606 uniuscujusque
2521 4535 2805 4591 nascentis
2840 4555 2851 4590 :
2889 4556 2911 4586 ι
2963 4534 3072 4603 Qui
3125 4536 3300 4606 pariet
3345 4535 3536 4601 ﬁlium,
3563 4536 3656 4607 qui

353 4648 569 4705 ratione
592 4645 801 4701 interna
828 4642 949 4698 sine
986 4638 1172 4696 verbis
1202 4646 1256 4693 et
1283 4637 1510 4707 syllabis
1564 4651 1661 4692 cor
1702 4635 1954 4697 docetur,

353 4746 480 4817 quia
532 4743 776 4798 auditum
833 4738 1028 4811 aperit,
1089 4742 1144 4792 ct
1200 4735 1408 4790 habere
1464 4732 1700 4789 sonitum
1748 4730 1948 4786 nescit.

357 4843 507 4898 Sicut
537 4840 765 4912 Spiritus
794 4837 1044 4909 Philippo
1086 4833 1251 4889 dixit:
1288 4856 1311 4881 «
1345 4834 1517 4905 Junge
1548 4839 1600 4887 te
1630 4830 1695 4885 ad
1729 4843 1956 4885 currum

366 4941 527 4994 istum
559 4938 702 5007 (Act.
726 4936 871 5005 vm).
917 4958 939 4981 »
973 4934 1111 4988 Cum
1143 4946 1274 4986 vero
1302 4944 1402 5001 per
1430 4928 1687 5000 angelum
1728 4927 1814 4980 his
1845 4940 1960 4979 mo-

364 5036 470 5101 dis,
502 5032 797 5106 aliquando
824 5030 1009 5087 verbis
1044 5028 1162 5083 sine
1190 5028 1304 5082 ulla
1347 5024 1605 5095 imagine,
1638 5022 1778 5078 sicut
1807 5020 1962 5076 Chri-

366 5142 452 5189 sto
481 5131 685 5188 dicenti
717 5149 728 5184 :
770 5151 792 5177 ‹‹
828 5128 986 5183 Pater
1014 5124 1256 5183 clariﬁca
1285 5121 1481 5179 Filium
1532 5130 1703 5186 tuum,
1741 5142 1763 5166 η
1797 5117 1963 5189 proti-

366 5248 472 5287 nus
518 5227 917 5301 respondetur:
953 5246 976 5272 ι
1038 5222 1366 5287 Clariticavi,
1426 5228 1479 5276 et
1525 5219 1722 5275 iterum
1753 5214 1962 5272 clariﬁ-

368 5328 506 5385 cabo
535 5328 718 5398 (Ιοαη.
751 5323 867 5393 xu).
903 5344 925 5371 »
959 5321 1029 5375 Et
1054 5318 1287 5391 reliqua.
1320 5317 1629 5390 Aliquando
1658 5315 1827 5371 rebus
1847 5312 1964 5368 sine

368 5423 576 5482 verbis.
601 5422 749 5478 Sicut
778 5416 1034 5475 Ezechiel
1079 5416 1284 5472 Electri
1334 5414 1571 5486 speciem
1604 5412 1738 5467 vidit
1765 5412 1820 5465 in
1848 5426 1963 5465 me-

373 5521 465 5577 dio
494 5519 641 5593 ignis
664 5517 890 5589 (Ezech.
921 5515 982 5585 ι),
1012 5529 1113 5585 per
1132 5514 1275 5568 hanc
1303 5510 1510 5567 Christi
1538 5507 1965 5566 incarnationem

378 5615 719 5689 designans;
766 5609 1070 5683 aliquando
1111 5608 1288 5667 verbis
1316 5615 1371 5663 et
1401 5607 1585 5673 rebus,
1626 5605 1764 5660 sicut
1792 5603 1965 5657 Adam

378 5713 825 5771 deambulantem
853 5709 1143 5767 Dominum
1169 5707 1227 5762 in
1251 5705 1503 5779 paradiso
1532 5712 1652 5776 post
1681 5702 1966 5758 meridiem

382 5812 517 5872 vidit
544 5813 706 5885 (Gen.
740 5810 840 5880 ιιι),
874 5806 1190 5880 signiﬁcans
1235 5805 1415 5863 lucem
1442 5800 1684 5860 veritatis
1714 5817 1743 5853 a
1775 5816 1834 5854 se
1867 5815 1965 5853 re-

2063 4622 2343 4678 vocabitur
2369 4624 2554 4690 Jesus,
2586 4624 2678 4695 qui
2734 4623 2947 4679 salvum
2981 4623 3142 4679 faciet
3182 4624 3443 4695 populum
3468 4640 3649 4689 suum,

2066 4724 2119 4772 et
2147 4717 2392 4785 vocabis,
2425 4726 2537 4774 etc.
2579 4741 2602 4767 η
2639 4718 2685 4773 Ο
2729 4719 2957 4789 Joseph,
3009 4718 3233 4774 vocibus
3262 4721 3653 4790 prOphetarum

2066 4830 2179 4869 non
2206 4814 2574 4870 contradicas.
2605 4815 2923 4869 Notandum
2963 4814 3109 4885 quod
3163 4815 3313 4883 juxta
3342 4815 3656 4869 Matthaeum

2064 4913 2134 4967 ad
2160 4913 2388 4984 Joseph,
2421 4912 2571 4981 juxta
2600 4912 2797 4966 Lucam
2853 4912 2926 4966 ad
2980 4911 3202 4965 Mariam
3234 4927 3431 4966 vocare
3459 4927 3659 4966 nomen

2064 5010 2222 5081 pueri
2254 5009 2578 5081 praedictum
2606 5008 2695 5075 sit,
2729 5007 2854 5079 quia
2880 5008 3039 5061 Jesus
3068 5007 3138 5061 ad
3183 5007 3422 5063 salutem
3452 5008 3660 5064 utrius-

2068 5124 2173 5179 que
2205 5123 2366 5163 sexus
2395 5107 2561 5164 venit.
2592 5107 2786 5162 Jesum
2816 5104 3058 5176 sequitur
3097 5106 3435 5178 etymologia
3474 5106 3657 5161 nomi-

2069 5203 2153 5258 nis
2182 5220 2305 5260 cum
2330 5205 2403 5259 ait
2435 5221 2447 5257 :
2487 5227 2508 5252 ι‹
2560 5204 2685 5274 Ipse
2723 5201 2869 5258 enim
2927 5199 3143 5258 salvum
3200 5202 3364 5259 faciet
3397 5203 3663 5275 populum

2070 5318 2249 5357 suum.
2284 5322 2307 5351 ι
2342 5303 2484 5357 Vere
2513 5318 2643 5356 suus
2671 5301 2796 5373 quis
2826 5300 2945 5355 aliis
2975 5316 3097 5356 esse
3128 5301 3300 5372 possit
3327 5318 3357 5355 a
3386 5302 3656 5375 peccatis.

2071 5399 2270 5454 Contra
2298 5396 2516 5453 Iudaeos
2554 5398 2646 5469 qui
2690 5405 2880 5468 putant
2936 5398 3196 5470 populum
3248 5414 3437 5455 eorum
3466 5400 3535 5455 de
3572 5416 3665 5456 ca-

2069 5494 2428 5567 ptivitatibus,
2480 5509 2589 5549 non
2643 5496 2711 5550 de
2767 5494 3003 5566 peccatis
3059 5510 3159 5565 per
3206 5496 3473 5551 Christum
3532 5496 3670 5552 libe-

2072 5593 2322 5649 randum.
2354 5593 2502 5648 Nota
2533 5592 2677 5663 quod
2699 5593 2816 5662 ejus
2847 5600 2928 5647 est
2959 5592 3126 5661 salus,
3156 5602 3343 5649 nostra
3375 5610 3502 5652 vero
3543 5601 3671 5648 sunt

2071 5701 2297 5768 peccata
2309 5737 2323 5751 .

2834 5818 2904 5830 I—
