4010 6074
488 226 588 283 ἿἹΙ

1620 215 1967 277 WERNERI
2004 223 2294 282 ABBATIS
2331 226 2387 283 S.
2429 229 2651 286 BLASII

3677 247 3775 305 ἿΊΞ

595 348 830 408 SERMO
894 347 989 401 DE
1050 343 1644 436 DESPQNSATIONE
1711 345 2006 401 SANCTZE
2104 353 2158 410 Α
2188 349 2646 408 benedicerentur
2701 371 2893 413 omnes
2939 361 3160 431 gentes,
3216 359 3284 418 ita
3341 367 3778 436 prudentissima

1129 435 1383 490 MARUE.

563 569 584 593 ει
630 546 691 598 In
721 542 838 599 sole
865 541 1043 614 posuit
1070 540 1476 597 tabernaculum
1509 557 1686 607 suum,
1720 549 1774 597 et
1803 541 1921 612 ipse
1950 551 2077 597 tan—

487 649 652 705 quam
689 646 919 704 sponsus
971 629 1276 702 procedens
1330 629 1398 684 de
1453 629 1694 684 thalamo
1763 646 1862 684 suo
1894 629 2077 701 (Ρεαι.

485 731 663 803 xvm).
704 754 725 779 ιι
761 733 870 784 Iste
899 745 1135 800 sponsus
1164 743 1288 784 cum
1313 727 1555 783 Verbum
1585 743 1714 784 caro
1748 727 1943 783 factum
1975 737 2078 794 est,

485 821 542 875 in
598 828 756 875 utero
812 817 1066 891 virginali
1113 816 1409 872 thalamum
1467 816 1672 871 invenit
1723 825 1886 887 atque
1927 816 2074 885 inde,

485 911 745 964 humanae
801 907 1127 977 conjunctus
1185 913 1412 968 naturae,
1473 912 1733 976 tanquam
1781 904 1853 959 de
1882 905 2080 961 castis-

487 999 624 1052 simo
673 994 949 1068 processit
999 994 1186 1058 cubili,
1245 993 1466 1048 humilis
1520 992 1896 1048 misericordia
1941 993 2082 1048 infra

483 1110 674 1151 omnes
718 1091 875 1148 fortis
921 1091 1214 1160 majestate
1270 1105 1438 1161 supra
1494 1105 1709 1144 omnes.
1744 1089 1914 1159 Hujus
1957 1104 2083 1145 cono

476 1181 773 1252 junctionis
834 1179 1034 1235 Christi
1091 1186 1145 1234 et
1207 1178 1470 1233 Ecclesiae
1536 1185 1937 1233 sacramentum
1998 1184 2082 1233 est

482 1269 797 1342 conjugium
854 1270 1170 1323 humanum.
1231 1265 1393 1334 Quod
1439 1266 1754 1338 conjugium
1815 1265 2084 1321 diﬂinitur

482 1375 607 1416 esse
663 1358 813 1413 solus
884 1372 1208 1422 consensus,
1269 1355 1338 1410 de
1389 1370 1624 1426 quorum
1696 1355 2080 1425 conjunctione

481 1448 688 1520 agitur.
754 1444 900 1500 Alibi
951 1445 1112 1500 etiam
1182 1443 1402 1500 dicitur.
1450 1467 1471 1490 ιι
1535 1444 1719 1499 Coitus
1782 1459 1893 1500 non
1949 1443 2079 1500 facit

478 1541 886 1598 matrimonium
913 1541 1014 1596 sed
1037 1540 1310 1597 voluntas.
1347 1564 1370 1588 υ
1404 1542 1539 1596 Item
1574 1556 1586 1595 :
1625 1565 1645 1588 α
1689 1541 1812 1596 Non
1842 1541 2078 1596 deﬂora-

481 1633 554 1688 tio
582 1630 915 1702 virginitatis
961 1629 1090 1685 facit
1134 1628 1469 1701 conjugium,
1523 1629 1623 1684 sed
1673 1629 1851 1700 pactio
1874 1630 2073 1699 conju-

2190 439 2356 512 Virgo
2385 441 2626 498 obedivit
2679 444 2795 500 Deo
2828 446 3039 515 jubenti
3094 466 3195 521 per
3241 463 3498 523 parentes
3555 474 3694 523 suos
3721 469 3775 517 ut

2189 526 2634 620 desponsaretur,
2677 541 2732 588 et
2787 543 2973 591 tamen
3029 539 3331 597 certissime
3368 545 3622 616 credidit,
3657 537 3778 620 quia

2189 632 2289 688 per
2317 619 2716 689 providentiam
2746 622 2845 678 Dei
2875 625 3241 684 custodiretur
3283 629 3488 688 intacta
3526 635 3597 698 ab
3637 619 3779 694 omni

2188 705 2333 762 virili
2372 709 2768 779 commistione,
2828 712 2972 769 sicut
3029 723 3082 770 et
3133 716 3188 771 in
3241 718 3362 790 ipsa
3405 736 3461 776 re
3509 724 3780 796 completa

2189 803 2426 850 constat.
2488 798 2741 854 Attamen
2796 817 2927 857 vere
2983 804 3184 873 conjux
3231 806 3331 862 fuit
3375 818 3607 881 propter
3644 827 3778 870 con-

2187 899 2410 939 sensum
2452 887 2755 960 conjugalis
2797 890 3095 962 pactionis,
3147 910 3258 950 non
3295 905 3522 970 propter
3551 915 3782 958 consen-

2189 997 2308 1036 sum
2349 984 2583 1072 carnalis
2621 987 3040 1056 conjunctionis.
3093 992 3417 1067 Conjugium
3457 997 3662 1072 quippe
3701 1010 3781 1056 est

2194 1084 2502 1128 consensus
2539 1071 2813 1147 legitimus
2853 1077 2924 1134 de
2961 1080 3346 1149 conjunctione
3385 1071 3619 1146 duarum
3655 1088 3778 1145 ido-

2186 1175 2411 1252 nearum
2448 1178 2824 1252 personarum,
2857 1166 2955 1222 sed
2992 1184 3102 1225 non
3140 1170 3210 1227 de
3246 1172 3634 1242 conjunctione
3660 1195 3777 1252 qua:

2187 1249 2247 1303 fit
2284 1266 2385 1320 per
2421 1251 2648 1321 coitum,
2690 1254 2788 1310 sed
2818 1254 2888 1311 de
2916 1258 3300 1328 conjunctione
3337 1279 3456 1335 quae
3485 1263 3545 1319 ﬁt
3582 1265 3640 1320 in
3677 1249 3778 1324 de-

2188 1339 2558 1410 sponsatione.
2592 1342 2672 1396 Ex
2711 1343 2890 1414 prima
2946 1346 3152 1420 quippe
3199 1349 3643 1423 desponsationis
3671 1355 3778 1414 fide

2186 1437 2449 1510 conjuges
2515 1439 2877 1510 appellantur.
2917 1442 3362 1519 (AUGUSTINUS).
3405 1449 3620 1520 Quibus
3663 1453 3778 1525 pla-

2184 1525 2358 1580 cuerit
2385 1542 2452 1580 ex
2488 1541 2782 1597 consensu,
2813 1531 2881 1585 ab
2909 1547 3008 1588 usu
3030 1534 3271 1591 carnalis
3291 1540 3773 1612 concupiscentia,

2180 1619 2237 1676 id
2268 1628 2356 1677 est
2384 1632 2703 1696 perpetuum
2732 1627 3028 1696 continere,
3061 1631 3204 1687 absit
3231 1640 3290 1688 ut
3327 1635 3607 1693 vinculum
3634 1639 3777 1697 inter

480 1721 644 1793 galis.
689 1740 712 1770 »
746 1721 826 1774 Ex
855 1719 941 1772 his
970 1717 1315 1773 manifestum
1346 1726 1446 1786 est,
1482 1719 1610 1790 quia
1643 1718 1949 1773 commistio
1980 1733 2057 1774 se-

2182 1709 2636 1806 illos-conjugale
2692 1719 3017 1806 rumpatur!
3074 1719 3184 1776 imo
3242 1721 3457 1780 firmum
3499 1727 3626 1796 erit,
3669 1747 3776 1806 quo

481 1837 645 1876 xuum
675 1835 784 1874 non
815 1827 897 1874 est
925 1819 1259 1889 conjugium,
1293 1818 1389 1872 sed
1420 1835 1557 1889 opus
1587 1818 1848 1890 conjugii,
1873 1833 2072 1890 quam-

479 1910 562 1965 vis
595 1910 700 1964 Leo
731 1923 875 1980 papa
903 1907 1044 1964 dicat
1075 1922 1086 1961 :
1144 1931 1163 1954 α
1212 1908 1344 1961 Cum
1397 1908 1630 1962 societas
1661 1907 1966 1976 nuptiarum
1996 1906 2072 1960 ita

477 1997 546 2054 ab
577 1997 729 2052 initio
783 1996 1072 2052 constituta
1129 1996 1216 2056 sit,
1253 2003 1306 2048 ut
1357 2011 1466 2050 non
1512 1995 1580 2048 sit
1615 2004 1817 2066 praeter
1845 2010 2070 2049 sexuum

476 2093 931 2163 conjunctionem,
991 2107 1111 2164 quae
1160 2090 1322 2146 habet
1378 2090 1432 2143 in
1489 2107 1548 2144 se
1608 2090 1804 2145 Christi
1860 2097 1913 2145 et
1957 2091 2070 2146 Ec-

485 2183 688 2248 clesiae,
723 2188 1145 2245 sacramentum,
1165 2179 1383 2234 dubium
1411 2194 1521 2234 non
1545 2182 1626 2234 est
1641 2195 1759 2234 eam
1784 2178 2069 2234 mulierem

475 2289 585 2328 non
640 2271 913 2342 pertinere
959 2271 1030 2323 ad
1089 2267 1511 2333 matrimonium,
1570 2267 1624 2321 in
1683 2283 1789 2339 qua
1843 2267 2069 2322 docetur

475 2368 722 2440 nuptiale
751 2364 1075 2437 mysterium
1131 2381 1240 2420 non
1300 2364 1489 2418 fuisse.
1528 2388 1549 2410 ιι
1603 2364 1708 2422 Sed
1766 2363 1869 2417 nisi
1926 2379 2064 2419 con-

471 2457 751 2513 venienter
779 2454 922 2509 istud
959 2453 1309 2524 intelligatur,
1346 2451 1681 2509 contrarium
1711 2452 1924 2507 videtur
1950 2454 2064 2507 Au-

471 2545 691 2620 gustino
752 2543 843 2616 qui
899 2542 1094 2597 asserit
1141 2541 1300 2597 etiam
1364 2540 1659 2612 perfectius
1710 2556 1774 2596 ac
1821 2540 2065 2595 sanctius

473 2641 784 2715 conjugium
844 2639 988 2694 inter
1035 2654 1130 2695 eos
1185 2654 1306 2693 esse
1365 2637 1455 2708 qui
1507 2654 1574 2693 ex
1617 2636 1890 2693 communi
1927 2653 2062 2694 con-

475 2748 640 2788 sensu
696 2728 973 2784 abstinere
1031 2742 1251 2798 semper
1291 2727 1359 2780 ab
1406 2726 1716 2795 hujusmodi
1764 2741 1928 2796 Opere
1957 2726 2060 2781 de-

471 2827 779 2878 creverunt.
842 2817 907 2871 Et
959 2815 1088 2887 quia
1136 2816 1350 2887 quidam
1402 2829 1703 2870 consensus
1742 2830 1864 2870 esse
1921 2829 2057 2870 con-

463 2909 677 2982 jugium
726 2905 1012 2970 aﬂirmant,
1060 2903 1318 2976 quaeritur
1365 2904 1518 2973 cujus
1565 2904 1643 2958 rei
1671 2918 1971 2959 consensus
1993 2901 2058 2958 sit

469 2995 801 3068 conjugium.
843 2991 1076 3062 Quidam
1129 2991 1464 3063 respondent
1515 3006 1841 3046 consensum
1901 3006 2059 3046 com-

2181 1800 2360 1872 magis
2409 1816 2471 1856 ea
2523 1809 2680 1872 pacta
2737 1818 2896 1860 sacra
2955 1805 3192 1864 inierunt
3257 1828 3376 1881 qua;
3413 1815 3596 1871 carius
3635 1800 3773 1875 con-

2181 1887 2507 1960 cordiusque
2577 1891 2868 1960 servanda,
2925 1909 3035 1950 non
3090 1896 3409 1956 voluntariis
3479 1918 3772 1977 corporum

2180 1985 2428 2051 nexibus,
2489 1987 2586 2043 sed
2643 1989 2967 2048 voluntariis
3008 1995 3236 2051 nexibus
3292 1999 3625 2060 animorum.
3663 2005 3771 2066 Ne-

2179 2090 2282 2146 que
2311 2073 2455 2129 enim
2510 2075 2773 2133 fallaciter
2825 2080 2894 2134 ab
2949 2083 3145 2154 angelo
3191 2085 3394 2142 dictum
3449 2098 3560 2146 est.
3608 2113 3631 2158 s
3671 2095 3766 2152 Jo-

2177 2163 2333 2233 sepb,
2396 2164 2507 2219 noli
2553 2166 2802 2238 accipere
2854 2169 3087 2226 Mariam
3162 2174 3454 2250 conjugem
3511 2183 3688 2245 tuam.
3743 2211 3762 2232 .

2177 2259 2394 2329 Conjux
2458 2271 2688 2318 vocatur
2751 2281 2813 2321 ex
2881 2267 3052 2338 prima
3131 2271 3572 2346 desponsationis
3636 2282 3762 2352 fide,

2177 2365 2336 2420 quam
2376 2367 2476 2406 nec
2514 2353 2806 2410 concubitu
2872 2363 3249 2432 cognoverat,
3294 2380 3400 2422 nec
3448 2365 3626 2426 fuerat
3663 2361 3760 2428 co?

2173 2437 2456 2513 gniturus.
2503 2440 2618 2497 Nec
2656 2443 2884 2514 perierat
2921 2435 3024 2503 nec
3047 2450 3282 2506 mendax
3311 2466 3592 2520 manserat
3629 2477 3764 2517 con-

2166 2525 2373 2599 jugalis
2411 2529 2727 2600 appellatio,
2768 2533 2860 2588 ubi
2899 2550 3003 2591 nec
3042 2535 3241 2605 fuerat,
3282 2557 3386 2598 nec
3431 2543 3616 2603 futura
3646 2530 3763 2608 erat

2169 2622 2277 2723 ulla
2316 2625 2504 2723 carnis
2571 2627 2902 2686 commistio.
2979 2633 3107 2690 Erat
3172 2638 3373 2712 quippe
3443 2641 3538 2699 illa
3602 2647 3763 2723 virgo

2168 2712 2295 2809 ideo
2334 2715 2574 2809 sanctius
2622 2725 2676 2772 et
2728 2720 3027 2801 mirabilius
3073 2723 3261 2800 juncta
3300 2744 3400 2786 suo
3454 2732 3591 2802 viro,
3635 2712 3763 2809 quia

2170 2801 2336 2857 etiam
2374 2803 2607 2859 fecunda
2655 2805 2772 2862 sine
2831 2807 2950 2864 viro
2986 2811 3147 2881 prole
3205 2815 3409 2890 dispar,
3453 2801 3762 2882 ﬁdeicom-

2165 2905 2283 2960 par,
2317 2899 2541 2963 propter
2570 2894 2714 2966 quod
2744 2893 2904 2962 ﬁdele
2946 2900 3264 2974 conjugium
3302 2917 3556 2978 parentes
3596 2893 3761 2971 Chri-

2166 2978 2234 3033 sti
2273 2979 2434 3035 ambo
2472 2982 2658 3038 vocari
2697 2995 3029 3055 meruerunt,
3072 2997 3126 3044 et
3157 3007 3267 3047 non
3305 2993 3482 3055 solum
3519 2999 3611 3057 illa
3641 3020 3762 3061 ma-

464 3067 735 3141 mistiOnis
791 3097 1019 3138 sexuum
1059 3096 1181 3136 esse
1232 3078 1574 3152 conjugium.
1645 3079 1753 3135 Sed
1803 3079 2058 3149 objicitur
2087 3067 2136 3130 C
2170 3074 2542 3162 ter,_verl_1m
2607 3070 2766 3126 etiam
2830 3073 2922 3130 ille
2975 3084 3133 3147 Pater
3179 3079 3319 3150 eius.
3369 3085 3507 3142 sieut
3556 3093 3761 3162 conqu

466 3175 612 3248 quod
641 3170 950 3242 conjugium
980 3169 1280 3240 perfectum
1326 3177 1410 3224 est
1456 3168 1618 3224 etiam
1668 3168 1810 3224 inter
1839 3184 1936 3224 eos
1966 3168 2059 3242 qui

464 3276 569 3328 hoc
655 3275 1089 3343 proposuerunt,
1170 3267 1313 3338 quod
1407 3265 1463 3320 in
1539 3275 1862 3338 perpetuum
1954 3265 2055 3321 ab-

465 3362 698 3417 stineant
752 3359 822 3414 ab
852 3358 955 3412 hoc
1011 3370 1198 3426 opere.
1263 3356 1334 3410 Et
1392 3354 1560 3410 Maria
1617 3355 1814 3424 conjux
1853 3355 2054 3427 Joseph

464 3456 693 3505 vocatur
731 3463 850 3518 quae
888 3455 1071 3500 tamen
1109 3445 1234 3514 ipsa
1272 3443 1563 3514 respondet
1579 3443 1776 3516 angelo
1805 3464 1822 3499 :
1851 3467 1872 3491 «
1899 3443 2052 3512 Quo-

464 3545 628 3600 modo
693 3542 785 3597 ﬁet
835 3540 979 3595 istud
1054 3538 1314 3610 quoniam
1371 3538 1549 3593 virum
1616 3554 1724 3594 non
1777 3554 2052 3611 cognosco

466 3635 624 3702 (Luc.
685 3631 777 3700 1)»
850 3628 1138 3698 Quomodo
1210 3625 1336 3682 fieri
1401 3634 1577 3698 potest
1630 3635 1688 3682 ut
1724 3628 2048 3699 concipiam,

462 3721 792 3794 pariamque
829 3716 1021 3785 filium,
1081 3731 1204 3786 quas
1260 3715 1314 3769 in
1354 3715 1676 3770 castimonia
1731 3716 2051 3788 virginitatis

462 3819 627 3875 vitam
657 3827 1040 3871 consummare
1087 3812 1382 3883 disposui?
1408 3812 1497 3867 Ad
1537 3812 1681 3884 quod
1719 3813 1916 3869 iterum
1947 3830 2050 3886 op-

459 3907 693 3980 ponitur.
731 3903 838 3959 Sed
866 3918 976 3957 non
1017 3900 1204 3956 habuit
1248 3901 1582 3957 voluntatem
1612 3902 1845 3957 carnalis
1887 3903 2049 3972 hujus

461 3992 801 4054 contubernii
867 3991 1029 4044 beata
1095 3989 1289 4063 Virgo.
1361 3987 1544 4057 Quare
1608 3991 1882 4046 consensit
1946 3992 2045 4048 de-

459 4081 764 4158 sponsari?
802 4079 901 4136 Cui
968 4077 1264 4150 opponenti
1331 4077 1411 4134 sic
1475 4079 1816 4150 repondetur
1853 4095 1883 4134 a
1922 4079 2045 4152 qui-

457 4174 713 4232 busdam.
753 4169 914 4223 Aliud
951 4176 1034 4224 est
1081 4166 1426 4238 deSponsari,
1486 4167 1635 4223 aliud
1691 4176 1773 4224 est
1811 4169 2045 4224 commi-

455 4263 615 4329 sceri,
671 4260 812 4315 sicut
857 4256 1006 4313 aliud
1057 4264 1143 4312 est
1199 4256 1536 4328 conjugium,
1593 4257 1741 4312 aliud
1788 4266 1872 4313 est
1908 4274 2046 4328 opus

454 4359 646 4431 ipsius,
689 4356 830 4411 sicut
886 4353 1034 4408 aliud
1099 4360 1182 4408 est
1245 4352 1670 4423 presbyterium,
1737 4353 1885 4409 aliud
1922 4352 2044 4409 ofﬁ-

2165 3155 2358 3211 matris
2423 3158 2563 3226 ejus,
2632 3171 2922 3234 utrumque
2985 3175 3190 3235 mente,
3255 3187 3370 3229 non
3433 3155 3762 3241 carne-Et

2164 3259 2325 3343 omne
2355 3245 2666 3318 nuptiarum
2705 3249 2908 3306 bonum
2957 3253 3240 3326 impletum
3290 3270 3373 3316 est
3410 3262 3462 3319 in
3514 3266 3624 3324 illis
3661 3287 3757 3343 pa-

2163 3341 2406 3396 rentibus
2446 3343 2665 3411 Christi,
2707 3348 2914 3416 proles,
2955 3347 3111 3419 ﬁdes,
3155 3367 3575 3419 sacramentum.
3619 3341 3757 3423 Pro-

2161 3428 2268 3484 lem
2306 3433 2692 3504 cognoscimus
2728 3435 2906 3507 ipsum
2928 3438 3100 3495 Deum
3136 3444 3359 3514 Iesum;
3390 3447 3573 3520 ﬁdem,
3607 3457 3758 3528 quod

2160 3524 2373 3620 nullum
2437 3527 2791 3620 adulterium;
2861 3547 3282 3610 sacramentum,
3348 3546 3473 3620 quia
3542 3524 3753 3615 nullum

2160 3614 2473 3715 divortium.
2524 3617 2667 3716 Sed_
2698 3621 2984 3716 sciendum
3034 3629 3180 3698 quod
3245 3614 3446 3690 bonam
3485 3640 3751 3716 conjugii,

2158 3718 2270 3758 non
2319 3704 2498 3776 ipsum
2546 3709 2861 3780 conjugium
2919 3713 3248 3787 tripertitum
3318 3727 3403 3792 est
3466 3723 3522 3782 in
3580 3704 3751 3800 fidas,

2157 3801 2358 3872 proles,
2411 3813 2827 3864 sacramentum.
2882 3808 3125 3879 Quorum
3189 3817 3425 3888 primum
3483 3828 3754 3890 munditia

2157 3889 2420 3964 conjugii,
2489 3895 2788 3950 secundum
2853 3897 3063 3956 fructus
3137 3903 3280 3974 ejus,
3347 3911 3563 3970 tertium
3632 3889 3749 3975 sta?

2156 3977 2338 4078 bilitas
2365 3978 2530 4035 illius.
2568 3983 2803 4078 Itlam-in
2865 3985 2970 4042 fide
3036 3993 3350 4064 attenditur,
3411 4015 3481 4056 ne
3521 4015 3752 4078 propter

2155 4065 2439 4122 vinculum
2478 4069 2774 4144 conjugale
2839 4090 2960 4130 cum
3030 4078 3204 4137 altero
3264 4084 3350 4140 vel
3411 4065 3582 4147 altera
3611 4065 3750 4154 con-

2154 4161 2456 4258 cumbatur,
2500 4163 2554 4258 in
2600 4168 2792 4258 prole,
2835 4178 2892 4225 ut
2944 4173 3241 4232 animatum
3299 4183 3655 4258 suscipiatur,
3697 4204 3748 4252 et

2153 4248 2414 4321 religiose
2458 4253 2738 4323 educetur,
2780 4257 2834 4312 in
2875 4269 3243 4333 sacramento,
3313 4279 3370 4325 ut
3425 4248 3746 4354 conjugium

2152 4357 2604 4438 non__separetur,
2664 4361 2716 4408 et
2772 4355 3030 4415 dimissus
3085 4369 3139 4417 et
3193 4363 3420 4426 dimissa
3475 4389 3547 4432 ne
3575 4391 3747 4438 causa

451 4424 595 4513 cium
633 4424 777 4523 ejus.
798 4450 944 4504 Nam
985 4449 1277 4519 presbyter
1305 4453 1389 4504 est
1426 4465 1494 4504 ex
1534 4449 1871 4506 ordinatione
1901 4450 2039 4520 sola,

2167 4435 2513 4534 prolisalteri
2541 4441 2926 4516 conjungatur.
2958 4447 3115 4518 Quod
3159 4453 3341 4525 ipsum
3369 4424 3746 4526 sonasti};

453 4552 614 4609 etiam
644 4549 690 4604 si
718 4561 994 4618 nunquam
1026 4545 1251 4600 missam
1280 4546 1544 4602 celebret.
1578 4547 1878 4618 Presbyter
1905 4563 2040 4621 ergo
2143 4525 2308 4596 jugii,
2337 4525 2506 4623 idest
2534 4542 2954 4623 sacramentum,
2987 4547 3068 4594 est
3114 4555 3539 4623 sacramentum,
3571 4555 3629 4612 id
3656 4525 3746 4616 es,

451 4663 532 4712 est
572 4671 638 4710 ex
674 4656 964 4724 potestate,
1019 4662 1128 4702 non
1180 4663 1253 4705 ex
1309 4655 1456 4704 actu.
1529 4648 1790 4704 Similiter
1841 4650 2038 4718 conju-

449 4754 601 4828 gium
656 4746 902 4807 consistit
964 4744 1022 4800 in
1087 4752 1371 4816 potestate,
1442 4762 1560 4819 qum
1598 4747 1892 4802 attrahitur
1941 4764 2041 4819 per

447 4845 923 4920 desponsationem
967 4849 1021 4897 et
1067 4841 1372 4913 pactionem
1419 4840 1790 4915 conjugalem,
1831 4859 1941 4899 non
1983 4845 2038 4898 in

447 4946 610 5004 coitu.
668 4945 738 4999 Et
774 4941 912 4998 sicut
949 4938 1146 5012 aliquis
1201 4938 1471 4995 consentit
1508 4939 1579 4994 ad
1633 4940 1755 5007 hoc,
1805 4948 1862 4995 ut
1898 4957 2034 5012 pre-

447 5046 633 5116 sbyter
664 5041 968 5105 ordinetur,
1025 5036 1153 5093 licet
1207 5038 1406 5093 habeat
1468 5037 1522 5093 in
1563 5039 1839 5096 voluntate
1887 5040 2034 5111 quod

444 5156 722 5213 nunquam
767 5138 1006 5195 celebret
1059 5136 1297 5202 missam,
1359 5136 1497 5192 sicut
1553 5136 1752 5209 legitur
1805 5136 1873 5192 de
1905 5137 2033 5209 qui-

448 5239 705 5294 busdam:
767 5236 845 5292 sic
902 5235 1058 5290 beata
1113 5233 1266 5305 virgo
1321 5234 1493 5290 Maria
1555 5235 1714 5306 plena
1755 5235 2054 5293 voluntate-

447 5334 714 5394 consentit
741 5333 847 5388 illis
897 5331 1148 5387 omnibus
1189 5348 1307 5403 quae
1361 5331 1420 5386 in
1470 5332 1892 5404 desponsatione
1939 5350 2030 5390 so—

444 5430 694 5490 lemniter
749 5427 863 5483 fieri
918 5427 1157 5482 debeant
1210 5428 1355 5484 circa
1401 5444 1480 5493 se,
1537 5429 1665 5486 licet
1717 5445 1882 5502 quam
1911 5431 2026 5486 Deo

444 5535 670 5587 voverat
698 5524 1084 5598 virginitatem,
1117 5541 1396 5596 nunquam
1434 5525 1638 5582 violare
1674 5527 1853 5583 vellet.
1883 5528 2022 5583 Nam

440 5633 583 5686 sicut
612 5625 885 5683 Abraham
914 5629 1132 5694 paratus
1179 5629 1292 5676 erat
1321 5624 1436 5678 Deo
1487 5625 1697 5694 jubenti
1735 5625 2024 5682 immolare

443 5729 610 5786 lilium
643 5739 822 5790 suum,
854 5737 918 5777 ex
949 5733 1057 5790 quo
1099 5725 1280 5774 tamen
1316 5721 1572 5788 sperabat
1614 5739 1801 5778 semen
1829 5722 1881 5777 in
1913 5739 2021 5795 quo

2149 4627 2318 4707 sacrae
2346 4614 2426 4670 rei
2451 4615 2687 4711 signum,
2710 4622 2926 4711 scilicet
2979 4627 3358 4702 inseparabilis
3389 4614 3742 4711 oonjimctio;

2145 4696 2251 4766 nis,
2336 4715 2458 4769 quae
2503 4701 2646 4759 inter
2700 4705 2974 4765 Christum
3046 4696 3116 4776 ρι’
3170 4696 3742 4790 Εωιθεὶιωῖῃίῶξιι

2145 4792 2292 4869 quod
2355 4799 2728 4872 unusquisque
2800 4805 3000 4866 habeat
3077 4825 3236 4869 suam
3310 4833 3555 4891 uxorem,
3625 4845 3737 4887 non

2142 4908 2295 4964 suas,
2363 4905 2416 4952 et
2470 4914 2810 4974 unaquaeque
2893 4921 3053 4962 suum
3130 4910 3325 4982 virum,
3389 4933 3501 4976 non
3565 4939 3727 4983 suos.

2139 4992 2210 5048 Et
2241 4993 2384 5065 quod
2413 5008 2597 5051 eorum
2629 5011 2833 5068 corpus
2871 5004 2954 5056 est
3004 5018 3193 5075 unum,
3236 5017 3288 5066 et
3315 5013 3528 5074 animus
3565 5036 3730 5093 unus,

2139 5103 2476 5151 sacramenta
2533 5104 2658 5154 sunt
2701 5099 2898 5161 Christi
2946 5111 3003 5162 et
3039 5106 3328 5178 Ecclesiae,
3361 5117 3450 5172 cui
3497 5136 3602 5177 nos
3625 5125 3732 5184 hoc

2139 5199 2190 5248 et
2236 5192 2294 5248 in
2344 5193 2520 5251 futuro
2577 5197 2860 5254 consociet
2913 5200 3031 5272 ipse
3088 5206 3357 5268 Dominus
3394 5220 3585 5276 noster
3621 5221 3725 5280 Je-

2135 5304 2234 5346 sus
2261 5290 2525 5360 Christus,
2557 5293 2650 5364 qui
2681 5293 2807 5352 vivit
2836 5305 2888 5354 et
2926 5311 3125 5373 regnat
3173 5305 3324 5365 Deus
3376 5327 3479 5382 per
3531 5320 3724 5378 omnia

2133 5388 2331 5444 saecula
2359 5389 2706 5446 saeculorum.
2742 5396 2937 5452 Amen.

2134 5512 2408 5578 Quomodo
2430 5513 2870 5586 intelligendum
2885 5521 2962 5576 sit
2979 5525 3122 5595 quod
3140 5531 3418 5602 scriptum
3435 5541 3522 5592 est
3546 5562 3570 5589 υ
3585 5557 3716 5600 con-

2459 5608 2657 5676 ceptus
2671 5612 2758 5662 est
2776 5608 2845 5665 de
2862 5610 3080 5682 Spiritu
3109 5623 3329 5677 sancto.
3367 5639 3390 5675 ι

2198 5725 2338 5780 Dum
2367 5725 2791 5787 incarnationem
2849 5734 2965 5792 Filii
3020 5753 3141 5796 cum
3181 5741 3300 5816 ipso
3343 5745 3498 5818 Filio,
3551 5754 3711 5818 Pater
