4062 6074
309 241 415 296 773

1229 239 1812 296 DEFLORATIONES
1850 239 1953 296 SS.
1998 239 2304 297 PATRUM.
2347 273 2414 281 ——-
2453 239 2578 296 LIB.
2656 283 2668 295 .

3497 245 3596 299 774

306 366 468 422 simul
495 373 548 424 et
577 364 804 436 Spiritus
833 371 1050 426 sanctus
1078 373 1338 436 operatus
1371 366 1459 432 sit,
1493 365 1688 423 merito
1717 365 1901 434 queri-
1927 372 1983 433 Α
2015 367 2194 420 solam
2226 366 2574 433 voluntatem,
2601 365 2751 436 quod
2770 366 2872 421 hoc
2893 365 3132 421 debitum
3159 382 3188 420 a
3207 373 3398 421 natura
3428 377 3603 423 extor-

307 465 396 509 tur
425 469 594 526 quare
623 453 678 507 in
735 452 1022 523 Scriptura
1052 469 1208 508 sacra
1263 453 1616 526 singulariter
1665 452 1734 508 de
1766 452 1900 524 Spi-

306 544 412 598 ritu
460 551 649 598 sancto
703 549 1002 611 conceptus
1069 549 1424 596 memoratur.
1492 542 1622 597 Haec
1679 541 1899 613 quidem

311 633 448 688 sicut
495 639 548 687 et
603 639 799 686 caetera
854 646 975 701 quae
1033 629 1102 684 de
1161 630 1279 700 ipso
1333 630 1610 696 dicuntur,
1661 631 1904 687 humana

310 719 667 793 intelligentia
697 718 882 773 timide
911 717 1198 790 contingit,
1255 719 1354 774 sed
1385 719 1602 774 devotio
1631 718 1755 773 ﬁdei
1786 734 1904 772 am-

314 810 456 882 plius
512 823 852 880 praesumens
901 806 1200 862 secundum
1255 820 1449 876 puram
1514 807 1903 864 conscientiam

308 898 540 954 ﬁdeliter
612 896 862 968 inquirit.
940 892 1308 962 Quaerendum
1388 895 1570 965 itaque
1635 895 1903 966 imprimis

308 995 392 1043 est
445 986 715 1058 quomodo
769 983 1002 1054 intelligi
1059 989 1310 1053 oporteat
1366 983 1512 1054 quod
1563 983 1767 1038 dictum
1822 991 1906 1038 est

308 1075 526 1130 beatam
554 1073 773 1130 Mariam
811 1072 880 1128 de
909 1071 1113 1142 Spiritu
1164 1078 1349 1126 sancto
1391 1073 1711 1141 concepisse
1737 1071 1899 1132 (Luc.

307 1165 373 1234 1).-
414 1162 630 1218 Scimus
684 1176 921 1232 namque
975 1167 1029 1215 et
1072 1174 1264 1214 omnes
1293 1160 1403 1228 jam
1457 1159 1904 1231 frequentissimo

307 1267 410 1307 usu
437 1258 641 1306 natura
669 1248 974 1318 didicimus,
995 1247 1143 1320 quod
1172 1263 1297 1304 cum
1325 1247 1525 1303 mulier
1552 1264 1586 1304 a
1616 1249 1733 1304 viro
1760 1263 1905 1304 con-

303 1349 520 1421 cepisse
573 1347 790 1414 dicitur,
840 1363 950 1401 non
1006 1345 1156 1401 aliud
1209 1345 1315 1401 nisi
1379 1347 1732 1401 substantiam
1773 1361 1903 1402 car-

304 1449 392 1503 nis
422 1447 492 1504 ad
522 1444 895 1520 generandam
935 1457 1160 1499 carnem
1214 1459 1317 1513 per
1364 1443 1542 1497 carnis
1572 1443 1774 1499 coitum
1803 1459 1902 1497 su—

303 1543 545 1617 scepisse
575 1549 927 1598 memoratur.
959 1542 1027 1595 Et
1053 1543 1171 1596 haec
1201 1541 1418 1612 quidem
1446 1541 1623 1596 carnis
1651 1541 1901 1596 substan-

303 1633 395 1701 tia,
428 1631 497 1688 de
543 1647 708 1687 carne
758 1629 856 1685 viri
889 1645 985 1700 per
1014 1629 1191 1699 ipsum
1247 1628 1426 1685 carnis
1456 1629 1658 1684 coitum
1717 1638 1903 1684 trans-

297 1731 441 1798 fusa,
484 1746 606 1788 cum
662 1745 825 1785 carne
865 1727 1111 1782 mulieris
1169 1742 1278 1782 una
1325 1742 1454 1783 caro
1483 1727 1712 1783 efﬁcitur
1759 1735 1813 1783 et
1840 1728 1900 1784 id
1927 1730 1978 1790 Β

298 1820 445 1892 quod
502 1817 831 1874 nasciturum
863 1824 946 1872 est
994 1833 1059 1872 ex
1115 1816 1392 1887 utriusque
1436 1816 1739 1871 substantia
1794 1833 1894 1872 ve-

297 1908 498 1966 raciter
537 1907 805 1980 originem
845 1921 1069 1961 sumens
1123 1905 1194 1960 ab
1235 1904 1347 1970 illo,
1390 1921 1492 1975 per
1529 1905 1691 1960 istam
1731 1905 1895 1960 etiam

296 1999 366 2056 ab
426 1997 532 2052 ista
581 2001 902 2069 generetur.
970 1994 1118 2066 Ergo
1172 1993 1370 2049 mulier
1409 2009 1441 2048 a
1495 1993 1616 2050 viro
1656 1993 1895 2063 concipit

293 2103 418 2142 cum
445 2101 479 2144 a
525 2100 687 2141 carne
718 2084 822 2138 viri
875 2099 975 2154 per
1004 2082 1202 2138 coitum
1233 2082 1416 2138 carnis
1447 2097 1640 2138 semen
1668 2081 1894 2152 suscipit

291 2175 361 2230 ad
405 2173 775 2247 generandam
823 2187 1066 2236 carnem,
1099 2187 1201 2227 nec
1256 2171 1402 2224 aliud
1437 2169 1700 2240 concipit,
1733 2170 1896 2225 buam

290 2263 384 2322 ille
412 2271 496 2320 est
549 2277 583 2316 a
613 2276 727 2333 quo
773 2259 1018 2330 concipit
1051 2276 1065 2312 :
1098 2267 1188 2313 aut
1215 2258 1332 2329 ipsa
1391 2275 1512 2330 quae
1542 2258 1804 2328 concipit,
1839 2265 1892 2313 et

291 2351 438 2424 quod
504 2349 740 2419 concipit
795 2349 900 2404 hoc
964 2347 1119 2418 parit.
1161 2345 1303 2416 Quid
1369 2363 1502 2420 ergo
1559 2347 1802 2401 dicemus
1868 2350 1890 2400 ?

288 2438 548 2510 Nunquid
595 2437 824 2509 Spiritus
861 2442 1083 2490 sanctus
1112 2435 1180 2490 de
1227 2451 1327 2490 sua
1361 2435 1666 2490 substantia
1699 2451 1889 2490 semen

288 2531 482 2598 partus
538 2521 732 2578 infudit
775 2521 896 2575 alvo
956 2519 1196 2590 Virginis
1244 2521 1272 2572 ?
1303 2519 1589 2587 Quomodo
1635 2534 1768 2590 ergo
1797 2534 1889 2574 se—

288 2629 415 2669 men
473 2610 652 2667 carnis
709 2608 1031 2664 ministrare
1079 2607 1252 2678 potuit
1307 2606 1610 2662 substantia
1668 2606 1886 2678 spirita-

288 2701 360 2756 lis
383 2701 413 2754 εἰ
441 2704 523 2756 An
550 2700 689 2756 forte
747 2714 935 2753 semen
967 2696 1151 2752 carnis
1207 2711 1315 2750 non
1347 2695 1445 2750 fuit
1499 2696 1645 2767 quod
1685 2710 1888 2751 conce-

287 2797 440 2862 ptum
488 2796 568 2844 est
633 2795 687 2843 et
731 2801 857 2842 caro
910 2785 1014 2840 fuit
1061 2785 1207 2856 quod
1235 2791 1420 2838 natum
1476 2792 1576 2839 est.
1621 2783 1762 2851 Quid
1799 2783 1888 2838 di-

285 2880 517 2940 cemus?
563 2875 848 2950 Quomodo
899 2873 1069 2929 Maria
1119 2873 1188 2928 de
1238 2872 1451 2944 Spiritu
1499 2879 1693 2928 sancto
1750 2887 1889 2927 con-

285 2967 479 3040 cepit?
506 2966 574 3021 Et
616 2965 662 3020 si
693 2964 759 3019 de
805 2962 1007 3034 Spiritu
1064 2969 1254 3017 sancto
1285 2961 1556 3031 concepit,
1615 2961 1890 3033 quomodo

285 3064 522 3144 Spiritus
553 3071 772 3119 sanctus
816 3063 971 3116 Pater
1002 3059 1204 3116 Christi
1238 3075 1350 3114 non
1383 3059 1523 3114 fuit?
1546 3060 1676 3114 Haec
1705 3058 1890 3114 omnia

283 3168 490 3233 magna
566 3149 997 3208 consideratione
1055 3148 1322 3219 indigent,
1387 3164 1457 3203 ne
1523 3148 1662 3204 forte
1717 3148 1774 3202 in
1832 3162 1890 3202 re

286 3241 510 3310 difficili,
549 3248 601 3300 et
647 3239 809 3305 valde
862 3237 1107 3294 timenda
1155 3245 1208 3292 et
1236 3237 1475 3293 obscura
1533 3252 1728 3293 sensus
1783 3237 1890 3291 hu-

282 3354 482 3400 manus
530 3337 734 3410 aliquid
797 3335 1033 3406 amplius
1074 3351 1174 3389 sua
1238 3334 1604 3406 possibilitate
1670 3351 1886 3407 praesu-

284 3433 425 3486 mat.
472 3429 589 3484 Nec
643 3427 769 3482 ideo
826 3423 1182 3479 dubitandum
1241 3431 1323 3479 est
1364 3424 1429 3479 de
1458 3424 1565 3491 his,
1618 3424 1742 3496 quia
1782 3424 1885 3477 ob-

287 3532 450 3574 scura
487 3523 648 3579 sunt;
681 3530 784 3570 nec
849 3513 974 3568 ideo
1014 3511 1222 3584 aliquid
1262 3520 1470 3568 temere
1510 3512 1887 3568 diffinienduin

287 3619 415 3692 quia
480 3618 756 3676 credenda
795 3623 936 3672 sunt.
997 3613 1317 3684 Quaeramus
1357 3631 1510 3688 ergo,
1581 3614 1710 3686 quid
1749 3630 1888 3671 con-

286 3709 431 3780 copit
467 3707 638 3766 Maria
666 3709 694 3759 ⁵1
750 3707 858 3760 Aut
913 3719 1136 3761 carnem
1175 3719 1285 3760 non
1341 3703 1609 3772 concepit,
1653 3711 1705 3758 et
1759 3719 1885 3759 car-

283 3822 412 3862 nem
456 3820 566 3860 non
608 3803 817 3876 genuit,
873 3809 963 3856 aut
1017 3800 1063 3856 si
1115 3816 1339 3857 carnem
1397 3801 1606 3872 genuit,
1667 3814 1887 3855 carnem

286 3890 564 3961 concepit.
629 3887 788 3957 Quod
835 3887 982 3942 enim
1029 3886 1300 3957 concepit,
1343 3886 1448 3940 hoc
1505 3884 1717 3955 genuit.
1776 3883 1886 3940 Sed

283 3987 557 4060 quomodo
613 4001 835 4042 carnem
893 3984 1207 4040 ministrare
1274 3983 1451 4054 potuit
1507 3999 1616 4039 non
1674 3998 1806 4039 caro
1867 3998 1882 4052 ;

285 4085 378 4132 aut
423 4092 534 4132 non
579 4091 800 4131 carnem
855 4073 1088 4146 gignere
1143 4088 1300 4129 caro.
1362 4073 1476 4128 Ista
1514 4071 1774 4143 perplexa
1803 4071 1885 4125 in-

285 4165 526 4238 quisitio,
559 4164 674 4220 sive
731 4162 1010 4234 quaerendi
1049 4161 1207 4228 ratio,
1249 4161 1710 4234 quemadmodum
1748 4175 1886 4216 sane

286 4263 341 4310 et
402 4260 779 4325 competenter
817 4251 1047 4324 intelligi
1103 4251 1286 4306 valeat
1330 4249 1771 4306 consideremus.
1824 4250 1886 4303 Et

284 4351 524 4424 primum
580 4351 800 4421 quidem
838 4350 894 4404 in
949 4365 1014 4405 ea
1053 4365 1157 4420 qua
1215 4348 1518 4403 secundum
1568 4345 1784 4401 solitam
1822 4362 1886 4402 ac

2008 471 2177 526 quere
2232 455 2450 525 possit;
2502 456 2598 510 sed
2639 470 2761 510 cum
2820 461 3123 524 spontanea
3180 455 3451 510 voluntate
3508 456 3604 511 fuit

2007 558 2286 613 persuasa,
2369 549 2500 599 tunc
2573 543 2826 597 nimirum
2905 543 3010 596 sibi
3084 542 3152 597 ad
3233 543 3466 598 invicem
3533 546 3598 599 ad

2008 647 2145 699 opus
2198 631 2686 686 consummandam
2744 648 2808 684 ex
2878 638 3111 701 utraque
3169 640 3317 701 parte
3370 632 3604 688 libenter

2008 727 2169 790 atque
2208 719 2448 789 graviter
2520 719 2782 776 occurrit.
2825 720 2964 774 Sane
3030 719 3291 790 quidquid
3342 720 3609 776 violenter

2007 807 2211 862 volenti
2255 807 2543 878 abripitur,
2590 809 2656 862 ad
2696 807 2958 876 ejusmodi
3025 822 3202 862 causae
3240 806 3491 864 effectum
3529 813 3608 863 in-

2010 911 2315 967 congruum
2372 911 2601 965 prorsus
2663 904 2824 966 atque
2868 894 3116 951 inefficax
3169 895 3596 952 demonstratur.

2013 985 2141 1039 Sola
2181 999 2312 1054 ergo
2355 984 2576 1040 dilectio
2607 993 2692 1040 est
2723 1002 2846 1055 quae
2902 993 3147 1038 naturam
3175 986 3522 1054 persuadere,
3554 995 3608 1042 et

2013 1073 2290 1127 volentem
2349 1073 2752 1146 quodammodo
2783 1087 2984 1144 cogere
3012 1080 3190 1142 potest
3235 1073 3302 1127 ad
3332 1074 3604 1129 seminan-

2011 1167 2138 1221 dum
2171 1175 2416 1236 partum.
2457 1166 2723 1236 Equidem
2753 1165 2807 1219 in
2836 1165 3065 1220 muliere
3094 1181 3249 1220 amor
3269 1167 3387 1234 viri,
3405 1168 3461 1222 in
3486 1168 3604 1225 viro

2011 1261 2191 1310 autem
2246 1271 2399 1310 amor
2425 1255 2668 1310 mulieris
2724 1255 2780 1310 id
2809 1269 2972 1324 agere
3003 1254 3160 1320 solet,
3194 1263 3250 1310 ut
3279 1273 3399 1326 quae
3429 1257 3482 1312 in
3515 1258 3602 1313 al-

2011 1361 2125 1406 tero
2155 1352 2330 1406 solum
2363 1352 2465 1406 sibi
2495 1360 2688 1406 natura
2717 1351 2988 1406 sufﬁciens
3015 1367 3126 1406 non
3155 1360 3256 1420 est,
3289 1353 3604 1411 alterutrum

2010 1440 2113 1495 sibi
2165 1457 2264 1511 per
2316 1441 2662 1496 dilectionem
2718 1440 3020 1505 subveniat,
3053 1448 3116 1494 ut
3161 1442 3306 1509 quod
3334 1441 3388 1496 in
3411 1450 3603 1499 neutra

2009 1545 2110 1599 per
2165 1546 2226 1584 se
2274 1530 2450 1600 potuit
2496 1529 2552 1584 in
2600 1537 2830 1600 utraque
2858 1543 2954 1598 per
2991 1544 3050 1584 se
3079 1543 3202 1583 cum
3223 1528 3390 1584 altera
3409 1532 3600 1600 possit.

2009 1617 2187 1688 Igitur
2215 1633 2404 1673 semen
2429 1616 2648 1672 humani
2676 1623 2866 1687 partus
2892 1632 2923 1670 a
2955 1616 3071 1672 sola
3107 1616 3334 1672 muliere
3365 1617 3605 1681 forman—

2011 1707 2140 1760 dum
2169 1706 2424 1776 concipit,
2467 1706 2613 1776 quod
2642 1703 2803 1759 simul
2841 1720 2871 1758 a
2901 1702 3022 1758 viro
3073 1713 3126 1759 et
3170 1705 3404 1762 muliere
3433 1708 3603 1764 semi-

2009 1801 2184 1849 natur.
2217 1793 2375 1862 Quod
2419 1795 2658 1864 quidem,
2688 1792 2830 1848 sicut
2877 1793 2993 1860 jam
3021 1792 3221 1848 dictum
3255 1803 3354 1864 est,
3396 1795 3452 1850 in
3482 1813 3606 1852 mu-

2005 1891 2135 1946 liere
2166 1907 2264 1960 per
2293 1907 2537 1946 amorem
2570 1890 2694 1954 viri,
2747 1898 2799 1944 et
2831 1889 2885 1943 in
2913 1889 3032 1944 viro
3062 1905 3162 1959 per
3190 1905 3429 1946 amorem
3478 1910 3603 1948 mu-

2002 1979 2151 2033 lieris
2189 1987 2384 2033 natura
2422 1986 2701 2050 operatur.
2739 1979 2969 2048 Propter
3017 1978 3162 2049 quod
3191 1979 3352 2034 etiam
3407 1980 3604 2038 mulier

2002 2092 2109 2131 non
2141 2077 2245 2131 nisi
2309 2093 2338 2130 a
2379 2077 2498 2131 viro
2541 2076 2834 2146 concipere
2881 2075 3094 2141 dicitur,
3129 2075 3254 2131 licet
3305 2085 3412 2132 tam
3443 2079 3511 2134 de
3542 2096 3603 2135 se

2002 2189 2161 2246 quam
2191 2174 2260 2228 de
2300 2174 2416 2228 viro
2447 2173 2749 2244 accipiatur
2779 2173 2924 2227 unde
2968 2171 3307 2229 fecundatur.
3343 2177 3406 2230 Et
3462 2190 3604 2236 recte

2001 2263 2070 2318 de
2097 2262 2213 2317 solo
2245 2262 2364 2317 viro
2394 2262 2651 2333 concipit,
2677 2277 2796 2332 quae
2821 2261 2874 2315 id
2897 2261 3047 2332 quod
3073 2263 3324 2333 concipit,
3350 2264 3402 2318 in
3433 2267 3604 2324 altero

1998 2349 2218 2421 quidem
2271 2350 2339 2404 de
2370 2364 2531 2404 carne
2588 2348 2689 2404 viri
2718 2348 2973 2415 sumitur,
3031 2349 3088 2402 in
3134 2349 3308 2406 altero
3342 2367 3471 2408 vero
3501 2373 3602 2425 per

1997 2453 2238 2492 amorem
2288 2437 2390 2491 viri
2438 2435 2793 2490 ministratur.
2849 2435 2973 2491 Non
3027 2436 3210 2507 itaque
3268 2436 3378 2492 hoc
3425 2441 3600 2497 solum

1997 2525 2066 2581 de
2091 2525 2209 2582 viro
2241 2525 2498 2596 concipit,
2529 2525 2674 2596 quod
2704 2525 2772 2580 de
2803 2525 2921 2580 viro
2943 2525 3157 2595 accipit,
3183 2527 3280 2581 sed
3311 2527 3414 2584 hoc
3443 2530 3603 2586 etiam

1998 2615 2067 2668 de
2096 2615 2211 2669 viro
2242 2614 2479 2685 concipit
2531 2614 2679 2684 quod
2727 2629 2790 2667 ex
2823 2629 2882 2667 se
2912 2613 2981 2667 de
3023 2629 3206 2670 amore
3237 2615 3340 2670 viri
3377 2618 3594 2689 accipit.

1997 2702 2112 2757 Hoc
2146 2702 2564 2772 praetermittere
2623 2701 2884 2755 nolumus
2921 2709 3148 2770 propter
3185 2702 3292 2758 hoc
3329 2706 3476 2775 quod
3513 2706 3602 2761 di-

1997 2797 2142 2846 ctum
2202 2799 2286 2845 est
2337 2789 2554 2844 Mariam
2628 2789 2697 2844 de
2750 2787 2954 2859 Spiritu
3023 2796 3216 2845 sancto
3277 2793 3600 2865 concepisse

1998 2879 2164 2948 (Luc.
2206 2880 2268 2948 1).
2331 2877 2592 2948 Concepit
2642 2893 2778 2948 ergo
2810 2876 2980 2932 Maria
3037 2878 3104 2932 de
3135 2879 3337 2949 Spiritu
3385 2893 3596 2953 sancto,

1997 2993 2108 3032 non
2139 2977 2285 3047 quod
2315 2977 2382 3032 de
2414 2975 2713 3031 substantia
2745 2974 2983 3046 Spiritus
3009 2977 3182 3032 sancti
3211 2993 3397 3034 semen
3411 2991 3598 3052 partus

1916 3082 1966 3146 α
1995 3075 2288 3146 acceperit,
2322 3076 2420 3130 sed
2451 3092 2573 3147 quae
2595 3091 2694 3146 per
2723 3089 2966 3129 amorem
3000 3083 3052 3130 et
3073 3076 3443 3146 operationem
3477 3081 3600 3151 Spi-

1997 3173 2134 3229 ritus
2167 3173 2361 3242 sancti,
2435 3189 2501 3226 ex
2534 3188 2700 3228 carne
2730 3171 2959 3245 virginis
2991 3171 3180 3228 divino
3208 3175 3384 3244 partui
3414 3185 3602 3234 natura

1999 3270 2360 3326 substantiam
2419 3270 2765 3324 ministravit.
2815 3270 2949 3323 Nam
3009 3270 3135 3340 quia
3184 3271 3238 3326 in
3263 3274 3429 3330 corde
3487 3277 3605 3347 ejus

1997 3383 2152 3426 amor
2212 3366 2447 3437 Spiritus
2479 3365 2651 3421 sancti
2699 3365 3055 3435 singulariter
3090 3367 3334 3436 ardebat,
3392 3370 3519 3428 ideo
3549 3374 3604 3429 in

1997 3481 2163 3522 carne
2193 3466 2310 3534 ejus
2367 3465 2536 3520 virtus
2567 3463 2802 3534 Spiritus
2846 3464 3016 3519 sancti
3046 3463 3314 3521 mirabilia
3345 3465 3597 3527 faciebat.

1997 3562 2170 3633 Cujus
2201 3561 2420 3618 dilectio
2450 3560 2574 3633 quia
2605 3561 2660 3614 in
2689 3561 2856 3616 corde
2908 3561 3053 3618 illius
3083 3577 3190 3618 non
3224 3567 3470 3637 suscepit
3503 3586 3598 3625 so-

1996 3658 2141 3714 cium
2195 3658 2316 3728 ejus
2364 3657 2610 3730 Operatio
2665 3659 2721 3711 in
2777 3673 2941 3713 carne
3008 3657 3153 3714 illius
3204 3676 3312 3716 non
3361 3664 3604 3723 habebat

1996 3755 2325 3826 exemplum.
2353 3756 2468 3812 Hoc
2496 3755 2660 3826 igitur
2680 3755 2852 3810 solum
2887 3755 3057 3828 Virgo
3088 3758 3340 3830 concepit
3370 3763 3514 3832 quod
3533 3766 3600 3820 de

1998 3869 2098 3908 sua
2156 3869 2318 3909 carne
2357 3869 2458 3924 per
2516 3868 2758 3908 amorem
2825 3861 2877 3908 et
2916 3855 3296 3923 operationem
3363 3858 3601 3929 Spiritus

1996 3952 2172 4007 sancti
2201 3951 2447 4022 accepit:
2481 3950 2549 4006 de
2579 3966 2690 4021 quo
2724 3949 2888 4004 etiam
2930 3951 3048 4006 solo
3103 3952 3221 4007 sine
3252 3954 3481 4011 viriliter
3507 3975 3600 4014 se-

1997 4048 2165 4104 minis
2193 4048 2570 4105 commistione
2609 4047 2779 4100 iilium
2845 4047 3058 4119 genuit.
3100 4051 3215 4105 Hoc
3259 4067 3389 4122 ergo
3428 4051 3598 4112 libido

1997 4146 2180 4201 carnis
2227 4143 2639 4214 conceptionem
2684 4151 2908 4213 operata
2965 4151 3047 4198 est
3085 4144 3138 4198 in
3207 4145 3439 4218 virgine,
3473 4165 3596 4221 qum

1997 4258 2104 4298 nec
2140 4241 2210 4296 de
2248 4257 2414 4297 carne
2455 4239 2558 4294 viri
2597 4257 2787 4296 semen
2842 4241 3072 4312 accepit,
3120 4258 3221 4298 nec
3250 4243 3318 4298 de
3367 4261 3461 4300 sua
3496 4263 3599 4318 per

1995 4352 2238 4394 amorem
2274 4337 2374 4392 viri
2403 4338 2668 4409 concepit,
2701 4338 2799 4393 sed
2828 4354 2925 4409 per
2950 4353 3199 4394 amorem
3230 4347 3283 4395 et
3313 4345 3598 4414 operatio-

285 4440 542 4496 usitatam
596 4447 806 4495 natura
890 4437 1261 4511 operationem
1331 4434 1613 4506 peragitur
1675 4449 1883 4490 conce-
1914 4439 1967 4499 D
1998 4453 2122 4492 nem
2154 4435 2384 4507 Spiritus
2414 4436 2605 4492 sancti.
2657 4437 2786 4492 Haec
2815 4436 2932 4506 ipse
2962 4435 3200 4506 Spiritus
3259 4449 3478 4496 sanctus
3508 4444 3597 4499 id-

282 4538 488 4611 ptione,
529 4537 776 4607 ejusdem
840 4543 1046 4594 naturae
1085 4550 1222 4606 opus
1288 4533 1562 4605 quomodo
1601 4531 1880 4604 complea-

283 4645 374 4692 tur
401 4635 733 4691 intueamur.
800 4636 860 4688 In
890 4633 1202 4705 parentibus
1257 4630 1552 4688 carnaliter
1606 4645 1879 4701 generan-

283 4735 449 4801 tibus,
508 4742 566 4790 et
620 4748 724 4804 per
769 4731 952 4788 carnis
1008 4731 1210 4786 coitum
1265 4729 1603 4784 nascituram
1657 4744 1878 4784 carnem

280 4848 350 4888 ex
403 4845 570 4887 carne
615 4827 1024 4894 fabricantibus,
1064 4826 1359 4899 utrobique
1399 4833 1588 4881 natura
1618 4827 1878 4881 substan-

277 4929 413 4986 tiam
481 4926 745 4982 ministrat
807 4924 987 4998 partui
1051 4924 1307 4990 creando,
1368 4931 1426 4980 ut
1482 4941 1546 4979 ex
1601 4924 1880 4994 utriusque

277 5039 446 5083 carne
490 5023 752 5096 procedat
807 5031 860 5079 et
923 5021 1066 5091 quod
1124 5020 1302 5077 solum
1368 5021 1426 5076 in
1502 5021 1662 5075 unius
1714 5035 1880 5076 carne

275 5101 566 5188 farmanda
603 5130 686 5179 est
723 5136 877 5178 caro.
915 5120 1120 5176 Tamen
1175 5119 1280 5176 hoc
1317 5118 1550 5189 vectigal
1604 5118 1749 5191 quod
1787 5134 1882 5172 na-

279 5230 404 5280 tura
455 5219 620 5291 quasi
671 5217 913 5276 debitum
961 5215 1234 5290 quoddam
1273 5233 1340 5272 ex
1377 5217 1620 5272 instituto
1661 5218 1881 5272 Creato-

280 5319 362 5376 ris
399 5319 472 5381 ad
498 5317 766 5380 fabricam
819 5315 1042 5381 humani
1072 5315 1318 5388 corporis
1347 5314 1741 5371 exsolvendam
1773 5315 1884 5368 im-

277 5416 492 5490 pendit,
542 5415 617 5472 ita
661 5429 890 5487 prorsus
919 5415 1040 5470 sine
1075 5413 1188 5468 ulla
1228 5411 1570 5480 necessitate,
1603 5421 1692 5468 aut
1746 5427 1882 5468 coa-

283 5515 467 5578 ctione
515 5514 586 5570 ab
655 5528 722 5570 ea
762 5511 1081 5585 requiritur,
1132 5517 1191 5565 ut
1235 5510 1343 5565 nisi
1407 5510 1525 5565 sola
1567 5509 1879 5577 dilectione,

288 5620 344 5668 et
373 5618 431 5666 ut
477 5609 558 5667 sic
588 5609 816 5672 dixerim
857 5616 1154 5682 spontanee
1193 5607 1466 5663 voluntate
1519 5606 1590 5660 ad
1645 5605 1884 5660 tribuen-

291 5710 424 5767 dum
479 5709 535 5766 id
590 5725 700 5766 non
767 5707 1080 5766 inclinetur.
1159 5705 1305 5762 Nihil
1357 5705 1498 5760 enim
1552 5711 1633 5760 est
1683 5712 1887 5776 prmter

1994 4535 2140 4589 circo
2171 4533 2327 4588 Pater
2357 4532 2625 4589 dicendus
2647 4541 2749 4599 est,
2773 4535 2894 4604 quia
2916 4533 3033 4603 ejus
3059 4550 3214 4590 amor
3239 4540 3598 4610 conceptione

1992 4630 2233 4703 Virginis
2284 4639 2539 4702 operatus
2557 4638 2659 4698 est,
2675 4629 2918 4702 quianec
2935 4630 3004 4685 de
3018 4645 3115 4685 sua
3130 4635 3369 4690 essentia
3388 4637 3601 4709 Virgini

1993 4744 2182 4784 semen
2212 4737 2402 4800 partus
2435 4728 2637 4796 tribuit,
2675 4728 2776 4783 sed
2807 4728 2912 4799 ipsi
2944 4728 3012 4783 de
3042 4743 3206 4785 carne
3222 4732 3437 4802 pr0pria
3468 4735 3596 4789 Vir-

1993 4826 2107 4899 gini
2137 4842 2238 4897 per
2265 4841 2505 4881 amorem
2556 4841 2714 4880 suum
2743 4833 2902 4896 atque
2967 4824 3214 4881 virtutem
3247 4828 3600 4885 substantiam

1989 4923 2336 4979 ministravit.
2370 4924 2619 4978 Christus
2649 4938 2783 4994 ergo
2847 4929 2899 4977 et
2950 4923 3019 4977 de
3049 4923 3272 4994 Virgine
3302 4935 3462 4980 natus
3519 4934 3606 4983 est

1992 5022 2116 5094 quia
2146 5022 2214 5077 de
2245 4999 2407 5076 carne
2437 5019 2677 5091 Virginis
2732 5019 2912 5076 carnis
2945 5019 3304 5076 substantiam
3368 5025 3598 5097 accepit,

1995 5127 2049 5179 et
2085 5120 2155 5176 de
2194 5119 2394 5186 Spiritu
2453 5126 2645 5174 sancto
2685 5126 2984 5188 conceptus
3035 5126 3137 5187 est,
3172 5120 3298 5191 quia
3325 5121 3446 5192 ipsa
3473 5138 3600 5180 cum

1993 5216 2151 5288 virgo
2190 5231 2257 5271 ex
2295 5216 2413 5270 sola
2441 5229 2606 5268 carne
2637 5229 2735 5268 sua
2777 5213 2897 5269 sine
2945 5214 3270 5272 admistione
3300 5217 3478 5276 virilis
3511 5237 3598 5278 se-

1995 5312 2158 5367 minis
2188 5328 2289 5383 per
2344 5309 2582 5381 Spiritus
2613 5310 2783 5365 sancti
2814 5311 3190 5381 operationem
3246 5330 3599 5391 amoremque

1994 5409 2264 5481 concepit.
2289 5409 2426 5464 Hinc
2459 5414 2540 5462 est
2571 5407 2720 5481 quod
2749 5406 2926 5463 eidem
2967 5409 3178 5480 Virgini
3210 5413 3472 5482 pariturae
3495 5433 3597 5487 per

1996 5505 2253 5580 angelum
2298 5505 2493 5561 dicitur
2525 5521 2536 5559 :
2578 5528 2598 5553 ‹‹
2626 5505 2861 5576 Spiritus
2889 5515 3108 5563 sanctus
3141 5513 3501 5580 superveniet
3536 5513 3594 5567 in

1999 5614 2069 5669 te,
2114 5611 2169 5659 et
2201 5603 2370 5659 virtus
2409 5602 2677 5658 Altissimi
2724 5605 3072 5660 obumbrabit
3108 5607 3201 5661 tibi
3240 5609 3402 5679 (Luc.
3442 5612 3508 5680 ι).
3562 5635 3583 5658 υ

2001 5702 2231 5775 Spiritus
2260 5711 2476 5759 sanctus
2506 5718 2739 5775 namque
2782 5703 2990 5775 Virgini
3028 5706 3356 5777 supervenit,
3390 5715 3445 5762 ut
3489 5722 3591 5777 per
