4010 6074
509 295 616 350 ’7ἷὸ

1642 280 1983 337 ’ΝΕΒΝΕΒΙ
2026 278 2307 333 ᾹΒΒΑΤΙΞ
2346 276 2403 331 S.
2444 274 2666 330 BLASII

3710 268 3809 321 776

522 420 638 488 ejus
677 413 1044 486 operationem
1104 426 1231 467 caro
1293 408 1490 464 Christi
1528 407 1596 462 de
1652 421 1820 461 carne
1874 402 2116 476 Virginis
2142 404 2197 463 A
2228 399 2586 457 substantiam
2641 395 2821 453 carnis
2895 394 3226 461 ministrans,
3286 391 3494 449 carnali
3548 391 3815 462 concupi-

514 508 858 570 formaretur,
913 510 967 557 et
1004 499 1175 557 virtus
1231 496 1498 554 Altissimi
1544 493 1887 551 obumbravit
1937 493 1987 547 ei
2042 506 2112 546 ne

2222 490 2429 546 scentia
2457 495 2725 546 ureretur.

1357 824 1487 927 IN
1585 816 2387 926 NATIVI'I‘ATE
2468 814 2956 918 DOMINI.

1781 1031 2175 1098 Secundum

584 1282 605 1311 ιι
634 1258 777 1314 Exiit
806 1256 1044 1313 edictum
1085 1271 1117 1309 a
1145 1254 1391 1310 Craesare
1427 1252 1694 1320 Augusto,
1743 1256 1802 1302 ιιι
1831 1244 2113 1301 describe-

517 1356 668 1406 retur
730 1346 1020 1401 universus
1086 1343 1249 1406 orbis,
1299 1364 1321 1389 »ν
1364 1348 1469 1394 etc.
1529 1340 1689 1408 (Luc.
1752 1335 1837 1399 ιι.)
1892 1323 2114 1403 [ΒΕυΑ.]

515 1437 684 1492 Juxta
723 1434 885 1489 ﬁdem
922 1432 1291 1496 historiarum,
1343 1436 1492 1482 tanta
1527 1441 1666 1496 pace
1704 1422 1954 1496 regnavit
1992 1423 2114 1474 Au—

511 1540 704 1604 gustus
761 1531 917 1585 annis
955 1527 1243 1584 duodecim
1289 1525 1434 1581 circa
1464 1531 1677 1592 tempus
1697 1518 1983 1575 dominicae
2011 1532 2113 1570 na-

510 1619 752 1687 tivitatis,
791 1626 848 1672 ut
886 1627 990 1672 tam
1020 1614 1307 1671 forincesis
1339 1627 1503 1684 quam
1538 1609 1788 1665 civilibus
1810 1607 1967 1663 bellis
1998 1613 2113 1661 toto

492 1709 649 1764 orbe
678 1706 889 1777 sopitis,
910 1714 963 1761 et
992 1704 1062 1759 ad
1091 1704 1325 1758 litteram
1348 1699 1677 1770 completum
1704 1697 1952 1752 videatur
1978 1693 2113 1748 illud

2243 1030 2522 1094 Lucam.

2225 1258 2358 1298 suos
2386 1241 2649 1299 scriberet
2672 1241 2732 1294 in
2761 1238 3079 1295 aeternitate.
3099 1236 3227 1305 Quo
3257 1242 3448 1292 contra
3466 1232 3536 1288 de
3566 1229 3822 1302 reprobis

2224 1331 2426 1386 dicitur
2457 1348 2470 1383 :
2501 1353 2523 1378 α
2558 1328 2853 1385 Πειρεσίαι*
2878 1328 2950 1383 de
2973 1327 3116 1382 libro
3145 1324 3460 1389 viventium,
3492 1329 3545 1377 et
3576 1334 3706 1376 cum
3730 1317 3825 1390 ju-

2225 1418 2325 1474 stis
2361 1434 2473 1473 non
2500 1416 2806 1473 scribantur
2835 1415 3019 1485 (Psal.
3042 1416 3260 1483 vam).

2295 1513 2520 1568 Factum
2569 1519 2652 1566 est
2679 1518 2861 1566 autem
2918 1525 3042 1566 cum
3092 1514 3278 1564 essent
3332 1504 3426 1572 ibi,
3459 1501 3676 1575 impleti
3706 1507 3829 1555 sunt

2222 1601 2342 1657 dies
2392 1609 2455 1656 ut
2510 1608 2756 1670 pareret,
2786 1607 2841 1654 et
2875 1597 3092 1670 peperit
3118 1595 3288 1650 filium
3318 1609 3473 1649 suum
3501 1588 3832 1663 primogeni-

2223 1707 2361 1753 tum.
2427 1699 2657 1767 (BEDA.)
2697 1697 2864 1764 Bene,
2897 1704 3009 1750 tum
3056 1701 3282 1765 propter
3332 1689 3607 1762 judicium
3658 1695 3828 1742 stem-

512 1794 894 1866 prOpheticum
921 1810 934 1845 :
970 1790 1295 1847 Conﬂabunt
1356 1787 1578 1859 gladios
1634 1785 1687 1839 in
1742 1798 2017 1846 vomeres,
2059 1788 2114 1835 et
2141 1774 2195 1833 B
2224 1787 2385 1842 matis
2414 1786 2584 1857 regis,
2617 1793 2728 1840 tum
2760 1792 2988 1855 propter
3050 1780 3287 1837 nominis
3316 1794 3537 1836 sacrum
3562 1775 3832 1831 Dominus

511 1884 728 1940 lanceas
756 1882 809 1936 in
856 1880 1047 1936 falces.
1079 1880 1200 1934 Non
1247 1876 1453 1931 levabit
1488 1890 1626 1946 gens
1673 1880 1863 1928 contra
1892 1878 2111 1942 gentem

516 1972 757 2045 gladium
804 1971 938 2041 (Isa.
997 1968 1085 2039 11].
1138 1990 1159 2013 υ

512 2062 754 2117 nascitur
785 2058 1051 2126 Christus,
1086 2055 1233 2127 quod
1265 2056 1410 2108 Deus
1443 2060 1557 2106 erat
1614 2051 1668 2104 in
1701 2048 1917 2104 Chrile
1948 2063 2110 2102 mun-

509 2150 640 2205 dum
695 2147 1060 2203 reconcilians
1085 2145 1188 2198 sibi
1220 2144 1287 2212 (II
1325 2145 1455 2199 Cor.
1505 2142 1579 2205 ν).
1613 2140 1743 2193 llaec
1788 2138 1971 2208 itaque
2002 2151 2113 2206 pax

511 2254 676 2309 quam
707 2236 831 2292 fecit
860 2239 1135 2305 Augustus
1183 2230 1526 2302 signiﬁcabat
1556 2243 1746 2298 pacem
1807 2241 1965 2297 quam
1995 2226 2113 2279 Me-

512 2328 686 2381 diator
721 2331 909 2379 noster
937 2326 1176 2378 facturus
1236 2328 1368 2385 erat,
1405 2326 1458 2373 et
1484 2333 1580 2387 per
1637 2332 1695 2369 se
1726 2318 1781 2369 et
1824 2330 1923 2384 per
1953 2312 2115 2367 disci-

513 2415 672 2486 pulos
701 2413 839 2467 inter
868 2413 1038 2465 Deum
1067 2417 1123 2464 et
1169 2408 1446 2464 homines.
1487 2405 1864 2476 Opportunum
1896 2417 2113 2473 quoque

512 2502 633 2568 fuit,
663 2509 716 2555 ut
777 2497 1059 2555 tremenda
1087 2496 1313 2552 Romani
1362 2494 1595 2549 nominis
1625 2492 1822 2546 umbra
1851 2495 2113 2560 protege-

514 2598 702 2647 rentur
726 2586 976 2659 discipuli
1007 2598 1335 2657 quocunque
1392 2583 1457 2636 ad
1485 2579 1892 2652 praedicandum
1926 2584 2114 2632 trans-

515 2680 681 2734 irent.
727 2678 865 2731 Nam
932 2676 1075 2730 sicut
1112 2689 1146 2728 a
1210 2673 1426 2727 Caesare
1464 2669 1784 2742 exigebatur
1842 2666 2114 2738 professio

516 2783 713 2825 census
755 2766 822 2820 ab
860 2764 1124 2820 universo
1163 2762 1319 2829 orbe,
1381 2759 1463 2816 sic
1493 2775 1522 2813 a
1570 2756 1788 2813 Christo
1847 2754 2115 2828 exigenda

520 2864 636 2913 erat
675 2854 803 2910 ﬁdei
840 2852 1115 2924 professio
1170 2850 1225 2904 in
1263 2858 1375 2906 toto
1412 2847 1641 2902 mundo.
1693 2844 1847 2901 Unde
1902 2843 2040 2898 illud
2098 2860 2113 2899 :

522 2947 772 3001 «Euntes
805 2943 858 2997 in
914 2940 1174 2996 mundum
1222 2938 1538 2994 universum
1590 2934 1883 3006 praedicata
1928 2933 2112 2987 Evan-

512 3030 711 3103 gelium
743 3027 891 3084 omni
920 3033 1188 3082 creaturae
1209 3025 1404 3093 (Marc.
1450 3024 1582 3087 xvt).
1619 3041 1642 3070 ι»

2220 1875 2277 1929 in
2331 1874 2646 1930 Betlilebem
2675 1873 2914 1929 nascitur
2952 1887 2964 1925 :
3005 1871 3318 1926 Bethlebem
3363 1880 3606 1938 namque
3635 1865 3829 1920 domus

1241 1964 1594 2020 I’acalissimo
1635 1970 1811 2015 autem
1869 1968 2114 2029 tempore
2213 1966 2387 2036 panis
2418 1964 2824 2033 interpretatur.
2854 1960 3247 2032 (Gnaoontns.)
3278 1958 3348 2013 Et
3375 1956 3448 2011 ibi
3477 1954 3638 2026 panis
3672 1952 3831 2009 vivus

2223 2053 2317 2122 qui
2346 2053 2415 2107 de
2452 2051 2596 2108 coelo
2627 2050 2911 2106 descendit
2949 2056 3176 2119 apparet
3202 2047 3259 2101 in
3287 2060 3475 2111 carne,
3498 2043 3592 2114 qui
3626 2040 3831 2097 electo-

2224 2156 2345 2195 rum
2395 2148 2612 2195 mentes
2669 2139 2880 2194 interna
2941 2136 3188 2192 reficiens
3256 2133 3535 2189 satietate.
3574 2127 3832 2198 Quotidie

2228 2229 2497 2285 Dominus
2550 2228 2606 2282 in
2653 2226 2934 2281 Nazareth
2965 2224 3290 2295 concipitur,
3339 2230 3389 2277 et
3418 2221 3474 2275 in
3515 2218 3832 2274 Bethlehem

2225 2317 2487 2382 nascitur,
2522 2331 2645 2371 cum
2698 2315 2926 2387 quilibet
2955 2311 3132 2369 ﬁdelis
3196 2309 3353 2366 verbi
3382 2308 3515 2364 ﬂore
3575 2312 3833 2377 suscepto

2227 2407 2453 2461 domum
2484 2421 2544 2460 se
2584 2412 2804 2459 θρίω-ηερ
2834 2402 2987 2474 pacis
3017 2400 3209 2457 efficit.
3244 2398 3459 2470 (Βεω.)
3492 2395 3753 2465 Quotidie
3782 2393 3837 2448 in

2225 2494 2409 2550 animo
2438 2492 2783 2549 credentium
2804 2490 2963 2563 quasi
2993 2490 3049 2545 in
3077 2498 3229 2544 utero
3258 2484 3512 2559 virginali
3543 2500 3647 2554 per
3674 2481 3836 2537 ﬁdem

2223 2583 2547 2654 concipitur,
2580 2598 2679 2653 per
2707 2581 2983 2652 baptisma
3005 2578 3272 2652 gignitur.
3297 2573 3555 2643 Quotidie
3584 2570 3836 2629 Ecclesia

2225 2671 2385 2744 quasi
2401 2671 2501 2726 Dei
2545 2669 2800 2725 Gentirix
2816 2668 3112 2724 comitatur
3132 2680 3289 2720 suum
3309 2664 3615 2727 doctorem,
3635 2667 3696 2715 ut
3719 2661 3833 2714 Ma-

2224 2762 2308 2816 ria
2344 2760 2551 2830 Joseph
2580 2758 2649 2813 de
2697 2758 2851 2813 ruina
2900 2755 3190 2811 mundanae
3220 2749 3658 2809 conversationis
3689 2748 3833 2819 quod

2225 2849 2455 2905 Galilnea
2493 2855 2669 2914 sonat,
2698 2845 3005 2902 ascendens
3060 2843 3117 2898 in
3145 2842 3418 2898 civitatem
3468 2838 3629 2906 Juda,
3665 2837 3724 2891 id
3754 2844 3832 2891 est

2224 2935 2585 2994 confessionis
2607 2944 2658 2990 et
2688 2934 2882 2996 laudis,
2917 2941 3233 3002 aeternoque
3264 2928 3401 3000 Regi
3447 2941 3681 2983 censum
3708 2940 3831 2995 per-

2224 3026 2387 3083 solvit
2411 3024 2734 3080 devotionis.
2795 3022 2927 3091 Quae
2955 3019 3205 3076 Ecclesia
3228 3018 3285 3072 in
3317 3013 3632 3089 exemplum
3659 3013 3831 3069 beatae

582 3120 717 3173 Haec
744 3114 1042 3185 descriptio
1070 3112 1247 3184 prima
1286 3111 1431 3167 facta
1463 3117 1543 3166 est
1586 3125 1619 3164 a
1648 3109 1883 3181 praeside
1944 3109 2114 3180 Syriae
2140 3122 2190 3186 α
2219 3115 2419 3182 Μαι-ιω,
2453 3113 2546 3169 alii
2586 3120 2670 3167 est
2699 3111 2854 3183 quasi
2883 3110 3232 3179 desponsata,
3265 3104 3365 3160 sed
3395 3104 3467 3159 ab
3496 3103 3608 3159 alio
3638 3101 3830 3158 fecun-

514 3207 737 3278 Cyrino.
781 3227 804 3252 α
841 3204 906 3257 Ει
932 3203 1076 3257 ibant
1107 3216 1298 3256 omnes
1326 3207 1385 3254 ut
1414 3197 1806 3269 proﬁterentur
1836 3197 2035 3271 singuli
2066 3198 2122 3255 in

518 3311 673 3351 suam
700 3292 971 3349 civitatem
988 3332 1001 3344 .
1044 3312 1066 3338 υ
1088 3290 1204 3344 Nec
1228 3286 1528 3358 descriptio
1547 3287 1723 3358 prima
1743 3285 1946 3343 dicitur
1959 3287 2125 3358 quan-

516 3393 631 3439 tum
657 3383 725 3437 ad
770 3390 985 3451 tempus
1016 3377 1234 3448 Cyrini;
1266 3391 1395 3430 nam
1442 3383 1603 3430 antea
1659 3390 1803 3447 saepe
1830 3375 2123 3447 descriptae

522 3481 741 3536 fuerunt
791 3477 1066 3548 pleraeque
1096 3481 1279 3545 partes
1330 3481 1617 3529 terrarum.
1653 3473 1884 3543 Cyrinus
1936 3488 1968 3527 a
1998 3474 2120 3529 Cae-

519 3584 645 3623 sare
680 3567 880 3622 missus
904 3565 997 3633 jus
1035 3564 1164 3618 dare
1204 3563 1477 3633 gentibus,
1509 3569 1564 3617 et
1619 3577 1819 3617 censor
1854 3562 2111 3632 patrimo-

521 3658 737 3712 niorum
767 3654 975 3709 futurus
1023 3652 1234 3723 Syriam
1263 3651 1430 3707 venit.
1463 3651 1531 3704 Et
1584 3650 1712 3721 quia
1738 3650 1930 3706 Judaea
1965 3650 2122 3723 quasi

530 3744 819 3800 umbilicus
865 3741 1029 3796 totius
1076 3750 1237 3796 terras
1267 3747 1368 3806 est,
1408 3754 1615 3794 census
1658 3738 1892 3809 primum
1925 3739 1981 3794 in
2009 3756 2122 3795 me-

529 3834 620 3889 dio
672 3840 835 3887 terrae
863 3829 1113 3902 exigitur,
1143 3836 1200 3884 ut
1253 3828 1381 3883 inde
1409 3835 1599 3898 postea
1655 3844 1830 3899 usque
1858 3828 1929 3882 ad
1984 3827 2120 3884 ﬁnes

526 3921 679 3978 orbis
734 3918 1060 3991 requiratur.
1140 3916 1238 3971 llic
1294 3916 1531 3988 primum
1601 3916 1741 3970 facta
1794 3924 1882 3970 est
1935 3916 2121 3973 Judma

517 4016 865 4092 stipendiaria
894 4013 1152 4070 Romanis
1179 4030 1192 4077 ;
1224 4013 1525 4084 imperante
1572 4014 1817 4083 Augusto
1848 4018 1900 4067 et
1927 4013 2119 4082 praesi-

510 4109 675 4164 dente
733 4104 928 4176 Cyrino
983 4103 1134 4157 ibant
1182 4118 1373 4158 omnes
1446 4100 1517 4155 ad
1567 4099 2007 4171 descriptionem,
2061 4114 2119 4160 ut

513 4201 716 4274 singuli
744 4200 799 4254 in
833 4214 988 4254 suam
1035 4198 1311 4254 civitatem
1343 4195 1553 4251 reversi
1607 4194 1997 4266 proﬁterentur
2022 4197 2116 4252 de-

516 4300 686 4355 bitum
725 4313 947 4354 census.
987 4297 1075 4353 Sic
1133 4312 1269 4368 ergo
1298 4311 1448 4351 nunc
1474 4294 1778 4366 imperante
1815 4294 2030 4351 Christo
2061 4304 2115 4351 et

515 4396 742 4467 praemio
770 4392 1082 4465 pollicente,
1113 4409 1214 4463 per
1258 4393 1517 4448 doctores
1546 4392 1810 4448 Ecclesiae
1840 4393 2110 4463 praesides

519 4508 743 4549 censum
768 4490 989 4558 justitia:
1030 4488 1399 4560 proﬁteamur,
1425 4489 1614 4558 jugem
1666 4489 1787 4558 ejus
1819 4490 1961 4562 quod
1991 4490 2110 4546 leve
2141 4479 2198 4542 D

518 4597 603 4646 est
628 4589 1002 4652 subeamus,et
1022 4586 1358 4641 inveniemus
1387 4585 1630 4656 requiem
1683 4587 1967 4642 animabus
2014 4602 2115 4644 no-

520 4679 645 4735 stris
699 4677 926 4748 (Matth.
966 4675 1065 4744 χι).
1106 4673 1309 4729 Caesari
1348 4672 1663 4729 solvebatur
1686 4673 1964 4741 denarius,
2008 4676 2100 4748 qui

519 4769 710 4824 decem
741 4778 995 4820 nummos
1046 4762 1321 4832 habebat;
1350 4762 1439 4833 qui
1473 4763 1635 4817 etiam
1665 4764 1884 4820 nomine
1916 4764 2110 4819 Caesa-

516 4858 590 4912 ris
619 4856 955 4911 titulabatur.
992 4852 1061 4906 Et
1088 4866 1190 4906 nos
1219 4850 1508 4906 offeramus
1548 4852 1669 4922 regi
1698 4862 1884 4908 nostro
1931 4854 2111 4909 Deca-

514 4946 703 5018 logum
723 4943 864 5016 legis
891 4942 948 4996 in
979 4955 1085 5013 quo
1115 4939 1319 4996 vultum
1382 4940 1553 5011 regis,
1584 4941 1639 4994 id
1670 4949 1753 4996 est
1778 4941 2111 5013 agnitionem

516 5033 762 5090 veritatis
792 5031 918 5102 ejus
944 5028 1284 5084 inveniemus
1317 5046 1330 5083 :

596 5144 617 5168 α
651 5120 912 5176 Ascendit
958 5125 1140 5173 autem
1187 5117 1393 5187 Joseph
1438 5132 1472 5171 a
1505 5116 1733 5174 Galilea
1778 5118 1848 5174 de
1894 5118 2112 5175 civitate

517 5209 787 5263 Nazareth
813 5208 871 5261 in
902 5206 1133 5261 Judeam
1162 5205 1219 5259 in
1267 5205 1536 5261 civitatem
1563 5207 1739 5262 David
1793 5224 1918 5280 quae
1946 5222 2113 5263 voca-

523 5303 606 5349 tur
660 5295 993 5360 Bethlehem,
1027 5308 1094 5349 eo
1148 5294 1295 5365 quod
1325 5302 1470 5350 esset
1496 5295 1567 5350 de
1613 5296 1777 5351 domo
1825 5304 1879 5351 et
1907 5295 2114 5351 familia

524 5383 720 5448 David,
753 5390 811 5436 ut
865 5380 1213 5451 proﬁteretur
1241 5398 1364 5438 cum
1419 5383 1593 5438 Maria
1620 5384 1951 5454 desponsata
2005 5385 2111 5439 sibi

518 5486 685 5526 uxore
706 5479 1044 5542 praegnante.
1082 5492 1104 5517 η
1140 5470 1515 5541 (Gnaconws)
1537 5494 1556 5518 ιτ
1579 5472 1721 5526 Alibi
1750 5473 1961 5543 concipi
1980 5472 2109 5527 alibi

517 5567 668 5623 nasci
697 5566 867 5623 voluit
923 5563 1205 5633 Dominus,
1238 5573 1297 5620 ut
1350 5566 1651 5623 insidiantis
1680 5570 1914 5626 Herodis
1953 5568 2105 5626 furo-

514 5682 633 5723 rem
686 5662 897 5743 facilius
936 5661 1213 5716 evaderet.
1262 5662 1550 5720 Nascituro
1596 5666 1828 5721 Domino
1870 5667 2105 5722 mundus

515 5762 859 5827 describitur,
902 5757 1029 5829 quia
1058 5758 1148 5814 ille
1181 5759 1475 5827 apparebat
1506 5760 1560 5814 in
1586 5777 1753 5818 carne
1783 5763 1874 5833 qui
1902 5764 2104 5821 electos

2231 3205 2377 3271 data,
2408 3202 2536 3258 dum
2560 3200 2741 3271 jungit
2783 3196 3023 3270 pontiﬁci
3053 3194 3335 3267 proposito
3363 3191 3484 3257 sibi,
3508 3190 3611 3247 sed
3637 3206 3829 3246 cumu—

2230 3294 2375 3349 latur
2411 3291 2605 3347 virtute
2648 3288 2882 3360 Spiritus
2929 3285 3126 3340 sancti.
3169 3283 3291 3340 Und
3338 3282 3479 3337 bene
3498 3280 3709 3349 Joseph
3736 3296 3829 3335 aa—

2198 3366 2205 3367 ,
2232 3387 2358 3438 ctus
2388 3380 2796 3449 interpretatur,
2828 3374 3076 3430 indicans
3097 3372 3171 3426 nil
3205 3370 3387 3428 valere
3414 3367 3735 3423 instantiam
3762 3367 3831 3421 lo-

2233 3468 2448 3541 quentis
2479 3465 2728 3537 magistri
2757 3464 2874 3520 sine
2919 3468 3215 3533 augmento
3243 3458 3462 3529 superni
3502 3455 3821 3525 juvaminis.

2231 3560 2402 3613 Natus
2434 3556 2613 3627 itaque
2644 3552 2910 3609 Dominus
2964 3557 3048 3605 est
3077 3548 3377 3605 secundum
3422 3560 3671 3612 carnem,
3700 3551 3755 3599 et
3780 3551 3829 3597 tu

2232 3646 2531 3703 secundum
2563 3642 2810 3714 spiritum
2838 3638 3114 3695 nasceris.
3143 3636 3301 3705 Quod
3334 3636 3479 3690 enim
3508 3649 3623 3688 non
3647 3649 3715 3688 ex
3744 3647 3831 3687 vo-

2230 3736 2434 3791 luntate
2460 3732 2639 3789 carnis
2669 3730 2793 3797 viri,
2824 3728 2923 3784 sed
2953 3743 3018 3783 ex
3073 3725 3275 3797 Spiritu
3304 3731 3497 3779 sancto
3529 3731 3702 3777 natus
3734 3727 3827 3785 est,

2231 3831 2645 3906 generationem
2705 3825 2959 3899 signavit,
3012 3840 3174 3897 quam
3213 3822 3399 3894 utique
3453 3820 3686 3875 daturus
3725 3824 3831 3874 erat

2231 3938 2297 3978 ex
2338 3920 2559 3991 Spiritu.

2305 4042 2326 4066 οι
2359 4019 2427 4072 Et
2454 4016 2650 4089 pannis
2679 4029 2801 4070 eum
2830 4010 3068 4076 insolvit,
3105 4016 3158 4065 et
3204 4006 3486 4065 reclinavit
3515 4006 3575 4060 in
3627 4020 3826 4077 prazse-

2196 4104 2201 4107 “
2227 4107 2320 4178 pio
2349 4105 2476 4178 quia
2504 4121 2613 4161 non
2644 4110 2757 4158 erat
2783 4101 2833 4157 ei
2860 4100 3016 4156 locus
3046 4099 3101 4153 in
3129 4096 3464 4153 diversorio.
3500 4117 3523 4143 υ
3557 4096 3688 4149 Νοιι
3717 4100 3831 4149 erat

2225 4195 2380 4252 locus
2421 4195 2477 4249 in
2508 4191 2829 4249 diversorio.
2870 4190 3005 4244 Erat
3048 4186 3193 4243 enim
3221 4184 3607 4240 difﬁcillimum
3637 4197 3828 4239 vacan-

2224 4293 2308 4341 tes
2346 4282 2584 4354 reperire
2614 4281 2810 4336 domos
2841 4284 3063 4349 propter
3090 4280 3419 4330 conventum
3448 4287 3513 4329 ac
3562 4271 3833 4343 frequent-

2225 4375 2355 4429 tiam
2398 4371 2709 4427 Iudaeorum
2744 4383 2883 4440 quos
2924 4366 2979 4420 in
3009 4380 3176 4419 unum
3233 4362 3426 4417 eadem
3454 4368 3587 4416 tunc
3639 4357 3837 4415 descri-

2230 4470 2435 4544 ptionis
2466 4484 2629 4525 causa
2662 4464 2986 4537 collegerat.
3018 4459 3414 4529 (Genaunos)
3439 4458 3545 4523 Qui
3574 4456 3833 4511 mundum

2224 4559 2381 4615 vario
2411 4557 2569 4612 vestit
2607 4562 2823 4619 ornatu,
2875 4551 3074 4607 vilibus
3112 4548 3371 4612 induitur,
3403 4555 3463 4601 ut
3488 4545 3686 4600 stolam
3735 4545 3834 4599 im-

2225 4645 2574 4705 mortalitatis
2630 4642 3024 4713 reciperemus.
3087 4637 3282 4692 Manus
3338 4634 3628 4706 pedesque
3681 4631 3829 4690 cunis

2225 4736 2620 4805 astringuntur,
2654 4740 2712 4785 ut
2740 4736 2939 4785 nostra:
2963 4742 3159 4782 manus
3188 4726 3258 4779 ad
3299 4724 3443 4779 bene
3491 4723 3832 4797 operandam

2226 4835 2507 4907 pedesque
2525 4831 2582 4885 in
2619 4830 2763 4884 viam
2794 4825 2945 4897 pacis
2970 4823 3300 4895 dirigantur.
3336 4823 3398 4874 In
3456 4820 3732 4891 praesepio
3759 4834 3831 4873 re

2223 4926 2460 4980 clinatur
2488 4928 2547 4975 ut
2577 4917 2766 4973 ﬁdeles
2795 4931 3007 4980 omnes,
3041 4918 3228 4967 sancta
3266 4908 3526 4977 videlicet
3552 4908 3825 4967 animalia,

2227 5013 2414 5070 carnis
2442 5025 2556 5066 suae
2585 5008 2862 5063 frumento
2888 5002 3143 5059 reﬁceret
3161 4999 3257 5072 qui
3287 4999 3447 5069 panis
3476 5005 3562 5053 est
3598 4995 3825 5066 angelo-

2228 5117 2372 5158 rum.
2402 5100 2464 5153 In
2494 5102 2727 5170 angusto
2780 5090 3013 5164 pmsepi
3041 5088 3351 5146 continetur
3378 5094 3437 5141 ut
3458 5102 3560 5140 nos
3591 5102 3696 5155 per
3721 5099 3827 5140 eua-

2226 5190 2380 5246 lestis
2408 5186 2567 5260 regni
2595 5183 2802 5257 gaudia
2831 5180 3037 5236 dilatet.
3094 5176 3225 5233 Non
3264 5176 3319 5231 in
3351 5175 3515 5230 domo
3544 5180 3823 5244 parentum

2227 5285 2389 5333 natus
2416 5258 2497 5332 est
2526 5272 2809 5337 Dominus,
2866 5277 2923 5323 ut
2954 5267 3266 5327 ostenderet
3296 5263 3423 5337 quia
3476 5277 3576 5332 per
3603 5258 3824 5315 humili-

2227 5375 2395 5422 tatem
2452 5368 2787 5431 assumptam
2820 5356 2976 5426 quasi
3024 5354 3081 5409 in
3111 5354 3290 5409 alieno
3338 5350 3691 5417 nascebatur,
3720 5363 3823 5401 non

2228 5462 2529 5522 secundum
2558 5464 2897 5531 potestatem,
2939 5453 3037 5507 sed
3085 5452 3385 5508 secundum
3416 5453 3666 5502 naturam
3722 5443 3821 5496 hu-

2225 5560 2534 5618 manitatis.
2568 5557 2707 5612 Nam
2751 5553 2820 5609 de
2851 5558 3121 5624 potestate
3153 5551 3272 5620 ejus
3321 5548 3581 5623 scriptum
3642 5555 3727 5604 est
3766 5546 3818 5600 in

2224 5658 2490 5732 pmpheta
2523 5672 2535 5709 :
2575 5677 2597 5700 α
2629 5652 2701 5707 Ει
2728 5649 2850 5722 quia
2880 5648 3058 5704 omnis
3089 5661 3217 5704 caro
3246 5644 3429 5702 fenum
3459 5647 3595 5712 (Isa.
3636 5646 3750 5711 χι),
3796 5665 3815 5686 ο

2226 5759 2397 5815 factus
2454 5754 2616 5809 homo
2645 5750 2813 5805 Deus.
2857 5746 3062 5802 Fenum
3116 5751 3362 5799 nostrum
3420 5740 3572 5798 vertit
3600 5740 3655 5795 in
3716 5737 3815 5792 fru—
