4062 6074
303 307 407 364 7'77

1243 308 1832 374 DEFLORATIONES
1864 311 1962 374 SS.
1995 312 2311 378 PATRUM.
2348 352 2417 363 —
2454 315 2589 378 LIB.
2629 321 2653 378 I

3487 329 3602 389 778’

302 438 553 490 mentum
584 435 674 508 qui
703 435 772 492 de
801 437 1098 508 semetipso
1135 438 1210 492 ait
1253 456 1265 492 :
1311 463 1332 486 «
1369 439 1487 494 Nisi
1503 456 1734 512 granum
1761 441 1880 498 fru-
1914 444 1971 507 A
2003 448 2250 518 Genius.)
2280 447 2548 517 Quoniam
2564 450 2841 520 peccando
2863 454 3104 510 extranei
3143 472 3379 522 eramus,
3410 471 3444 512 a
3473 457 3590 514 Deo

303 534 472 587 menti
501 534 704 589 cadens
733 535 789 588 in
820 541 1022 589 terram
1054 543 1335 591 mortuum
1367 536 1524 592 fuerit
1571 539 1748 610 ipsum
1792 556 1888 596 so-

301 623 410 677 lum
438 631 618 678 manet
650 625 832 693 (Joan.
866 625 984 695 xu).
1019 644 1041 674 ν
1078 625 1231 681 Unde
1260 635 1314 682 et
1342 635 1497 682 natus
1527 627 1583 682 in
1621 629 1888 700 praesepio

297 711 612 768 reclinatur.
649 712 951 768 Reclinavit
993 729 1229 782 puerum
1275 723 1476 771 mater.
1531 717 1742 788 Joseph
1786 734 1885 772 au—

295 818 401 864 tem
433 826 542 865 non
598 810 833 865 audebat
887 811 1154 882 attingere
1211 829 1374 883 quem
1434 813 1642 869 sciebat
1699 816 1768 870 de
1826 831 1886 870 se

295 914 404 954 non
435 914 558 953 esse
589 906 936 970 generatum.
968 899 1307 970 Quicumque
1339 918 1398 957 es
1429 919 1658 973 pauper,
1699 903 1884 974 accipe

294 987 746 1045 consolationem.
779 988 982 1059 Joseph
1023 997 1076 1044 et
1113 991 1286 1045 Maria
1333 999 1506 1047 mater
1533 991 1750 1048 Domini
1771 1008 1882 1047 non

295 1087 493 1141 habent
530 1085 830 1152 servulum,
871 1102 982 1142 non
1037 1087 1310 1156 ancillam,
1370 1105 1479 1146 non
1529 1083 1880 1157 jumentum;

295 1174 399 1245 ipsi
429 1183 555 1229 sunt
583 1174 788 1229 domini
817 1182 871 1230 et
901 1173 1106 1230 famuli.
1134 1177 1257 1231 Non
1288 1178 1452 1232 audet
1479 1185 1772 1248 paupertas
1811 1178 1882 1232 ti-

296 1263 445 1318 mida
466 1263 610 1318 inter
630 1263 826 1318 divites
846 1264 1130 1319 accedere.
1165 1266 1221 1318 In
1259 1265 1622 1322 diversorium
1662 1266 1881 1332 vadunt,

293 1359 536 1414 nascitur
563 1359 618 1414 in
660 1359 872 1416 stabulo
913 1360 1003 1429 qui
1045 1360 1115 1416 de
1163 1369 1402 1418 stercore
1444 1361 1663 1434 inepem
1710 1363 1876 1419 levat.

295 1449 355 1501 In
387 1455 628 1503 stercore
657 1447 760 1502 Job
788 1449 1014 1503 sedebat
1042 1457 1096 1504 et
1125 1457 1312 1520 postea
1340 1459 1628 1506 coronatus
1660 1459 1762 1517 est,
1781 1459 1890 1506 etc.

373 1578 394 1601 α
433 1555 496 1608 Ει
524 1563 773 1624 pastores
795 1564 948 1610 erant
994 1556 1048 1610 in
1088 1556 1310 1628 regione
1359 1557 1552 1612 eadem
1596 1557 1890 1629 vigilantes

291 1653 345 1698 et
376 1644 748 1700 custodientes
779 1645 996 1717 vigilias
1026 1645 1204 1700 noctis
1234 1662 1398 1716 super
1416 1662 1644 1718 gregem
1691 1642 1878 1701 suum.

290 1741 358 1795 Et
391 1757 520 1797 ecce
556 1743 787 1814 angelus
820 1742 1036 1798 Domini
1067 1744 1216 1798 stetit
1239 1744 1392 1810 juxta
1422 1743 1564 1808 illos,
1588 1751 1642 1798 et
1662 1743 1886 1798 claritas

291 1830 390 1884 Dei
421 1830 780 1886 circumfulsit
810 1831 956 1886 illos.
996 1855 1018 1879 η
1052 1832 1193 1886 Nato
1226 1831 1454 1888 Domino
1484 1840 1730 1902 pastores
1751 1832 1889 1902 vigi-

285 1916 424 1985 lant,
475 1935 817 1992 gregemque
862 1936 1018 1974 suum
1074 1921 1386 1976 custodiunt
1448 1929 1505 1974 ut
1565 1921 1890 1975 ostendatur

287 2016 484 2071 adesse
514 2025 728 2086 tempus
757 2018 905 2088 quod
934 2017 1049 2088 ipse
1088 2017 1218 2072 olim
1263 2017 1595 2088 promiserat
1651 2017 1842 2073 dicens
1875 2031 1890 2068 :

296 2129 317 2152 α
357 2105 502 2161 Ecce
533 2121 638 2176 ego
669 2106 785 2176 ipse
815 2107 1088 2176 requiram
1118 2122 1254 2162 oves
1283 2121 1450 2175 meas,
1477 2115 1529 2161 et
1551 2107 1782 2161 visitabo
1798 2123 1892 2162 eas

290 2194 433 2249 sicut
463 2194 652 2249 visitat
680 2201 870 2265 pastor
901 2211 1130 2268 gregem
1163 2212 1318 2250 suum
1349 2196 1570 2266 (Ex-ach.
1617 2196 1826 2266 XXXIV).
1865 2219 1886 2244 η

290 2291 396 2348 Per
422 2308 651 2365 gregem
673 2291 926 2363 populus,
961 2309 1064 2362 per
1091 2300 1308 2348 noctem
1338 2293 1619 2359 saeculum,
1650 2309 1753 2364 per
1786 2308 1890 2364 pa-

291 2389 470 2436 stores
522 2380 896 2454 signiﬁcantur
944 2381 1260 2436 sacerdotes
1306 2382 1594 2438 animabus
1641 2381 1893 2453 pervigili

291 2485 427 2525 cura
455 2470 749 2542 provisuri.
796 2470 1043 2542 Angelus
1101 2485 1223 2526 cum
1270 2478 1420 2526 tanto
1467 2471 1672 2526 lumine
1721 2486 1892 2541 appa-

297 2585 446 2637 rens,
480 2569 626 2641 quod
657 2569 711 2622 in
739 2576 849 2623 tota
880 2567 1218 2624 Testamenti
1250 2569 1460 2623 Veteris
1485 2569 1627 2624 serie
1658 2585 1766 2624 non
1802 2569 1890 2622 in-

293 2658 529 2723 venitur,
561 2658 791 2728 mystice
819 2658 1142 2728 praamonuit
1172 2657 1316 2728 quod
1356 2661 1647 2728 Apostolus
1700 2664 1893 2728 postea

291 2755 480 2818 aperte
508 2747 638 2802 dixit
670 2764 682 2802 :
721 2771 742 2793 «ι
781 2747 902 2801 Nox
933 2747 1234 2818 praecessit,
1285 2746 1403 2802 dies
1452 2755 1632 2802 autem
1683 2761 1892 2818 appro-

289 2843 572 2914 pinquabit
599 2845 783 2915 (Rom.
827 2844 972 2914 xm).
1013 2868 1034 2891 υ

361 2974 383 3000 ι
417 2950 488 3005 Et
515 2951 810 3006 timuerunt
842 2951 1036 3007 timore
1067 2966 1294 3023 magno.
1328 2951 1398 3006 Et
1425 2950 1558 3005 dixit
1586 2950 1693 3005 illis
1722 2965 1892 3022 ange-

287 3041 416 3096 lus:
469 3040 652 3095 Nolite
700 3040 911 3096 timere.
961 3041 1102 3096 Ecce
1159 3040 1303 3094 enim
1363 3039 1680 3112 evangelizo
1736 3039 1893 3094 vobis

289 3129 555 3202 gaudium
587 3145 875 3200 magnum,
909 3129 1053 3200 quod
1084 3129 1189 3183 erit
1219 3128 1364 3183 omni
1397 3127 1622 3199 p0pulo,
1647 3127 1774 3198 quia
1796 3142 1891 3182 na-
1920 3139 1969 3200 ρ

287 3236 374 3282 tus
397 3233 484 3282 est
513 3227 675 3283 vobis
711 3227 872 3282 hodie
903 3225 1177 3292 Salvator,
1212 3226 1301 3295 qui
1345 3233 1425 3281 est
1476 3225 1726 3281 Christus
1777 3226 1892 3282 Do-

287 3317 490 3382 minus,
513 3316 564 3370 in
584 3314 808 3371 civitate
835 3314 1038 3370 David.
1065 3338 1087 3364 ι)
1125 3313 1286 3369 Omni
1308 3314 1512 3386 populo
1536 3313 1800 3380 lidelium,
1825 3313 1893 3368 de

288 3404 497 3460 cunctis
527 3403 938 3459 diversitatibus
975 3403 1220 3475 gentium
1269 3402 1682 3475 congregando,
1727 3409 1892 3457 aeter-

287 3519 419 3557 num
441 3501 696 3573 gaudium
741 3501 1044 3556 nuntiatur.
1099 3502 1234 3556 Cum
1277 3516 1383 3556 nox
1433 3507 1596 3568 esset,
1640 3515 1758 3555 non
1819 3499 1892 3554 ait

286 3591 543 3663 angelus,
575 3591 680 3646 hac
708 3599 888 3656 nocte,
936 3589 1037 3645 sed
1064 3590 1246 3658 hodie,
1279 3589 1405 3661 quia
1444 3605 1704 3660 magnum
1747 3605 1891 3659 gau-

296 3679 445 3734 dium
477 3679 795 3748 nuntiabat;
829 3678 921 3733 ubi
960 3686 1142 3734 autem
1187 3677 1364 3732 tristia
1411 3684 1676 3750 geruntur
1721 3677 1895 3732 noctis

296 3776 504 3831 mentio
536 3775 675 3831 solet
704 3775 844 3844 ﬁeri,
878 3783 935 3830 ut
965 3775 1040 3829 ibi
1075 3792 1088 3829 :
1148 3797 1168 3822 α
1226 3773 1542 3828 scandalum
1590 3773 1689 3828 hac
1730 3780 1893 3828 nocte

286 3866 580 3936 patiemini
605 3866 838 3936 (Matth.
883 3866 1050 3934 xxvr).
1089 3887 1110 3910 η
1155 3894 1221 3903 -
1275 3886 1296 3910 α
1346 3863 1416 3917 Et
1467 3861 1576 3917 hoc
1619 3861 1776 3918 vobis
1817 3861 1894 3915 si-

295 3971 467 4027 gnum
503 3973 516 4009 :
552 3955 850 4010 Invenietis
881 3953 1144 4009 infantem
1170 3951 1364 4024 pannis
1401 3951 1697 4006 involutum
1718 3958 1770 4006 et
1797 3967 1893 4021 po-

286 4052 450 4106 situm
478 4052 534 4105 in
561 4052 855 4122 praesepio.
901 4072 923 4102 ι
961 4052 1189 4122 Signum
1240 4049 1430 4104 salutis
1489 4057 1572 4104 est
1618 4047 1890 4117 ﬁdelibus,

293 4139 580 4195 humilitas
613 4141 935 4206 Salvatoris,
969 4156 1088 4211 quae
1121 4147 1203 4194 est
1233 4139 1478 4210 opposita
1507 4136 1774 4208 superbiae
1801 4152 1898 4207 per

287 4245 453 4299 quam
482 4245 659 4284 mors.

364 4360 385 4384 ιι
420 4329 487 4392 Et
514 4335 692 4392 subito
723 4335 864 4391 facta
894 4343 976 4390 est
1003 4349 1126 4390 cum
1159 4331 1360 4405 angelo
1403 4331 1694 4387 multitudo
1742 4330 1892 4384 mili-

289 4425 378 4481 tiae
410 4425 648 4482 caelestis
677 4423 1013 4480 laudantium
1042 4424 1211 4478 Deum
1244 4430 1296 4476 et
1327 4421 1624 4476 dicentium
1651 4435 1662 4474 :
1702 4419 1891 4475 Gloria

286 4515 345 4568 in
374 4513 652 4568 altissimis
682 4514 817 4581 Deo,
849 4521 902 4568 et
946 4512 1000 4566 in
1041 4518 1184 4565 terra
1231 4527 1333 4582 pax
1377 4508 1688 4565 hominibus
1729 4508 1888 4564 bonae
1913 4500 1966 4560 D

286 4610 606 4668 voluntatis.
647 4633 667 4657 α
720 4611 841 4666 Uno
890 4607 1304 4680 evangelizante
1344 4607 1562 4680 angelo,
1602 4605 1888 4663 multitudo

293 4699 351 4754 in
382 4713 684 4754 consonam
725 4699 941 4753 laudem
989 4697 1310 4768 prorumpit.
1372 4705 1424 4751 et
1477 4693 1716 4751 officium
1771 4695 1886 4748 Deo

303 4788 628 4858 impendens
675 4795 729 4842 et
784 4802 883 4842 nos
938 4786 1248 4852 instituens,
1305 4793 1358 4840 ut
1415 4784 1624 4854 quoties
1679 4798 1886 4838 sacram

293 4883 665 4939 eruditionem
699 4900 763 4938 ex
817 4883 1001 4938 fratris
1057 4899 1153 4938 ore
1208 4881 1481 4948 audimus,
1529 4882 1645 4936 Deo
1697 4879 1885 4934 laudes

287 4973 480 5035 corde,
513 4988 606 5028 ore
636 4981 686 5028 et
714 4988 879 5043 opere
909 4971 1222 5027 reddamus.
1271 4970 1424 5026 Unde
1471 4969 1673 5024 militiae
1720 4967 1885 5024 coele-

288 5060 392 5115 stis
424 5061 633 5116 dictum
665 5070 747 5116 est
776 5061 900 5132 quia
928 5061 1007 5115 illi
1037 5059 1354 5127 militabant,
1389 5058 1480 5127 qui
1529 5066 1720 5114 contra
1771 5072 1883 5110 ma-

291 5157 480 5229 lignos
512 5158 736 5229 spiritus
765 5158 832 5212 ad
877 5159 1100 5214 tutelam
1147 5163 1386 5212 nostram
1424 5154 1744 5227 angelorum
1791 5168 1879 5208 or-

285 5246 506 5302 dinabat
551 5248 845 5302 exercitus.
903 5244 1041 5315 Quia
1083 5262 1212 5301 vero
1268 5247 1416 5300 Deus
1463 5251 1517 5298 et
1568 5243 1730 5297 homo
1784 5257 1878 5296 na-

285 5344 378 5392 tus
431 5344 534 5402 est,
587 5336 898 5392 hominibus
952 5351 1079 5406 pax,
1139 5343 1192 5390 et
1247 5334 1359 5390 Deo
1415 5331 1590 5406 gloria
1645 5333 1874 5398 canitur,

284 5433 387 5504 qui
417 5431 486 5486 ab
515 5432 729 5503 angelis
757 5448 862 5503 pro
890 5439 1078 5487 nostra
1102 5431 1474 5501 redemptione
1511 5427 1866 5500 glorificatur.

278 5519 356 5576 Et
383 5521 515 5590 quia
543 5537 722 5590 neque
749 5521 942 5587 Judaei,
973 5537 1149 5590 neque
1178 5519 1410 5591 gentiles
1431 5534 1622 5589 pacem
1637 5516 1873 5585 habent;

283 5636 306 5659 α
334 5625 445 5664 non
477 5618 560 5666 est
580 5611 724 5665 enim
748 5626 848 5680 pax
871 5609 1068 5679 impiis,
1093 5608 1224 5664 dicit
1243 5607 1826 5676 Dominus(lsa.nvn);
1849 5632 1870 5654 ι

277 5698 403 5754 ideo
425 5699 781 5754 determinate
810 5699 1030 5763 dicitur,
1055 5721 1075 5744 α
1108 5696 1425 5752 hominibus
1445 5697 1600 5750 bonae
1619 5694 1873 5751 volunta-

271 5788 365 5856 tis,
406 5812 426 5836 ιι
455 5788 547 5861 qui
578 5787 790 5843 scilicet
819 5796 1005 5843 natum
1036 5787 1310 5842 Christum
1340 5783 1662 5855 suscipiunt.
1687 5784 1870 5855 (Gna-

592 5912 857 5979 PATROL.
885 5911 1127 5977 CLVII.

1917 1785 1970 1844 Β
2001 1812 2162 1876 (Luc.
2204 1812 2272 1882 ι).
2317 1785 2340 1861 ξ»

1995 544 2290 592 extraneos
2310 553 2414 592 nos
2441 537 2626 610 angeli
2651 539 3003 611 deputabant.
3037 544 3150 598 Sed
3183 546 3306 614 quia
3330 561 3591 620 recogno-

1997 623 2171 679 vimus
2202 641 2391 697 regem
2428 635 2696 695 nostrum,
2757 642 3200 698 recognoverunt
3252 650 3352 690 nos
3406 634 3590 706 angeli

1994 711 2144 768 cives
2170 728 2326 769 suos.
2381 715 2451 768 Et
2500 715 2650 771 limet
2702 719 2930 788 angelus
2985 721 3055 774 ab
3108 723 3347 777 humana
3403 729 3590 778 natura

1993 800 2216 856 adorari
2246 817 2409 874 quam
2436 803 2488 857 in
2529 820 2628 860 suo
2661 822 2792 877 rege
2840 807 3146 865 considerat
3181 828 3192 863 :
3241 811 3368 868 hinc
3404 812 3502 867 Lot
3539 819 3593 868 et

1992 889 2156 944 Josue
2186 907 2295 945 non
2325 891 2579 962 prohibiti
2613 904 2733 948 sunt
2763 895 2998 952 adorare
3036 899 3288 969 angelos.
3343 901 3585 955 Joannes

1994 994 2122 1034 vero
2151 979 2206 1034 in
2235 980 2565 1052 Apocalypsi
2595 983 2898 1054 prohibitus
2949 993 3060 1042 est.
3107 1012 3129 1036 α
3185 989 3339 1055 Vide,
3390 988 3584 1061 inquit,

1990 1083 2058 1122 ne
2087 1066 2306 1135 feceris,
2327 1084 2627 1127 conservus
2649 1071 2792 1128 enim
2815 1082 2936 1129 tuus
2952 1091 3107 1131 suum
3129 1085 3183 1132 et
3204 1076 3425 1133 fratrum
3459 1087 3578 1134 tuo-

1994 1170 2109 1210 rum
2131 1157 2319 1230 (Apoc.
2351 1158 2504 1229 xxii).
2542 1183 2564 1206 »
2599 1161 2666 1215 Et
2709 1161 2910 1218 factum
2958 1171 3040 1218 est
3097 1173 3154 1220 ut
3210 1167 3581 1223 discesserunt

1991 1243 2060 1298 ab
2092 1245 2173 1300 eis
2199 1246 2381 1318 angeli
2411 1246 2470 1302 in
2497 1247 2722 1305 cmlum.

2414 1424 2583 1481 ITEM
2619 1426 2694 1482 IN
2732 1424 2979 1484 EODEM
3015 1428 3168 1486 DIE.

2073 1569 2094 1593 α
2134 1547 2382 1601 Pastores
2411 1546 2778 1620 loquebantur
2812 1551 2882 1606 ad
2909 1552 3144 1609 invicem
3179 1571 3194 1611 :
3226 1555 3590 1615 Transeamus

1999 1650 2174 1706 usque
2201 1635 2535 1703 Bethlehem,
2569 1647 2621 1692 et
2678 1638 2962 1695 videamus
3010 1642 3113 1698 hoc
3167 1645 3391 1699 verbum
3450 1651 3596 1718 quod

2001 1722 2201 1778 factum
2231 1732 2334 1791 est,
2368 1725 2510 1793 quod
2555 1726 2684 1780 fecit
2729 1728 3000 1784 Dominus
3047 1739 3099 1786 et
3147 1731 3593 1792 ostendit'nobis

2394 1814 2520 1868 Non
2567 1814 2827 1871 dixerunt
2872 1818 3154 1875 videamus
3197 1837 3447 1892 puerum,
3495 1825 3593 1881 sed

2001 1909 2238 1965 Verbum
2274 1929 2288 1978 ;
2316 1926 2380 1967 ac
2410 1913 2459 1966 si
2491 1913 2730 1969 dicerent
2764 1931 2778 1970 :
2812 1916 3050 1971 Verbum
3082 1927 3200 1974 erat
3227 1921 3280 1974 in
3326 1922 3595 1996 principio

2000 2006 2052 2053 et
2083 1997 2285 2056 factum
2315 2008 2397 2056 est
2412 2016 2544 2057 caro
2567 2003 2748 2071 (Joan.
2780 2003 2840 2073 ι).
2874 2004 3030 2073 Quod
3071 2007 3360 2076 Dominus,
3411 2011 3463 2066 id
3512 2023 3596 2070 est

2003 2089 2179 2155 Pater,
2212 2095 2264 2144 et
2295 2088 2471 2160 ipsum
2502 2090 2761 2159 Verbum,
2804 2101 2858 2148 et
2906 2092 3139 2164 Spiritus
3178 2108 3401 2155 sanctus
3444 2101 3592 2168 fecit,

1999 2176 2054 2232 id
2085 2186 2164 2233 est
2192 2177 2459 2234 incarnari
2489 2179 2788 2247 constituit,
2839 2188 2893 2236 et
2947 2183 3028 2239 sic
3081 2183 3281 2241 factum
3341 2191 3594 2261 ostendit,

2000 2266 2144 2335 quod
2173 2266 2226 2320 in
2255 2266 2455 2323 deitate
2483 2267 2655 2323 videri
2682 2283 2791 2324 non
2822 2277 3033 2341 poterat
3059 2274 3088 2327 ?

2077 2397 2098 2422 α
2135 2374 2203 2428 Ει
2233 2382 2495 2430 venerunt
2523 2374 2868 2443 festinantes,
2903 2386 2954 2433 et
2988 2378 3306 2437 invenerunt
3352 2383 3595 2453 Mariam,

2001 2470 2052 2518 et
2082 2462 2310 2534 Joseph,
2337 2471 2390 2518 et
2419 2462 2677 2519 infantem
2707 2465 2942 2535 positum
2974 2467 3029 2521 in
3059 2472 3350 2541 praesepio.
3393 2471 3601 2529 Viden-

2002 2558 2082 2604 tes
2112 2559 2290 2606 autem
2321 2566 2450 2621 cogr
2468 2559 2697 2608 overunt
2726 2553 2794 2608 de
2822 2554 2987 2610 verbo
3034 2557 3181 2629 quod
3231 2559 3434 2615 dictum
3481 2569 3599 2617 erat

2000 2638 2106 2694 illis
2138 2641 2206 2694 de
2235 2655 2403 2710 puero
2435 2641 2560 2696 hoc.
2606 2663 2627 2688 η
2661 2641 2924 2698 Nonnulli
2958 2654 3269 2713 quaerentes
3301 2647 3596 2718 Christum,

2001 2743 2111 2783 non
2163 2727 2468 2796 inveniunt,
2520 2729 2648 2798 quia
2690 2730 2969 2786 desidiose
3018 2743 3292 2802 quaerunt.
3346 2737 3601 2794 Pastores

2001 2824 2182 2872 autem
2212 2816 2558 2885 invenerunt,
2588 2818 2712 2888 quia
2743 2817 2852 2876 fide
2883 2836 2990 2876 non
3039 2819 3164 2877 ﬁcta
3203 2833 3592 2882 cucurrerunt.

2001 2906 2091 2962 Sic
2129 2905 2393 2962 Ecclesiae
2422 2913 2694 2977 pastores,
2732 2907 2842 2964 imo
2873 2907 3096 2978 quilibet
3125 2909 3337 2980 ﬁdeles,
3389 2913 3601 2971 caelesti

2001 3004 2247 3060 doctrina
2279 3004 2478 3071 allecti,
2513 3005 2672 3074 quasi
2697 3014 2881 3076 portas
2913 3007 3225 3064 Bethlehem
3275 3011 3592 3084 subeuntes,

2003 3093 2277 3164 reperiunt
2302 3092 2611 3149 Ecclesiam
2651 3094 2986 3151 Catholicam
3029 3098 3186 3169 quasi
3238 3099 3488 3171 Mariam,
3540 3113 3597 3158 et

2002 3190 2200 3237 ccelum
2230 3182 2510 3238 doctorum
2544 3183 2693 3252 quasi
2713 3184 2938 3256 Joseph,
2972 3192 3131 3256 atque
3177 3187 3438 3244 humilem
3476 3191 3597 3246 Me-

2001 3269 2224 3326 diatoris
2252 3271 2551 3327 adventum
2583 3271 2883 3342 Scriptum
2902 3273 3120 3346 paginis
3143 3273 3425 3346 insertum,
3447 3280 3601 3348 quasi

2002 3359 2056 3413 in
2086 3359 2372 3430 praesepio.
2400 3359 2658 3416 Videntes
2678 3377 2908 3432 puerum
2931 3373 3310 3435 cognoverunt
3339 3365 3408 3422 de
3429 3367 3602 3425 verbo

2003 3448 2148 3518 quod
2185 3449 2383 3505 dictum
2416 3457 2550 3516 erat,
2584 3458 2636 3504 et
2675 3465 2780 3506 nos
2828 3467 2928 3520 per
2971 3451 3136 3508 ﬁdem
3185 3455 3596 3525 Incarnationis,

2003 3536 2284 3592 veniemus
2311 3537 2377 3592 ad
2407 3537 2641 3610 gloriam
2671 3539 2834 3593 Verbi
2863 3542 3248 3599 contuendum.
3281 3543 3599 3602 Notandum

2003 3625 2127 3695 quia
2155 3625 2288 3697 ipsae
2322 3642 2412 3682 res
2463 3627 2740 3682 interdum
2787 3627 2971 3700 dignae
3021 3629 3170 3686 dictu
3215 3640 3375 3704 atque
3432 3633 3604 3691 relatu

2005 3714 2169 3770 verba
2199 3723 2486 3771 vocantur.
2519 3716 2682 3771 Unde
2713 3715 2768 3770 in
2798 3716 2942 3772 Isaia
2979 3734 2991 3771 :
3031 3738 3053 3768 α
3087 3719 3210 3775 Non
3231 3719 3330 3776 fuit
3351 3721 3602 3790 verbum,

2004 3812 2058 3867 id
2087 3819 2170 3868 est
2200 3829 2286 3867 res
2317 3812 2485 3885 digna
2513 3812 2755 3880 nomine,
2792 3813 2936 3884 quod
2967 3829 3076 3870 non
3105 3817 3425 3875 ostenderet
3460 3820 3606 3877 Eze-

2002 3901 2152 3956 chias
2185 3900 2450 3957 Chaldaeis
2491 3900 2623 3968 (Ira.
2667 3903 2875 3972 xxxix).
2919 3926 2940 3951 ι»
2987 3903 3244 3960 Similiter
3283 3905 3471 3963 dicunt
3517 3907 3608 3966 hic

2003 3993 2248 4056 pastores
2282 4002 2295 4038 :
2327 3985 2619 4040 Videamus
2641 3986 2747 4042 hoc
2781 3987 3018 4041 Verbum
3059 3989 3203 4058 quod
3257 3989 3457 4046 factum
3500 4002 3602 4061 est,

2001 4075 2058 4130 id
2087 4081 2176 4129 est
2211 4074 2372 4129 istam
2403 4090 2518 4129 rem
2551 4074 2716 4129 verbo
2764 4075 3095 4131 narrationis
3133 4077 3384 4150 dignam,
3435 4095 3600 4151 quam

2002 4160 2130 4219 fecit
2159 4163 2281 4234 ipse
2303 4163 2568 4218 Dominus
2593 4161 3126 4230 excellentissimam,
3168 4173 3221 4220 et
3276 4166 3606 4239 signiﬁcavit

2001 4251 2160 4307 nobis
2189 4267 2288 4322 per
2319 4251 2569 4323 angelos.
2600 4249 2704 4307 Ubi
2735 4267 2867 4307 vero
2895 4251 3090 4310 dicitur
3123 4271 3136 4307 :
3174 4277 3196 4303 α
3230 4266 3602 4328 cognoverunt

2001 4342 2071 4396 de
2102 4340 2270 4396 verbo
2299 4340 2444 4412 quod
2498 4339 2702 4396 dictum
2753 4348 2890 4409 erat,
2927 4365 2948 4390 η
2997 4341 3185 4416 accipe
3226 4345 3456 4403 verbum
3497 4362 3598 4420 pro

2000 4429 2292 4487 locutione.

2075 4559 2097 4586 α
2132 4538 2198 4592 Et
2227 4553 2418 4594 omnes
2446 4537 2538 4609 qui
2559 4537 2845 4594 audierant
2872 4537 3045 4594 mirati
3075 4547 3200 4596 sunt
3227 4540 3297 4598 de
3339 4542 3424 4599 bis
3472 4561 3594 4615 quas

1996 4626 2143 4683 dicta
2173 4634 2328 4682 erant
2355 4642 2386 4681 a
2415 4627 2726 4698 pastoribus
2756 4626 2826 4683 ad
2855 4627 3024 4700 ipsos.
3061 4652 3083 4677 ι»
3119 4629 3386 4686 Mirantur
3423 4639 3480 4689 et
3517 4635 3587 4689 de

1994 4715 2256 4787 mysterio
2284 4716 2699 4785 Incarnationis,
2731 4723 2785 4772 et
2811 4716 2881 4772 de
2909 4725 3194 4789 pastorum
3239 4721 3585 4777 attestatione

1995 4812 2162 4872 tanta,
2197 4804 2288 4876 qui
2319 4803 2494 4860 fucate
2523 4803 2708 4860 audita
2736 4805 3036 4872 nescirent,
3069 4807 3168 4862 sed
3223 4807 3458 4879 simplici
3503 4811 3586 4866 fa-

1993 4893 2190 4948 cundia
2221 4892 2391 4948 verba
2418 4891 2802 4963 praedicarent.
2837 4893 2927 4948 Sic
2965 4894 3248 4961 Dominus,
3298 4911 3407 4952 non
3450 4898 3582 4952 rhe-

1995 4991 2161 5049 tores,
2177 4981 2273 5036 sed
2309 4979 2611 5050 piscatores
2631 4980 2702 5035 ad
2735 4981 3216 5052 evangelizandum
3257 4983 3576 5042 destinavit.

1992 5069 2080 5126 Sic
2102 5078 2155 5125 et
2180 5069 2235 5123 in
2265 5069 2446 5124 Veteri
2475 5069 2818 5124 Testamento
2846 5084 2959 5124 sure
2989 5069 3415 5140 dispensationis
3442 5091 3582 5130 nun-

1991 5160 2115 5227 tios,
2147 5167 2397 5229 pastores
2417 5157 2688 5212 ordinavit
2713 5174 2725 5210 :
2757 5157 2881 5212 ideo
2909 5173 3018 5213 non
3039 5166 3121 5213 est
3134 5160 3581 5232 parvipendenda

1987 5257 2263 5321 pastorum
2295 5245 2587 5303 attestatio.

2062 5360 2084 5385 ι
2119 5336 2292 5392 Maria
2321 5342 2502 5390 autem
2533 5333 2895 5390 conservabat
2923 5335 3107 5391 omnia
3123 5338 3298 5394 verba
3313 5339 3428 5398 haec
3448 5357 3579 5399 con-

1985 5426 2166 5482 ferens
2196 5426 2250 5479 in
2277 5423 2444 5482 corde
2472 5439 2592 5478 suo.
2631 5447 2652 5471 ιο
2686 5422 2857 5478 Maria
2886 5439 2997 5480 non
3029 5425 3205 5482 minus
3236 5443 3335 5484 ore
3372 5432 3577 5501 pudica

1986 5532 2150 5588 quam
2179 5529 2408 5584 corpore
2436 5511 2594 5568 tacita
2624 5511 2834 5568 confert
2849 5527 2915 5568 ea
2943 5530 3065 5585 quae
3094 5514 3308 5572 viderat
3342 5517 3487 5575 circa
3515 5537 3576 5578 se

1984 5613 2126 5671 acta,
2160 5611 2211 5658 et
2241 5618 2363 5674 quae
2395 5601 2598 5671 legerat
2633 5601 2687 5654 in
2715 5599 3018 5672 Scripturis
3060 5604 3293 5676 agenda.
3342 5606 3577 5681 Legerat

1981 5695 2034 5748 in
2060 5691 2246 5748 Isaia:
2288 5715 2308 5738 α
2354 5692 2498 5746 Ecce
2546 5689 2702 5759 virgo
2749 5689 3016 5761 concipiet
3074 5697 3130 5747 et
3176 5695 3350 5764 pariet
3401 5695 3572 5750 lilium

1981 5784 2112 5852 (Ira.
2146 5781 2276 5842 vn).
2321 5804 2342 5827 υ
2380 5779 2613 5851 Legerat
2646 5795 2657 5832 :
2697 5801 2717 5824 α
2755 5779 2860 5833 Bos
2887 5779 3144 5851 cognovit
3192 5796 3570 5852 possessorem

3096 5902 3176 5966 25
