4010 6074
467 276 573 332 7’79

468 410 649 465 suum,
683 404 735 452 et
762 395 940 451 asinus
988 408 1229 467 praesepe
1273 390 1478 447 domini
1506 387 1587 444 sui
1609 390 1738 457 (Isa.
1772 389 1838 460 1).
1890 411 1912 436 η
1958 388 2056 442 νὶ-
2085 388 2141 448 Α

470 472 633 550 debat
664 493 717 548 in
748 491 1009 564 praesepio
1031 489 1129 546 Dei
1163 489 1380 555 Filium,
1423 504 1576 542 suum
1610 486 1823 551 Filium,
1855 485 2071 540 unicum

471 583 665 638 Filium
695 581 1024 653 vagientem.
1074 577 1300 633 Videbat
1353 593 1409 631 se
1452 575 1519 630 de
1566 574 1728 645 stirpe
1776 573 1947 628 David
1996 589 2073 627 or-

475 672 607 736 tam,
641 670 708 725 de
742 664 943 741 Spiritu
993 675 1176 723 sancto
1228 666 1283 719 in
1328 665 1593 719 Nazareth
1640 662 1967 733 concepisse,
2018 661 2074 715 in

471 768 781 824 Bethlehem
841 766 1133 837 peperisse,
1186 779 1413 834 quorum
1463 762 1705 816 omnium
1773 758 2075 814 testimonia

474 859 529 912 in
559 856 848 927 prophetia
879 856 1106 927 legerat.
1142 856 1429 922 Comparat
1460 867 1590 922 ergo
1638 849 1803 906 verba
1840 848 2073 917 prophe-

470 969 642 1015 tarum
674 958 845 1028 factis,
883 966 937 1012 et
965 958 1019 1011 in
1048 956 1302 1012 omnibus
1353 953 1515 1009 habet
1562 957 1880 1023 argumenta
1923 948 2067 1004 fidei.

470 1058 524 1113 Si
558 1057 728 1116 Maria
756 1073 789 1111 a
819 1055 1123 1127 pastoribus
1144 1053 1350 1118 didicit,
1372 1051 1643 1113 discamus
1679 1057 1733 1104 et
1763 1064 1861 1103 nos
1901 1064 1933 1102 a
1978 1062 2070 1102 sa-

464 1147 790 1207 cerdotibus.
816 1170 837 1194 ιι
874 1145 939 1199 Et
964 1142 1167 1200 reversi
1191 1149 1315 1196 sunt
1347 1146 1588 1211 pastores
1626 1136 1990 1209 gloriﬁcantes
2018 1143 2072 1191 et

468 1236 750 1291 laudantes
778 1234 954 1288 Deum
986 1233 1041 1286 in
1074 1229 1327 1287 omnibus
1356 1244 1477 1297 quae
1507 1226 1786 1283 audierant
1815 1233 1869 1280 et
1911 1224 2067 1280 vide-

472 1341 612 1401 rant,
646 1333 785 1388 sicut
816 1330 1015 1384 dictum
1046 1336 1124 1382 est
1151 1328 1219 1382 ad
1248 1327 1387 1381 illos.
1426 1349 1446 1372 υ
1480 1325 1559 1378 De
1590 1324 1672 1377 his
1714 1338 1834 1392 quae
1880 1322 2069 1376 audie-

463 1430 585 1478 rant
615 1421 684 1476 ab
718 1419 929 1491 angelis
958 1416 1251 1473 laudabant
1278 1416 1473 1482 Deum,
1505 1420 1557 1467 et
1586 1412 1653 1466 de
1690 1412 1773 1465 his
1821 1427 1940 1480 quae
1979 1409 2065 1463 vi—

462 1512 653 1566 derant
674 1510 729 1564 in
749 1508 1061 1563 Bethlehem
1082 1502 1462 1579 gloriﬁeabant
1508 1518 1651 1557 eum.
1700 1499 1807 1556 Sed
1851 1508 1900 1555 et
1943 1515 2065 1552 ma-

463 1607 616 1678 gistri
657 1603 1014 1677 spiritualium
1074 1616 1304 1673 gregum
1368 1598 1531 1653 modo
1595 1596 1833 1651 ﬁdelium
1898 1602 2069 1649 castra

464 1697 709 1763 lustrant,
743 1690 1023 1765 probitatis
1052 1689 1302 1758 exempla
1333 1685 1642 1757 quaerendo,
1673 1683 1835 1739 modo
1864 1683 1933 1737 ad
1964 1699 2066 1753 pa-

462 1783 665 1841 storale
696 1781 935 1839 ofﬁcium
967 1778 1191 1835 redeunt
1241 1776 1505 1833 docendo.
1558 1776 1823 1830 Praeterea
1870 1780 2069 1827 notan-

466 1883 617 1947 dum,
651 1896 814 1951 quare
848 1878 1011 1935 Filius
1038 1877 1232 1930 missus
1259 1883 1341 1928 est
1369 1872 1545 1944 potius
1573 1887 1733 1941 quam
1782 1871 1937 1924 Pater
1983 1867 2067 1923 vel

469 1971 702 2041 Spiritus
731 1974 965 2023 sanctus.
998 1965 1127 2020 Ideo
1158 1964 1324 2019 Filius
1371 1961 1566 2016 missus
1615 1968 1711 2027 est,
1760 1974 1869 2012 non
1914 1958 2069 2012 Pater

463 2068 555 2115 aut
586 2057 817 2130 Spiritus
845 2062 1078 2121 sanctus,
1115 2052 1242 2123 quia
1278 2048 1661 2106 inconveniens
1702 2055 1814 2102 erat
1858 2054 1915 2100 ut
1958 2047 2065 2101 Pa-

465 2166 545 2211 ter
572 2156 640 2211 ab
670 2154 777 2209 alio
815 2153 1115 2225 mitteretur
1143 2149 1233 2219 qui
1264 2164 1370 2202 non
1401 2154 1516 2201 erat
1542 2146 1610 2201 ab
1640 2145 1766 2199 alio.
1818 2144 1874 2199 Si
1923 2143 2066 2199 enim

466 2247 535 2301 ab
566 2244 672 2299 alio
703 2243 1020 2308 mitteretur,
1058 2239 1243 2295 abillo
1273 2237 1455 2292 venire
1485 2236 1707 2289 haberet
1734 2250 1765 2287 a
1795 2249 1900 2303 quo
1947 2233 2068 2286 mit-

463 2340 685 2399 teretur,
717 2338 939 2385 etesset
980 2328 1055 2381 illi
1103 2325 1253 2397 quasi
1301 2323 1570 2395 quoddam
1622 2322 1945 2392 principium
1998 2320 2066 2374 ab

464 2430 561 2504 illo
593 2446 626 2486 a
656 2445 763 2501 quo
794 2427 1112 2482 mitteretur.
1146 2425 1436 2494 Propterea
1465 2437 1595 2493 ergo
1642 2421 1798 2475 Pater
1842 2420 1911 2474 ab
1958 2419 2063 2473 alio

466 2519 606 2576 mitti
635 2533 743 2575 non
773 2516 954 2582 habet,
988 2514 1113 2585 quia
1139 2513 1206 2567 ab
1237 2512 1343 2566 alio
1389 2528 1502 2565 esse
1548 2525 1656 2563 non
1702 2508 1887 2563 habet.
1944 2508 2067 2561 Mis—

470 2594 562 2664 sus
590 2615 669 2663 est
697 2613 874 2661 autem
906 2603 1138 2675 primum
1169 2601 1353 2667 Filius,
1385 2599 1475 2668 qui
1520 2614 1551 2653 a
1593 2598 1708 2652 solo
1757 2598 1915 2651 Patre
1964 2604 2061 2663 est,

469 2704 666 2762 deinde
697 2704 859 2775 etiam
892 2701 1122 2772 Spiritus
1148 2706 1382 2765 sanctus,
1416 2697 1506 2766 qui
1537 2704 1616 2749 est
1644 2712 1677 2751 a
1706 2696 1858 2749 Patre
1890 2702 1941 2747 et
1972 2695 2065 2749 Fi-

461 2795 558 2869 lio.
594 2793 830 2850 Primum
881 2790 1045 2845 Filius
1089 2788 1235 2846 venit
1280 2794 1338 2841 ut
1390 2786 1744 2841 liberarentur
1797 2783 2042 2838 homines

458 2884 649 2939 Postea
671 2881 900 2952 Spiritus
934 2885 1149 2933 sanctus
1194 2876 1342 2933 venit
1385 2881 1445 2928 ut
1488 2873 1735 2928 homines
1784 2870 2064 2928 beatiﬁca-

462 2987 667 3059 rentur.
704 2977 941 3032 Primum
971 2975 1061 3030 ille
1092 2990 1124 3028 a
1152 2973 1295 3028 malo
1326 2971 1593 3035 liberavit,
1625 2976 1816 3040 postea
1851 2969 1951 3024 iste
1995 2968 2064 3023 ad

1603 263 1942 321 WERNERI
1981 263 2265 319 ABBATIS
2305 262 2360 318 S.
2404 262 2619 319 BLASII

3667 258 3771 317 780

2385 387 2537 457 Quod
2566 387 2717 442 solus
2747 386 2925 443 Filius
2944 400 3178 443 carnem
3206 383 3546 455 susceperit.

2249 523 2407 593 Quod
2434 523 2579 578 solus
2608 521 2773 576 Filius
2799 537 3019 577 carnem
3064 518 3355 590 susceperit
3402 518 3471 573 ab
3510 517 3640 572 hinc
3683 515 3773 570 vi-

2179 619 2415 674 dendum
2444 620 2562 674 erit.
2596 619 2701 676 Sed
2734 619 2871 673 forte
2899 617 3064 687 aliqui
3107 623 3262 672 erunt
3306 613 3397 684 qui
3442 614 3629 668 dicant
3660 630 3673 666 :
3719 611 3775 667 Si

2179 708 2556 779 inseparabilia
2594 715 2716 762 sunt
2771 722 2937 776 opera
2982 705 3270 772 Trinitatis,
3327 718 3458 774 ergo
3513 700 3777 771 quidquid

2182 796 2307 852 facit
2337 797 2516 861 Filius,
2550 797 2677 851 fecit
2703 797 2877 851 Pater.
2911 794 2966 849 Si
2998 802 3176 849 autem
3206 808 3368 847 omne
3415 790 3562 860 quod
3611 789 3779 845 Filius

2182 892 2326 961 facit,
2360 893 2488 949 facit
2515 900 2568 948 et
2594 894 2750 949 Pater
2787 894 2971 959 (Joan.
3025 891 3103 961 γ),
3153 904 3306 961 ergo,
3355 889 3401 943 si
3448 887 3621 944 Filius
3660 903 3779 942 car-

2177 997 2301 1036 nem
2332 982 2637 1050 assumpsit,
2693 989 2747 1035 et
2802 980 2959 1035 Pater
3012 994 3229 1034 carnem
3284 977 3590 1047 assumpsit,
3652 976 3781 1046 quia

2180 1071 2341 1125 Filius
2370 1072 2484 1126 sine
2514 1072 2671 1126 Patre
2714 1085 2929 1125 carnem
2987 1083 3261 1124 assumere
3316 1081 3425 1121 non
3479 1066 3677 1135 potuit,
3734 1066 3779 1119 si

2176 1167 2309 1221 nihil
2338 1168 2453 1221 sine
2488 1168 2644 1222 Patre
2672 1166 2851 1221 facere
2897 1166 3088 1237 potuit.
3130 1164 3239 1220 Sed
3281 1162 3368 1218 hic
3413 1163 3591 1233 primo
3641 1177 3781 1217 con-

2175 1255 2518 1311 siderandum
2574 1263 2675 1323 est,
2735 1256 2881 1324 quia,
2937 1270 3061 1310 cum
3116 1252 3310 1308 dicitur
3364 1252 3542 1307 facere
3618 1250 3785 1305 Filius

2175 1360 2336 1399 omne
2366 1345 2511 1414 quod
2532 1345 2689 1399 Pater
2726 1343 2872 1409 facit,
2907 1342 2975 1397 de
3021 1342 3114 1397 illa
3160 1340 3417 1395 nimirum
3464 1338 3783 1410 operatione

2176 1441 2580 1512 intelligendum
2613 1450 2693 1495 est
2721 1456 2827 1510 qua
2857 1447 3153 1494 creaturam
3183 1453 3336 1494 suam
3367 1436 3571 1503 condit,
3605 1445 3660 1491 et
3698 1452 3783 1491 re-

2174 1530 2273 1601 git,
2306 1538 2360 1583 et
2387 1530 2625 1600 disponit
2654 1528 2901 1584 conditor
2929 1536 2983 1582 et
3010 1527 3196 1597 opifex
3225 1527 3388 1583 Deus.
3420 1528 3483 1579 1n
3514 1541 3624 1595 qua
3652 1541 3783 1595 ope-

2174 1618 2382 1673 ratione
2416 1620 2570 1675 Pater
2609 1626 2663 1672 et
2709 1618 2874 1672 Filius
2919 1625 2972 1672 et
3020 1616 3252 1687 Spiritus
3296 1622 3512 1670 sanctus
3555 1613 3784 1669 omnino

2180 1715 2414 1785 separari
2444 1731 2551 1769 non
2581 1722 2821 1784 possunt,
2859 1714 2985 1784 quia
3030 1713 3089 1769 in
3144 1712 3341 1767 deitate
3396 1727 3506 1766 una
3559 1710 3619 1764 in
3675 1726 3783 1780 qua

2179 1812 2230 1858 et
2260 1821 2357 1875 per
2386 1820 2546 1872 quam
2578 1810 2870 1873 operantur
2897 1818 3064 1857 unum
3093 1809 3240 1855 sunt.
3296 1801 3425 1855 Haec
3470 1808 3654 1855 autem
3703 1800 3782 1854 id-

2177 1893 2320 1948 circo
2367 1894 2434 1947 de
2482 1892 2668 1946 divina
2715 1891 3030 1963 operatione
3079 1889 3483 1961 distinguimus,
3534 1904 3604 1944 ne
3663 1889 3785 1958 quis

2175 1997 2359 2044 contra
2388 1989 2444 2043 id
2474 1989 2615 2059 quod
2646 1988 2846 2044 dictum
2875 1996 2956 2044 est
2986 2008 2997 2042 :
3036 2011 3058 2035 κ
3095 1986 3293 2044 Omnia
3339 2003 3459 2057 quae
3508 1986 3640 2042 facit
3680 1986 3780 2040 Pa-

2175 2085 2271 2143 ter,
2306 2080 2420 2133 haec
2450 2086 2503 2132 et
2532 2078 2695 2132 Filius
2739 2077 2886 2144 facit,
2923 2101 2945 2124 ιι
3007 2075 3390 2147 opponendum
3449 2082 3600 2146 putet
3656 2076 3783 2145 quia

2175 2168 2329 2222 Pater
2356 2167 2552 2238 gignit,
2576 2166 2717 2236 quod
2750 2166 2913 2220 Filius
2941 2181 3049 2221 non
3090 2164 3236 2233 facit,
3285 2172 3340 2219 et
3382 2164 3544 2218 Filius
3587 2164 3778 2235 gigni-

2174 2273 2273 2327 tur,
2307 2264 2451 2334 quod
2472 2264 2628 2318 Pater
2648 2279 2756 2318 non
2777 2263 2923 2319 facit.
2967 2262 3026 2318 Si
3064 2261 3209 2317 enim
3243 2262 3409 2316 Filius
3446 2261 3586 2316 sicut
3623 2261 3782 2317 Pater

2173 2354 2441 2425 gigneret,
2476 2353 2631 2408 Pater
2667 2359 2824 2421 esset,
2856 2359 2909 2406 et
2937 2351 2981 2405 si
3012 2351 3169 2405 Pater
3194 2350 3330 2405 sicut
3374 2349 3539 2404 Filius
3585 2351 3780 2422 gigne-

2173 2450 2336 2509 retur,
2364 2440 2528 2495 Filius
2546 2448 2703 2495 esset.
2727 2442 2915 2509 Itaque
2937 2455 3004 2494 ne
3025 2440 3162 2509 quis,
3191 2446 3474 2509 propterea
3506 2439 3636 2507 quia
3682 2439 3776 2493 Fi-

2175 2539 2273 2592 lius
2300 2554 2406 2593 non
2436 2537 2631 2608 gignit,
2655 2537 2799 2606 quod
2819 2538 2974 2590 Pater
3012 2535 3157 2601 facit,
3199 2535 3531 2590 existimaret
3580 2535 3774 2590 Filium

2172 2644 2281 2682 non
2312 2627 2487 2682 facere
2516 2642 2870 2695 quacumque
2898 2627 3054 2681 Pater
3084 2624 3227 2693 facit,
3260 2624 3488 2680 dicimus
3518 2625 3647 2695 quia
3675 2626 3778 2680 hoc

2173 2716 2239 2770 de
2268 2716 2359 2770 illa
2382 2715 2693 2786 operatione
2722 2713 3132 2786 intelligendum
3163 2721 3242 2768 est
3288 2729 3394 2784 qua
3440 2714 3525 2768 vel
3568 2721 3779 2768 creatu-

2172 2829 2287 2867 ram
2318 2819 2592 2883 operatur,
2623 2818 2679 2865 ut
2707 2812 2849 2881 quod
2871 2827 2986 2866 non
3005 2819 3121 2867 erat
3147 2826 3264 2867 esse
3293 2810 3534 2883 incipiat,
3585 2812 3676 2867 vel
3724 2813 3777 2865 in

2171 2909 2413 2955 creatura
2444 2908 2714 2971 operatur,
2747 2900 2968 2971 utquod
3002 2900 3201 2954 factum
3252 2907 3331 2953 est
3387 2899 3440 2953 in
3498 2916 3564 2955 eo
3632 2899 3776 2971 quod

2174 2991 2369 3045 factum
2397 2998 2469 3043 est
2487 2989 2755 3043 subsistat.
2782 2988 2861 3043 Ibi
2884 2988 3028 3042 enim
3069 2997 3178 3044 tota
3216 2988 3450 3043 Trinitas
3499 2988 3777 3059 insepara-

466 3069 613 3124 bona
668 3065 988 3158 Ψγρωγὴῖ
1021 3060 1395 3158 Πωρίῖὺδωιίι
1450 3059 1595 3158 (λιδΫά
1619 3057 2062 3158 ,Αδίὲίῖυθδδωμδν
2094 3091 2143 3153 C
2173 3088 2351 3141 hiliter
2380 3093 2648 3158 cperatur,
2683 3086 2774 3140 ubi
2805 3103 2903 3140 nec
2934 3087 3089 3140 Pater
3117 3101 3149 3139 a
3192 3085 3345 3154 Filio,
3397 3101 3497 3140 nec
3544 3057 3715 3140 Filius
3743 3102 3775 3140 a

462 3158 560 3213 iste
588 3155 821 3225 reddidit
848 3153 995 3223 quod
1022 3150 1445 3223 perdideramus.
1503 3147 1657 3203 Venit
1695 3145 1856 3201 Filius
1902 3153 2061 3199 natu-

461 3256 591 3310 ralis
622 3253 816 3308 missus
846 3268 879 3305 a
910 3250 1062 3305 Patre
1113 3255 1171 3302 ut
1217 3244 1553 3317 ad0ptandos
1595 3244 1651 3299 in
1697 3244 2063 3299 haereditatem

459 3350 697 3408 vocaret,
738 3346 793 3395 et
828 3352 1150 3393 consensum
1208 3352 1363 3389 suum
1420 3341 1478 3388 ut
1530 3333 1705 3405 gratia
1761 3331 2065 3403 adeptionis

463 3429 861 3501 comprobaret.
898 3427 1084 3495 Neque
1116 3424 1258 3479 enim
1290 3423 1403 3477 sine
1433 3438 1697 3478 consensu
1725 3421 1846 3476 Filii
1883 3437 1914 3475 a
1964 3420 2067 3474 Pa-

467 3538 545 3587 tre
575 3524 737 3582 alieni
765 3526 820 3579 in
852 3523 1220 3579 hereditatem
1250 3520 1478 3576 ducendi
1527 3528 1695 3574 erant.
1747 3519 1889 3573 Misit
1935 3533 2067 3589 ergo

468 3618 625 3672 Pater
654 3629 752 3685 pro
779 3612 922 3680 ﬁliis,
958 3611 1105 3666 venit
1132 3609 1298 3666 Filius
1349 3625 1448 3679 pro
1506 3609 1774 3674 fratribus,
1835 3606 1960 3677 quia
2012 3607 2068 3661 in

469 3705 625 3763 Patre
655 3711 707 3758 et
734 3702 870 3757 Filio
901 3698 1235 3770 paternitatis
1273 3706 1327 3752 et
1374 3696 1644 3753 tiliationis
1689 3713 1885 3752 nomen
1931 3712 2069 3751 con-

476 3809 601 3868 stat,
632 3806 690 3855 ut
719 3798 840 3857 Filii
868 3814 1066 3854 nomen
1115 3795 1408 3868 adoptandi
1458 3796 1813 3866 perciperent,
1869 3801 1921 3848 et
1974 3808 2073 3862 per

469 3892 623 3949 illtun
651 3888 806 3958 cujus
833 3894 947 3944 erat
973 3895 1026 3941 et
1050 3886 1122 3941 ab
1148 3885 1241 3943 illo
1271 3900 1304 3940 a
1330 3900 1436 3954 quo
1467 3892 1599 3939 erat.
1649 3884 1803 3938 Venit
1849 3882 2070 3952 sapien-

472 3981 563 4048 tia,
596 3985 653 4034 ut
680 3977 848 4034 hostis
886 3976 1094 4032 ratione
1141 3974 1459 4041 vinceretur,
1509 3980 1564 4027 et
1606 3980 1664 4026 ut
1708 3971 2073 4026 habitaculum

470 4094 625 4133 suum
656 4078 773 4147 ipsa
801 4074 1116 4143 vindicaret,
1150 4072 1294 4142 quod
1341 4070 1547 4126 malitia
1587 4068 1920 4141 possidebat.
1971 4068 2074 4136 Qui

480 4168 626 4223 enim
655 4165 850 4221 astutia
872 4165 1090 4231 vicerat,
1117 4161 1323 4231 justum
1354 4160 1454 4214 fuit
1486 4167 1546 4213 ut
1590 4174 1697 4213 non
1744 4156 2072 4221 fortitudine,

474 4257 572 4312 sed
602 4254 888 4327 prudentia
916 4253 1238 4317 vinceretur,
1270 4257 1327 4304 ut
1356 4249 1409 4303 in
1439 4247 1631 4321 eodem
1663 4248 1715 4301 in
1744 4262 1849 4316 quo
1895 4263 1952 4301 se
1998 4246 2077 4300 vi'

473 4361 589 4409 ctor
625 4358 869 4407 erexerat
912 4351 1083 4405 victus
1138 4355 1477 4402 sterneretur.
1540 4346 1731 4401 Factus
1784 4352 1864 4399 est
1916 4345 2080 4398 Filius

2176 3178 2346 3241 Patre,
2373 3193 2468 3230 nec
2492 3175 2719 3246 Spiritus
2742 3182 2954 3229 sanctus
2983 3175 3051 3229 ab
3082 3183 3308 3243 utroque
3356 3174 3411 3227 in
3458 3175 3779 3243 operatione

2173 3272 2467 3335 separatur.
2518 3265 2580 3317 In
2624 3279 2790 3333 Opere
2837 3262 3037 3334 quippe
3079 3263 3320 3331 operatio
3362 3262 3581 3332 proprie
3627 3263 3777 3317 desi-

2174 3369 2387 3434 gnatur.
2420 3362 2561 3415 Nam
2591 3360 2649 3414 in
2677 3377 2741 3415 eo
2772 3360 2914 3430 quod
2951 3360 3151 3415 factum
3195 3376 3303 3416 non
3333 3368 3432 3428 est,
3491 3361 3643 3430 quod
3697 3368 3781 3415 est

2178 3453 2319 3505 Deus
2351 3465 2457 3505 non
2490 3449 2616 3504 facit
2646 3450 2780 3519 ipse,
2815 3449 2909 3503 sed
2951 3456 3152 3504 tantum
3202 3457 3301 3504 est.
3359 3451 3421 3503 In
3480 3464 3546 3505 eo
3597 3457 3775 3505 autem

2177 3538 2319 3613 quod
2351 3538 2546 3594 factum
2579 3545 2675 3606 est,
2708 3538 2776 3592 ab
2804 3537 2896 3593 illo
2927 3537 3108 3608 utique
3137 3537 3335 3592 factum
3365 3544 3444 3592 est
3472 3554 3506 3592 a
3534 3553 3646 3608 quo
3692 3537 3777 3593 fa-

2178 3644 2323 3693 ctum
2357 3645 2437 3692 est
2464 3652 2627 3691 omne
2671 3635 2814 3705 quod
2864 3634 3060 3689 factum
3107 3642 3204 3689 est.
3254 3635 3353 3690 Hic
3399 3651 3532 3707 ergo
3593 3636 3777 3691 omnia

2180 3742 2299 3795 quae
2330 3726 2457 3780 facit
2488 3726 2662 3793 Pater,
2695 3732 2746 3779 et
2775 3724 2939 3778 Filius
2968 3723 3098 3778 facit
3122 3723 3368 3778 similiter
3395 3725 3580 3793 (Joan.
3617 3728 3697 3795 v).
3722 3727 3777 3778 In

2181 3818 2281 3870 hac
2312 3815 2490 3885 itaque
2521 3814 2852 3885 Operatione,
2886 3812 3012 3884 quia
3053 3812 3229 3868 carnis
3274 3812 3569 3883 assumptio
3623 3814 3776 3869 inve-

2181 3911 2338 3980 nitur,
2375 3908 2648 3980 quomodo
2678 3908 2777 3963 soli
2808 3907 2941 3962 Filio
2970 3907 3256 3963 conveniat
3283 3915 3337 3962 et
3364 3924 3471 3964 non
3504 3909 3649 3965 Patri
3678 3926 3780 3965 non

2184 3998 2628 4053 inconvenienter
2683 3997 2954 4067 quaeritur.
3017 3996 3151 4051 Cum
3207 3995 3352 4050 enim
3408 3995 3607 4051 dicitur
3662 3998 3782 4067 quia

2185 4088 2349 4145 Filius
2401 4104 2616 4142 carnem
2662 4085 2964 4156 assumpsit,
3026 4100 3161 4157 opus
3215 4083 3398 4154 utique
3452 4084 3783 4156 signiﬁcatur

2185 4185 2329 4255 quod
2358 4184 2521 4239 Filius
2552 4182 2697 4250 facit,
2742 4198 2773 4237 a
2821 4198 2926 4251 quo
2965 4196 3128 4250 opere
3174 4181 3217 4235 si
3260 4182 3414 4236 Pater
3457 4182 3779 4249 excluditur,

2183 4286 2293 4326 non
2321 4270 2505 4326 omnia
2552 4284 2672 4338 quae
2726 4267 2854 4322 facit
2908 4265 3093 4331 Filius,
3149 4266 3307 4320 Pater
3358 4274 3641 4338 operatur.
3704 4270 3779 4322 An

2186 4359 2320 4414 forte
2351 4357 2477 4429 quia
2504 4356 2704 4410 dictum
2736 4371 2842 4411 non
2873 4363 2970 4421 est,
3021 4353 3205 4410 omnia
3250 4370 3372 4424 qua:
3414 4354 3543 4410 fecit
3598 4356 3780 4424 Filius,

476 4450 573 4504 Dei
602 4448 744 4502 ﬁlius
772 4446 1025 4510 hominis,
1057 4453 1116 4500 ut
1142 4444 1281 4499 ﬁlios
1306 4444 1585 4498 hominum
1613 4442 1751 4497 ﬁlios
1779 4442 1876 4497 Dei
1920 4441 2072 4497 face-
2102 4449 2155 4510 D
2187 4457 2341 4512 pater
2371 4455 2514 4522 fecit,
2547 4453 2642 4508 sed
2672 4469 3023 4523 quascumque
3051 4453 3206 4507 pater
3236 4452 3384 4522 favit,
3424 4453 3544 4507 haec
3592 4462 3649 4509 et
3698 4454 3782 4510 pi-

477 4547 575 4605 ret,
601 4545 656 4591 et
676 4552 742 4590 ne
764 4535 884 4591 Filii
905 4550 1107 4590 nomen
1128 4533 1197 4588 ad
1226 4533 1448 4587 alteram
1490 4530 1733 4585 transiret
1764 4546 2071 4600 personam,

476 4646 531 4695 et
557 4644 734 4693 essent
770 4636 825 4690 in
854 4633 1112 4688 Trinitate
1140 4632 1246 4686 duo
1276 4630 1391 4697 filii,
1425 4637 1477 4684 et
1507 4629 1921 4685 confunderetur
1961 4631 2076 4685 Tri-

480 4726 661 4783 nitatis
689 4723 963 4780 discretio.
998 4722 1055 4776 Si
1102 4720 1247 4775 enim
1293 4721 1448 4773 Pater
1492 4734 1709 4773 carnem
1752 4719 2074 4789 assumpsis-

476 4824 574 4886 set,
610 4815 754 4870 idem
786 4813 901 4884 ipse
931 4818 984 4867 et
1012 4812 1170 4865 Pater
1196 4816 1249 4863 et
1292 4807 1457 4863 Filius
1503 4815 1643 4863 esset
1677 4826 1688 4862 :
1747 4808 1903 4862 Pater
1956 4807 2075 4862 Filii

479 4930 639 4986 quem
672 4912 861 4986 genuit
889 4926 955 4966 ex
986 4908 1303 4977 aeternitate,
1338 4915 1389 4963 et
1427 4907 1592 4962 Filius
1647 4906 1831 4961 matris
1885 4923 1918 4961 a
1973 4923 2077 4975 qua

476 5004 693 5076 genitus
719 5009 858 5058 esset
884 5017 950 5055 ex
983 5008 1251 5071 tempore.
1291 4998 1347 5053 Si
1378 5008 1556 5052 autem
1589 4996 1817 5067 Spiritus
1863 5004 2078 5051 sanctus

478 5106 696 5147 carnem
727 5089 1093 5161 assumpisset,
1127 5087 1232 5142 duo
1283 5085 1401 5142 Filii
1451 5086 1507 5139 in
1551 5084 1821 5140 Trtninate
1869 5092 2066 5140 essent.

476 5187 620 5243 Alter
649 5188 812 5242 Filius
841 5188 1013 5241 Patris
1069 5185 1182 5240 sine
1240 5192 1431 5251 matre,
1487 5182 1622 5238 alter
1678 5182 1840 5238 Filius
1895 5183 2079 5250 matris

477 5271 591 5324 sine
623 5280 791 5342 patre.
821 5272 905 5325 Nc
936 5286 1067 5341 ergo
1098 5268 1608 5324 incommunicabile
1637 5284 1833 5322 nomen
1864 5266 2076 5323 divide-

477 5378 640 5439 retur,
673 5372 840 5425 Filius
867 5371 1013 5425 solus
1042 5388 1258 5425 carnem
1289 5371 1538 5441 suscepit,
1571 5377 1630 5424 ut
1659 5388 1793 5424 unus
1836 5377 1888 5425 et
1934 5370 2076 5424 idem

480 5465 617 5541 esset
641 5466 693 5513 et
723 5456 888 5513 Filius
926 5458 1044 5528 Dei,
1095 5466 1148 5513 et
1182 5457 1322 5512 ﬁlius
1359 5459 1635 5515 hominis:
1677 5443 1842 5513 Filius
1869 5459 1969 5513 Dei
1997 5476 2078 5513 se-

477 5556 709 5617 cundum
741 5554 1074 5609 divinitatem
1106 5556 1318 5626 genitus
1347 5573 1377 5611 a
1409 5557 1583 5620 Patre,
1634 5556 1794 5611 Filius
1843 5556 2076 5612 hominis

474 5646 765 5702 secundum
810 5643 1192 5698 immanitatem
1223 5653 1375 5699 natus
1406 5663 1469 5698 ex
1503 5654 1689 5700 matre.

2185 4546 2285 4601 lius
2326 4545 2471 4613 facit,
2513 4540 2929 4598 existimandum
2969 4547 3046 4596 est
3089 4540 3271 4595 omnia
3320 4540 3539 4611 quidem
3588 4543 3782 4597 Filium

2187 4637 2362 4691 facere
2385 4650 2506 4704 qua:
2534 4634 2691 4687 Pater
2711 4630 2858 4698 facit,
2910 4628 3158 4699 qumdam
3203 4636 3382 4684 autem
3438 4630 3641 4686 Filium
3698 4632 3783 4687 fa-

2185 4749 2307 4789 cere
2329 4747 2448 4801 quae
2466 4731 2621 4783 Pater
2636 4744 2745 4783 non
2760 4726 2906 4781 facit.
2941 4725 3110 4791 Absit,
3144 4726 3239 4780 sed
3272 4726 3455 4781 omnia
3475 4744 3601 4797 quae
3633 4729 3784 4784 Pater

2187 4820 2312 4877 facit
2331 4819 2497 4873 Filius
2516 4817 2661 4885 facit,
2678 4824 2729 4870 et
2748 4815 2929 4871 omnia
2941 4831 3062 4885 qua:
3075 4813 3240 4869 Filius
3264 4814 3410 4885 facit,
3442 4816 3601 4870 Pater
3635 4817 3780 4887 facit,

2187 4911 2313 4981 quia
2342 4909 2394 4961 in
2424 4922 2489 4962 eo
2520 4906 2663 4976 quod
2695 4905 2748 4957 in
2778 4904 2986 4958 Deitate
3016 4919 3182 4957 unum
3211 4910 3352 4971 sunt,
3385 4903 3440 4957 in
3469 4906 3782 4975 operatione

2185 5007 2422 5080 separari
2450 5020 2560 5060 non
2591 5010 2829 5074 possunt.
2865 5002 3040 5058 Omne
3066 5018 3197 5074 ergo
3228 5002 3370 5072 quod
3420 5001 3588 5058 Filius
3636 5005 3781 5075 facit,

2186 5100 2345 5154 Pater
2376 5095 2521 5161 facit,
2554 5093 2680 5164 quia
2710 5093 2766 5146 in
2795 5091 3075 5145 divinitate
3105 5107 3211 5161 qua
3253 5090 3420 5145 Filius
3476 5099 3558 5147 est
3607 5093 3781 5149 Patris

2188 5188 2314 5259 quia
2342 5201 2464 5240 cum
2495 5185 2649 5238 Patre
2680 5197 2843 5235 unum
2866 5186 2964 5247 est,
2989 5178 3121 5233 nihil
3144 5178 3272 5235 facit
3312 5180 3427 5235 sine
3466 5183 3782 5251 operatione

2189 5285 2378 5339 Patris.
2450 5281 2597 5337 Fecit
2661 5276 2910 5349 quaedam
2978 5278 3032 5332 in
3094 5278 3424 5333 humanitate
3488 5280 3784 5336 secundum

2188 5390 2347 5445 quam
2379 5371 2545 5426 Filius
2573 5369 2743 5424 Patris
2770 5384 2878 5423 non
2911 5375 3042 5435 erat,
3075 5367 3201 5437 quia
3238 5368 3508 5424 nascendo
3547 5386 3580 5424 a
3630 5370 3785 5425 Patre

2187 5480 2296 5519 non
2326 5468 2624 5531 acceperat.
2667 5457 2801 5528 Quae
2829 5464 3115 5529 propterea
3161 5456 3229 5511 ad
3275 5457 3445 5512 solam
3493 5474 3781 5530 personam

2187 5561 2304 5616 Filii
2336 5559 2655 5626 referuntur,
2689 5556 2815 5628 quia
2843 5571 2908 5611 ea
2944 5554 3002 5609 in
3048 5553 3140 5609 illa
3185 5561 3239 5609 et
3280 5554 3575 5611 secundum
3631 5556 3779 5613 illam

2188 5659 2431 5707 naturam
2464 5649 2608 5712 fecit,
2665 5662 2825 5716 quam
2882 5661 3003 5700 eum
3060 5644 3215 5698 Patre
3273 5660 3618 5700 communem
3673 5662 3780 5701 non

2186 5739 2391 5807 habuit,
2422 5737 2516 5795 sed
2542 5736 2687 5792 solus
2723 5752 2789 5791 ex
2818 5742 3060 5806 tempore
3107 5734 3381 5806 propriam
3427 5735 3775 5807 singulariter
