4062 6074
247 291 343 346 ’181

1180 287 1761 346 DEFLORATIONES
1799 287 1902 344 SS.
1946 285 2264 344 PATRUM.
2295 318 2364 328 -
2403 288 2529 344 LIB.
2573 289 2614 343 Ι.

3439 292 3546 347 78?.

248 415 478 487 accepit.
517 417 896 472 Verumtamen
924 414 1108 471 omnia
1139 430 1260 486 quae
1290 413 1347 468 in
1375 413 1680 478 divinitate,
1717 412 1841 468 ideo
1872 413 1927 472 A
1960 413 2083 483 quia
2113 414 2221 468 alia
2251 421 2415 469 esset.
2453 415 2607 468 Nunc
2659 420 2840 470 autem
2895 423 2943 468 et
3003 414 3223 481 eadem,
3268 423 3320 470 et
3351 416 3542 472 eodem

248 505 398 558 solus
428 521 536 560 non
568 504 712 573 fecit,
762 506 889 576 quia
946 505 999 558 in
1058 503 1339 557 divinitate
1387 502 1536 558 solus
1585 517 1693 556 non
1727 500 1842 567 fuit,

249 594 347 650 sed
380 594 522 648 idem
555 609 678 649 cum
711 595 830 664 ipso
880 593 1025 658 fecit,
1089 593 1218 664 quia
1251 608 1371 648 cum
1405 592 1522 661 ipso
1554 591 1694 645 idem
1727 589 1841 644 fuit.

325 692 378 745 Si
411 707 548 763 ergo
578 691 745 744 Filius
780 690 833 743 in
863 689 1142 744 divinitate
1199 688 1588 742 humanitatem
1628 702 1842 741 assum-

256 780 383 850 psit,
419 779 692 850 quomodo
724 778 778 832 in
800 779 992 832 eadem
1023 777 1307 831 divinitate
1350 777 1510 830 Pater
1546 775 1690 829 idem
1722 791 1845 830 cum

256 869 378 939 ipso
411 883 517 922 non
554 867 698 932 fecit,
755 867 846 938 qui
891 882 1010 923 cum
1058 867 1178 937 ipso
1219 866 1363 919 idem
1407 865 1524 918 fuit.
1565 868 1650 918 An
1683 864 1842 928 forte,

257 973 385 1012 cum
410 956 606 1010 dicitur
638 956 804 1009 Filius
835 972 1055 1010 carnem
1116 953 1416 1023 assumpsit
1456 970 1518 1008 ex
1553 953 1603 1007 vi
1633 953 1847 1007 relatio-

253 1047 339 1100 nis
371 1062 475 1116 qua
509 1044 835 1115 intelligitur
875 1044 1000 1114 quia
1031 1043 1132 1097 sibi
1182 1043 1372 1107 univit,
1417 1043 1558 1096 idem
1589 1042 1657 1096 de
1691 1043 1845 1095 Patre

259 1151 367 1189 non
401 1133 617 1199 dicitur,
651 1134 778 1203 quia
810 1133 854 1186 si
884 1133 1024 1187 idem
1069 1132 1359 1196 diceretur,
1401 1146 1508 1185 non
1550 1131 1714 1194 idem,
1751 1130 1847 1184 sed

252 1233 403 1286 aliud
435 1231 835 1303 intelligeretur
862 1232 889 1284 Ε)
921 1230 976 1284 Si
1010 1229 1152 1284 enim
1184 1229 1496 1284 diceretur:
1533 1229 1687 1282 Pater
1715 1242 1846 1283 car-

251 1338 376 1376 nem
409 1319 720 1391 assumpsit,
753 1319 1157 1390 intelligeretur
1212 1318 1460 1372 similiter
1507 1317 1656 1389 quod
1696 1319 1849 1371 Pater

255 1410 359 1464 sibi
399 1425 623 1465 carnem
653 1407 848 1472 univit,
881 1408 1027 1480 quod
1067 1409 1181 1477 jam
1227 1407 1370 1461 idem
1401 1422 1510 1460 non
1547 1412 1719 1472 esset,
1752 1404 1850 1460 sed

257 1499 433 1554 aliud.
476 1497 633 1552 Aliud
663 1495 862 1569 quippe
894 1505 1059 1562 esset,
1099 1495 1142 1548 si
1177 1495 1319 1550 Patri
1363 1510 1491 1550 caro
1523 1495 1666 1548 unita
1697 1495 1848 1549 dice-

260 1605 436 1661 retur,
465 1613 629 1667 quam
661 1612 781 1651 cum
815 1595 949 1650 Filio
991 1596 1139 1648 unita
1188 1594 1401 1661 dicitur,
1450 1593 1572 1665 quia
1603 1592 1742 1648 sicut
1769 1599 1852 1646 est

255 1687 399 1741 alius
429 1686 482 1739 in
515 1687 949 1756 personal’ater,
981 1692 1032 1737 et
1061 1683 1198 1736 alius
1223 1682 1406 1748 Filius,
1438 1682 1518 1737 sic
1546 1680 1694 1736 aliud
1721 1680 1851 1736 dici-

1953 503 2118 557 modo
2148 510 2428 572 Operatur,
2459 511 2514 556 ut
2547 501 2685 556 nihil
2735 502 2801 557 sit
2845 510 2938 557 aut
2966 502 3134 569 aliud,
3181 512 3268 558 aut
3298 503 3459 559 aliter
3487 506 3543 558 in

1954 590 2274 660 Operatione
2305 590 2472 644 illius.
2515 589 2754 646 Ostende
2812 591 2944 645 mihi
3000 592 3206 662 aliquid
3237 593 3381 663 quod
3419 592 3550 648 facit

1958 679 2134 743 Pater,
2171 679 2216 732 si
2239 686 2416 733 tamen
2447 680 2798 750 quaerendum
2825 686 2911 734 est
2942 680 3067 751 quid
3100 680 3227 737 facit
3257 682 3347 753 qui
3375 689 3544 737 totum

1955 774 2098 830 facit.
2132 776 2277 831 Pone
2305 783 2482 830 tamen
2517 778 2746 849 exempli
2796 795 2962 834 causa
3016 796 3182 835 unum
3237 780 3438 852 aliquid
3477 798 3541 835 ex

1955 863 2208 918 omnibus
2265 881 2384 936 quae
2445 866 2569 921 facit
2624 868 2802 922 Pater.
2870 870 3002 924 D.co
3061 869 3189 940 quia
3247 869 3410 924 Filius
3440 870 3546 926 hoc

1955 953 2131 1024 ipsum
2181 953 2327 1009 facit.
2375 956 2564 1025 Neque
2619 956 2802 1026 utique
2856 958 2958 1012 hoc
3000 957 3176 1028 ipsum
3224 958 3347 1015 dico
3391 960 3546 1029 quasi

1957 1041 2138 1097 simile
2170 1041 2279 1108 ille,
2309 1043 2410 1098 sed
2441 1043 2584 1098 idem
2615 1043 2824 1114 ipsum.
2855 1043 2995 1100 Cum
3018 1046 3162 1102 enim
3187 1046 3311 1103 dico
3345 1065 3356 1100 :
3392 1048 3541 1102 Idem

1959 1137 2097 1193 facio
2127 1138 2270 1210 quod
2294 1146 2347 1192 tu
2375 1139 2526 1204 facis,
2562 1140 2685 1211 quia
2717 1139 2854 1196 forte
2889 1141 3109 1197 domum
3139 1142 3372 1214 aedifico,
3406 1146 3545 1201 sicut

1957 1234 2012 1280 tu
2041 1226 2281 1282 aedificas
2309 1226 2550 1294 domum,
2585 1236 2638 1283 et
2667 1245 2785 1284 cum
2811 1229 2915 1284 alia
2949 1231 3017 1284 sit
3044 1232 3238 1287 domus
3267 1241 3356 1287 tua
3379 1250 3542 1306 quam

1957 1323 2012 1368 tu
2043 1315 2304 1381 mdificas,
2338 1333 2499 1388 quam
2530 1316 2619 1370 illa
2647 1317 2844 1372 domus
2899 1335 3022 1374 mea
3080 1337 3242 1388 quam
3273 1337 3378 1393 ego
3415 1322 3546 1377 aedi-

1957 1401 2077 1469 fico,
2113 1413 2294 1460 tamen
2354 1405 2498 1460 idem
2553 1422 2638 1460 me
2687 1405 2864 1462 facere
2922 1407 3044 1463 dico
3098 1409 3242 1479 quod
3287 1413 3346 1464 tu
3389 1411 3543 1478 facis,

1959 1501 2212 1570 quoniam
2246 1501 2300 1556 id
2329 1502 2476 1572 quod
2522 1501 2662 1558 facio
2719 1518 2841 1572 ego,
2901 1505 3202 1560 secundum
3242 1506 3446 1577 aliquid
3476 1508 3548 1561 si-

1957 1589 2083 1644 mile
2113 1598 2194 1644 est
2225 1589 2300 1642 illi
2334 1590 2479 1662 quod
2531 1599 2583 1645 tu
2631 1591 2782 1658 facis,
2842 1608 2948 1648 non
3004 1593 3084 1648 sic
3132 1593 3380 1667 intelligo
3426 1611 3548 1650 cum

1958 1678 2080 1733 dico
2112 1678 2238 1750 quia
2273 1678 2437 1733 Filius
2469 1679 2572 1734 hoc
2602 1679 2777 1750 ipsum
2803 1680 2931 1737 facit
2954 1682 3098 1753 quod
3119 1683 3279 1737 Pater
3304 1683 3449 1739 facit.
3485 1683 3548 1738 Si

262 1783 368 1842 tur,
401 1791 527 1828 cum
556 1772 730 1828 Filius
780 1772 1090 1827 incarnatus
1138 1771 1353 1837 dicitur,
1387 1787 1544 1842 quam
1583 1770 1852 1824 diceretur
1883 1767 1934 1825 B
1963 1774 2141 1822 autem
2165 1783 2269 1838 ego
2293 1767 2514 1822 domum
2536 1768 2886 1836 aedificarem,
2911 1778 2963 1825 et
2981 1779 3033 1824 tu
3065 1771 3310 1826 eamdem
3336 1788 3550 1829 mecum

258 1874 302 1928 si
335 1875 494 1928 Pater
549 1872 870 1927 incarnatus
920 1869 1213 1925 diceretur.
1250 1869 1406 1923 Nunc
1437 1868 1600 1938 igitur
1651 1883 1850 1923 conse-

260 1979 438 2032 quens
471 1970 574 2026 est,
607 1960 652 2014 si
686 1959 854 2014 Filius
884 1974 1113 2014 carnem
1144 1957 1456 2027 assumpsit,
1499 1955 1705 2012 idcirco
1735 1971 1855 2012 car-

266 2069 389 2106 nem
423 2049 788 2121 assumpsisse
821 2056 871 2103 et
911 2049 1152 2112 Patrem,
1204 2047 1343 2102 sicut
1375 2061 1718 2116 consequens
1750 2061 1859 2101 non

259 2150 360 2202 est.
400 2141 446 2194 si
482 2140 647 2193 Filius
679 2139 780 2191 sibi
812 2153 1030 2192 carnem
1061 2136 1250 2205 univit,
1282 2151 1497 2190 carnem
1538 2135 1643 2188 sibi
1670 2135 1859 2190 unisse

261 2239 312 2285 et
344 2231 587 2284 Patrem.
633 2228 989 2298 Consequens
1020 2233 1203 2280 autem
1266 2233 1365 2292 est,
1421 2224 1547 2296 quia
1594 2224 1639 2278 si
1688 2224 1864 2280 Filius

262 2327 367 2382 sibi
397 2343 623 2383 carnem
657 2325 851 2390 univit,
886 2324 1136 2380 eamdem
1187 2338 1410 2378 carnem
1442 2323 1545 2393 ipsi
1576 2322 1709 2377 Filio
1736 2321 1860 2377 uni-

263 2417 414 2471 visse
443 2423 496 2470 et
531 2417 776 2478 Patrem,
827 2413 956 2485 quia
1003 2413 1131 2466 dum
1161 2428 1265 2466 una
1311 2410 1592 2481 utriusque
1620 2411 1862 2482 operatio

273 2513 596 2578 ostenditur,
631 2528 734 2567 nec
765 2511 932 2564 Filius
953 2509 1070 2564 sine
1105 2511 1287 2575 Patre,
1319 2524 1426 2563 nec
1449 2509 1607 2564 Pater
1635 2509 1751 2563 sine
1783 2507 1866 2563 Fi-

268 2604 342 2659 lio
374 2610 628 2674 operatus
654 2601 1084 2656 demonstratur.
1118 2597 1173 2651 Si
1202 2604 1378 2652 autem
1413 2599 1569 2652 Pater
1611 2597 1714 2651 sibi
1743 2612 1866 2653 car-

269 2709 396 2748 nem
427 2691 718 2757 induisset,
751 2697 804 2744 et
854 2688 1021 2743 Filius
1070 2687 1194 2753 sibi,
1246 2701 1356 2740 non
1387 2686 1488 2740 hoc
1518 2686 1662 2740 idem
1693 2693 1862 2751 esset,

275 2789 376 2844 sed
407 2788 570 2852 aliud,
605 2786 861 2856 quoniam
893 2785 946 2838 in
979 2800 1044 2838 eo
1093 2784 1214 2854 ipso
1263 2798 1373 2836 non
1405 2781 1597 2836 eadem
1628 2779 1864 2834 demon-

271 2883 540 2932 straretur
569 2875 838 2948 operatio,
875 2874 1020 2945 quod
1053 2889 1159 2927 non
1191 2871 1258 2925 ad
1289 2870 1536 2924 eumdem
1576 2876 1866 2938 utrumque

270 2969 416 3024 facta
445 2967 770 3038 probaretur
803 2964 1020 3018 relatio.
1053 2963 1208 3016 Nunc
1231 2968 1410 3014 autem
1441 2957 1866 3028 assumptionem

272 3068 388 3120 sive
437 3065 695 3120 unionem
757 3061 939 3117 carnis
996 3068 1049 3114 et
1104 3061 1262 3112 Pater
1317 3064 1579 3127 operatus
1611 3063 1709 3120 est,
1742 3053 1868 3122 quia

271 3171 436 3212 carne
496 3153 668 3207 induit
726 3151 947 3215 Filium,
1007 3156 1058 3204 et
1113 3147 1277 3202 Filius
1319 3152 1576 3216 operatus
1606 3151 1706 3208 est,
1741 3144 1864 3214 quia

269 3259 434 3300 carne
465 3241 635 3296 induit
666 3240 1020 3304 semetipsum
1046 3257 1058 3299 ;
1081 3245 1133 3291 et
1155 3235 1247 3290 luii
1271 3251 1375 3288 una
1394 3232 1519 3287 unio
1549 3240 1601 3287 et
1623 3229 1862 3300 Operatio

273 3350 400 3387 una.
439 3333 728 3402 Propterea
783 3329 910 3382 unio
967 3340 1096 3391 una,
1150 3324 1279 3395 quia
1332 3323 1476 3394 quod
1523 3321 1728 3375 unitum
1758 3326 1860 3382 est,

273 3422 368 3478 uni
397 3421 610 3476 unitum
643 3426 760 3481 est;
794 3424 1088 3488 propterea
1115 3413 1360 3484 operatio
1389 3427 1514 3475 una,
1559 3411 1690 3481 quia
1721 3407 1863 3477 quod

272 3521 471 3576 factum
503 3523 586 3573 est
617 3518 670 3570 in
701 3531 812 3569 uno
848 3516 1045 3568 factum
1079 3520 1180 3566 est.
1210 3511 1346 3565 Tres
1385 3507 1777 3579 Operabantur,
1811 3513 1864 3560 et

268 3627 380 3665 non
415 3609 553 3670 tria;
589 3608 685 3661 sed
717 3621 881 3658 unum
915 3601 1300 3673 Operabantur,
1347 3607 1399 3652 et
1430 3597 1576 3667 quod
1619 3595 1783 3650 fiebat
1812 3603 1864 3648 et

270 3709 435 3762 unius
466 3714 606 3770 erat,
641 3710 901 3775 quantum
931 3700 1003 3753 ad
1035 3698 1186 3752 illum
1218 3697 1393 3751 solum
1441 3694 1642 3748 factum
1675 3701 1777 3760 est,
1811 3700 1862 3747 et

268 3806 431 3860 trium
467 3813 598 3870 erat,
634 3808 892 3871 quantum
926 3798 996 3852 ab
1026 3797 1132 3851 illis
1164 3796 1380 3850 factum.

341 3922 562 3994 Legitur
619 3919 672 3973 in
730 3917 870 3970 libro
927 3914 1178 3968 Judicum
1235 3911 1356 3982 quia
1408 3909 1599 3963 Manue
1630 3922 1858 3962 uxorem

270 4011 484 4082 accepit
513 4009 623 4063 lilio
647 4023 745 4060 suo
769 4007 998 4059 Samson
1026 4002 1232 4069 (ludio.
1267 4001 1404 4068 xiii),
1437 4015 1537 4053 nec
1559 4006 1737 4052 tamen
1760 3996 1862 4050 sibi

267 4116 501 4157 uxorem
557 4097 788 4166 accepit,
823 4095 946 4165 quia
977 4091 1087 4146 ﬁlio
1127 4105 1348 4145 uxorem
1397 4087 1627 4157 accepit.
1663 4087 1728 4140 Et
1756 4100 1859 4156 po—

265 4196 501 4251 stulabat
533 4192 679 4246 ﬁlius
708 4198 939 4261 patrem,
964 4197 1021 4241 ut
1043 4186 1146 4241 sibi
1171 4201 1404 4240 uxorem
1428 4183 1686 4254 accipiat,
1708 4181 1860 4254 quasi

264 4301 368 4357 per
399 4299 458 4336 se
485 4281 638 4336 solus
664 4281 767 4334 hoc
799 4278 979 4333 facere
1009 4292 1116 4330 non
1152 4275 1342 4346 possit,
1376 4282 1427 4328 et
1459 4288 1618 4326 nemo
1657 4278 1740 4325 est
1771 4271 1860 4341 qui

270 4387 682 4456 argumentetur
707 4386 762 4432 ut
785 4378 948 4432 dicat.
982 4375 1036 4429 Si
1064 4383 1218 4446 pater
1241 4373 1349 4428 lilio
1371 4383 1599 4427 uxorem
1629 4370 1858 4441 accepit,

269 4496 408 4553 ergo
438 4494 662 4534 uxorem
694 4476 904 4544 accepit
935 4481 1113 4543 pater,
1147 4479 1199 4524 et
1234 4469 1532 4525 contendat
1571 4475 1852 4522 uxoratum
1886 4489 1938 4548 D

268 4586 394 4626 esse
425 4577 652 4640 patrem,
680 4565 806 4635 quia
829 4563 936 4616 filio
967 4559 1176 4629 accepit
1213 4573 1470 4612 uxorem.
1511 4557 1692 4625 Quare
1721 4571 1860 4626 ergo

269 4661 584 4714 incarnatus
615 4655 822 4710 dicatur
865 4666 989 4706 esse
1042 4650 1218 4713 Pater,
1278 4647 1406 4717 quia
1456 4646 1587 4700 Filio
1611 4661 1711 4700 suo
1740 4661 1863 4700 car-

268 4773 397 4812 nem
456 4755 648 4818 univit,
710 4752 850 4806 sicut
904 4749 1022 4818 ipse
1076 4746 1241 4800 Filius
1293 4745 1609 4800 incarnatus
1639 4743 1855 4804 dicitur,

269 4847 401 4920 quia
431 4843 534 4898 sibi
563 4857 778 4898 carnem
821 4836 1094 4909 copulavit
1129 4837 1156 4888 ‘2
1196 4835 1410 4905 Sponsa
1441 4834 1660 4905 quippe,
1695 4833 1862 4888 Verbi

267 4960 404 5002 caro
433 4950 538 5008 est,
571 4949 625 4996 et
655 4936 952 5007 assumpsit
981 4934 1128 4988 illam
1178 4932 1416 4987 Verbum
1465 4930 1588 4995 sibi,
1627 4938 1679 4984 et
1711 4931 1863 4984 Pater

269 5032 442 5090 Verbi
469 5029 718 5086 similiter
749 5025 929 5082 Verbo
984 5039 1084 5079 suo
1141 5020 1311 5077 univit
1366 5034 1509 5085 eam,
1570 5027 1621 5073 et
1651 5019 1861 5090 operati

266 5139 393 5187 sunt
437 5129 546 5190 duo
598 5142 789 5191 unum,
851 5131 904 5178 et
960 5122 1057 5177 fuit
1102 5121 1156 5174 in
1186 5133 1293 5174 uno
1337 5117 1587 5188 operatio
1630 5117 1860 5170 duorum

264 5237 392 5276 una.
425 5219 720 5288 Propterea
746 5213 821 5269 ait
845 5228 856 5268 :
887 5237 907 5260 «
945 5211 1294 5280 Quaecunque
1320 5208 1479 5262 Pater
1499 5205 1649 5269 facit,
1670 5205 1787 5260 haec
1808 5213 1860 5260 et

264 5319 436 5374 Filius
463 5315 715 5372 similiter
744 5312 894 5368 facit.
931 5335 952 5358 η
985 5311 1132 5375 Haec,
1165 5307 1359 5378 inquit,
1407 5313 1460 5360 et
1491 5303 1654 5358 Filius
1677 5303 1856 5359 simili-

266 5416 348 5464 ter
376 5406 535 5463 facit.
579 5425 601 5454 ι
633 5402 775 5471 Quid
807 5409 888 5456 est
932 5424 953 5448 σι
999 5401 1118 5454 haec
1149 5398 1176 5450 ἱ)
1212 5421 1232 5444 n
1282 5396 1406 5450 Non
1445 5394 1571 5448 alia.
1606 5392 1747 5461 Quid
1779 5400 1861 5447 est

266 5522 289 5545 «
329 5495 577 5552 similiter
605 5495 633 5546 ‘l
669 5517 690 5540 η
725 5492 849 5547 Non
879 5490 1060 5544 aliter.
1104 5488 1227 5542 Non
1258 5491 1476 5556 poterat
1508 5481 1686 5538 unitas
1728 5497 1861 5553 ope-

260 5595 489 5653 rationis
514 5590 805 5665 perfectius
822 5585 1207 5644 demonstrari.
1231 5585 1354 5640 Non
1379 5583 1506 5638 alia.
1531 5581 1653 5636 Non
1669 5580 1858 5635 aliter:

262 5693 454 5750 eadem
488 5699 540 5745 et
565 5691 756 5746 eodem
789 5687 980 5741 modo.
1021 5685 1076 5737 Si
1107 5683 1296 5737 eadem
1319 5690 1656 5753 operaretur,
1680 5688 1730 5734 et
1754 5696 1858 5734 non

258 5791 459 5848 eodem
515 5787 677 5843 modo
732 5790 1062 5857 operaretur.
1125 5778 1384 5852 Operatio
1414 5793 1522 5834 una
1572 5792 1682 5833 non
1716 5784 1862 5832 esset

1893 3126 1942 3188 Ο

1961 1864 2257 1920 aedificares
2286 1865 2527 1931 domum,
2587 1865 2709 1922 dico
2764 1868 2908 1938 quod
2964 1867 3109 1923 idem
3167 1869 3374 1925 faceres
3401 1871 3554 1942 quod

1963 1968 2093 2024 ego.
2162 1953 2340 2008 Etiam
2397 1955 2580 2009 verius
2648 1972 2839 2024 unum,
2906 1958 3029 2026 quia
3079 1957 3314 2028 idipsum
3345 1967 3397 2014 et
3445 1975 3552 2014 non

1964 2041 2111 2096 aliud
2138 2057 2152 2111 ;
2185 2058 2285 2098 nec
2307 2051 2489 2098 tamen
2520 2060 2650 2098 vere
2681 2043 2859 2100 adhuc
2907 2062 3072 2100 unum
3105 2046 3226 2117 quia
3257 2055 3313 2102 tu
3343 2055 3554 2118 partem

1966 2155 2152 2206 unam,
2186 2148 2239 2195 et
2269 2157 2400 2214 ergo
2430 2142 2684 2209 alteram;
2719 2149 2771 2196 tu
2804 2142 3176 2199 instrumentis
3215 2145 3339 2213 tuis,
3372 2153 3426 2201 et
3452 2162 3560 2218 ego

1966 2246 2122 2302 meis.
2156 2247 2408 2319 Denique
2437 2257 2493 2302 tu
2525 2248 2730 2305 viribus
2756 2249 2880 2316 tuis,
2913 2265 3019 2322 ego
3036 2250 3208 2306 meis:
3244 2259 3297 2306 et
3305 2253 3418 2322 jam
3447 2268 3560 2308 non

1966 2352 2098 2391 vere
2127 2353 2314 2402 unum,
2350 2337 2448 2392 sed
2477 2337 2532 2392 in
2563 2337 2669 2393 alio
2691 2347 2743 2392 et
2765 2354 2862 2409 per
2890 2339 3017 2394 alia.
3042 2339 3300 2410 Nunquid
3323 2341 3407 2397 sic
3436 2341 3561 2398 dico

1969 2440 2091 2479 cum
2119 2425 2278 2488 dico;
2309 2425 2439 2497 quia
2472 2425 2636 2481 Filius
2685 2428 2790 2482 hoc
2846 2427 3025 2497 ipsum
3076 2427 3200 2483 facit
3229 2429 3375 2500 quod
3409 2431 3566 2486 Pater

1972 2513 2142 2568 facit?
2173 2514 2320 2585 Ergo
2348 2514 2451 2568 alia
2480 2523 2563 2570 est
2611 2531 2810 2570 manus
2847 2515 2984 2582 Filii,
3017 2523 3070 2572 et
3097 2517 3203 2572 alia
3241 2526 3326 2573 est
3356 2519 3562 2587 Patris;

1973 2610 2120 2666 aliud
2153 2611 2434 2667 brachium
2466 2611 2607 2678 Filii,
2640 2619 2694 2667 et
2721 2611 2868 2666 aliud
2897 2613 3186 2669 brachium
3218 2615 3426 2679 Patris;
3460 2616 3567 2672 alia

1973 2707 2148 2763 virtus
2178 2708 2318 2771 Filii,
2369 2709 2474 2764 alia
2534 2709 2709 2765 virtus
2768 2711 2961 2775 Patris,
3022 2727 3144 2766 cum
3172 2713 3290 2784 ipse
3321 2713 3486 2768 Filius
3515 2723 3570 2770 et

1973 2819 2186 2868 manus,
2220 2806 2274 2857 et
2305 2803 2611 2870 brachium,
2643 2812 2696 2858 et
2725 2803 2895 2859 virtus
2925 2805 2993 2860 sit
3024 2806 3404 2863 Patris?Sicut
3424 2807 3568 2863 idem

1976 2899 2057 2947 est
2086 2891 2234 2963 quod
2263 2893 2427 2947 homo
2457 2908 2616 2946 manu
2646 2891 2791 2956 facit,
2825 2901 2879 2947 et
2907 2893 3054 2964 quod
3103 2909 3298 2950 manus
3334 2897 3570 2953 hominis

1975 2979 2138 3048 facit;
2189 2987 2242 3036 et
2299 2981 2445 3052 quod
2500 2980 2664 3036 homo
2718 2981 2946 3037 brachio
2999 2980 3144 3048 facit,
3176 2991 3231 3039 et
3261 2985 3404 3052 quod
3436 2985 3571 3040 bra—

1975 3077 2155 3132 chium
2186 3077 2420 3133 hominis
2452 3077 2615 3146 facit;
2645 3086 2698 3132 et
2753 3079 2896 3148 quod
2953 3079 3118 3135 homo
3148 3081 3464 3138 fortitudine
3492 3084 3571 3138 fa-

1978 3168 2066 3233 cit,
2101 3175 2154 3222 et
2192 3167 2335 3238 quod
2365 3167 2620 3223 fortitudo
2676 3168 2912 3222 hominis
2971 3168 3123 3225 facit.
3191 3171 3280 3226 Sic
3309 3171 3452 3227 idem
3486 3180 3571 3228 est

1971 3267 2118 3337 quod
2149 3267 2311 3321 Pater
2340 3266 2484 3334 facit,
2518 3274 2570 3320 et
2600 3267 2746 3338 quod
2805 3267 2970 3322 Filius
3026 3268 3181 3332 iacit;
3243 3269 3371 3340 quia
3408 3286 3571 3325 omne

1973 3355 2120 3426 quod
2154 3356 2314 3410 Pater
2345 3355 2490 3419 facit,
2541 3371 2638 3426 per
2685 3354 2882 3409 Filium
2928 3355 3077 3413 facit.
3113 3356 3169 3412 Si
3200 3358 3432 3413 essentia
3463 3373 3572 3414 una

1974 3461 2075 3519 est,
2101 3452 2146 3507 si
2179 3461 2370 3507 natura
2400 3468 2528 3519 una,
2562 3453 2607 3507 si
2630 3452 2892 3508 fortitudo
2920 3471 3046 3518 una,
3089 3456 3134 3509 si
3166 3456 3416 3511 voluntas
3439 3472 3567 3519 una,

1973 3542 2244 3614 quomodo
2275 3558 2382 3596 non
2413 3550 2497 3596 est
2527 3559 2634 3598 una
2655 3543 2897 3613 operatio
2921 3546 2949 3596 ‘?
2978 3544 3126 3599 Dicis
3156 3547 3284 3616 quia
3314 3545 3429 3600 haec
3445 3543 3573 3600 facit

1975 3633 2156 3686 Pater.
2191 3633 2308 3702 Ego
2325 3631 2483 3687 dico:
2519 3633 2634 3687 Hoc
2651 3631 2825 3702 ipsum
2861 3632 3043 3699 Pater,
3065 3634 3166 3688 hoc
3181 3633 3356 3704 ipsum
3380 3633 3568 3704 Filius,

1974 3735 2141 3782 totum
2174 3730 2332 3783 Pater
2361 3736 2415 3784 et
2447 3735 2612 3783 totum
2663 3727 2848 3782 Filius.
2905 3730 3090 3799 Ipsum
3147 3728 3326 3787 facere
3375 3731 3564 3798 Patris,

1973 3817 2091 3871 Filii
2120 3825 2226 3872 est.
2265 3817 2392 3872 Noli
2421 3832 2657 3887 pensare
2714 3817 2867 3888 quasi
2916 3817 3052 3872 duas
3098 3819 3362 3885 actiones,
3396 3835 3568 3874 unam

1971 3926 2254 3994 majorem,
2290 3940 2450 3978 unam
2483 3923 2790 3990 minorem;
2823 3931 2913 3978 aut
2944 3923 3080 3979 forte
3137 3925 3333 3979 similis
3364 3928 3567 3996 ponde-

1974 4024 2045 4077 ris
2073 4022 2311 4094 aequales
2342 4021 2504 4088 duas;
2538 4021 2714 4076 unitas
2745 4020 2854 4075 sibi
2886 4029 2985 4087 est,
3020 4021 3157 4075 nihil
3200 4022 3524 4093 multiplices
3551 4044 3564 4079 :

1975 4137 2075 4176 una
2109 4129 2190 4176 est
2213 4121 2354 4177 actio
2386 4121 2612 4175 duarum
2645 4119 2698 4173 in
2729 4133 2857 4186 uno,
2902 4119 3084 4185 trium,
3114 4119 3256 4175 actio
3287 4135 3414 4186 una,
3450 4121 3566 4177 sic-

1971 4232 2028 4277 ut
2055 4223 2231 4278 deitas
2261 4237 2369 4276 una
2395 4237 2407 4290 ;
2441 4230 2490 4276 et
2521 4223 2573 4275 in
2600 4237 2707 4275 una
2728 4220 2941 4276 actione
2964 4228 3092 4289 tres,
3121 4238 3234 4276 non
3261 4230 3372 4277 tres
3395 4237 3564 4295 agen-

1972 4327 2051 4374 tes
2080 4326 2228 4383 sunt,
2262 4317 2359 4372 sed
2387 4333 2526 4371 unus
2557 4333 2750 4389 agens,
2785 4317 2925 4374 sicut
2971 4317 3025 4373 in
3055 4318 3256 4377 deitate
3285 4335 3390 4375 una
3423 4327 3553 4388 tres,

1972 4432 2078 4471 non
2110 4423 2222 4470 tres
2250 4415 2325 4470 dii
2355 4423 2496 4482 sunt,
2529 4415 2622 4470 sed
2655 4432 2817 4472 unus.
2847 4415 3033 4482 Pater,
3064 4426 3117 4473 et
3140 4417 3325 4484 Filius,
3360 4421 3412 4474 et
3435 4418 3560 4492 Spi-

1973 4514 2108 4569 ritus
2139 4522 2376 4580 sanctus,
2428 4521 2539 4569 tres
2587 4529 2839 4585 personae
2887 4523 3030 4582 sunt,
3067 4517 3162 4572 sed
3195 4525 3306 4573 tres
3335 4516 3411 4572 dii
3452 4535 3562 4574 non

1971 4619 2112 4680 sunt,
2145 4626 2248 4667 nec
2279 4620 2389 4666 tres
2420 4619 2719 4677 creatores,
2753 4627 2855 4666 nec
2904 4619 3017 4666 tres
3064 4611 3323 4681 factores,
3349 4614 3473 4686 quia
3503 4615 3559 4670 in

1973 4725 2036 4764 eo
2065 4709 2209 4780 quod
2241 4725 2406 4764 unum
2437 4717 2580 4775 sunt,
2614 4709 2783 4763 dividi
2812 4725 2923 4764 non
2968 4719 3224 4780 possunt.
3265 4711 3560 4780 Quaecum-

1971 4823 2074 4878 que
2101 4822 2236 4878 ergo
2268 4808 2434 4861 Pater
2463 4806 2607 4871 facit,
2658 4807 2775 4862 haec
2807 4815 2860 4862 et
2896 4807 3064 4863 Filius
3093 4807 3215 4864 facit
3259 4812 3442 4878 (Joan.
3474 4815 3554 4883 ν),

1969 4903 2244 4972 Similiter,
2277 4903 2412 4976 quid
2439 4904 2616 4976 magis
2645 4903 2820 4959 simile
2877 4920 3000 4960 esse
3027 4913 3204 4976 potest
3240 4921 3405 4978 quam
3431 4907 3558 4963 uni-

1968 5009 2049 5054 tas
2077 5000 2104 5054 ‘I
2131 4998 2418 5068 Quomodo
2449 5000 2624 5055 dividi
2661 5008 2838 5071 potest
2883 5001 3029 5072 quod
3062 5001 3408 5072 multiplicari
3449 5019 3556 5060 non

1967 5101 2164 5163 potest,
2194 5104 2283 5148 aut
2311 5095 2587 5166 quomodo
2607 5109 2641 5150 a
2672 5111 2730 5150 se
2753 5095 3010 5150 recedere
3031 5103 3206 5165 potest
3226 5097 3370 5168 quod
3391 5115 3554 5154 unum

1966 5193 2095 5246 est?
2124 5192 2206 5247 Ne
2237 5208 2373 5264 ergo
2401 5192 2641 5260 mireris,
2675 5193 2721 5248 si
2751 5193 3175 5264 assumptionem
3232 5196 3407 5250 carnis
3437 5214 3557 5270 quae

1967 5280 2036 5336 ad
2067 5280 2245 5336 solum
2285 5281 2472 5336 Filium
2495 5281 2748 5348 refertur,
2783 5298 2892 5338 non
2925 5281 3072 5338 solus
3101 5282 3273 5338 Filius
3302 5296 3559 5356 operatus

1967 5392 2070 5451 est,
2103 5385 2201 5440 sed
2231 5401 2352 5440 cum
2384 5383 2519 5440 Filio
2552 5385 2716 5440 Pater
2744 5384 2908 5440 etiam
2950 5392 3003 5440 et
3031 5384 3271 5456 Spiritus
3301 5395 3546 5444 sanctus.

1966 5483 2158 5554 Neque
2184 5481 2391 5538 idcirco
2420 5489 2530 5538 tres
2557 5481 2870 5539 incarnatos
2900 5481 3120 5548 dixeris,
3146 5483 3272 5556 quia
3299 5483 3556 5542 incarna-

1968 5580 2169 5636 tionem
2199 5580 2359 5636 unius
2388 5589 2496 5636 tres
2527 5581 2740 5648 operati
2759 5589 2903 5648 sunt,
2938 5580 3062 5652 quia
3089 5581 3324 5637 Trinitas
3353 5591 3558 5640 naturae

1970 5678 2388 5750 inseparabilem
2440 5679 2562 5735 facit
2593 5680 2988 5750 operationem,
3015 5687 3069 5735 et
3100 5680 3402 5751 prOprietas
3433 5697 3558 5752 per-

1971 5793 2120 5833 sonae
2149 5775 2484 5850 singularem
2515 5776 2962 5849 assumptionem.
