4010 6074
453 305 556 357 783

738 423 812 477 De
841 421 1137 491 assumpta
1165 432 1336 473 carne
1368 417 1427 470 in
1454 414 1760 472 Christum.

534 527 808 599 Quaeritur
850 524 1126 598 quomodo
1184 526 1383 585 homo,
1457 519 1814 591 personaliter
1868 519 2048 572 unitus

463 621 664 684 Verbo,
703 617 819 670 sine
849 621 1073 685 peccato
1097 611 1272 684 potuit
1295 610 1497 666 assumi
1525 610 1591 664 de
1622 625 1798 663 massa
1829 606 2052 661 humani

460 716 682 792 generis
709 734 720 768 :
755 713 897 785 quod
929 719 1098 766 totum
1129 719 1463 779 corruptum,
1497 715 1548 762 et
1579 706 1734 778 quasi
1769 705 2053 759 fermenta-

456 816 570 861 tum
603 811 685 858 est
713 808 940 873 peccato
961 800 1015 854 in
1036 799 1230 853 Adam.
1255 798 1346 852 Ad
1369 796 1512 868 quod
1532 794 1889 865 respondetur
1909 791 2053 863 quod

465 896 638 967 Virgo
669 890 836 946 Maria
867 905 967 960 per
1009 887 1173 942 ﬁdem
1222 886 1416 941 futura:
1454 884 1646 938 mortis
1691 881 1889 937 Christi
1929 888 2052 934 ante

462 981 876 1052 conceptionem
906 978 1165 1032 mundata
1197 974 1364 1030 fuerit
1391 990 1422 1027 a
1444 980 1685 1043 peccato.
1720 971 1928 1040 Nempe
1957 969 2055 1022 dc-

464 1095 596 1137 cens
626 1084 745 1133 erat
775 1083 832 1130 ut
861 1090 925 1130 ea
956 1072 1190 1145 puritate
1221 1086 1326 1143 qua
1349 1070 1525 1138 major
1555 1069 1656 1123 sub
1685 1069 1804 1122 Deo
1827 1064 2056 1136 intelligi

458 1167 662 1240 nequit,
695 1166 853 1236 virgo
877 1162 966 1216 illa
998 1162 1217 1228 niteret,
1274 1159 1358 1214 cui
1384 1159 1528 1213 Deus
1547 1159 1704 1211 Pater
1727 1154 1941 1210 unicum
1971 1151 2056 1208 Fi-

461 1267 594 1322 lium
616 1280 795 1328 suum,
813 1277 995 1333 quem,
1017 1259 1085 1314 de
1111 1257 1275 1313 corde
1299 1273 1398 1311 suo
1411 1255 1673 1328 genitum,
1691 1253 1793 1307 sibi
1811 1267 2058 1323 coaequa-

462 1357 589 1422 lem,
623 1362 880 1423 tanquam
915 1349 1154 1418 seipsum
1194 1345 1497 1418 diligebat,
1533 1343 1602 1397 ita
1631 1343 1766 1397 dare
1795 1341 2057 1411 dispone-

464 1446 572 1510 bat,
616 1447 678 1497 ut
705 1438 1019 1494 naturaliter
1069 1443 1213 1491 esset
1259 1451 1418 1488 unus.
1467 1432 1726 1502 Idemque
1756 1427 2058 1486 communis

460 1533 562 1588 Dei
610 1529 790 1586 Patris
835 1536 886 1582 et
935 1524 1177 1596 Virginis
1226 1522 1410 1587 Filius,
1459 1529 1508 1575 et
1555 1536 1714 1592 quam
1745 1519 1861 1589 ipse
1892 1518 2058 1571 Filius

461 1617 888 1676 substantialiter
911 1614 1092 1670 facere
1119 1611 1220 1666 sibi
1243 1619 1466 1665 matrem
1491 1609 1750 1679 eligebat,
1777 1617 1828 1662 et
1854 1607 1920 1661 de
1951 1620 2058 1676 qua

462 1709 696 1782 Spiritus
728 1713 944 1760 sanctus
976 1701 1192 1758 volebat
1236 1709 1287 1754 et
1337 1706 1588 1769 Operatus
1620 1704 1756 1762 erat,
1793 1704 1848 1749 ut
1878 1693 2059 1750 conci-

459 1804 686 1870 peretur
713 1807 766 1850 et
795 1799 1116 1848 nasceretur
1146 1789 1256 1856 ille,

465 1901 634 1959 quare
664 1885 732 1939 de
770 1879 1127 1936 mundissima
1185 1877 1401 1948 virgine
1459 1875 1630 1946 potuit
1677 1874 1794 1927 sine
1832 1877 2057 1942 peccato

465 1981 679 2054 concipi
729 1981 895 2034 Filius
951 1976 1069 2045 Dei,
1104 1983 1154 2030 et
1185 1973 1338 2029 nasci
1382 1988 1480 2044 per
1512 1972 1718 2025 unitum
1750 1969 1850 2024 sibi
1884 1966 2058 2022 homi-

466 2089 612 2128 nem.
645 2072 890 2139 Excepta
918 2073 1105 2121 sancta
1163 2063 1385 2133 Virgine
1444 2060 1631 2124 Maria,
1665 2059 1731 2113 de
1771 2073 1894 2129 qua,
1926 2071 2058 2126 pro-

460 2170 580 2234 pter
605 2162 872 2215 honorem
903 2153 1140 2218 Domini,
1182 2151 1379 2205 nullam
1430 2165 1654 2219 prorsus
1684 2163 1808 2202 cum
1835 2146 1903 2200 de
1933 2159 2057 2214 pec-

465 2233 602 2307 catis
630 2248 829 2320 agitur,
862 2242 1052 2298 haberi
1083 2239 1207 2295 volo
1256 2239 1636 2310 quaestionem,
1682 2236 1884 2291 scimus
1915 2233 2059 2287 enim

465 2347 608 2420 quod
640 2346 688 2400 ei
720 2343 844 2414 plus
875 2340 1067 2413 gratia:
1099 2338 1170 2394 sit
1196 2338 1449 2393 collatum
1475 2335 1543 2390 ad
1563 2333 1886 2389 vincendum
1914 2331 2061 2387 omni

468 2453 532 2492 ex
563 2442 718 2506 parte
749 2438 1055 2503 peccatum.
1089 2427 1219 2480 Inde
1254 2426 1404 2497 quod
1447 2423 1736 2493 concipere
1767 2437 1836 2477 ac
1865 2437 2062 2492 parere

473 2523 696 2589 meruit,
747 2535 911 2592 quem
947 2524 1158 2573 constat
1205 2513 1408 2569 nullum
1468 2509 1728 2566 habuisse
1779 2517 2059 2580 peccatum

469 2624 874 2691 (AUGUSTINUS.
919 2617 992 2671 De
1022 2619 1159 2669 nat.
1219 2616 1275 2667 et
1326 2614 1497 2681 grat.,
1533 2625 1587 2664 c.
1630 2612 1740 2676 36).
1789 2609 1898 2662 Hac
1928 2623 2062 2677 ergo

472 2711 685 2781 virgine
715 2714 972 2776 excepta,
1008 2704 1050 2756 si
1083 2716 1275 2758 omnes
1309 2699 1487 2754 sancti
1518 2707 1570 2752 et
1604 2705 1804 2752 sancta:
1833 2711 2063 2768 congre-

471 2799 593 2874 gari
624 2801 866 2868 possent,
898 2792 1027 2864 quid
1059 2789 1474 2861 responderent,
1521 2786 1623 2840 nisi
1661 2785 1800 2856 quod
1832 2785 2066 2838 Joannes

477 2872 552 2946 ait
585 2905 598 2942 ε
632 2911 654 2933 «
690 2885 744 2939 Si
777 2882 1081 2938 dixerimus
1136 2878 1262 2950 quia
1302 2883 1580 2948 peccatum
1624 2889 1731 2928 non
1775 2872 2061 2936 habemus,

476 2993 577 3033 nos
607 2975 757 3047 ipsos
787 2971 1136 3028 seducimus?
1169 2990 1188 3015 »
1218 2967 1264 3035 (Ι
1291 2967 1453 3022 Joan.
1501 2967 1567 3028 ι.)
1615 2961 1907 3034 Legimus:
1953 2963 2064 3015 Ma-

472 3076 608 3130 riam
640 3077 810 3127 totam
842 3067 1143 3139 repleverat
1181 3063 1412 3134 Spiritus
1463 3060 1631 3115 sancti
1660 3060 1853 3130 gratia,
1896 3063 2062 3113 totam

1619 284 1952 344 WERNERI
1994 282 2283 342 ABBATIS
2325 282 2382 345 S.
2426 280 2644 338 BLASII

2073 415 2126 472 Α
2154 409 2241 464 nis
2271 407 2327 462 in
2361 423 2582 463 carnem
2613 405 2951 476 congelalam
3011 406 3160 462 fecit.
3226 405 3472 462 Accessit
3514 403 3753 476 Spiritus

3647 276 3750 332 785

2157 515 2397 568 sanctus,
2434 513 2484 559 et
2518 505 2632 559 haec
2659 519 2780 573 quae
2839 501 3054 558 fuerant
3111 504 3270 558 Verbi
3313 502 3546 576 glutinio
3597 517 3754 557 com-

2158 603 2421 657 massata,
2455 592 2745 646 animando
2777 591 3049 656 formavit,
3101 600 3152 646 et
3205 591 3435 647 formata
3465 591 3747 644 distinxit.

2159 686 2389 752 (Rana)
2440 682 2713 735 Numerus
2771 697 2892 734 χινι
2939 696 3208 735 annorum
3265 680 3590 751 perfectioni
3640 681 3758 733 Do-

2160 772 2344 826 minici
2389 769 2638 840 corporis
2678 769 2963 839 aptissime
3011 770 3279 840 congruit.
3312 769 3759 839 (AUGUSTINUS.)

2159 860 2404 915 Tradunt
2435 859 2577 913 enim
2609 857 2935 912 naturalium
2963 857 3260 928 scriptores
3289 873 3496 922 rerum,
3524 855 3758 910 formam

2162 957 2414 1027 corporis
2447 955 2665 1008 humani
2698 962 2774 1008 tot
2799 955 3008 1008 dierum
3033 954 3205 1025 spatio
3228 952 3431 1024 perfici,
3457 953 3584 1024 quia
3615 952 3765 1007 vide-

2165 1046 2288 1100 licet
2319 1043 2580 1114 proximis
2605 1059 2697 1098 sex
2723 1058 2752 1095 a
2774 1043 3129 1113 conceptione
3147 1043 3363 1108 diebus,
3387 1042 3538 1096 lactis
3558 1041 3764 1096 habent

2165 1133 2593 1197 similitudinem,
2668 1130 3021 1202 sequentibus
3070 1147 3264 1186 novem
3319 1138 3674 1186 convertatur
3711 1130 3764 1183 in

2165 1222 2510 1294 sanguinem,
2552 1221 2749 1275 deinde
2795 1236 2865 1274 xu
2913 1219 3195 1284 solidetur,
3230 1219 3456 1291 reliquis
3487 1235 3619 1274 xvnt
3649 1217 3764 1273 for-

2165 1321 2342 1365 metur
2370 1325 2545 1380 usque
2577 1309 2643 1363 ad
2689 1309 2931 1378 perfecta
2964 1309 3275 1364 liniamenta
3318 1308 3559 1363 omnium
3593 1323 3767 1362 mem-

2169 1401 2408 1465 brorum,
2443 1408 2494 1453 et
2519 1398 2645 1453 hinc
2669 1400 2785 1468 jam
2819 1397 3033 1468 reliquo
3053 1407 3297 1467 tempore
3325 1413 3502 1468 usque
3529 1396 3600 1450 ad
3634 1403 3770 1450 tem-

2166 1515 2266 1567 pus
2314 1505 2520 1566 partus,
2569 1496 2943 1567 magnitudine
2990 1505 3278 1566 augeatur.
3336 1495 3448 1550 Sex
3491 1505 3678 1550 autem
3715 1504 3768 1550 et

2169 1603 2240 1647 lx,
2276 1594 2328 1639 et
2362 1600 2437 1638 xu
2467 1594 2517 1638 et
2549 1600 2699 1648 xvm,
2725 1599 2827 1637 XLV
2859 1583 3088 1640 faciunt.
3146 1584 3356 1651 Quibus
3388 1584 3432 1637 si
3465 1601 3632 1638 unum
3662 1585 3767 1638 ad-

2161 1673 2476 1742 jecerimus,
2543 1672 2598 1726 id
2656 1681 2738 1727 est
2785 1672 2962 1742 ipsum
3020 1672 3163 1726 diem
3213 1687 3320 1743 quo
3347 1671 3644 1728 discretum
3670 1689 3771 1743 per

1291 1761 1496 1858 deam,
1528 1787 1648 1856 ipse
1695 1783 2052 1855 procedebat,
2088 1768 2137 1826 Β
2168 1761 2418 1816 membra
2447 1777 2649 1830 corpus
2692 1769 3025 1816 crementum
3080 1777 3293 1816 sumere
3331 1761 3537 1832 incipit,
3572 1770 3652 1816 tot
3683 1762 3769 1815 ni-

2166 1860 2361 1913 mirum
2394 1859 2510 1913 dies
2549 1859 2600 1912 in
2642 1856 3004 1914 aediﬁcatione
3034 1858 3282 1928 corporis
3302 1858 3540 1923 Domini,
3573 1874 3686 1932 quo
3718 1859 3770 1913 in

2165 1947 2514 2002 fabricatione
2546 1946 2731 2016 templi
2762 1962 2936 2002 annos
2966 1945 3300 2001 invenimus.

2239 2045 2670 2113 (AUGUSTINUS.)
2701 2043 2819 2096 Non
2867 2044 2919 2095 in
2966 2050 3116 2096 utero
3167 2043 3406 2114 Virginis
3447 2043 3598 2113 prius
3630 2059 3768 2099 con-

2168 2141 2327 2202 cepta
2349 2142 2450 2197 est,
2483 2140 2539 2186 et
2563 2131 2906 2202 postmodum
2956 2130 3212 2186 divinitas
3260 2131 3407 2186 venit
3436 2132 3490 2185 in
3519 2148 3766 2197 carnem,

2169 2222 2264 2274 sed
2300 2237 2421 2274 mox
2455 2229 2512 2274 ut
2544 2221 2689 2274 venit
2721 2220 2954 2274 Verbum
2979 2220 3031 2272 in
3065 2229 3216 2274 utero
3235 2222 3416 2290 (Joan.
3450 2221 3513 2286 ι),
3546 2230 3770 2278 servato

2170 2317 2409 2388 propriae
2437 2326 2641 2373 natura:
2672 2318 2951 2385 varietate,
2988 2317 3188 2373 factum
3236 2326 3319 2372 est
3347 2333 3494 2378 caro.
3543 2328 3600 2373 et
3638 2335 3771 2389 per-

2170 2404 2346 2460 fectus
2381 2408 2561 2471 homo,
2595 2407 2646 2459 id
2681 2414 2763 2460 est
2793 2407 2846 2460 in
2879 2405 3111 2461 veritate
3142 2407 3322 2461 carnis
3353 2415 3405 2462 et
3431 2407 3650 2474 animi»,
3686 2424 3771 2463 na-

2172 2502 2258 2548 tus
2289 2503 2371 2549 est
2403 2495 2471 2549 de
2502 2510 2666 2549 carne
2713 2495 2823 2559 illa,
2875 2493 2961 2549 cui
3015 2495 3219 2549 unitum
3251 2504 3334 2549 est
3376 2496 3642 2550 Verbum.
3678 2497 3775 2550 Est

2173 2607 2392 2662 quoque
2422 2591 2535 2645 alia
2567 2593 2704 2646 ratio
2738 2607 2750 2645 :
2786 2591 2998 2646 Dictum
3049 2601 3129 2646 est
3174 2592 3429 2646 nimirum
3477 2592 3608 2647 alibi
3647 2596 3772 2665 quia

2175 2682 2277 2734 hoc
2307 2679 2453 2750 quod
2483 2680 2774 2733 assumitur
2803 2681 2869 2734 ad
2909 2681 3118 2750 prolem
3177 2681 3245 2735 de
3298 2690 3528 2751 parente
3558 2683 3770 2738 nullam

2175 2768 2337 2822 habet
2369 2769 2700 2823 voluntatem
2727 2768 2992 2840 :ideoque
3013 2769 3219 2823 nullum
3242 2779 3554 2840 peccatum.
3583 2772 3771 2844 Itaque

2174 2867 2522 2937 perspicuum
2553 2875 2652 2933 est,
2689 2868 2938 2938 quoniam
2991 2865 3048 2920 in
3091 2883 3156 2921 eo
3197 2869 3340 2938 quod
3383 2868 3550 2923 Filius
3583 2870 3686 2924 Dei
3719 2872 3771 2924 in

2174 2967 2323 3005 suam
2367 2967 2655 3022 personam
2697 2951 3011 3019 assumpsit,
3056 2953 3124 3005 de
3168 2952 3392 3022 Virgine
3419 2953 3567 3007 nulla
3598 2956 3772 3024 patuit

2175 3056 2297 3095 esse
2325 3042 2534 3095 macula
2589 3040 2818 3108 peccati.
2866 3041 3287 3111 (AUGUSTINUS.)
3333 3042 3771 3098 lncommutabi-

478 3161 833 3219 incanduerat
860 3126 1081 3212 divinus
1109 3169 1283 3216 amor,
1308 3152 1381 3205 ita
1414 3149 1559 3221 quod
1591 3149 1643 3203 in
1674 3165 1736 3203 ea
1768 3147 1899 3202 nihil
1920 3156 2069 3202 esset
2101 3126 2148 3188 Ο
2176 3128 2241 3182 “5
2271 3130 2470 3221 νθτίίὲδ
2492 3146 2596 3221 Pe"
2613 3129 2898 3221 Spirime
2922 3129 3176 3221 “Pimamv
3204 3138 3257 3182 εἴ
3277 3130 3631 3200 ρθηηίῐηδιη
3645 3147 3768 3188 θοι·-

479 3250 786 3308 mundanus
835 3246 974 3317 quod
1007 3241 1238 3300 violaret
1269 3237 1514 3303 affectus,
1567 3238 1664 3292 sed
1695 3236 1858 3291 ardor
1886 3236 2064 3290 conti-

478 3355 620 3396 nuus
659 3347 712 3393 et
737 3335 975 3391 ebrietas
1004 3330 1217 3403 profusi
1257 3327 1486 3383 amoris.
1539 3329 1968 3394 (AUGUSTINUS).
2011 3325 2066 3379 Si

483 3436 737 3508 Spiritum
772 3432 867 3486 Dei
897 3429 1074 3484 omnis
1104 3427 1274 3481 virtus
1305 3423 1620 3498 angelorum
1657 3427 1890 3488 constat,
1934 3423 2065 3476 bea-

483 3535 589 3581 tam
619 3527 675 3579 et
702 3520 998 3592 gloriosam
1030 3515 1330 3587 Virginem,
1355 3515 1406 3567 in
1430 3527 1589 3585 quam
1616 3511 1928 3583 supervenit
1948 3510 2068 3581 Spi-

484 3623 620 3677 ritus
652 3626 892 3684 sanctus,
927 3624 978 3670 et
1022 3622 1165 3668 totus
1188 3610 1576 3681 Deusillapsus
1598 3618 1843 3682 portatur
1871 3624 2066 3664 novem

481 3708 771 3766 mensibus
802 3706 856 3759 in
885 3711 1062 3770 utero,
1095 3700 1425 3757 credendum
1459 3708 1540 3754 est
1587 3699 1793 3767 majora
1846 3713 2065 3770 prome-

481 3800 656 3856 ruisse
688 3796 941 3851 virtutum
961 3790 1266 3864 privilegia,
1303 3798 1354 3844 et
1385 3789 1694 3861 percepisse
1723 3788 1974 3861 gratiam,
1999 3785 2066 3841 ab

481 3897 693 3970 angelis
723 3894 885 3950 etiam
915 3889 1293 3948 collaudatam.

552 3983 806 4056 Suscepit
834 3980 1076 4037 Christus
1108 3978 1177 4032 de
1225 3985 1371 4031 terra
1412 3985 1631 4042 terram,
1666 3975 1791 4046 quia
1830 3975 1896 4029 de
1927 3981 2069 4028 terra

481 4091 610 4133 caro
643 4081 743 4141 est,
781 4080 834 4126 et
857 4070 924 4124 de
959 4083 1128 4124 carne
1174 4065 1358 4120 Mariae
1416 4080 1629 4120 carnem
1676 4062 1902 4132 accepit,
1934 4069 1984 4116 et
2015 4062 2068 4116 in

483 4175 600 4245 ipsa
631 4185 799 4227 carne
829 4167 914 4223 hic
942 4163 1259 4227 ambulavit,
1292 4170 1342 4216 et
1365 4160 1537 4232 ipsam
1560 4175 1777 4215 carnem
1809 4158 1966 4212 nobis
1996 4157 2068 4210 ad

479 4257 919 4317 manducandum
951 4255 1021 4309 ad
1054 4251 1286 4306 salutem
1308 4249 1473 4304 dedit.
1514 4274 1534 4296 »
1566 4246 1881 4320 Apostolus.
1917 4269 1937 4293 α
1963 4245 2067 4314 Qui

481 4351 648 4405 factus
678 4354 757 4402 est
815 4344 865 4399 ei
923 4359 989 4397 ex
1048 4340 1254 4396 semine
1311 4339 1477 4392 David
1510 4338 1807 4392 secundum
1848 4351 2066 4391 carnem

482 4447 657 4512 (Rom.
689 4443 752 4511 ι).
778 4440 914 4494 Nam
947 4437 1087 4492 sicut
1110 4438 1258 4491 Deus
1304 4452 1365 4489 ex
1409 4435 1706 4488 substantia
1741 4433 1910 4488 Patris
1939 4440 2064 4486 ante

479 4529 675 4586 saecula
710 4535 865 4582 natus
897 4535 997 4591 est,
1027 4526 1100 4579 ita
1126 4526 1292 4579 homo
1337 4541 1401 4577 ex
1451 4523 1747 4576 substantia
1787 4521 1976 4576 matris
2006 4521 2061 4575 in

475 4619 678 4676 saeculo
733 4624 909 4670 natus.
968 4615 1108 4668 Nam
1145 4613 1188 4667 si
1217 4613 1284 4667 de
1339 4611 1506 4665 nihilo
1563 4610 1740 4666 factus
1770 4617 1939 4676 esset,
1971 4609 2061 4664 ille

469 4721 639 4774 homo
670 4715 849 4770 unitus
881 4714 996 4767 Deo
1025 4709 1410 4782 personaliter,
1464 4708 1606 4764 sicut
1636 4706 1879 4762 nonnulli
1910 4722 2060 4762 asse-

475 4825 627 4882 runt,
655 4813 740 4870 vel
771 4812 838 4866 de
869 4810 978 4865 alio
1006 4823 1213 4880 genere
1246 4823 1404 4878 quam
1447 4807 1514 4861 de
1562 4806 1774 4860 Adam?
1816 4806 2061 4859 Humana

470 4915 667 4961 natura
699 4919 820 4974 quae
851 4909 957 4955 tota
988 4906 1109 4954 erat
1136 4896 1190 4950 in
1213 4896 1404 4960 Adam,
1439 4905 1491 4950 et
1518 4895 1590 4949 ibi
1623 4895 1888 4963 peccavit,
1912 4893 2060 4948 nullo

471 4995 635 5050 modo
665 4989 1021 5046 satisfecisset
1076 4987 1192 5041 Deo
1225 5001 1326 5056 pro
1369 4992 1587 5054 peccato
1644 4999 1761 5053 suo,
1805 4983 1927 5053 quia
1959 4998 2061 5038 nec

468 5093 584 5162 ipse
618 5090 813 5154 Adam,
847 5102 948 5142 nec
978 5085 1177 5157 aliquis
1206 5084 1273 5138 de
1302 5098 1506 5155 genere
1537 5081 1682 5135 illius
1711 5087 1871 5136 natus
1899 5080 2058 5135 debi-

470 5195 583 5242 tum
615 5186 744 5240 illud
779 5184 1052 5240 solvisset.
1109 5183 1175 5236 Et
1215 5181 1260 5235 si
1309 5181 1556 5235 Christus
1585 5179 1791 5234 alienus
1821 5188 1966 5235 esset
1992 5181 2060 5234 ab

469 5286 708 5338 humano
754 5297 958 5352 genere
1013 5279 1159 5351 quod
1212 5287 1557 5350 peccaverat,
1597 5277 1900 5334 satisfactio
1944 5279 2059 5346 ejus

471 5380 617 5437 nulla
639 5378 848 5432 ratione
879 5378 1175 5448 pertineret
1205 5378 1271 5431 ad
1323 5377 1510 5440 Adam,
1547 5385 1600 5432 et
1629 5394 1697 5432 ex
1728 5393 1791 5432 eo
1823 5377 2054 5448 genitos,

465 5489 518 5536 et
547 5493 656 5534 non
684 5476 763 5532 eis
790 5474 1087 5531 subvenire
1117 5491 1281 5545 posse
1310 5476 1598 5532 videretur
1630 5475 1865 5548 amplius
1895 5492 2058 5548 quam

466 5575 742 5633 diabolus.
782 5575 1222 5641 (Atcvsrmrs.)
1256 5575 1313 5627 ln
1345 5573 1506 5628 vulva
1541 5574 1769 5645 Virginis
1804 5575 2057 5645 genitalis

464 5674 692 5745 sanguis
715 5679 767 5725 et
797 5669 1063 5724 femineus
1096 5670 1286 5722 humor
1330 5670 1446 5723 fuit.
1508 5673 1642 5725 Huic
1672 5673 1926 5744 sanguini
1972 5673 2056 5727 vel

461 5769 680 5830 humori
715 5767 947 5825 Verbum
977 5781 1036 5819 se
1067 5764 1301 5830 miscuit,
1332 5774 1386 5820 et
1421 5766 1780 5821 substantiam
1827 5771 2054 5844 sangui-

2173 3234 2274 3288 pus
2303 3217 2626 3288 suscipiens,
2680 3225 2790 3272 toto
2832 3217 3052 3272 homine
3091 3227 3372 3287 assumpto
3403 3221 3472 3274 ab
3510 3222 3770 3277 omnibus

2174 3332 2297 3369 eum
2328 3316 2728 3370 infirmitatibus
2777 3317 3042 3372 liberavit.
3097 3316 3374 3390 Quidquid
3406 3320 3553 3374 enim
3589 3321 3768 3376 homi-

2175 3405 2258 3458 nis
2290 3421 2395 3460 non
2430 3405 2484 3458 in
2515 3422 2572 3460 se
2607 3404 2923 3475 assumpsit,
2958 3422 3057 3460 nec
3087 3405 3358 3461 liberavit.
3403 3407 3555 3464 Sicut
3585 3419 3767 3465 autem

2176 3501 2228 3555 in
2265 3501 2515 3572 sepulcro
2550 3517 2770 3556 carnem
2814 3518 2970 3556 suam
3023 3503 3304 3559 mon'endo
3351 3520 3457 3559 non
3500 3506 3766 3572 deseruit,

2176 3591 2255 3646 sic
2285 3591 2341 3644 in
2372 3599 2527 3645 utero
2589 3591 2820 3662 Virginis
2876 3606 2998 3646 eam
3053 3593 3332 3648 nascendo
3359 3593 3636 3650 formavit.
3682 3596 3767 3652 Sic

2176 3695 2310 3751 ergo
2339 3696 2446 3734 non
2478 3679 2792 3735 discedente
2823 3679 2951 3748 vita,
2979 3690 3231 3735 mortuus
3262 3690 3362 3750 est,
3396 3681 3538 3737 sicut
3566 3700 3768 3753 passus

2176 3784 2278 3843 est,
2310 3792 2414 3830 non
2448 3786 2711 3847 pereunte
2742 3777 2865 3831 vitm
2893 3779 3158 3847 potentia.
3199 3777 3455 3846 Quamvis
3485 3795 3623 3852 ergo
3652 3797 3768 3837 raro

2176 3865 2458 3936 reliquerit
2486 3867 2740 3932 animam,
2766 3877 2818 3921 et
2840 3867 3187 3935 expiraverit,
3231 3866 3406 3922 deitas
3440 3875 3624 3923 tamen
3643 3886 3768 3924 neu-

2175 3962 2316 4008 trum
2349 3955 2669 4026 reliquit,ex
2692 3970 2797 4026 quo
2817 3955 3053 4009 Verbum
3083 3970 3211 4010 caro
3241 3954 3441 4012 factum
3491 3965 3595 4011 est.
3631 3957 3767 4027 Qui-

2177 4043 2302 4097 dam
2332 4043 2578 4114 ﬂagitant
2607 4045 2708 4098 sibi
2739 4043 2890 4098 reddi
2919 4043 3180 4099 rationem
3212 4045 3486 4114 puomodo
3506 4045 3657 4101 Deus
3673 4049 3767 4102 ho-

2177 4145 2309 4199 mini
2352 4146 2648 4216 permistus
2693 4146 2780 4210 sit,
2817 4153 2874 4198 ut
2921 4161 3030 4200 una
3072 4161 3305 4216 persona
3340 4145 3542 4201 Christi
3592 4145 3764 4212 ﬁeret,

2176 4250 2298 4290 cum
2349 4235 2451 4289 hoc
2491 4235 2660 4290 semel
2707 4233 2822 4288 fieri
2873 4235 3124 4304 potuerit,
3172 4235 3333 4305 quasi
3364 4234 3635 4291 rationem
3667 4237 3768 4308 ipsi

2176 4323 2408 4378 reddant
2437 4323 2504 4377 de
2538 4339 2601 4377 re
2633 4339 2755 4394 quas
2787 4323 3028 4394 quotidie
3057 4321 3132 4387 ﬁt,
3169 4323 3441 4393 quomodo
3472 4325 3771 4381 misceatur

2174 4419 2357 4473 anima
2385 4419 2616 4489 corpori,
2658 4427 2716 4472 ut
2759 4435 2861 4473 una
2916 4434 3151 4490 persona
3194 4417 3288 4473 ﬁat
3328 4421 3594 4476 hominis.
3630 4423 3770 4476 Nam

2090 4485 2145 4547 D
2178 4508 2388 4564 sicutin
2420 4508 2623 4563 unitate
2679 4524 2929 4578 persona:
2984 4509 3161 4562 anima
3212 4508 3374 4563 utitur
3423 4523 3684 4581 corpore,
3716 4519 3769 4566 ut

2169 4607 2332 4661 homo
2361 4605 2427 4659 sit
2457 4604 2527 4658 ita
2561 4604 2612 4658 in
2668 4605 2868 4658 unitate
2925 4619 3211 4675 personae;
3268 4605 3412 4660 Deus
3469 4606 3644 4663 utitur
3683 4609 3769 4663 ho-

2168 4693 2331 4757 mine,
2364 4701 2422 4748 ut
2451 4692 2694 4747 Christus
2723 4692 2809 4747 sit.
2843 4695 2901 4746 In
2932 4693 3019 4747 illa
3037 4692 3200 4764 igitur
3239 4709 3496 4764 persona,
3535 4695 3769 4752 mistura

2168 4800 2251 4848 est
2278 4792 2472 4846 animae
2501 4799 2553 4845 et
2579 4790 2843 4861 corporis,
2869 4790 2995 4845 etin
3013 4790 3118 4845 hac
3147 4805 3386 4860 persona
3416 4791 3647 4846 mistura
3678 4801 3767 4848 est

2168 4891 2266 4946 Dei
2288 4898 2342 4946 et
2361 4890 2613 4956 hominis,
2638 4889 2684 4944 si
2713 4897 2895 4944 tamen
2950 4887 3165 4944 recedat
3221 4888 3440 4944 auditor
3470 4905 3504 4943 a
3533 4905 3766 4947 consue-

2166 4988 2354 5044 tudine
2383 5002 2694 5059 corporum,
2727 4986 2856 5055 quia
2887 4984 3068 5040 solent
3097 4985 3206 5040 duo
3238 4983 3475 5057 liquores
3524 4986 3597 5041 ita
3627 4988 3763 5041 mis-

2167 5086 2304 5152 ceri,
2337 5093 2392 5140 ut
2420 5093 2612 5141 neuter
2640 5090 2820 5139 servet
2841 5081 3208 5155 integritatem
3230 5098 3410 5149 suam,
3453 5100 3762 5156 quanquam

2169 5192 2220 5240 et
2248 5184 2382 5256 ipsis
2407 5181 2734 5254 corporibus
2766 5180 2908 5238 aeris
2932 5181 3019 5236 lux
3042 5181 3370 5252 incorporea
3427 5181 3753 5239 misceatur.

2166 5284 2316 5354 Ergo
2347 5298 2582 5353 persona
2611 5280 2844 5336 hominis
2875 5281 3106 5335 mistura
3137 5287 3220 5334 est
3255 5278 3450 5335 animae
3481 5286 3536 5336 et
3567 5295 3762 5352 corpo-

2169 5381 2260 5436 ris.
2298 5381 2431 5435 Cum
2464 5381 2610 5436 enim
2640 5379 2872 5434 Verbum
2913 5377 3012 5433 Dei
3047 5377 3374 5449 permistum
3431 5386 3512 5433 est
3567 5378 3759 5433 animae

2168 5479 2393 5534 haerenti
2422 5494 2642 5550 corpus,
2674 5475 2831 5533 simul
2849 5484 2904 5532 et
2930 5475 3164 5530 animam
3185 5475 3411 5547 suscipit
3439 5483 3489 5530 et
3512 5491 3743 5546 corpus.

2169 5576 2306 5631 Illud
2340 5576 2580 5648 quotidie
2603 5575 2660 5629 fit
2691 5573 2761 5629 ad
2777 5573 3150 5644 procreandos
3182 5572 3432 5629 homines
3464 5592 3476 5627 :
3539 5573 3647 5628 hoc
3677 5588 3754 5627 se-

2166 5673 2272 5730 mel
2309 5675 2512 5730 factum
2542 5682 2622 5728 est
2642 5674 2711 5729 ad
2731 5672 3048 5727 liberandos
3068 5672 3334 5727 homines.
3360 5672 3753 5727 Verumtamen

2169 5771 2406 5828 duarum
2465 5787 2645 5826 rerum
2700 5769 3151 5840 incorporearum
3193 5767 3497 5824 commistio
3542 5766 3752 5823 facilius
