4062 6074
364 257 467 308 785

1293 257 1878 314 DEFLORATIONES
1918 260 2014 315 SS.
2059 260 2364 316 PATRUM.
2407 291 2474 301 —-
2512 263 2637 317 LIB.
2682 263 2722 317 l.

3553 261 3656 314 786

362 377 514 434 credi
535 377 723 434 debuit
752 394 916 450 quam
949 381 1107 436 unius
1129 379 1184 436 in
1215 397 1463 453 corpore.
1496 384 1640 437 Nam
1679 383 1725 437 si
1768 383 1947 437 anima
1977 387 2031 445 A
2064 401 2275 458 regum,
2310 387 2554 455 ejusdem
2584 387 2744 442 ductu
2791 385 2963 442 stellae
3010 384 3443 456 Hierosolymam
3474 399 3650 439 vene-

360 465 414 520 in
445 466 525 521 sui
558 475 754 522 natura
772 484 880 524 non
912 469 1132 533 fallitur,
1167 469 1552 541 incorpoream
1598 487 1655 526 se
1693 487 1950 542 compre-

360 554 568 611 hendit.
603 555 772 611 Multo
803 557 980 630 magis
1011 568 1092 613 est
1125 558 1507 630 incorporeum
1544 560 1785 615 Verbum
1832 561 1948 629 Dei,

359 659 424 700 ac
452 661 550 716 per
580 645 686 701 hoc
723 645 884 700 Verbi
931 647 1024 702 Dei
1069 655 1120 701 et
1166 648 1362 703 anima:
1407 648 1720 703 credibilior
1766 649 1953 704 debuit

359 749 480 788 esse
508 733 790 804 permistio
823 751 984 806 quam
1013 735 1210 791 animae
1241 743 1293 792 et
1323 736 1595 808 corporis.

569 911 814 969 SERMO
855 915 948 969 DE
988 915 1410 970 NATIV'ITATE
1452 914 1730 970 DOMINI.

427 1072 566 1141 Quia
597 1073 758 1129 hodie
790 1074 1122 1145 Redemptor
1164 1084 1323 1130 natus
1371 1076 1424 1130 in
1473 1075 1734 1130 mundum
1781 1075 1945 1130 modo

356 1161 548 1216 salutis
579 1171 798 1217 mternze
820 1165 1120 1219 remedium
1139 1165 1334 1228 attulit,
1357 1164 1650 1219 nativitatis
1667 1180 1778 1219 suae
1808 1171 1944 1218 tem-

352 1267 454 1321 pus
498 1251 682 1306 multis
725 1252 1108 1307 miraculorum
1151 1253 1442 1307 declaravit
1483 1252 1809 1323 insignibus.
1858 1253 1942 1306 Ex

350 1346 621 1404 universis
645 1357 820 1404 autem
843 1349 1078 1420 primum
1092 1350 1390 1405 Dominicae
1408 1349 1704 1404 nativitatis
1719 1348 1940 1420 signum

348 1445 488 1506 erat,
520 1437 661 1508 quod
693 1453 758 1493 eo
789 1446 1036 1508 tempore
1064 1455 1171 1510 quo
1202 1437 1446 1494 Christus
1478 1445 1630 1491 natus
1659 1445 1759 1504 est,
1791 1437 1940 1492 solus

347 1525 528 1580 Caesar
557 1529 839 1598 Augustus
869 1527 1039 1581 nimis
1070 1525 1321 1597 paciﬁcus
1347 1533 1458 1582 toto
1487 1527 1690 1581 mundo
1729 1526 1940 1596 praefuit

347 1616 505 1678 (Luc.
540 1616 599 1680 ιι)
630 1633 641 1668 :
678 1615 826 1687 quod
863 1623 1022 1670 antea
1050 1616 1344 1671 inauditum
1377 1615 1472 1670 fuit
1500 1624 1576 1671 tot
1615 1616 1845 1686 populos
1883 1624 1936 1670 et

343 1703 590 1759 nationes
619 1720 787 1758 unum
819 1720 987 1774 posse
1017 1704 1127 1774 pati
1159 1705 1458 1760 dominum.
1491 1705 1570 1759 Ex
1608 1705 1713 1760 hoc
1753 1713 1931 1759 autem

343 1792 577 1847 Caesaris
607 1792 845 1863 Augusti
877 1793 1178 1863 principatu
1209 1809 1334 1848 vere
1364 1793 1756 1865 designabatur
1785 1793 1932 1848 illum

342 1889 630 1936 venturum
663 1881 717 1935 in
743 1897 932 1947 carne,
967 1883 1058 1954 qui
1090 1883 1240 1937 solus
1268 1882 1411 1952 regit
1439 1891 1494 1938 et
1522 1883 1797 1954 gubernat
1824 1898 1934 1937 om-

341 1969 453 2033 nia,
487 1969 580 2041 qui
611 1986 754 2024 unus
784 1979 980 2041 praeest
1009 1971 1262 2026 omnibus
1293 1988 1304 2024 :
1356 1987 1474 2042 quae
1521 1979 1644 2024 sunt
1691 1971 1744 2024 in
1795 1969 1933 2026 cmlo

343 2066 398 2114 et
427 2058 482 2112 in
514 2066 682 2115 terra.
707 2059 1022 2116 Secundum
1052 2059 1268 2132 signum
1287 2064 1425 2125 erat,
1460 2060 1606 2130 quod
1637 2068 1762 2114 tunc
1791 2067 1935 2114 tanta

340 2163 446 2218 pax
477 2156 591 2203 erat
620 2148 673 2202 in
703 2158 867 2213 terra,
901 2157 1098 2221 quanta
1129 2149 1195 2203 ad
1225 2148 1357 2202 illud
1400 2157 1613 2218 tempus
1660 2163 1692 2202 a
1736 2147 1935 2204 saeculo

341 2252 448 2290 non
482 2246 567 2291 est
595 2237 801 2300 audita,
851 2238 924 2292 ita
958 2246 1014 2292 ut
1056 2253 1218 2292 nemo
1246 2239 1300 2291 in
1321 2245 1432 2293 toto
1473 2238 1676 2293 mundo
1705 2237 1936 2293 auderet

339 2325 543 2381 bellum
575 2342 815 2392 movere,
850 2326 946 2382 sed
969 2342 1161 2381 omnes
1181 2327 1428 2382 homines
1444 2326 1688 2382 viverent
1709 2327 1809 2381 sub
1830 2343 1934 2380 una

340 2415 396 2464 et
427 2411 716 2482 tranquilla
749 2427 884 2482 pace
914 2420 962 2467 et
995 2412 1192 2482 quiete.
1228 2413 1505 2482 Completa
1535 2411 1626 2466 illa
1675 2412 1937 2467 veraciter

344 2498 502 2554 Isaiae
531 2499 813 2570 prophetia
848 2518 861 2554 :
899 2524 919 2546 ιι
973 2501 1037 2554 Et
1090 2500 1403 2556 conflabunt
1447 2499 1664 2572 gladios
1711 2516 1840 2555 suos
1882 2500 1936 2554 in

342 2602 615 2655 vomeres,
648 2594 704 2643 et
734 2588 953 2644 lanceas
983 2604 1112 2642 snas
1139 2589 1196 2642 in
1222 2588 1389 2644 falces
1409 2589 1538 2658 (lsa.
1567 2589 1650 2657 ιι).
1680 2613 1700 2635 ιι
1727 2591 1934 2644 Verum

341 2675 634 2747 signicavit
656 2676 752 2731 illa
781 2692 908 2747 pax,
942 2677 1089 2732 illum
1121 2677 1176 2732 in
1223 2691 1384 2732 carne
1431 2685 1642 2742 natum,
1693 2677 1782 2748 qui
1827 2679 1934 2732 hu-

339 2790 555 2829 manum
589 2791 766 2843 genus
799 2774 1186 2839 reconciliavit,
1219 2775 1312 2846 qui
1339 2775 1566 2847 angelos
1597 2782 1649 2829 et
1687 2774 1937 2831 homines

337 2863 504 2920 unica
536 2878 673 2933 pace
703 2863 1006 2933 conjunxit,
1053 2864 1144 2936 qui
1191 2864 1445 2919 omnibus
1496 2879 1682 2918 veram
1743 2879 1932 2934 pacem

339 2951 694 3007 servantibus
712 2955 1049 3024 'potestatem
1077 2951 1215 3007 ﬁlios
1262 2951 1363 3006 Dei
1399 2949 1514 3006 ﬁeri
1561 2952 1801 3017 donavit,
1852 2952 1935 3007 di-

337 3056 468 3097 cens
503 3058 514 3095 :
552 3062 575 3092 ι
611 3041 760 3096 Beati
789 3039 1023 3112 paciﬁci,
1057 3041 1315 3113 quoniam
1339 3039 1456 3096 Filii
1477 3041 1573 3096 Dei
1597 3041 1934 3097 vocabuntur

334 3131 556 3200 (Matth.
593 3134 669 3195 v).
689 3151 711 3180 ι
734 3131 889 3187 Unde
907 3142 956 3186 et
973 3130 1157 3202 angeli
1180 3130 1279 3186 Dei
1297 3131 1398 3186 hac
1415 3137 1572 3186 nocte
1599 3130 1801 3185 Chi-isti
1831 3145 1932 3185 na-

342 3219 609 3274 tivitatem
639 3220 1021 3274 annuntiautes
1052 3227 1406 3275 cantaverunt
1438 3236 1450 3274 :
1489 3242 1509 3267 α
1547 3219 1728 3274 Gloria
1759 3220 1815 3273 in
1835 3235 1933 3274 ex-

336 3307 503 3364 Celsis
532 3309 650 3363 Deo
673 3311 827 3378 (Luc.
855 3309 932 3376 ιι).
965 3328 984 3357 ι
1011 3308 1247 3362 Tertium
1263 3307 1478 3378 signum
1501 3308 1798 3377 erat,quod
1816 3308 1933 3377 ipso

338 3396 541 3451 Caesari
571 3395 924 3460 concedente,
958 3397 1352 3468 unusquisque,
1399 3396 1520 3451 sive
1569 3396 1770 3450 nobilis
1818 3395 1933 3451 sive

339 3483 628 3558 ignobilis,
656 3484 793 3540 liber
823 3493 913 3539 aut
942 3501 1150 3552 servus,
1175 3485 1220 3538 si
1242 3483 1404 3540 fuerit
1424 3484 1476 3538 in
1499 3484 1827 3555 captivitate,
1862 3484 1931 3539 ad

338 3572 564 3644 propria
588 3573 777 3642 jussus
807 3581 890 3628 est
920 3573 1124 3638 redire,
1175 3581 1227 3627 et
1272 3572 1568 3642 unicuique
1617 3573 1927 3642 hanreditas,

335 3662 559 3734 propria
589 3661 940 3729 reddebatur,
975 3672 1027 3717 et
1058 3660 1258 3734 singuli
1289 3678 1347 3716 se
1371 3677 1567 3717 census
1585 3662 1785 3717 Caesari
1800 3661 1930 3718 red-

333 3750 542 3806 dituros
572 3747 987 3821 proﬁtebantur,
1021 3757 1070 3804 et
1100 3749 1191 3804 ille
1223 3765 1418 3805 census
1457 3749 1617 3803 trium
1667 3749 1930 3805 denario-

335 3854 453 3893 rum
485 3837 671 3894 habuit
701 3837 1047 3909 pensionem,
1078 3855 1197 3910 quae
1217 3837 1479 3894 drachma
1518 3838 1916 3909 appellabatur.

333 3935 428 3990 His
460 3935 625 3992 rebus
658 3935 787 4007 quid
819 3935 968 3990 aliud
999 3935 1431 4008 signiﬁcabatur,
1452 3936 1552 3991 nisi
1576 3937 1718 4008 quod
1748 3953 1923 4008 quan-

329 4024 422 4080 diu
451 4025 507 4080 in
538 4025 737 4082 mundo
756 4041 942 4080 sumus
965 4025 1380 4096 peregrinamur
1398 4041 1430 4080 a
1451 4025 1586 4095 Deo,
1610 4025 1920 4097 usquedum

327 4129 428 4184 per
460 4113 758 4169 nativitatis
792 4113 1092 4169 Dominicaz
1115 4113 1343 4186 gratiam
1367 4114 1437 4168 ad
1459 4114 1700 4184 paradisi
1721 4113 1922 4186 gaudia

327 4203 664 4268 reducimur,
706 4210 868 4273 atque
901 4203 970 4256 ab
1009 4201 1231 4274 antiquo
1269 4203 1428 4256 hoste
1469 4202 1677 4257 liberati
1725 4202 1920 4255 divinze

327 4291 576 4345 servituti
607 4291 934 4360 subjicimur
964 4293 992 4344 ἢ
1025 4293 1232 4346 Census
1287 4306 1442 4359 vero,
1501 4307 1659 4361 quem
1711 4290 1919 4345 Caesari

327 4379 563 4434 reddere
594 4378 967 4450 profitebatur,
999 4378 1275 4452 signiﬁcat
1305 4377 1466 4433 ﬁdem
1498 4387 1700 4434 sanctae
1737 4378 1918 4432 Trini-

324 4468 470 4534 tatis,
507 4484 667 4540 quam
699 4486 793 4524 rex
817 4476 1005 4524 noster
1034 4468 1259 4540 requirit
1287 4469 1354 4522 ab
1383 4467 1668 4522 omnibus:
1695 4466 1786 4538 qui
1817 4482 1912 4521 no-
1943 4447 2000 4509 D
2033 4442 2131 4540 [lac
2162 4455 2316 4540 Vfrga
2340 4448 2462 4540 "er?
2489 4440 2655 4540 [fanis
2675 4447 2793 4540 ,8":

322 4557 487 4612 minis
541 4573 665 4612 esse
716 4557 965 4612 videntur
1011 4556 1328 4612 Christiani.
1382 4555 1650 4625 Quartum
1701 4555 1918 4626 signum

319 4654 457 4709 erat,
487 4662 598 4718 quo
631 4648 816 4701 Caesar
845 4649 1121 4718 Augustus
1150 4661 1340 4700 omnes
1371 4660 1586 4710 servos,
1628 4643 1721 4716 qui
1769 4642 1917 4715 fugi-

319 4735 418 4792 tivi
447 4743 619 4799 erant,
641 4735 711 4790 ad
730 4735 981 4790 dominos
1003 4734 1256 4804 proprios
1279 4733 1403 4790 fecit
1433 4734 1632 4798 redire,
1665 4739 1716 4788 et
1740 4748 1803 4787 ex
1835 4731 1915 4787 eis

318 4823 410 4895 qui
440 4824 544 4879 hoc
578 4823 812 4879 edictum
845 4823 1220 4895 neglexerant,
1253 4831 1305 4878 et
1335 4838 1463 4876 suos
1487 4828 1810 4892 spreverunt
1828 4821 1914 4877 do-

318 4912 522 4979 minos,
553 4927 660 4966 una
690 4911 778 4967 die
809 4926 930 4965 xxx
962 4912 1072 4966 fere
1102 4911 1272 4966 millia
1303 4910 1426 4966 fecit
1454 4911 1696 4966 interire.

388 5017 446 5070 In
481 5018 584 5072 hoc
614 5032 746 5088 ergo
776 5017 995 5072 decreto
1026 5015 1393 5088 signiﬁcatum
1419 5025 1500 5072 est
1542 5032 1908 5087 unumquem-

315 5121 424 5176 que
475 5104 769 5171 hominem,
825 5105 1145 5176 postpositis
1204 5104 1658 5175 concupiscentiis
1699 5105 1904 5173 saaculi,

311 5194 380 5247 ad
413 5209 574 5248 suum
605 5194 886 5249 caelestem
917 5193 1207 5248 Dominum
1233 5193 1450 5248 reverti.
1497 5192 1590 5246 ille
1639 5209 1768 5248 vero
1815 5194 1905 5262 qui

311 5282 414 5337 hoc
451 5281 755 5352 neglexerit
789 5299 802 5335 :
836 5298 960 5337 cum
990 5281 1208 5336 diabolo
1241 5288 1292 5335 et
1331 5280 1541 5352 angelis
1595 5282 1709 5350 ejus
1748 5290 1906 5336 acter-

311 5386 396 5427 na
447 5369 783 5425 damnationi
829 5369 1159 5438 subjacebit.
1225 5368 1479 5437 Quintum
1529 5369 1745 5440 signum
1791 5379 1905 5424 erat

309 5457 468 5514 stella
498 5458 626 5515 novi
653 5457 798 5531 signi
831 5467 884 5513 et
915 5457 1116 5513 insoliti
1145 5457 1396 5528 fulgoris,
1430 5457 1516 5530 qui
1565 5459 1752 5514 eadem
1799 5475 1900 5514 no-

306 5555 411 5614 cte,
463 5547 765 5620 eademque
823 5547 954 5602 hora
996 5562 1105 5618 qua
1161 5547 1414 5602 Christus
1470 5554 1626 5601 natus
1685 5556 1788 5613 est,
1849 5547 1900 5601 in

306 5644 527 5701 Oriente
562 5645 677 5699 visa
709 5652 788 5700 est
815 5660 844 5698 a
878 5643 1047 5716 Magis
1079 5645 1300 5715 (Matth.
1336 5645 1419 5710 ιι).
1456 5645 1530 5698 Ex
1562 5645 1717 5713 cujus
1749 5645 1894 5700 inso-

301 5742 404 5800 lito
437 5742 653 5816 fulgore
695 5743 800 5816 ipsi
853 5751 1248 5814 cognoscentes
1298 5750 1478 5798 natum
1525 5759 1646 5799 esse
1695 5744 1898 5815 Regem

2063 490 2203 537 runt.
2237 483 2440 538 Dehinc
2470 483 2609 540 duce
2638 483 2828 537 eadem
2855 482 3188 547 Bethlehem,
3223 499 3319 535 xm
3350 481 3438 536 die
3479 496 3650 536 vene-

2059 579 2201 635 runt,
2236 572 2415 642 ibique
2446 573 2621 626 Deum
2654 571 2897 643 mysticis
2913 571 3642 626 muneribus-adoraverunt.

2062 671 2188 726 llam
2219 669 2374 723 stella
2403 668 2744 741 signiﬁcabat
2775 669 3150 724 illustrationis
3171 667 3374 723 divina:
3394 667 3644 740 gratiam,

2059 781 2165 838 qua
2198 766 2459 820 Dominus
2489 765 2542 819 in
2573 781 2736 821 carne
2767 774 2926 820 natus
2955 765 3295 821 illuminabat
3320 781 3417 820 eos
3439 764 3532 838 qui
3553 780 3646 819 se-

2057 855 2257 908 debant
2287 855 2339 908 in
2373 855 2608 909 tenebris
2643 863 2694 909 et
2726 854 2778 908 in
2811 855 3001 908 umbra
3031 853 3236 909 mortis.
3261 855 3480 910 Sextum
3514 868 3644 908 vero

2054 944 2270 1016 signum
2304 951 2420 998 erat
2451 943 2690 1000 circulus
2721 959 2954 1016 magnus
2984 958 3151 998 aureo
3183 943 3412 998 rutilans
3451 943 3639 1014 splen-

2052 1042 2204 1106 dore,
2265 1041 2354 1113 qui
2411 1040 2563 1095 fulsit
2616 1041 2764 1096 circa
2820 1040 3013 1107 solem,
3063 1048 3175 1096 tota
3231 1041 3321 1095 die
3384 1041 3472 1094 illa
3528 1054 3635 1111 quo

2053 1131 2296 1186 Christus
2325 1138 2479 1184 natus
2523 1138 2627 1195 est,
2681 1127 2999 1200 signiﬁcans
3041 1129 3179 1183 illa:
3231 1129 3394 1185 Nasci
3449 1145 3638 1184 verum

2051 1220 2222 1276 solem
2248 1218 2486 1288 justitiae,
2521 1219 2610 1289 qui
2641 1234 2732 1272 sua
2765 1217 2942 1290 gratia
2970 1217 3264 1273 illustraret
3301 1234 3520 1274 omnem
3553 1218 3637 1272 ho-

2050 1318 2252 1372 minem
2277 1316 2579 1371 venientem
2612 1315 2665 1368 in
2717 1316 2855 1369 hunc
2904 1315 3162 1369 mundum
3210 1316 3399 1383 (Joan.
3441 1316 3506 1385 ι).
3552 1315 3634 1368 De

2049 1423 2156 1478 quo
2188 1405 2474 1460 Psalmista
2502 1404 2614 1459 ait:
2672 1427 2693 1450 τι
2726 1404 2992 1458 Exortum
3042 1411 3121 1458 est
3170 1403 3223 1456 in
3265 1403 3504 1458 tenebris
3544 1403 3632 1457 lu-

2046 1511 2169 1550 men
2203 1493 2359 1549 rectis
2390 1492 2576 1560 corde,
2613 1491 2926 1546 misericors
2955 1498 3007 1546 et
3047 1490 3333 1546 miserator
3368 1499 3420 1546 et
3448 1491 3630 1560 justus

2045 1590 2310 1646 Dominus
2342 1590 2517 1657 (Psal.
2541 1590 2675 1655 cxr).
2705 1613 2726 1636 υ
2763 1587 3059 1657 Septimum
3099 1586 3317 1660 signum
3347 1596 3457 1642 erat
3486 1587 3631 1658 quod

2045 1688 2152 1734 tota
2181 1680 2269 1733 die
2300 1677 2592 1732 nativitatis
2652 1676 2970 1741 Dominicaa,
3028 1677 3178 1730 rivus
3234 1676 3340 1731 olei
3398 1675 3451 1730 in
3499 1675 3631 1732 urbe

2046 1770 2212 1824 Roma
2241 1766 2422 1822 Tiberi
2463 1764 2725 1820 effusione
2771 1764 3060 1820 emanavit.
3111 1764 3303 1820 Oleum
3353 1763 3630 1835 signiﬁcat

2042 1863 2465 1920 misericordiam
2500 1877 2512 1931 ;
2547 1862 2673 1917 etin
2705 1863 2812 1917 hoc
2840 1861 3336 1925 demonstrabatur,
3377 1861 3523 1934 quod
3570 1861 3624 1916 in

2042 1955 2129 2008 illa
2159 1953 2247 2008 die
2279 1961 2432 2006 natus
2463 1958 2545 2006 est
2593 1951 2684 2022 qui
2746 1951 2862 2005 sola
2920 1950 3002 2005 sui
3049 1949 3425 2005 misericordia
3483 1951 3631 2007 venit

2043 2058 2283 2114 quaerere
2306 2047 2360 2096 et
2393 2040 2610 2095 salvum
2633 2039 2811 2096 facere
2833 2039 2977 2109 quod
3007 2038 3266 2110 perierat.
3290 2039 3451 2093 Juxta
3480 2040 3628 2111 quod

2047 2140 2242 2195 Paulus
2277 2139 2348 2194 ait
2392 2139 2462 2194 ad
2499 2139 2835 2193 Timotheum
2873 2135 3205 2208 discipulum
3235 2153 3426 2192 suum:
3465 2160 3486 2182 α
3523 2140 3630 2208 Ap-

2044 2229 2220 2300 paruit
2266 2227 2574 2300 benignitas
2627 2236 2677 2281 et
2735 2225 3038 2280 humanitas
3095 2224 3384 2280 Salvatoris
3434 2225 3631 2292 nostri,

2043 2335 2149 2373 non
2181 2334 2243 2372 ex
2271 2316 2525 2386 operibus
2549 2314 2770 2383 justitiae
2801 2331 2922 2386 qua:
2951 2312 3178 2368 fecimus
3236 2328 3339 2369 nos
3391 2314 3487 2369 sed
3545 2330 3630 2368 se-

2043 2406 2281 2462 cundum
2314 2421 2470 2460 suam
2501 2403 2930 2459 misericordiam
2968 2401 3152 2457 salvos
3203 2418 3304 2456 nos
3336 2402 3464 2458 facit
3497 2405 3633 2473 (Tit.

2039 2510 2144 2575 ιιι).
2182 2526 2202 2552 ιι
2237 2503 2358 2558 Istis
2417 2511 2469 2558 et
2517 2501 2634 2556 aliis
2692 2499 3180 2557 innumerabilibus
3237 2499 3409 2571 signis
3465 2499 3639 2556 voluit

2041 2595 2189 2648 Deus
2207 2608 2359 2647 suam
2381 2591 2710 2646 nativitatem
2739 2589 3040 2656 declarare,
3084 2596 3142 2643 ut
3187 2588 3254 2643 de
3286 2588 3472 2644 mundi
3499 2604 3636 2645 con-

2044 2680 2383 2753 cupiscentia
2412 2695 2513 2734 nos
2546 2679 2768 2735 reducat
2795 2678 2865 2734 ad
2895 2677 3172 2734 caelestem
3201 2678 3455 2749 patriam.
3476 2679 3636 2732 Juxta

2045 2779 2192 2852 quod
2234 2778 2428 2833 Paulus
2477 2777 2650 2834 dicit:
2719 2799 2739 2824 α
2773 2775 3127 2832 Renovamini
3183 2775 3375 2847 spiritu
3430 2775 3630 2832 mentis

2044 2875 2236 2925 vestrae
2268 2867 2321 2922 in
2346 2866 2552 2936 justitia
2581 2873 2634 2920 et
2658 2865 2945 2920 sanctitate
2973 2865 3195 2937 (Ephes.
3236 2866 3308 2933 4).
3345 2885 3367 2914 ι

2117 2992 2287 3048 Hodie
2327 2993 2494 3063 Virgo
2525 2989 2710 3063 genuit
2745 3013 2766 3035 α
2811 2989 3103 3052 Christum,
3158 2988 3364 3045 Judaais
3413 2989 3635 3061 quidem

1965 3092 2012 3154 ρ
2044 3074 2650 3146 scandalum,gentibus
2670 3077 2849 3128 autem
2871 3072 3150 3128 stultitiam
3173 3073 3352 3141 (ἶσον.
3374 3076 3435 3135 ι).
3479 3098 3500 3122 »
3535 3075 3629 3128 Ju-

2043 3165 2146 3221 dmi
2176 3182 2241 3220 ex
2271 3162 2713 3234 impossibilitate
2736 3169 2945 3216 natura;
2964 3169 3319 3233 apponuntet
3355 3161 3634 3232 Virginem

2043 3279 2151 3319 non
2183 3279 2344 3334 posse
2373 3276 2582 3333 parere,
2616 3275 2717 3314 nec
2748 3259 3088 3313 attendentes
3123 3261 3266 3331 quod
3297 3259 3351 3313 in
3381 3258 3506 3329 lege
3533 3275 3632 3314 eo—

2043 3368 2162 3406 rum
2195 3351 2453 3420 scriptum
2484 3349 2754 3418 reperitur
2785 3366 2796 3400 :
2836 3372 2855 3394 ιι
2883 3348 3026 3403 Ecce
3054 3349 3224 3418 Virgo
3269 3347 3538 3418 concipiet
3582 3355 3636 3404 et

2040 3441 2213 3512 pariet
2241 3433 2430 3505 filium,
2464 3448 2518 3493 et
2546 3436 2827 3493 vocabitur
2855 3452 3052 3491 nomen
3107 3436 3224 3504 ejus
3278 3435 3629 3502 Emmanuel,

2041 3537 2185 3606 quod
2216 3535 2602 3604 interpretatur
2628 3532 2920 3588 nobiscum
2954 3533 3094 3587 Deus
3125 3533 3257 3593 Usa.
3291 3531 3410 3601 vii).
3443 3555 3464 3578 η
3519 3532 3636 3587 Hoc

2039 3623 2348 3679 testimonio
2370 3622 2547 3686 Isaiae,
2567 3622 2724 3676 beata
2751 3621 2913 3675 Maria
2946 3629 3102 3690 partu
3140 3619 3478 3675 fecundanda
3509 3636 3634 3675 esse

2037 3713 2369 3784 perhibetur.
2431 3710 2693 3780 l’rmcepit
2731 3725 2966 3780 namque
3009 3707 3274 3764 Dominus
3320 3709 3490 3780 Moysi
3565 3709 3634 3764 de

2037 3811 2266 3882 singulis
2299 3808 2545 3863 tribubus
2577 3807 2767 3878 virgas
2799 3804 3005 3860 afferri.
3058 3805 3254 3860 Allatas
3283 3810 3412 3860 sunt
3459 3805 3632 3876 virgae

2035 3898 2344 3962 duodecim,
2377 3897 2518 3950 inter
2546 3911 2678 3965 quas
2727 3902 2846 3948 erat
2887 3893 3044 3964 virga
3087 3895 3279 3949 Aaron
3318 3893 3630 3949 scerdotis

2033 3983 2210 4053 posita
2238 3982 2290 4036 in
2322 3979 2730 4034 tabernaculum
2759 3977 3078 4033 testimonii.
3116 3977 3296 4032 Altera
3329 3985 3509 4032 autem
3538 3977 3627 4032 die

2032 4081 2249 4134 inventa
2306 4078 2462 4145 virga
2519 4080 2700 4130 Aaron
2751 4075 3029 4138 floruisse,
3089 4082 3141 4128 et
3209 4073 3433 4128 frondes
3498 4090 3623 4144 pro-

2031 4169 2268 4231 duxisse,
2303 4179 2577 4234 nucesque
2609 4164 2918 4234 peperisse.
2961 4161 3068 4224 Qui
3099 4161 3309 4233 virgam
3343 4162 3500 4228 hanc,
3537 4177 3623 4216 ra-

2029 4257 2147 4312 dice
2180 4255 2455 4326 privatam,
2489 4267 2653 4307 succo
2703 4252 2982 4316 siccatam,
3034 4249 3382 4305 frondescere
3431 4250 3613 4320 jussit,

2028 4361 2079 4406 et
2111 4353 2224 4422 ipse
2247 4366 2430 4405 veram
2462 4349 2726 4419 virginem
2752 4347 3010 4418 praeclare
3031 4347 3305 4419 gravidam
3353 4347 3502 4402 fecit.
3540 4347 3618 4402 Dc

2820 4461 2840 4484 ι
2871 4436 3193 4509 Egrerlietur
3223 4436 3380 4509 virga
3423 4437 3492 4491 de
3540 4451 3620 4489 ra-

2027 4530 2144 4583 dice
2174 4529 2348 4594 .lesse,
2395 4536 2449 4582 et
2504 4529 2602 4582 flos
2659 4527 2728 4582 de
2780 4526 2962 4581 radice
3011 4527 3128 4594 ejus
3164 4526 3425 4580 ascendet
3469 4528 3607 4594 (Ira.

2024 4627 2121 4693 χι).
2161 4651 2181 4674 ν
2215 4628 2368 4680 Jesse
2393 4634 2544 4695 pater
2565 4624 2733 4679 David
2755 4625 2921 4689 regis,
2941 4623 3008 4678 de
3031 4625 3183 4690 cujus
3207 4623 3413 4678 semine
3436 4624 3610 4696 virga,

2022 4716 2180 4772 beata
2209 4716 2385 4784 virgo,
2418 4714 2645 4769 scillicet
2675 4712 2840 4767 Maria
2882 4712 3170 4782 processit,
3221 4722 3274 4766 et
3316 4712 3447 4766 ﬁore
3490 4713 3609 4768 vitae

2021 4803 2292 4860 Christum
2322 4803 2562 4873 protulit.
2598 4802 2674 4855 Ex
2713 4801 2885 4856 David
2928 4801 3107 4872 gratia
3156 4808 3208 4854 et
3249 4801 3609 4856 miserationis

2017 4905 2184 4967 Deus,
2218 4903 2382 4957 homo
2414 4900 2605 4964 factus,
2639 4907 2695 4952 ut
2725 4899 2868 4953 idem
2900 4898 3065 4952 Isaias
3094 4897 3163 4951 ait
3201 4915 3213 4952 :
3252 4921 3273 4942 ‹‹
3309 4899 3431 4966 Ipse
3462 4899 3605 4952 enim

2015 4991 2223 5046 salvum
2254 4989 2415 5045 faciet
2445 4987 2703 5058 populum
2734 5003 2889 5040 suum
2925 5001 2956 5040 a
2982 4986 3220 5055 peccatis
3251 5000 3436 5040 eorum
3467 4987 3598 5055 (Ira.

2015 5080 2142 5148 vn).
2185 5102 2207 5127 ιν
2243 5079 2383 5133 Vere
2409 5076 2668 5148 p0pulum
2704 5091 2856 5129 suum
2899 5073 3106 5128 salvum
3141 5073 3304 5129 faciet
3332 5089 3360 5126 a
3407 5090 3601 5145 pecca-

2013 5168 2082 5223 tis
2107 5183 2314 5230 eorum,
2347 5166 2470 5238 quia
2500 5165 2825 5236 quicumque
2869 5162 3080 5218 Christo
3124 5161 3359 5217 ﬁdeliter
3405 5164 3597 5231 credit,

2011 5264 2256 5318 cohzeres
2285 5261 2410 5333 ejus
2441 5261 2495 5315 in
2525 5276 2698 5334 regno
2731 5260 2902 5314 Patris
2931 5259 3014 5313 sui
3035 5259 3153 5325 erit,
3183 5283 3205 5308 «
3228 5259 3478 5331 quieruit
3500 5276 3598 5317 nos

2012 5366 2078 5420 de
2095 5372 2355 5436 potestate
2378 5365 2741 5426 tenebrarum,
2777 5370 2826 5416 et
2857 5360 3124 5416 transtulit
3159 5360 3210 5414 in
3257 5378 3430 5434 regno
3482 5363 3597 5418 Filii

2011 5453 2287 5509 charitatis
2309 5453 2648 5522 suar(Colos.
2683 5455 2740 5519 ι).
2779 5473 2799 5499 ι
2838 5451 3096 5506 Similiter
3126 5450 3294 5506 voluit
3336 5451 3596 5508 Dominus

2011 5550 2338 5605 nativitatem
2369 5566 2520 5604 suam
2561 5549 2842 5606 declarare
2890 5549 3200 5605 testimonio
3240 5549 3468 5604 dicentis
3517 5551 3598 5604 Je-

2010 5647 2192 5704 remiae
2225 5667 2236 5701 :
2275 5673 2296 5697 ι
2334 5649 2435 5704 Hic
2461 5657 2542 5705 est
2574 5649 2717 5704 Dens
2749 5656 2948 5715 noster,
2997 5656 3046 5703 et
3096 5664 3201 5704 non
3245 5648 3602 5704 mstimabitur

2012 5745 2149 5801 alius
2182 5745 2392 5816 absque
2425 5761 2506 5817 eo,
2545 5746 2633 5816 qui
2680 5746 2885 5802 invenit
2925 5761 3141 5802 omnem
3191 5743 3334 5798 viam
3377 5743 3598 5814 sapien-
