4010 6074
472 289 581 343 ’787

1605 280 1945 338 WERNERI
1982 278 2268 335 ABBATIS
2309 279 2364 333 S.
2415 277 2633 333 BLASII

3672 276 3773 328 788

476 410 586 467 tiae.
621 409 741 463 Post
770 410 886 463 haec
914 406 967 461 in
999 406 1149 462 terris
1177 404 1321 461 visus
1346 413 1440 474 est,
1487 410 1541 459 et
1586 420 1708 462 cum
1757 403 2066 459 hominibus
2093 403 2145 464 A
2177 402 2266 472 qui
2326 403 2510 457 salutis
2562 409 2757 458 nostrae
2810 415 2974 458 causa
3026 406 3183 455 natus
3237 408 3315 454 est
3365 399 3419 453 in
3472 398 3766 453 mundum.

479 511 822 562 conversatus
851 511 933 558 est
967 502 1229 572 (Barach.
1276 502 1378 571 III).
1432 524 1453 549 ι»
1497 500 1666 556 Judaei
1713 516 1921 555 rursum
1980 500 2069 554 di-

483 599 612 649 cunt
638 593 875 648 nondum
906 590 1118 646 venisse
1146 590 1413 645 Christum
1446 604 1460 655 ;
1510 590 1603 643 sed
1651 588 1826 643 adhuc
1872 596 2071 643 ventu-

481 698 620 749 rum,
654 696 760 736 non
797 678 1127 735 attendentes
1154 678 1434 733 Danielem
1487 679 1576 748 qui
1624 677 1803 731 dixit:
1861 700 1882 724 ιι
1936 679 2068 732 Cum

480 780 688 835 venerit
730 779 956 834 Sanctus
996 784 1301 832 sanctorum
1366 776 1595 831 cessabit
1652 775 1834 830 unctio
1889 777 2059 843 (Dan.

482 870 590 939 ιχ).
632 892 654 916 υ
691 867 860 923 Judaei
889 866 1053 938 igitur
1090 865 1134 919 si
1191 865 1521 920 contendunt
1575 864 1840 919 Christum
1898 864 2073 918 adhuc

482 964 786 1025 venturum,
820 956 1188 1010 demonstrent
1215 970 1373 1023 quem
1406 954 1639 1008 habeant
1682 953 1748 1007 de
1790 968 1900 1008 suae
1942 953 2069 1036 stirf

483 1056 567 1128 pis
595 1069 779 1126 regem
811 1052 1108 1123 proprium.
1149 1050 1205 1105 Si
1234 1052 1376 1105 hunc
1422 1057 1479 1104 ut
1533 1049 1744 1104 Patrem
1799 1057 2069 1119 nequeunt

481 1150 797 1207 monstrare,
867 1140 1087 1195 credant
1169 1139 1433 1194 Christum
1518 1138 1607 1207 qui
1690 1146 1769 1192 est
1844 1138 2069 1193 Sanctus

481 1239 785 1288 sanctorum
850 1229 1079 1283 venisse.
1146 1227 1433 1282 Attendunt
1493 1235 1671 1281 autem
1738 1226 1880 1296 quod
1945 1234 2069 1282 ante

480 1337 721 1397 tempora
750 1325 988 1381 Danielis
1027 1322 1197 1378 Jacob
1244 1323 1545 1394 patriarcha
1588 1323 1741 1389 dixit,
1797 1323 2069 1393 corporeis

478 1417 697 1488 quidem
737 1415 906 1470 oculis
962 1412 1200 1484 privatus
1231 1454 1245 1480 ,
1303 1411 1600 1483 prophetia:
1653 1420 1828 1466 autem
1881 1412 2067 1482 spiritu

482 1507 672 1577 plenus
703 1524 714 1559 :
756 1526 777 1551 α
812 1504 934 1557 Non
960 1501 1232 1557 auferetur
1258 1509 1525 1571 sceptrum
1556 1502 1625 1555 de
1651 1500 1806 1567 Iuda,
1860 1507 1913 1555 et
1957 1501 2067 1554 dux

482 1603 551 1658 de
576 1602 783 1655 femore
812 1598 948 1669 ejus,
979 1599 1152 1654 donec
1180 1597 1361 1653 veniat
1387 1597 1476 1667 qui
1506 1598 1797 1653 mittendus
1843 1604 1921 1651 est
1954 1612 1967 1666 ;
2014 1604 2069 1651 et

476 1692 592 1761 ipse
623 1690 723 1745 erit
751 1687 1077 1759 exspectatio
1104 1687 1344 1759 gentium
1366 1686 1526 1755 (Gen.
1546 1688 1723 1755 κως).
1761 1709 1783 1733 ››
1819 1688 2064 1741 Demon-

2176 499 2468 555 Videamus
2498 507 2751 571 quantam
2797 498 3115 571 dignitatem
3168 497 3323 552 nobis
3367 496 3625 553 nativitas
3673 496 3779 551 Do-

2177 589 2308 643 mini
2337 589 2677 644 concesserit.
2710 588 2862 643 Prius
2891 589 3034 641 enim
3091 602 3253 657 quam
3303 585 3637 656 Redemptor
3687 601 3782 639 no-

2177 687 2284 733 ster
2311 695 2408 749 per
2433 694 2647 733 carnem
2677 684 2999 740 nasceretur,
3064 676 3269 731 alienos
3325 691 3355 729 a
3411 690 3509 728 suo
3566 689 3781 729 consor-

2182 775 2252 830 tio
2284 792 2381 831 nos
2409 776 2740 830 damnabunt
2777 774 2977 846 angeli,
3010 773 3136 843 quia
3163 772 3437 842 peccando
3484 788 3585 827 nos
3622 772 3781 827 coale-

2178 872 2313 918 stem
2344 865 2571 933 patriam
2621 862 2916 933 perdidisse
2973 862 3237 916 sciebant.
3305 862 3595 930 Postquam
3654 877 3781 915 vero

2179 953 2505 1023 Redemptor
2572 961 2763 1006 terram
2828 958 3022 1007 nostra:
3086 950 3262 1005 carnis
3324 949 3636 1020 assumpsit,
3689 966 3781 1003 no-

2176 1058 2338 1106 stram
2372 1050 2716 1123 fragilitatem
2757 1049 2849 1104 illa
2905 1049 3152 1121 angelica
3209 1048 3468 1104 celsitudo
3525 1064 3638 1102 non
3689 1047 3781 1101 de-

2172 1140 2370 1209 spexit,
2403 1147 2456 1193 et
2484 1155 2617 1209 quos
2646 1139 2793 1208 prius
2831 1138 3103 1193 habebant
3131 1137 3428 1208 despectos,
3457 1138 3575 1207 jam
3621 1153 3782 1190 vene-

2176 1237 2359 1285 rantur
2388 1236 2444 1281 ut
2470 1227 2670 1282 socios.
2726 1228 2866 1282 Hinc
2922 1227 3022 1297 ipsi
3080 1226 3282 1298 angeli,
3341 1228 3440 1281 hac
3501 1234 3659 1280 nocte
3718 1226 3784 1279 de

2177 1325 2367 1381 Christi
2400 1325 2674 1380 nativitatc
2707 1333 2758 1378 et
2788 1325 2853 1379 de
2894 1332 3073 1379 nostra
3117 1324 3488 1392 redemptione
3535 1323 3785 1394 glorian-

2177 1428 2274 1478 tes,
2306 1422 2687 1469 cantaverunt:
2727 1436 2749 1460 α
2785 1412 2973 1468 Gloria
3028 1413 3083 1467 in
3140 1413 3368 1467 excelsis
3425 1413 3563 1477 Deo,
3620 1419 3672 1465 et
3732 1412 3783 1464 in

2177 1513 2317 1559 terra
2335 1520 2443 1571 pax
2465 1501 2776 1557 hominibus
2806 1502 2963 1557 bona:
2984 1501 3277 1556 voluntatis
3297 1502 3448 1569 (Luc.
3474 1504 3555 1566 ιι),
3586 1523 3607 1547 »ι
3648 1501 3782 1554 Hinc

2176 1609 2254 1654 est
2283 1600 2425 1671 quod
2457 1601 2553 1655 Lot
2582 1600 2740 1666 (Gen.
2775 1612 2914 1667 xxx),
2948 1608 3001 1654 et
3027 1601 3187 1655 Iosue
3245 1600 3459 1667 (ludio.
3502 1608 3556 1668 γ)
3620 1614 3784 1669 ange-

2177 1690 2257 1743 los
2289 1689 2665 1757 adoraverunt,
2697 1697 2752 1743 et
2780 1697 2959 1743 tamen
2990 1689 3216 1743 adorare
3245 1704 3357 1743 non
3412 1687 3787 1759 prohibentur.

474 1778 727 1834 strabitur
753 1777 913 1832 etiam
944 1775 1256 1830 Dominicus
1282 1775 1542 1830 adventus
1571 1776 1623 1829 in
1653 1777 1796 1831 facto
1842 1776 2063 1831 Gedeo-
2093 1753 2146 1813 Β
2176 1779 2407 1833 Joannes
2430 1793 2558 1832 vero
2588 1778 2841 1849 angelum
2871 1778 3095 1832 adorare
3139 1778 3328 1847 voluit,
3368 1785 3420 1831 et
3461 1785 3645 1830 tamen
3693 1792 3784 1829 an-

478 1876 561 1931 nis
580 1874 851 1931 Israelita).
882 1875 1017 1929 Cum
1045 1873 1190 1929 enim
1222 1872 1315 1927 ﬁlii
1371 1874 1533 1928 Israel
1588 1873 1757 1927 multa
1810 1873 1954 1927 mala
2008 1872 2064 1926 in

477 1971 765 2034 conspectu
811 1962 1028 2018 Domini
1068 1962 1324 2030 facerent,
1374 1961 1604 2031 ideoque
1657 1962 1713 2015 in
1766 1961 1977 2016 Madian
2016 1969 2070 2015 et

478 2052 695 2108 Amalec
722 2051 921 2119 traditi,
962 2051 1245 2105 durissimo
1296 2051 1744 2122 opprimerentur,
1792 2051 2070 2105 clamave-

472 2157 597 2206 runt
624 2149 691 2205 ad
721 2150 916 2216 Deum,
966 2149 1294 2219 postulantes
1340 2148 1409 2202 ab
1445 2163 1512 2203 eo
1568 2147 1848 2202 auxilium.
1906 2147 2073 2203 Com-

476 2247 653 2294 motus
681 2245 860 2293 autem
890 2236 1153 2292 Dominus
1166 2237 1404 2292 clamore
1434 2251 1640 2303 eorum,
1675 2237 1924 2307 apparuit
1959 2237 2073 2291 Ge-

478 2327 619 2382 deon
650 2334 704 2381 et
731 2325 869 2380 dixit
897 2325 1023 2395 quia
1053 2340 1152 2396 per
1181 2341 1303 2379 eum
1347 2324 1509 2379 vellet
1553 2323 1692 2379 ﬁlios
1738 2325 1901 2379 Israel
1947 2325 2078 2379 libe-

481 2440 602 2479 rare
639 2422 707 2477 de
761 2422 1110 2493 oppressione
1164 2419 1383 2477 Madian
1430 2429 1484 2475 et
1532 2421 1768 2476 Amalec.
1828 2421 2079 2491 Dixitque

481 2512 710 2567 Gedeon
739 2509 809 2565 ad
836 2508 1128 2565 Dominum
1164 2528 1176 2564 :
1216 2532 1237 2557 α
1266 2510 1347 2564 Da
1373 2508 1508 2564 mihi
1536 2509 1752 2580 signum
1798 2512 1899 2565 hoc
1930 2529 1941 2564 :
1986 2512 2081 2566 Ρο-

492 2616 620 2655 nam
652 2598 828 2655 vellus
857 2596 996 2654 lanae
1023 2598 1079 2653 in
1116 2613 1320 2667 aream,
1369 2605 1422 2653 et
1461 2600 1505 2653 si
1552 2598 1725 2654 solum
1763 2600 1934 2654 vellus
1986 2600 2085 2654 erit

488 2703 610 2745 rore
640 2687 916 2760 perfusum
947 2693 1001 2741 et
1027 2694 1165 2743 terra
1198 2687 1255 2740 in
1292 2686 1515 2743 circuitu
1574 2687 1735 2757 sicca,
1792 2688 1904 2743 scio
1959 2688 2085 2758 quia

489 2802 587 2858 per
619 2800 840 2840 manum
890 2799 1069 2839 meam
1117 2783 1375 2839 liberabis
1430 2784 1595 2839 Israel
1649 2784 1856 2853 (Judic.
1910 2786 2014 2854 vi).
2060 2808 2082 2833 ι

490 2874 648 2944 Quod
679 2890 801 2928 cum
830 2873 979 2928 Deus
1004 2871 1072 2928 ad
1099 2879 1285 2927 votum
1316 2871 1589 2927 Gedeonis
1616 2872 1884 2944 impleret,
1930 2888 2089 2945 roga-

492 2964 569 3019 vit
625 2963 819 3018 iterum
875 2968 952 3029 ut,
1013 2961 1153 3018 velle
1208 2961 1340 3016 foris
1396 2961 1594 3032 posito,
1653 2961 1827 3017 vellus
1889 2961 2089 3017 siccum

492 3068 754 3118 maneret.
786 3059 944 3129 Quod
973 3076 1095 3116 cum
1125 3061 1270 3115 Deus
1306 3059 1553 3114 similiter
1598 3058 1937 3131 adimpleret,
1990 3062 2093 3115 hoc

494 3152 655 3223 signo
685 3150 953 3207 animatus
1000 3148 1245 3217 Gedeon,
1303 3156 1553 3204 conserto
1608 3166 1731 3204 eum
1788 3149 2092 3204 Madianitis

497 3239 706 3313 pmlio,
728 3238 1006 3310 cepiosam
1036 3237 1431 3292 multitudinem
1461 3254 1585 3292 cum
1612 3253 1785 3307 pauco
1814 3237 1983 3293 milite
2004 3239 2094 3293 de-

495 3337 645 3404 levit,
677 3343 732 3392 et
757 3335 835 3390 sic
873 3335 1084 3390 liberati
1115 3342 1238 3390 sunt
1282 3333 1378 3388 ﬁlii
1424 3334 1587 3391 Israel
1634 3332 1705 3389 ab
1746 3334 2094 3405 oppressione

495 3424 781 3481 durissima
812 3440 974 3493 quam
1011 3422 1157 3492 passi
1205 3430 1329 3476 sunt
1358 3438 1391 3477 a
1444 3422 1827 3477 crudelissimis
1878 3422 2093 3477 Madian

498 3520 551 3569 et
579 3512 821 3567 Amalec.
852 3510 1068 3566 Madian
1100 3525 1228 3566 vero
1259 3518 1310 3566 et
1337 3510 1576 3579 Amalec,
1618 3511 1709 3580 qui
1748 3508 1889 3565 ﬁlios
1932 3513 2094 3571 Israel

498 3610 631 3665 dure
669 3607 993 3677 afﬂixerunt,
1051 3607 1356 3680 signiﬁcant
1411 3608 1689 3678 antiquum
1742 3611 1948 3665 hostem
2005 3608 2096 3678 qui

502 3701 797 3753 humanum
825 3713 999 3769 genus
1044 3703 1166 3752 ante
1223 3696 1513 3751 adventum
1562 3696 1777 3752 Domini
1831 3696 2099 3752 servitutis

497 3787 637 3860 jugo
668 3786 954 3858 oppressit,
1014 3786 1106 3855 qui
1163 3784 1325 3840 illatis
1377 3785 1823 3857 concupiscentiis
1877 3785 2088 3841 afﬂixit.

505 3881 729 3939 Gedeon
760 3898 886 3939 vero
916 3882 1180 3937 Christum
1225 3880 1512 3955 signiﬁcat,
1572 3882 1663 3951 qui
1712 3882 1973 3936 mundum
2031 3882 2099 3936 ab

505 3972 709 4043 antiqui
739 3971 906 4028 hostis
929 3971 1193 4026 subtraxit
1228 3970 1478 4040 imperio.
1530 3970 1687 4039 Quod
1733 3986 1862 4026 vero
1909 3971 2113 4027 Domi-,

508 4059 659 4115 uicus
713 4059 976 4115 adventus
1026 4060 1082 4114 in
1137 4060 1333 4115 vellere
1389 4059 1802 4124 demonstratur,
1869 4059 2105 4115 declarat

511 4156 794 4212 Psalinista
821 4156 1007 4212 dicens
1039 4176 1050 4211 :
1092 4178 1113 4205 «ι
1148 4156 1450 4212 Descendet
1476 4156 1613 4212 sicut
1638 4157 1821 4227 pluvia
1850 4156 1905 4211 in
1932 4157 2106 4213 vellus

512 4245 688 4313 (Psal.
722 4246 894 4315 Lxxr).
930 4267 952 4295 ι»
989 4245 1252 4301 Dominus
1279 4245 1415 4301 sicut
1444 4244 1626 4316 pluvia
1674 4246 1729 4300 in
1772 4246 1943 4301 vellus
1988 4246 2106 4300 des-

512 4332 723 4401 cendet,
755 4334 895 4389 sicca
941 4333 1115 4390 adhuc
1167 4334 1554 4404 circumjacens
1610 4343 1767 4403 terra,
1824 4351 1947 4389 cum
2001 4337 2108 4391 Do-

2172 1878 2328 1949 gelus
2356 1880 2497 1932 hunc
2524 1893 2593 1932 ne
2620 1894 2677 1931 se
2707 1877 2931 1933 adorare
2961 1878 3157 1932 debeat
3213 1876 3512 1948 compescit
3550 1875 3743 1930 dicens
3773 1885 3786 1919 ε

2183 1990 2204 2015 α
2240 1966 2376 2022 Vide
2404 1983 2470 2020 ne
2522 1966 2711 2021 feceris
2743 1983 2754 2017 :
2827 1982 3118 2022 conservus
3163 1966 3308 2020 enim
3367 1973 3486 2019 tuus
3536 1981 3659 2018 sum
3695 1979 3710 2027 ;
3742 1974 3790 2018 et

2181 2055 2402 2110 fratrum
2424 2062 2635 2110 tuorum
2667 2055 2868 2127 (Apoc.
2900 2056 3018 2125 xxx)
3074 2076 3095 2101 »
3163 2054 3582 2124 (GREGORIUS).
3647 2054 3789 2107 Post-

2182 2169 2342 2223 quam
2374 2168 2502 2207 vero
2532 2152 2710 2223 angeli
2740 2152 3127 2206 humanitatem
3160 2152 3215 2205 in
3267 2153 3383 2207 Deo
3428 2152 3786 2222 conspiciunt,

2182 2259 2240 2296 se
2270 2241 2479 2297 adorari
2525 2241 2594 2295 ab
2621 2241 2839 2296 homine
2871 2241 3271 2311 pertimescunt,
3306 2258 3407 2296 nec
3452 2241 3658 2295 habere
3706 2242 3788 2294 de-

2186 2331 2476 2403 dignantur
2504 2329 2778 2384 hominem
2808 2329 3143 2394 consocium,
3168 2330 3258 2399 qui
3279 2345 3441 2400 super
3470 2346 3527 2383 se
3561 2329 3787 2384 adorant

2189 2428 2463 2483 hominem
2492 2428 2687 2481 Deum.
2723 2426 3079 2482 Ohtineamus
3124 2442 3255 2498 ergo
3312 2427 3555 2481 moribus
3604 2427 3789 2498 digni-

2191 2524 2351 2571 tatem
2384 2522 2640 2581 nostram,
2701 2515 2848 2569 nulla
2903 2530 3002 2569 nos
3055 2514 3260 2569 luxeria
3313 2514 3575 2584 inquinet,
3646 2514 3791 2568 nulla

2192 2620 2290 2660 nos
2320 2604 2488 2675 turpis
2516 2604 2781 2675 cogitatio
2837 2610 3068 2672 accuset,
3125 2618 3233 2658 non
3290 2603 3496 2658 malitia
3550 2612 3789 2658 mentem

2192 2703 2458 2769 mordeat,
2488 2719 2595 2757 non
2624 2701 2831 2756 invidia
2872 2709 3171 2767 consumat,
3228 2716 3339 2756 non
3395 2701 3555 2757 elatio
3622 2700 3790 2765 inﬂet,

2198 2807 2304 2845 non
2335 2791 2559 2846 ambitio
2589 2791 2829 2845 dilaniat.
2863 2788 2970 2858 Qui
3002 2790 3145 2843 enim
3178 2790 3270 2844 Eei
3301 2790 3613 2846 cohaeredes
3642 2797 3695 2843 et
3714 2789 3793 2844 ei-

2197 2886 2291 2937 ves
2319 2881 2637 2953 angelorum
2669 2895 2782 2933 esse
2815 2879 3077 2933 debemus
3100 2879 3357 2933 mundam
3389 2886 3439 2934 et
3487 2879 3793 2950 angelicam

2197 2978 2363 3032 vitam
2397 2977 2673 3032 ducamus.
2708 2974 2865 3044 Quod
2917 2976 3031 3047 ipse
3087 2984 3341 3048 praestare
3396 2976 3654 3047 dignetur
3710 2975 3798 3045 qui

2201 3068 2344 3121 Deus
2388 3067 2552 3120 homo
2612 3065 2781 3120 factus
2835 3072 2915 3118 est
2970 3081 3133 3119 causa
3187 3073 3384 3119 nostrae
3436 3064 3645 3133 salutis,
3704 3064 3801 3118 Je-

2202 3173 2290 3210 sus
2340 3156 2598 3221 Christus,
2659 3153 2923 3209 Dominus
2970 3162 3167 3221 noster,
3229 3155 3318 3223 qui
3370 3170 3491 3208 cum
3543 3154 3703 3207 Patre
3755 3163 3807 3207 et

2202 3254 2402 3326 Spiritu
2433 3262 2615 3310 sancto
2645 3254 2782 3309 vivit
2808 3260 2861 3308 ct
2888 3261 3080 3325 regnat
3107 3253 3415 3326 per-omnia
3460 3253 3663 3309 saecula
3694 3269 3805 3308 sie-

2202 3345 2464 3400 culorum.

2423 3578 2659 3635 SERMO
2702 3577 2795 3632 DE
2832 3577 3251 3633 NATIVITATE
3290 3576 3565 3633 DOMINI.

2285 3808 2305 3831 α
2342 3783 2928 3855 Apparuitbenignitas
2950 3791 3001 3837 et
3029 3781 3332 3836 humanitas
3379 3780 3679 3836 Salvatoris
3719 3796 3818 3835 no-

2208 3872 2298 3926 stri
2329 3873 2448 3938 Dei,
2480 3889 2586 3927 non
2618 3889 2684 3927 ex
2713 3872 2965 3943 operibus
2989 3870 3209 3941 justitize
3252 3886 3370 3940 quae
3412 3869 3642 3924 fecimus
3690 3885 3815 3936 nos,

2209 3960 2303 4015 sed
2332 3961 2622 4015 secundum
2674 3977 2824 4015 suam
2856 3958 3277 4015 misericordiam
3335 3959 3511 4013 salvos
3560 3974 3664 4011 nos
3728 3958 3817 4013 fe-

2210 4048 2279 4103 cit
2310 4050 2442 4109 (Tit.
2464 4052 2566 4107 ut).
2604 4072 2624 4097 υ
2661 4048 3031 4118 Acquisiverat
3058 4047 3181 4114 sibi,
3239 4047 3426 4101 fratres
3480 4045 3818 4112 charissimi,

2213 4161 2383 4215 genus
2409 4146 2704 4198 humanum
2735 4142 2929 4198 astutia
2958 4141 3241 4197 diabolicae
3284 4141 3505 4206 fraudis,
3554 4141 3824 4197 subdide-

2213 4241 2293 4287 rat
2323 4249 2415 4288 eos
2443 4249 2551 4288 suae
2577 4232 2871 4289 conditioni
2912 4247 3011 4301 per
3067 4239 3286 4302 peccata
3342 4230 3499 4301 primi
3550 4232 3822 4300 parentis.

2215 4322 2477 4377 Dominus
2504 4339 2633 4377 vero
2658 4322 2832 4392 justus
2854 4320 3045 4390 judex,
3079 4321 3167 4390 qui
3212 4336 3311 4373 nec
3359 4319 3671 4374 adversario
3726 4337 3825 4376 suo

516 4429 694 4485 minus
721 4430 897 4485 adhuc
923 4430 1023 4484 soli
1077 4430 1285 4500 populo
1341 4431 1506 4485 Israel
1563 4430 1809 4500 innotuit,
1864 4448 1984 4486 cum
2040 4432 2089 4485 (lt

2220 4409 2422 4480 aliquid
2454 4411 2707 4479 injustam
2739 4411 2852 4467 vult
2880 4411 3140 4481 irrogare,
3172 4409 3265 4463 sed
3314 4407 3496 4463 omnia
3549 4408 3669 4463 sive
3732 4425 3831 4480 per

2223 4500 2642 4531 πιῖοηνιζηλκιιῖαηι
2676 4500 2789 4531 οζνη
2818 4516 2915 4531 nn“
2944 4499 3197 4531 ἐπιοιὶθὲηηπ
3261 4498 3437 4531 Γηηονεο
3514 4496 3592 4531 εἰη
3651 4499 3827 4531 νηὶ-εἶθ

517 4517 682 4589 stirpe
710 4517 1016 4574 Iudaeorum
1045 4518 1148 4573 sibi
1195 4527 1249 4574 et
1285 4526 1511 4574 matrem
1558 4518 1626 4574 de
1673 4535 1779 4589 qua
1810 4528 2114 4575 nasceretur

522 4613 577 4662 et
602 4605 896 4677 discipulos
924 4623 1060 4677 quos
1087 4606 1155 4662 ad
1196 4607 1597 4678 praedicandum
1647 4609 1881 4664 mitteret
1916 4610 2105 4683 elegit.

520 4704 797 4760 Adventus
822 4704 1137 4760 Dominicus
1166 4705 1350 4762 velleri
1396 4705 1556 4773 sicco,
1617 4715 1668 4763 et
1723 4716 1876 4763 terrae
1922 4708 2113 4780 rigatae

521 4793 916 4865 circumpositae
973 4801 1333 4865 comparatur,
1390 4810 1512 4850 cum
1572 4795 1762 4850 Christi
1818 4794 1951 4850 ﬁdes
2006 4804 2115 4853 toto

522 4882 723 4939 mundo
753 4882 1002 4951 innotuit,
1035 4890 1088 4937 et
1115 4884 1290 4939 solum
1322 4899 1458 4955 gens
1485 4884 1793 4939 Iudaeorum
1843 4891 1899 4938 ut
1953 4902 2113 4951 nunc,

534 4982 734 5039 videtur
761 4982 931 5051 arida,
964 4990 1019 5038 et
1048 4981 1324 5038 incredula
1348 4983 1660 5052 permansit.

594 5098 749 5152 Hunc
777 5097 1016 5167 quidem,
1049 5098 1175 5169 quia
1203 5098 1346 5153 Deus
1375 5114 1438 5153 ea
1467 5114 1588 5169 quae
1628 5098 1695 5152 de
1740 5114 1836 5153 suo
1884 5099 2116 5154 adventu

523 5201 622 5254 per
648 5185 979 5255 patriarchas
1010 5195 1065 5242 et
1093 5189 1383 5258 prophetas
1409 5187 1571 5242 rebus
1600 5196 1651 5242 et
1695 5188 1875 5245 verbis
1917 5189 2119 5260 promi-

525 5273 613 5342 sit,
642 5272 759 5341 jam
787 5275 949 5331 homo
998 5275 1264 5347 implevit,
1321 5284 1711 5346 pertractemus
1755 5277 1992 5332 solliciti.
2059 5278 2116 5333 Si

528 5371 676 5426 Deus
701 5372 851 5426 venit
879 5372 935 5426 in
964 5374 1106 5429 hunc
1134 5374 1416 5441 mundum,
1464 5383 1523 5429 ut
1576 5390 1675 5431 nos
1730 5376 1930 5431 faceret
1976 5375 2119 5431 cives

529 5467 867 5539 angelorum,
898 5484 965 5522 ne
992 5483 1093 5524 nos
1120 5470 1221 5541 ipsi
1253 5487 1413 5526 causa
1457 5471 1627 5527 simus
1679 5479 1876 5528 nostra:
1930 5472 2115 5543 perdi-

531 5564 709 5633 tionis,
741 5563 784 5618 si
825 5579 923 5619 nos
964 5565 1019 5618 in
1057 5567 1313 5636 peccandi
1345 5568 1790 5640 concupiscentiis
1834 5570 2120 5639 persisten-

527 5666 619 5735 do,
652 5680 685 5721 a
715 5665 830 5719 Deo
859 5664 1122 5719 salvatore
1151 5673 1332 5721 nostro
1359 5666 1810 5740 elongaverimus,
1861 5685 2121 5725 exuamus

525 5761 762 5813 veterem
787 5752 1085 5823 hominem,
1115 5762 1169 5810 et
1221 5752 1505 5812 induamus
1560 5773 1757 5815 novum
1816 5760 2112 5829 hominem,

2223 4500 2644 4555 misericordiam
2676 4500 2790 4555 sive
2818 4516 2915 4570 per
2938 4499 3199 4568 justitiam
3260 4498 3455 4563 facere,
3513 4496 3593 4552 sic
3651 4499 3831 4553 voluit

2220 4605 2391 4661 genus
2422 4592 2714 4643 humanum
2746 4605 2843 4658 per
2870 4589 3097 4661 gratiam
3141 4586 3425 4654 redimere,
3470 4594 3526 4640 ut
3582 4603 3687 4641 nec
3753 4589 3830 4642 in-

2217 4686 2481 4758 justitiam
2513 4687 2783 4742 videretur
2810 4686 3007 4741 inferre
3062 4686 3299 4741 diabolo.
3359 4686 3494 4740 Cum
3531 4702 3669 4758 ergo
3734 4687 3831 4742 Sa-

2224 4783 2374 4829 tanas
2402 4783 2587 4830 contra
2620 4777 2895 4831 hominem
2926 4784 3093 4829 astute
3124 4776 3319 4847 egisset
3375 4791 3471 4845 per
3522 4774 3827 4839 fallaciam,

2224 4864 2395 4918 voluit
2448 4865 2714 4918 Dominus
2770 4872 2954 4919 contra
3010 4863 3174 4919 Satan
3240 4872 3458 4935 propter
3541 4863 3830 4919 hominem

2225 4952 2514 5023 prudenter
2543 4970 2704 5025 agere
2737 4970 2833 5024 per
2852 4952 3192 5022 sapientiam.
3218 4952 3334 5006 Tali
3365 4952 3530 5022 igitur
3556 4953 3831 5007 Dominus

2224 5041 2337 5114 egit
2364 5042 2588 5097 consilio
2631 5042 2697 5096 de
2752 5044 2985 5096 humana
3040 5041 3399 5112 reparatione,
3458 5042 3830 5097 necessarium

2224 5136 2423 5184 eratut
2451 5138 2633 5185 contra
2673 5129 2948 5185 diabolum
3011 5137 3343 5201 pugnaturus
3400 5128 3519 5183 talis
3574 5130 3833 5185 mittere-

2227 5224 2328 5284 tur,
2360 5220 2449 5287 qui
2480 5235 2575 5273 nec
2601 5219 2992 5286 succumberet,
3024 5218 3117 5272 sed
3176 5216 3568 5272 rationabiliter
3613 5228 3832 5289 ageret,

2224 5316 2277 5361 et
2309 5324 2428 5362 cum
2488 5308 2749 5379 sapientia
2809 5308 2991 5362 omnia
3048 5313 3319 5361 tractaret.
3400 5306 3568 5361 Adam
3659 5325 3837 5379 purus

2225 5398 2387 5452 homo
2418 5406 2548 5463 erat,
2584 5407 2631 5452 et
2662 5396 2782 5451 ideo
2807 5413 2872 5451 ex
2905 5398 3140 5450 humana
3170 5394 3457 5467 fragilitate
3518 5398 3835 5451 temtationi-

2225 5485 2325 5539 bus
2353 5486 2554 5540 diaboli
2585 5485 2883 5552 succubuit,
2920 5494 2971 5539 et
3000 5493 3285 5555 propterea
3315 5500 3478 5555 purus
3534 5487 3709 5541 homo
3763 5488 3833 5541 ad

2223 5574 2650 5645 redemptionem
2710 5583 2943 5629 nostram
2994 5572 3283 5628 mittendus
3344 5589 3451 5627 non
3520 5583 3658 5639 erat,
3738 5576 3832 5645 qui

2227 5662 2310 5715 vel
2343 5679 2438 5733 per
2463 5680 2519 5718 se
2549 5680 2669 5719 cum
2704 5670 3009 5729 tentaretur,
3041 5677 3266 5734 peccare
3314 5661 3592 5733 potuisset.
3652 5662 3832 5732 Quale

2226 5768 2401 5817 autem
2434 5771 2709 5834 peccatum
2741 5762 2914 5820 Adam
2935 5759 3204 5818 commisit
3231 5762 3258 5814 ‘2
3305 5759 3433 5817 Tale
3462 5759 3654 5831 utique
3686 5752 3831 5835 ipec-
