4062 6074
336 277 439 328 789

1263 284 1854 341 DEFLORATIONES
1894 286 1996 340 SS.
2053 285 2356 341 PATRUM.
2393 317 2460 326 —
2495 286 2626 342 LIB.
2669 287 2716 341 Ι.

3545 288 3649 340 790

338 407 542 468 catum,
585 402 726 473 quod
754 405 935 477 majus
964 408 1170 464 mundo
1198 416 1340 464 erat.
1381 410 1486 464 Sex
1517 409 1661 463 enim
1683 409 1943 464 crimina-
1974 409 2027 469 A
2059 409 2198 463 cavit
2225 409 2277 463 in
2309 408 2584 480 superbia.
2606 409 2786 474 Quare
2829 425 2934 466 non
2967 411 3173 466 creavit
3193 409 3352 465 alium
3375 410 3652 467 hominem

339 488 415 543 lia
450 489 635 563 ﬂagita
684 493 735 547 in
769 511 876 551 uno
905 497 1131 553 crimine
1186 497 1422 562 admisit,
1459 498 1655 568 quibus
1687 513 1779 552 sex
1811 506 1946 552 arta-

347 583 429 631 tes
461 596 575 634 suae
607 585 1024 651 posteriuritatis
1053 587 1216 642 morti
1247 587 1496 642 involvit.
1530 587 1764 640 Primum
1798 602 1949 640 nam—

347 681 453 735 que
487 669 743 738 superbia
781 673 896 738 t‘uit,
931 689 1055 729 cum
1106 677 1222 730 Deo
1269 675 1499 746 aequalis
1527 691 1649 730 esse
1679 675 1864 740 voluit,
1898 684 1951 728 et

347 752 472 809 ideo
519 757 693 813 factus
739 769 822 815 est
869 763 1108 818 omnium
1152 763 1372 818 intimus
1419 764 1509 836 qui
1556 763 1652 818 fuit
1698 763 1950 817 omnibus

349 843 634 912 praelatus.
708 849 1024 906 Secundum
1107 852 1471 907 inobedientia
1537 853 1756 919 exstitit,
1825 867 1944 906 cum

349 942 665 997 mandatum
724 949 1044 1018 praeterivit,
1085 958 1137 1004 et
1187 949 1310 1004 ideo
1342 949 1491 1004 facta
1537 955 1662 1004 sunt
1692 949 1853 1002 etiam
1897 949 1947 1002 ei

341 1030 522 1084 omnia
593 1033 959 1091 inohedientia
1026 1054 1146 1109 quae
1231 1038 1392 1108 prius
1457 1046 1608 1092 erant
1668 1037 1935 1106 subjecta.

336 1116 575 1173 Tertium
635 1124 861 1178 avaritia
912 1134 1049 1191 erat,
1111 1141 1234 1181 cum
1293 1125 1416 1197 plus
1481 1141 1644 1197 quam
1710 1141 1945 1180 conces-

345 1231 467 1270 sum
509 1226 630 1272 erat
658 1223 1033 1292 concupierat,
1068 1233 1118 1279 et
1149 1224 1271 1279 ideo
1299 1223 1477 1278 omnia
1503 1224 1650 1292 juste
1679 1238 1944 1278 concessa

339 1305 618 1360 amiserat.
662 1308 924 1378 Quartum
990 1322 1105 1367 erat
1153 1312 1520 1384 sacrilegium,
1553 1328 1672 1367 cum
1721 1311 1942 1366 vetitum

345 1392 398 1446 in
451 1411 609 1451 sacro
658 1397 780 1454 loco
811 1401 965 1471 quasi
1013 1418 1113 1472 per
1160 1401 1360 1455 furtum
1409 1401 1696 1471 subripuit,
1730 1410 1778 1456 et
1821 1401 1944 1457 ideo

338 1491 404 1546 de
432 1495 678 1550 sacrario
729 1497 942 1552 excludi
975 1499 1198 1554 meruit.
1234 1498 1493 1566 Quintum
1525 1499 1791 1569 spiritalis
1829 1499 1942 1553 for-

339 1581 540 1638 nicatio
604 1583 719 1638 fuit.
754 1587 944 1641 Anima
976 1588 1117 1642 enim
1167 1588 1313 1642 illius
1347 1596 1460 1642 erat
1491 1589 1606 1643 Deo
1632 1588 1940 1656 conjuncta.

345 1670 451 1724 Sed
488 1687 608 1727 cum
663 1683 848 1745 spreto
879 1678 994 1731 Deo
1052 1677 1328 1732 diabolum
1361 1677 1598 1742 admisit,
1634 1678 1787 1748 quasi
1818 1691 1940 1732 cum

2060 497 2127 551 de
2161 505 2326 562 terra,
2345 506 2396 551 et
2425 498 2566 552 misit
2599 515 2719 552 eum
2743 514 2846 570 pro
2875 500 3128 570 perdito?
3158 499 3212 554 Si
3244 516 3442 555 novum
3474 501 3655 555 homi-

2059 603 2183 640 nem
2212 587 2358 642 Deus
2414 595 2655 642 creasset
2687 597 2742 642 et
2771 589 3029 654 misisset,
3066 596 3192 644 tunc
3221 589 3288 644 ad
3320 605 3496 659 genus
3525 589 3652 644 Adae

2058 682 2353 751 redemptio
2376 697 2480 736 non
2506 683 2824 751 pertineret.
2860 684 2938 737 De
2967 700 3064 738 suo
3121 683 3262 738 enim
3294 699 3498 755 genere
3528 701 3652 739 esse

2058 770 2240 824 debuit
2299 771 2386 840 qui
2417 787 2517 840 pro
2562 771 2782 825 homine
2815 771 3172 827 satisfaceret.
3234 773 3342 826 Cur
3371 789 3476 826 non
3505 773 3657 827 misit

2056 859 2418 928 patriareham
2478 859 2562 914 vel
2620 861 2985 930 prophetam?
3038 860 3362 916 Patriareha:
3411 868 3461 915 et
3511 875 3650 932 pro-

2055 955 2232 1025 phctae
2260 955 2312 1008 in
2369 956 2611 1025 peccatis
2643 957 2896 1027 concepti
2930 965 2980 1010 et
3036 957 3148 1011 nali
3208 965 3383 1022 erant,
3417 966 3470 1012 et
3526 957 3651 1012 ideo

2053 1061 2228 1115 genus
2260 1045 2552 1098 humanum
2584 1044 2860 1098 redimere
2890 1061 2997 1099 non
3029 1053 3302 1117 poterant.
3337 1045 3509 1118 Igitur
3530 1045 3652 1118 quia

2054 1132 2283 1202 angelus
2339 1132 2615 1187 redimere
2648 1149 2756 1186 non
2790 1132 3000 1199 debuit,
3036 1143 3090 1188 et
3128 1135 3290 1188 homo
3334 1133 3650 1189 satisfacere

2052 1237 2158 1276 non
2192 1220 2382 1292 potuit,
2447 1221 2549 1275 Dei
2583 1219 2724 1274 filius
2785 1237 2886 1291 per
2934 1238 3091 1290 quem
3125 1223 3324 1287 omnia,
3380 1230 3436 1276 ut
3465 1230 3517 1277 et
3554 1238 3648 1277 re-

2053 1310 2293 1380 demptio
2326 1326 2426 1380 per
2482 1326 2603 1364 eum
2660 1309 2817 1364 fieret
2875 1312 3164 1381 assumpsit
3190 1311 3407 1381 plenum
3465 1311 3646 1365 homi-

2051 1415 2195 1464 nem,
2233 1406 2284 1453 et
2316 1399 2368 1452 in
2428 1397 2635 1452 duabus
2665 1398 2875 1453 naturis
2905 1398 3078 1454 factus
3125 1407 3206 1454 est
3253 1414 3358 1453 una
3388 1414 3644 1470 persona.

2050 1497 2117 1550 Et
2145 1496 2197 1550 in
2245 1495 2333 1550 illa
2365 1504 2553 1550 natura
2587 1512 2691 1567 qua
2715 1497 2865 1550 Deus
2901 1505 3037 1559 erat,
3088 1496 3217 1551 vicit
3263 1497 3557 1562 diabolum,
3591 1504 3650 1551 ut

2051 1584 2168 1655 ipse
2225 1585 2434 1640 vicerat
2489 1585 2787 1650 hominem,
2837 1593 2888 1639 et
2943 1585 3199 1639 omnibus
3255 1584 3650 1656 praedestinatis

2051 1673 2245 1727 cmlum
2302 1673 2510 1744 aperuit
2538 1681 2591 1728 et
2647 1673 2858 1744 angelis
2887 1673 3240 1744 coaequavit:
3285 1674 3430 1745 quod
3495 1674 3645 1728 solus

340 1767 605 1816 extraneo
627 1763 950 1818 adulterium
968 1766 1259 1831 commisit,
1281 1765 1939 1834 etideoverisponsiami-
1966 1763 2018 1822 Β
2050 1762 2198 1816 Deus
2231 1760 2408 1816 facere
2441 1761 2642 1832 potuit.
2702 1763 2758 1814 ln
2793 1777 2852 1815 ea
2883 1769 3062 1816 autem
3111 1769 3301 1816 natura
3327 1778 3431 1833 qua
3484 1763 3648 1818 homo

343 1847 526 1903 citiam
547 1851 746 1906 amisit.
775 1853 942 1908 Sexto
973 1855 1325 1910 homicidium
1360 1854 1710 1924 perpetravit,
1742 1868 1848 1924 quo
1878 1869 1937 1908 se.

333 1953 383 1998 et
415 1961 576 2002 omne
643 1965 821 2019 genus
860 1951 1154 2006 humanum
1195 1951 1246 2006 in
1288 1959 1520 2006 mortem
1561 1950 1933 2021 praecipitavit.

341 2035 495 2090 Unde
559 2044 611 2091 et
661 2037 908 2093 interiori
966 2040 1191 2095 homine
1246 2056 1369 2095 mox
1430 2048 1512 2094 est
1569 2049 1830 2105 mortuus,
1884 2047 1936 2093 et

326 2122 500 2190 jacuit
540 2125 591 2179 in
656 2127 909 2197 sepulcro
947 2130 1197 2200 corporis
1256 2128 1520 2200 sepultus.
1563 2128 1934 2194 Quamobrem

332 2211 535 2282 duplici
579 2217 740 2286 culpa
779 2225 862 2270 est
919 2217 1220 2273 obstrictus
1254 2237 1264 2271 :
1309 2232 1416 2273 una
1447 2232 1554 2288 qua
1585 2215 1760 2271 Deum
1793 2231 1929 2271 con-

329 2303 548 2373 tempsit
599 2312 651 2359 et
683 2321 822 2375 opus
879 2306 1203 2362 obedientiae
1251 2306 1658 2371 descruit;alia
1691 2322 1792 2374 qua
1848 2305 1931 2360 fo-

331 2415 486 2456 veam
518 2403 714 2458 mortis
740 2404 948 2474 incidit,
983 2414 1034 2460 et
1065 2422 1124 2460 se
1154 2405 1463 2474 adjunctum
1505 2421 1641 2475 opus
1665 2409 1929 2475 impotem

330 2490 478 2546 fecit.
514 2490 670 2560 Quali
701 2503 880 2548 autem
915 2496 1076 2548 modo
1135 2495 1374 2565 oportuit
1406 2510 1530 2549 eum
1564 2493 1800 2549 reverti?
1821 2495 1932 2548 Ho-

329 2595 516 2634 norem
549 2596 714 2652 quem
749 2584 865 2638 Deo
887 2583 1105 2638 abstulit
1127 2584 1358 2639 reddere
1379 2583 1585 2649 debuit,
1607 2591 1657 2637 et
1686 2598 1783 2653 pro
1803 2596 1927 2653 pec-

327 2677 449 2724 cato
510 2671 830 2727 satisfacere
861 2672 1004 2743 quod
1037 2672 1191 2728 fecit.
1233 2673 1397 2727 \‘alde
1429 2673 1570 2727 enim
1595 2673 1798 2740 justum
1828 2679 1928 2739 est,

329 2765 404 2821 ut,
439 2758 532 2828 qui
565 2758 652 2813 alii
684 2775 784 2815 sua
814 2761 1119 2824 abstulerit,
1154 2770 1204 2815 et
1241 2761 1420 2816 ablata
1452 2762 1716 2826 restituat,
1749 2768 1802 2814 et
1828 2775 1930 2830 pro

326 2845 523 2913 injuria
553 2847 702 2902 illata
752 2849 1078 2905 satisfaciat.
1123 2849 1266 2918 Quid
1296 2849 1517 2904 abstulit
1548 2850 1710 2905 homo
1749 2849 1864 2904 Deo
1903 2850 1930 2903 ?

331 2942 523 2997 Totum
561 2945 705 3015 quod
755 2947 1039 3016 proposuit
1078 2946 1130 2999 in
1171 2961 1270 3001 sua
1307 2961 1437 3000 cura
1475 2945 1543 2999 de
1574 2946 1690 3014 ejus
1720 2960 1928 3016 genere

327 3037 539 3094 facere.
581 3040 834 3103 Qualiter
855 3042 1088 3098 ablatum
1131 3043 1398 3098 honorem
1420 3042 1646 3096 reddere
1685 3041 1928 3097 debuit?

2043 1858 2156 1904 erat
2191 1864 2288 1920 pro
2317 1849 2514 1918 injuria
2547 1849 2724 1918 majus
2778 1849 2984 1903 mundo
3016 1849 3195 1915 solvit,
3231 1864 3357 1905 cum
3415 1859 3646 1906 mortem

2041 1948 2337 2003 indebitam
2398 1948 2578 2014 subiit,
2614 1947 2759 2019 quod
2818 1947 2964 2002 solus
2995 1948 3158 2002 homo
3207 1947 3387 2004 facere
3435 1948 3643 2004 debuit.

2043 2036 2223 2106 Quare
2255 2052 2386 2108 ergo
2419 2053 2524 2092 non
2557 2045 2637 2090 est
2667 2037 2865 2090 missus
2897 2037 3072 2102 Pater,
3104 2051 3208 2092 nec
3230 2035 3465 2106 Spiritus
3493 2052 3646 2092 sanc-

2041 2142 2161 2202 tus;
2198 2133 2293 2188 sed
2342 2133 2490 2189 solus
2523 2133 2688 2188 Filius
2731 2142 2814 2188 est
2861 2133 3204 2189 incarnatus.
3245 2132 3300 2188 Si
3353 2133 3515 2188 Pater
3554 2133 3642 2190 vel

2040 2222 2273 2292 Spiritus
2331 2231 2552 2277 sanctus
2587 2223 2992 2285 incarnaretur,
3028 2222 3136 2277 duo
3179 2221 3273 2278 filii
3301 2221 3357 2275 in
3386 2221 3646 2278 Trinitate

2040 2327 2495 2389 computarentur
2531 2335 2542 2374 :
2581 2335 2721 2373 unus
2779 2318 2921 2372 filius
2949 2315 3189 2389 Virginis
3218 2317 3336 2390 'qui
3366 2325 3512 2374 esset
3556 2318 3644 2373 in-

2041 2417 2314 2473 carnatus,
2350 2408 2490 2462 alter
2521 2407 2687 2462 Filius
2719 2407 2836 2462 Dei.
2898 2407 2964 2462 Et
2991 2407 3091 2461 alia
3123 2423 3284 2463 causa
3313 2415 3448 2462 erat.
3480 2407 3650 2462 Filius

2039 2513 2120 2560 est
2153 2505 2250 2559 Dei
2281 2505 2605 2574 similitudo,
2629 2505 2858 2577 angelus
2881 2512 3060 2560 autem
3084 2514 3136 2560 et
3161 2505 3324 2560 homo
3343 2519 3647 2576 assumpse-

2038 2611 2160 2657 rant
2185 2602 2285 2657 sibi
2317 2601 2723 2658 similitudinem
2747 2603 2865 2658 Dei.
2889 2602 3086 2657 Debuit
3108 2618 3242 2675 ergo
3259 2601 3645 2658 illeincarnari

2040 2692 2124 2746 cui
2181 2692 2494 2762 specialiter
2524 2691 2718 2760 injuria
2771 2692 2914 2747 facta
2941 2690 3138 2756 fuerat,
3171 2699 3229 2746 ut
3281 2691 3440 2746 istum
3472 2691 3642 2746 mise-

2038 2779 2331 2835 ricorditer
2388 2788 2654 2846 servaret,
2705 2778 2860 2832 illum
2918 2779 3079 2834 etiam
3123 2780 3266 2848 juste
3322 2780 3635 2835 damnaret.

2038 2867 2220 2937 Quare
2289 2884 2424 2939 ergo
2518 2867 2682 2922 Filius
2755 2867 2907 2923 solus
2983 2875 3064 2922 est
3132 2868 3443 2923 incarnatus
3519 2867 3647 2940 quia

2037 2974 2225 3021 contra
2258 2965 2513 3020 astutiam
2564 2963 2790 3032 diaboli,
2825 2964 3101 3038 agendum
3136 2972 3251 3020 erat
3292 2981 3392 3035 per
3421 2964 3646 3037 sapien-

2041 3055 2164 3108 tiam
2209 3055 2350 3124 ejus.
2394 3053 2665 3124 Sapientia
2723 3062 2906 3108 autem
2963 3061 3015 3108 et
3061 3053 3405 3124 providentia
3462 3053 3642 3108 Patris

329 3127 622 3183 Diabolum
661 3130 731 3184 ita
771 3132 996 3186 vincere
1036 3139 1093 3186 ut
1158 3131 1275 3202 ipse
1314 3131 1486 3186 victus
1525 3138 1608 3185 est
1644 3131 1714 3184 ab
1752 3146 1838 3196 eo,
1881 3121 2010 3185 etC
2041 3152 2122 3198 es;
2171 3121 2339 3198 Fjiius
2367 3121 2656 3214 per—quem
2716 3143 2899 3198 omnia
2945 3121 3093 3198 [εοιξι
3123 3149 3253 3198 sum
3307 3150 3359 3198 ει
3386 3142 3632 3213 provisa,

326 3217 572 3288 seipsum
631 3235 930 3292 omnesque
985 3220 1404 3291 praedestinatos
1455 3220 1524 3274 ad
1572 3219 1735 3274 vitam
1791 3217 1928 3274 tales

329 3315 615 3372 restituere
675 3317 864 3387 quales
913 3317 1080 3373 futuri
1138 3327 1315 3385 erant,
1373 3317 1419 3372 si
1475 3316 1924 3388 permansissent.

326 3402 572 3470 Qualiter
612 3411 793 3462 autem
825 3407 1010 3462 debuit
1055 3407 1377 3464 satisfacere
1403 3410 1430 3461 ‘2
1472 3406 1613 3474 Quia
1638 3413 1927 3477 peccatum

322 3491 508 3560 majus
569 3495 774 3550 mundo
807 3495 1095 3561 commisit,
1149 3495 1349 3564 aliquid
1380 3496 1557 3564 majus
1579 3495 1782 3549 mundo
1812 3495 1926 3549 Deo

322 3579 539 3636 solvere
586 3583 790 3638 debuit.
839 3584 948 3640 Sed
1007 3600 1127 3639 cum
1191 3585 1385 3640 horum
1443 3591 1689 3640 neutrum
1744 3581 1924 3639 facere

322 3678 515 3740 posset
544 3671 690 3725 nulla
715 3671 942 3739 ratione,
973 3672 1100 3728 ideo
1142 3672 1442 3744 permansit
1484 3672 1536 3726 in
1593 3678 1794 3726 morte.
1859 3673 1926 3726 Et

316 3773 418 3812 cur
447 3760 665 3828 penitus
713 3777 822 3815 non
853 3761 1033 3832 periit,
1080 3762 1207 3832 quia
1247 3769 1482 3816 statutun
1522 3760 1620 3814 Dei
1648 3760 1923 3814 immutari

320 3861 429 3901 non
460 3848 651 3918 potuit.
694 3850 980 3921 Pr0posuit
1011 3850 1155 3904 enim
1212 3867 1274 3905 ex
1308 3865 1510 3922 genere
1543 3848 1674 3904 Adae
1716 3848 1922 3903 electo-

323 3960 446 3998 rum
478 3961 764 4001 numerum
816 3947 1066 4018 implere.
1101 3946 1242 4015 Quid
1291 3962 1422 4019 ergo
1450 3948 1477 4000 ‘2
1508 3945 1648 4014 Quia
1678 3944 1920 4000 debitum

316 4042 590 4099 honorem
647 4060 754 4100 non
807 4045 988 4110 solvit,
1033 4046 1178 4100 Deus
1223 4045 1292 4100 ab
1345 4059 1411 4100 eo
1467 4043 1632 4099 invito
1688 4041 1918 4113 accepit,

314 4154 438 4194 cum
495 4157 620 4195 eum
667 4142 844 4212 poenis
874 4143 1113 4214 subegit.
1159 4142 1254 4196 Ad
1284 4158 1448 4213 quem
1494 4141 1655 4195 finem
1703 4139 1918 4194 tandem

321 4230 612 4299 pervenire
661 4231 848 4285 debuit
876 4234 904 4284 ‘2
944 4231 1213 4300 Quoniam
1264 4230 1548 4300 transfuga
1577 4245 1770 4284 servus
1798 4243 1920 4284 cum

321 4317 463 4372 furto
522 4318 734 4373 domini
761 4320 842 4374 sui
875 4320 944 4374 ad
1005 4319 1364 4375 saevissimum
1396 4319 1708 4389 profugerat
1735 4324 1921 4385 tyran-

316 4431 468 4479 num,
503 4415 647 4470 ﬁlius
679 4416 831 4489 regis
862 4417 1069 4472 missus
1112 4424 1194 4471 est
1223 4417 1291 4472 de
1322 4415 1523 4487 palatio
1552 4415 1604 4469 in
1637 4428 1916 4470 carcerem

321 4511 446 4573 post
500 4485 770 4560 exsulemv
806 4521 1050 4570 servum,
1111 4506 1201 4577 qui
1252 4485 1540 4575 tyrannum
1583 4509 1910 4568 contereret,
1944 4485 2000 4549 D

319 4600 372 4646 et
424 4593 710 4664 fugitivum
743 4611 968 4649 servum
1025 4611 1148 4650 cum
1179 4594 1344 4648 rebus
1399 4594 1454 4648 in
1483 4593 1715 4664 gratiam
1761 4590 1912 4661 regis

314 4689 619 4746 reduceret.

391 4797 575 4865 Quare
608 4797 774 4854 homo
806 4815 918 4854 non
936 4801 1112 4871 potuit
1142 4800 1317 4856 redire
1341 4798 1491 4854 solus
1514 4803 1634 4868 post
1653 4796 1864 4867 lapsum
1884 4796 1912 4850 ‘l

315 4894 454 4962 Quia
487 4895 628 4951 sicut
657 4913 765 4951 non
797 4913 897 4967 per
928 4913 1006 4965 se,
1040 4898 1137 4953 sed
1167 4914 1270 4969 per
1300 4899 1463 4952 alium
1494 4894 1760 4964 impulsus
1780 4892 1914 4948 ceci-

308 4991 404 5057 dit,
449 4991 524 5048 ita
551 4991 776 5064 dignum
811 5001 952 5058 erat,
989 5009 1112 5048 cum
1146 5009 1245 5064 per
1277 5009 1336 5047 se
1356 5008 1464 5047 non
1497 4997 1680 5060 posset
1709 4997 1761 5043 et
1790 4987 1909 5042 vel-

311 5088 403 5152 let,
438 5103 538 5158 per
593 5087 757 5142 alium
791 5088 1007 5157 adjutus
1063 5096 1400 5160 resurgeret.
1467 5089 1571 5141 Cur
1626 5100 1736 5140 non
1767 5084 1913 5138 misit

307 5187 561 5258 angelum
618 5197 678 5242 ut
729 5203 851 5242 eum
881 5187 1171 5243 redimeret
1199 5187 1226 5241 ?
1257 5187 1313 5244 Si
1379 5185 1607 5258 angelus
1637 5184 1910 5238 hominem

313 5283 668 5352 redemisset,
704 5293 830 5339 tunc
861 5284 1002 5338 illius
1033 5284 1196 5338 etiam
1220 5300 1412 5338 servus
1433 5290 1597 5337 esset.
1633 5283 1807 5336 llomo
1828 5297 1914 5335 au-

311 5391 420 5436 tem
475 5382 553 5437 sic
585 5383 794 5437 restitui
855 5382 1044 5436 debuit
1095 5390 1150 5436 ut
1205 5382 1431 5452 aequalis
1475 5381 1689 5453 angelis
1734 5388 1904 5436 esset.

313 5480 382 5533 Et
419 5479 564 5535 aliud
594 5481 810 5534 eberat.
860 5481 1100 5550 Angelus
1158 5479 1210 5532 in
1271 5479 1352 5532 sui
1409 5488 1596 5533 natura
1646 5478 1915 5533 invalidus

315 5586 432 5631 erat
486 5578 766 5633 hominem
811 5577 1100 5632 redimere.
1173 5578 1229 5631 Si
1291 5585 1472 5632 autem
1534 5578 1696 5632 homo
1763 5576 1918 5632 fieret

320 5677 498 5731 minus
527 5683 741 5749 posset.
775 5676 1018 5748 Angelus
1049 5675 1209 5730 etiam
1249 5675 1543 5730 mittendus
1573 5690 1680 5729 non
1714 5681 1829 5729 erat
1863 5676 1915 5728 in

325 5774 427 5828 hac
459 5772 671 5840 militia,
703 5774 831 5846 quia
884 5786 1114 5846 peccare
1143 5773 1428 5844 potuisset,
1461 5771 1550 5843 qui
1580 5772 1735 5842 prius
1782 5787 1918 5842 pec-

2037 3231 2176 3300 Quia
2207 3231 2374 3303 igitur
2405 3231 2746 3302 providentia
2776 3238 2878 3298 est,
2912 3227 3022 3302 egit
3052 3230 3352 3302 prudenter
3382 3239 3435 3286 et
3464 3231 3638 3286 ratio-

2036 3319 2316 3384 nabiliter,
2352 3327 2405 3374 ct
2463 3319 2588 3390 quia
2645 3318 2907 3390 sapientia
2968 3327 3072 3388 est,
3105 3319 3214 3391 egit
3246 3319 3552 3389 sapienter;
3587 3325 3641 3374 e't

2036 3416 2163 3490 quia
2213 3419 2362 3472 Deus
2395 3415 2624 3480 exstitit,
2658 3431 2890 3487 peccare
2919 3431 3027 3470 non
3063 3405 3259 3486 potuit,
3320 3417 3523 3470 missus
3556 3424 3640 3470 est

2035 3531 2166 3586 ergo
2200 3515 2386 3570 Filius.
2417 3514 2520 3583 Qui
2551 3531 2671 3569 cum
2697 3523 2842 3570 esset
2862 3512 3224 3585 providentia,
3245 3513 3641 3569 rationabiliter

2033 3605 2166 3676 egit,
2203 3621 2320 3659 cum
2355 3607 2502 3658 esset
2537 3601 2822 3674 sapientia,
2856 3603 3134 3674 sapienter
3152 3603 3334 3657 omnia
3355 3602 3636 3672 tractavit;

2033 3717 2155 3758 cum
2214 3709 2362 3755 esset
2421 3701 2569 3757 Deus
2627 3715 2862 3771 peccare
2919 3715 3026 3756 non
3055 3700 3270 3770 potuit:
3315 3699 3411 3755 sed
3443 3699 3637 3768 rationi

2031 3801 2334 3858 congruum
2379 3792 2514 3851 erat,
2578 3792 2634 3838 ut
2690 3784 2828 3840 sicut
2877 3784 3041 3838 homo
3099 3792 3384 3854 superatus
3443 3791 3634 3854 captus

2030 3881 2165 3936 erat,
2201 3873 2277 3926 sic
2309 3879 2360 3926 et
2390 3873 2572 3936 homo,
2609 3871 2936 3942 superando
2968 3879 3240 3935 naturam,
3265 3871 3539 3927 hominem
3562 3870 3630 3926 li-

2032 3970 2264 4025 beraret.
2315 3971 2434 4023 Non
2498 3985 2641 4040 ergo
2673 3987 2841 4039 purus
2894 3969 3041 4023 Deus
3071 3969 3274 4024 missus
3306 3978 3408 4038 est,
3452 3969 3547 4024 sed
3577 3977 3630 4024 et

2028 4060 2176 4113 Deus
2206 4059 2389 4113 homo.
2452 4059 2625 4112 Homo
2665 4057 2756 4128 qui
2814 4065 3088 4128 pugnaret
3121 4073 3132 4111 :
3167 4059 3313 4112 Deus
3358 4057 3449 4128 qui
3482 4073 3627 4128 pug-

2029 4164 2246 4210 nantem
2279 4161 2627 4208 sustentaret.
2660 4155 2756 4208 Est
2776 4161 2828 4208 et
2857 4153 2960 4207 alia
2992 4153 3358 4225 ratio.ltlagna
3400 4153 3619 4209 discor-

2030 4245 2117 4298 dia
2148 4251 2263 4297 erat
2292 4243 2432 4295 inter
2461 4243 2633 4296 Deum
2667 4250 2718 4295 et
2747 4240 3019 4295 hominem
3054 4258 3149 4311 per
3186 4249 3420 4295 veterem
3444 4241 3625 4296 homi-

2031 4357 2172 4406 nem,
2225 4339 2358 4393 facta
2391 4346 2473 4392 est
2524 4339 2818 4393 concordia
2845 4354 2940 4409 per
2994 4353 3198 4392 novum
3247 4339 3622 4394 mediatorem.

2032 4428 2142 4482 Sed
2171 4444 2292 4483 cum
2327 4426 2595 4480 mediator
2625 4434 2789 4490 esset,
2815 4427 3041 4499 dignum
3073 4435 3210 4494 erat,
3246 4436 3302 4481 ut
3332 4442 3453 4501 cum
3476 4436 3623 4481 utro-

2030 4534 2134 4589 que
2163 4515 2477 4570 afﬁnitatem
2521 4515 2768 4570 haberet.
2817 4518 2998 4586 Itaque
3030 4531 3154 4570 cum
3199 4515 3473 4570 hominem
3507 4515 3622 4570 Deo

2022 4604 2462 4662 reconciliaturus
2493 4613 2625 4670 erat,
2659 4605 2748 4676 qui
2809 4611 2925 4658 erat
2959 4604 3096 4659 inter
3123 4612 3434 4676 utrumque,
3469 4607 3618 4659 Deus

2021 4709 2069 4756 et
2098 4702 2262 4756 homo
2292 4700 2478 4755 debuit
2507 4716 2652 4756 esse.
2691 4723 2712 4746 α
2749 4699 3021 4771 Apparuit
3053 4699 3218 4773 igitur
3250 4699 3551 4770 benignitas
3568 4709 3619 4755 et

2020 4799 2324 4854 humanitas
2373 4797 2671 4853 SalVatoris
2701 4798 2868 4852 nostri
2899 4799 3019 4868 Dei,
3058 4819 3079 4847 ν
3116 4795 3218 4854 etc.
3270 4797 3330 4852 Id
3363 4805 3442 4851 est
3474 4797 3618 4852 Deus

2020 4905 2072 4952 et
2102 4897 2262 4951 homo
2298 4912 2309 4947 :
2341 4910 2448 4948 non
2476 4903 2656 4948 tamen
2681 4909 2745 4948 ex
2777 4895 3031 4964 operibus
3057 4892 3279 4961 iustitiae
3312 4908 3430 4964 qua:
3477 4892 3613 4948 feci-

2021 5010 2142 5048 mus
2173 5009 2290 5057 nos,
2325 4991 2421 5046 sed
2454 4991 2755 5046 secundum
2786 5005 2942 5046 suam
2970 4990 3410 5045 misericordiam
3436 4989 3618 5046 salvos

2020 5107 2120 5146 nos
2150 5089 2292 5146 fecit.
2346 5087 2483 5158 (Tit.
2519 5090 2621 5157 nt.)
2680 5091 2822 5144 Bene
2878 5087 2950 5142 ait
2984 5105 2995 5142 :
3028 5087 3312 5158 Apparuit,
3372 5087 3477 5143 hoc
3532 5091 3620 5143 est

2021 5189 2091 5243 de
2122 5186 2341 5258 Virgine
2373 5185 2522 5240 nasci
2554 5185 2750 5240 voluit.
2788 5185 2894 5239 Cur
2921 5193 3096 5239 autem
3130 5183 3198 5238 de
3229 5183 3397 5239 Maria
3428 5193 3480 5239 et
3510 5199 3617 5240 non

2020 5286 2092 5340 ab
2148 5283 2302 5337 alia?
2336 5283 2469 5350 Quia
2500 5284 2616 5337 haec
2674 5283 2852 5352 prima
2883 5282 2935 5335 in
2989 5282 3194 5337 mundo
3249 5282 3617 5354 virginitatem

2026 5381 2197 5438 vovit.
2241 5381 2526 5448 Quomodo
2553 5379 2730 5450 potuit
2759 5381 2907 5436 nasci
2938 5381 3054 5436 sine
3083 5388 3312 5452 peccato
3342 5382 3410 5436 de
3439 5398 3620 5436 massa

2026 5478 2382 5549 peccati-ica?
2412 5478 2488 5530 Ab
2519 5476 2670 5532 initio
2702 5477 2845 5532 Deus
2877 5478 3141 5548 quosdam
3175 5477 3265 5549 qui
3298 5494 3357 5533 se
3383 5477 3618 5532 familia—

2027 5576 2139 5629 rius
2170 5575 2433 5644 colerent,
2475 5574 2544 5629 de
2577 5573 2701 5629 aliis
2729 5576 3058 5646 segregavit,
3105 5576 3172 5630 de
3231 5573 3434 5647 quibus
3463 5576 3620 5647 virgo

2026 5673 2179 5744 quasi
2237 5673 2304 5727 de
2356 5672 2507 5727 linea
2563 5673 2721 5728 ducta
2778 5672 3080 5743 pullulavit.
3125 5674 3258 5741 Quae
3314 5673 3462 5727 velut
3489 5671 3619 5726 olim

2023 5771 2184 5842 virga
2215 5770 2363 5826 arida
2423 5770 2538 5826 sine
2569 5771 2794 5826 humere
2826 5771 3038 5838 florem,
3071 5770 3140 5824 ita
3183 5769 3307 5824 sine
3356 5767 3619 5838 concupia-
