4062 6074
407 183 505 238 ’791

1506 175 1849 232 WERNERI
1888 175 2176 230 ABBATIS
2215 175 2278 230 S.
2325 173 2540 228 BLASII

3601 163 3713 220 792

412 304 616 364 scentis
645 300 849 360 mundo
880 300 1047 358 edidit
1074 300 1438 358 Salvatorem.
1486 298 1734 369 Qualiter
1761 298 1952 371 genuit
1978 300 2005 351 ‘?
2038 299 2090 360 A
2122 298 2241 355 luce
2271 281 2622 371 apparuisset
2644 298 2890 372 angelus,
2923 294 3048 369 quia
3078 293 3246 350 solem
3272 289 3494 364 justitiae
3522 289 3710 346 lumen

421 403 551 460 Sine
580 401 744 458 sorde
764 407 817 456 et
847 399 969 456 sine
997 398 1216 455 dolore.
1245 397 1446 454 Clausa
1475 396 1620 453 enim
1645 395 1814 468 janua
1845 414 1858 463 ;
1891 396 2016 450 tha-

421 492 625 548 lamum
676 488 819 545 uteri
849 487 1110 553 introivit,
1169 494 1222 541 et
1261 487 1558 542 humanam
1604 493 1858 540 naturam
1914 483 2020 542 sibi

418 578 739 651 conjunxit;
771 577 957 634 clausa
1012 583 1190 647 porta,
1234 583 1290 630 ut
1379 590 1614 646 sponsus
1658 573 1727 629 de
1783 573 2020 628 thalamo

424 676 718 750 processit.
760 675 868 730 Cur
895 689 1090 730 novem
1120 689 1340 728 menses
1369 672 1592 728 clausus
1621 670 1801 726 fuitin
1830 668 2022 725 utero?

423 774 486 822 ut
539 763 790 822 homines
859 763 949 834 qui
1026 769 1179 818 erant
1236 761 1406 817 clausi
1470 760 1524 814 in
1584 758 1819 814 miseriis
1864 757 2024 826 hujus

426 853 612 911 mundi
675 869 771 908 seu
800 851 1018 920 infami,
1050 851 1342 908 reduceret
1363 849 1429 904 ad
1461 848 1796 905 consortium
1827 861 2022 902 novem

431 942 684 999 ordinum
743 939 1087 1013 angelorum.
1137 937 1259 1007 Qua
1303 938 1438 992 hora
1479 945 1561 992 est
1613 936 1820 991 natus?
1849 932 2025 988 Media

427 1039 606 1099 nocte,
640 1038 696 1085 ut
725 1029 956 1085 dicitur:
996 1047 1016 1080 ι
1055 1029 1200 1082 Dum
1228 1041 1334 1081 nox
1364 1025 1603 1080 medium
1651 1025 1750 1080 iter
1778 1023 2020 1090 haberet,

431 1126 776 1197 omnipotens
831 1138 1015 1179 sermo
1046 1130 1171 1176 tuus
1226 1137 1259 1176 a
1296 1120 1576 1192 regalibus
1630 1119 1852 1174 sedibus
1883 1119 2028 1174 venit

433 1218 588 1288 (Sap.
646 1215 852 1282 xvtu.)»
889 1211 995 1266 Cur
1048 1210 1102 1266 in
1133 1209 1342 1265 nocte?
1373 1209 1553 1264 Primo
1581 1208 1730 1279 (quia
1779 1207 2028 1263 occultus

434 1303 600 1365 venit,
635 1300 833 1356 deinde
890 1307 946 1353 ut
975 1314 1071 1354 eos
1120 1297 1211 1369 qui
1239 1298 1295 1352 in
1321 1305 1482 1353 nocte
1513 1290 1716 1352 «roris
1755 1304 1926 1364 erant,
1959 1295 2027 1350 ad

433 1391 620 1447 lucem
646 1387 886 1444 veritatis
916 1387 1261 1458 perduceret.
1285 1387 1417 1441 Ideo
1443 1385 1692 1456 apparuit
1721 1385 2031 1457 benignitas

430 1487 482 1536 et
526 1478 834 1534 humanitas
868 1474 1169 1532 Salvatoris
1197 1474 1370 1530 nostri
1400 1475 1525 1531 Dei.

963 1630 1168 1670 DIVISIO
1199 1629 1492 1670 SERMONIS.

504 1759 817 1832 Benignitas
872 1765 925 1814 et
955 1758 1264 1813 humanitas
1319 1758 1492 1814 nostri
1523 1756 1820 1814 Salvatoris
1861 1770 2031 1827 appa-

437 1858 544 1916 ruit
595 1872 812 1930 quoque
841 1872 938 1928 per
990 1864 1200 1927 septem
1230 1855 1485 1927 specialia
1539 1854 1820 1920 miracula,
1853 1854 1908 1909 id
1950 1860 2033 1910 est

443 1964 545 2021 per
603 1946 819 2003 stellam
875 1944 1036 1999 nimis
1093 1943 1475 2016 praefulgidam
1530 1943 1755 2010 (Matth.
1803 1945 1887 2008 ii),
1939 1958 2036 2012 per

442 2035 702 2094 circulum
761 2049 989 2089 aureum
1019 2032 1105 2089 vel
1161 2049 1512 2105 purpureum,
1543 2033 1635 2106 qui
1660 2031 1804 2089 circa
1861 2031 2032 2087 solem

437 2125 655 2191 claruit,
713 2139 814 2195 per
871 2122 1073 2178 fontem
1130 2122 1236 2178 olei
1266 2121 1358 2194 qui
1413 2123 1480 2177 de
1511 2130 1655 2177 terra
1702 2120 1894 2192 erupit.
1927 2120 2034 2175 Per

435 2212 726 2270 maximam
781 2226 974 2284 pacem
1031 2226 1150 2283 qua:
1199 2219 1327 2266 tunc
1385 2210 1500 2265 fuit.
1559 2211 1662 2266 Per
1703 2225 1927 2266 censum
1964 2208 2032 2264 ad

441 2317 602 2374 quem
661 2300 973 2371 descriptus
1003 2308 1084 2355 est
1141 2298 1430 2354 universus
1461 2298 1628 2354 orbis.
1678 2300 1743 2353 Et
1779 2313 1878 2370 per
1929 2297 2034 2353 hoc

439 2398 582 2471 quod
612 2396 768 2452 multi
821 2411 1042 2453 censum
1074 2395 1411 2452 Dominicum
1466 2395 1695 2451 reddere
1741 2410 2026 2451 recusaveo

437 2493 586 2552 runt,
622 2493 747 2540 sunt
781 2499 891 2539 una
921 2485 1008 2540 die
1062 2483 1249 2550 occisi,
1283 2492 1335 2539 et
1362 2500 1464 2556 per
1491 2485 1594 2540 hoc
1636 2483 1781 2556 quod
1820 2483 2032 2538 brutum

441 2574 646 2630 animal
690 2574 1060 2646 loquebatur:
1104 2572 1247 2642 Quid
1302 2573 1485 2644 itaque
1538 2573 1826 2645 designant
1871 2572 1972 2626 ista
2009 2573 2036 2624 εἰ

442 2669 609 2727 Stella
664 2677 882 2725 sanctos
941 2667 1289 2740 significavit.
1364 2667 1528 2723 Stella
1586 2684 1722 2741 ergo
1778 2668 2037 2740 praeclara

435 2759 631 2829 illuxit,
711 2759 839 2830 quia
898 2757 1134 2814 Sanctus
1185 2764 1498 2813 sanctorum
1552 2758 1724 2812 venit.
1789 2756 2036 2814 Circulus

435 2849 577 2906 circa
607 2848 779 2904 solem
824 2846 1118 2917 praefulsit,
1165 2847 1289 2918 quia
1337 2846 1417 2902 sol
1458 2846 1681 2918 justitise
1725 2845 2034 2903 Ecclesiam

437 2952 573 2994 auro
618 2952 732 2993 sum
787 2935 1091 2991 divinitatis
1149 2935 1444 3001 illustrare,
1522 2944 1574 2990 et
1629 2951 1870 3007 purpura
1923 2951 2035 2992 suae

2125 401 2370 453 exortum
2401 395 2456 450 in
2485 395 2727 451 tenebris
2753 392 3071 451 declaravit.

2197 495 2510 550 Nuntiatum
2539 493 2850 565 pastoribus
2880 499 2980 557 est,
3015 489 3137 563 quia
3174 495 3334 543 natus
3377 485 3566 559 estqui
3598 485 3715 541 ait:

2134 617 2156 642 α
2191 594 2310 665 Ego
2340 609 2458 647 sum
2514 599 2703 662 pastor
2731 592 2908 646 bonus
2966 591 3149 655 (Joan.
3187 588 3260 658 χ).
3298 609 3320 632 ιι
3355 586 3457 639 Per
3502 583 3720 639 stellam

2129 682 2378 754 apparuit
2405 681 2648 754 regibus,
2681 680 2804 752 quia
2838 687 2996 734 natus
3027 686 3108 733 est
3145 691 3247 732 rex
3275 683 3330 728 et
3377 672 3558 728 stella.
3599 673 3723 729 Rex

2130 771 2257 826 inde
2305 771 2481 825 dictus
2527 779 2626 835 est,
2670 776 2728 824 ut
2765 768 2841 823 ibi
2876 787 2887 822 :
2935 789 2956 818 ι
3009 767 3131 839 Ego
3175 771 3351 820 autem
3389 761 3724 818 constitutus

2131 886 2253 924 sum
2318 885 2413 924 rex
2470 869 2540 924 ab
2609 883 2675 923 eo
2743 882 2903 938 super
2957 865 3090 921 Sion
3167 869 3401 918 montem
3476 866 3724 914 sanctum

2133 959 2314 1027 (Psal.
2372 960 2455 1028 ιι).
2495 981 2516 1005 ιι
2579 955 2746 1012 Stella
2777 970 2990 1027 quoque
3021 952 3148 1025 quia
3202 950 3410 1008 orietur
3437 948 3592 1004 stella
3655 963 3723 1002 ex

2132 1048 2323 1102 Jacob.
2374 1046 2567 1101 Merito
2598 1045 2775 1116 itaque
2819 1043 3070 1114 apparuit
3122 1039 3430 1111 pastoribus
3458 1044 3510 1092 et
3564 1037 3723 1107 regi-

2134 1133 2258 1198 bus,
2315 1131 2442 1203 quia
2488 1131 2605 1201 ipse
2653 1139 2764 1185 erat
2818 1145 2913 1183 rex
2947 1136 2999 1182 et
3048 1124 3329 1190 sacerdos,
3381 1131 3432 1176 et
3460 1128 3624 1176 natus
3655 1121 3727 1174 de

2136 1216 2308 1289 regali
2367 1224 2419 1272 et
2461 1213 2794 1270 sacerdotali
2843 1213 3078 1268 semine.
3151 1211 3232 1265 De
3288 1208 3453 1280 regali
3515 1205 3726 1262 semine

2138 1307 2264 1379 quia
2312 1305 2379 1361 de
2411 1303 2605 1360 David.
2638 1305 2718 1359 De
2749 1300 3065 1358 sacerdotali
3092 1314 3306 1372 quoque
3336 1297 3594 1369 probatur
3622 1310 3727 1348 na-

2137 1413 2248 1460 tum
2278 1419 2420 1471 esse,
2471 1403 2592 1473 quia
2623 1401 2789 1456 Maria
2821 1407 2936 1455 erat
2965 1405 3198 1469 cognata
3224 1395 3502 1450 Elisahetb
3522 1394 3590 1448 de
3619 1409 3730 1466 qua

2139 1493 2372 1566 legitur:
2410 1515 2432 1538 α
2453 1491 2521 1546 Et
2551 1498 2668 1546 erat
2689 1488 2959 1546 Zachariae
2977 1501 3115 1542 uxor
3136 1486 3204 1541 de
3218 1484 3433 1539 filiabus
3455 1486 3657 1548 Aaron,
3674 1490 3730 1537 et

2138 1606 2342 1647 nomen
2363 1591 2480 1659 ejus
2510 1587 2787 1643 Elizabeth
2808 1587 2962 1652 (Luc.
2988 1584 3045 1654 ι).
3072 1607 3094 1631 ι»
3115 1582 3256 1638 Satis
3275 1578 3731 1637 commendabilis

2056 1665 2112 1725 Β
2143 1687 2225 1736 est
2254 1679 2496 1744 nuntius,
2530 1677 2657 1748 quia
2715 1683 2768 1731 et
2798 1674 3030 1748 angelus
3087 1680 3140 1728 et
3168 1686 3290 1728 cum
3341 1685 3537 1740 magna
3566 1668 3720 1723 luce.

2139 1769 2248 1825 Sed
2304 1768 2487 1822 audite
2521 1765 2648 1837 quid
2703 1763 2919 1820 attulit:
2955 1786 2976 1810 «
3011 1763 3156 1818 Ecce
3213 1757 3533 1831 evangelizo
3570 1756 3731 1814 vobis

2139 1867 2397 1942 gaudium
2425 1881 2708 1939 magnum,
2748 1887 2769 1913 η
2805 1870 2913 1919 etc.

2212 1973 2356 2028 Vere
2386 1971 2646 2043 gaudium
2693 1983 2972 2040 magnum.
3003 1965 3214 2036 Captivi
3256 1980 3486 2031 eramus,
3519 1962 3570 2016 in
3601 1977 3729 2018 car-

2139 2077 2265 2118 cere
2291 2061 2630 2130 jacebamus,
2685 2066 2739 2113 et
2787 2057 2840 2111 in
2885 2054 3203 2111 infirmitate
3233 2060 3392 2108 natus
3421 2058 3504 2108 est
3533 2050 3728 2105 Salva-

2143 2161 2247 2217 tor,
2279 2158 2440 2205 natus
2472 2157 2554 2204 est
2606 2147 2879 2202 medicus.
2943 2145 3083 2200 Ecce
3133 2142 3393 2214 gaudium
3440 2155 3724 2212 magnum.

2142 2240 2307 2295 Multo
2360 2238 2539 2312 magis
2571 2245 2684 2293 erat
2737 2233 3090 2308 gaudendum
3131 2231 3462 2296 hominibus,
3522 2244 3646 2285 cum
3678 2236 3729 2283 et

2140 2337 2320 2410 angeli
2367 2336 2670 2408 gauderent
2718 2342 2771 2389 et
2799 2331 3041 2388 dicerent
3075 2345 3087 2384 :
3122 2328 3356 2385 «Gloria
3395 2327 3450 2381 in
3494 2325 3730 2383 excelsis

2142 2427 2279 2493 Deo,
2319 2449 2338 2474 ιι
2372 2431 2484 2480 etc.
2523 2423 2713 2480 Gloria
2765 2429 2884 2476 erat
2911 2419 3056 2490 apud
3100 2417 3329 2489 angelos
3359 2417 3412 2471 in
3464 2414 3678 2472 exelcis
3711 2432 3724 2468 :

2142 2517 2227 2572 De
2283 2513 2678 2570 restauratione
2705 2509 2953 2566 diminuti
3005 2507 3238 2564 ordinis.
3270 2506 3514 2562 Laudant
3552 2506 3728 2560 Deum

2143 2615 2212 2670 de
2243 2611 2582 2683 reparatione
2615 2609 2892 2665 hominum
2922 2606 2990 2662 ad
3021 2604 3475 2661 restaurationem
3497 2600 3724 2673 angelo-

2143 2719 2287 2758 rum.
2327 2702 2394 2756 Et
2420 2699 2726 2756 hominibus
2756 2705 2837 2752 est
2866 2711 2998 2767 pax.
3031 2696 3223 2750 Pacem
3253 2691 3523 2748 nuntiavit
3553 2689 3731 2745 homi-

2142 2791 2302 2846 nibus
2334 2790 2423 2862 qui
2454 2804 2575 2844 eum
2607 2787 2727 2842 Deo
2755 2794 2808 2842 et
2837 2783 3050 2858 angelis
3078 2783 3229 2855 prius
3277 2779 3609 2838 discordiam
3637 2779 3728 2832 ha-

2141 2890 2374 2954 buimus,
2407 2888 2504 2943 sed
2569 2902 2668 2958 per
2716 2883 3073 2939 mediatorem
3127 2879 3464 2936 reconciliati
3521 2893 3728 2931 sumus.

2143 2980 2213 3035 Et
2243 2977 2369 3050 quia
2397 2975 2671 3048 peccando
2700 2972 2949 3029 extranei
2979 2986 3198 3027 eramus
3228 2985 3260 3024 a
3281 2971 3419 3032 Deo,
3444 2975 3732 3023 extraneos

434 3035 714 3135 “93”?”
761 3050 1026 3135 eorm?”
1055 3034 1236 3135 vim";
1258 3034 1401 3134 F0?“
1435 3033 1564 3134 ,OIei
1591 3033 1658 3090 de
1690 3041 1832 3135 terra
1848 3033 2036 3135 ﬂuxit’
2068 3027 2118 3091 Ο
2144 3027 2462 3123 3851;“qu
2473 3027 2837 3135 idrepvu—tabant
2867 3060 3050 3132 angeli
3081 3027 3437 3115 consortio}
3473 3057 3586 3111 Deo
3618 3053 3716 3107 vili

441 3125 571 3198 quia
616 3123 737 3181 fons
767 3123 1175 3180 misericordiae
1203 3123 1274 3179 de
1303 3123 1519 3197 virgine
1550 3123 1808 3178 manavit.
1843 3122 2038 3179 Oleum

440 3222 590 3279 enim
623 3230 706 3278 est
734 3220 1131 3277 misericordia.
1167 3221 1272 3276 Pax
1303 3220 1503 3292 ingens
1527 3221 1750 3288 exstitit,
1777 3221 1903 3292 quia
1930 3236 2037 3291 pax

442 3324 574 3364 vere
603 3307 656 3362 in
680 3306 839 3362 terris
869 3306 1138 3379 apparuit.
1189 3305 1422 3361 Mundus
1453 3306 1521 3360 ad
1567 3322 1792 3362 censum
1824 3312 1909 3362 est
1937 3306 2038 3360 de-

440 3396 696 3467 scriptus,
727 3394 934 3466 quiaad
957 3409 1257 3465 supernum
1289 3411 1516 3468 regnum
1539 3410 1714 3466 genus
1745 3395 2041 3449 humanum

441 3491 525 3540 est
555 3483 859 3539 chrismate
884 3481 1286 3556 consignatum.
1319 3482 1423 3550 Qui
1451 3482 1787 3538 dominicum
1819 3497 2040 3538 censum

443 3571 678 3628 reddere
708 3577 1032 3626 recusarunt
1061 3569 1232 3626 occisi
1291 3577 1434 3636 sunt,
1467 3571 1593 3642 quia
1623 3571 1715 3642 qui
1743 3570 1996 3626 dixerunt
2028 3587 2042 3624 :

452 3692 477 3718 ι
511 3667 781 3724 Nolumus
811 3681 1044 3739 regnare
1071 3667 1221 3723 hunc
1250 3683 1416 3738 super
1434 3683 1535 3723 nos
1566 3669 1697 3738 (Luc
1749 3668 1916 3740 xxx),»
1942 3667 2048 3723 dis-

450 3756 750 3830 perierunt.
790 3757 966 3813 Pecus
995 3755 1341 3828 loquebatur,
1372 3756 1503 3828 quia
1532 3756 1762 3828 populus
1803 3756 2047 3830 gentium

453 3853 521 3908 ad
553 3853 767 3910 laudem
798 3853 899 3910 Dei
947 3853 1383 3910 convertebatur.
1430 3854 1692 3926 Apparuit
1721 3862 1771 3909 et
1801 3855 1918 3910 haec
1959 3869 2051 3908 na-

451 3942 633 3999 tivitas
663 3942 832 3999 nostri
862 3941 1177 4009 Salvatoris,
1212 3941 1329 3997 sive
1361 3942 1595 3998 revelata
1644 3950 1726 3998 est
1749 3959 1848 4014 per
1876 3959 2048 4016 ange-

457 4041 540 4097 los
570 4040 900 4113 pastoribus.
935 4039 1258 4095 Audivimus
1278 4038 1426 4095 enim
1457 4039 1511 4093 in
1548 4039 1874 4112 Evangelio,
1907 4040 2052 4111 quod

458 4139 711 4202 pastores
767 4137 922 4185 erant
951 4129 1007 4184 in
1053 4129 1280 4202 regione
1311 4128 1500 4184 eadem
1531 4127 1827 4202 vigilantes
1856 4136 1908 4185 et
1933 4145 2053 4185 cus-

462 4219 735 4274 todientes
776 4217 992 4289 vigilias
1021 4217 1194 4273 noctis
1237 4233 1400 4288 supra
1430 4233 1658 4290 gregem
1701 4234 1877 4272 suum.
1915 4241 1936 4265 «
1986 4219 2055 4272 Et

462 4330 594 4370 ecce
644 4313 877 4385 angelus
903 4313 1119 4368 Domini
1166 4313 1315 4370 stetit
1336 4313 1493 4383 juxta
1551 4313 1712 4379 illos;
1746 4321 1798 4370 et
1838 4314 2054 4370 claritas

463 4410 562 4472 Dei
593 4409 951 4466 circumfulsit
978 4410 1120 4477 illos,
1181 4417 1236 4465 et
1265 4410 1559 4465 timuerunt
1604 4409 1796 4466 timore
1822 4427 2047 4483 magno.
2078 4389 2130 4448 D

461 4510 530 4565 Et
557 4508 692 4564 dixit
720 4506 826 4563 illis
855 4507 1104 4582 angelus.
1127 4507 1306 4563 Nolite
1335 4506 1546 4573 timere,
1567 4523 1698 4564 ecce
1718 4508 1861 4563 enim
1891 4523 2055 4564 evan-

460 4607 638 4682 gelizo
687 4606 843 4662 vobis
899 4606 1161 4681 gaudium
1218 4622 1479 4678 magnum
1551 4606 1697 4678 quod
1753 4607 1858 4662 erit
1907 4606 2053 4662 omni

465 4709 688 4782 populo,
737 4707 862 4781 quia
919 4716 1075 4764 natus
1143 4716 1227 4765 est
1280 4707 1438 4762 nobis
1497 4707 1764 4774 Salvator,
1825 4707 1916 4780 qui
1973 4715 2057 4764 est

463 4806 712 4863 Christus
741 4805 1032 4872 Dominus,
1061 4804 1116 4860 in
1146 4803 1360 4862 civitate
1389 4804 1586 4873 David,
1617 4804 1672 4860 id
1701 4812 1784 4861 est
1813 4804 1867 4859 in
1898 4805 2052 4860 Betho

459 4904 627 4962 leem.
675 4905 742 4960 Et
797 4905 902 4962 hoc
930 4902 1092 4960 vobis
1147 4902 1408 4976 signum:
1443 4902 1738 4959 Invenietis
1795 4901 2050 4958 infantem

456 5001 656 5075 pannis
683 5000 1004 5067 involutum,
1038 5008 1092 5057 et
1121 5000 1356 5072 positum
1386 5000 1439 5056 in
1470 5000 1756 5073 praesepio.
1790 5001 1859 5060 Et
1876 5000 2054 5056 subito

458 5101 600 5157 facta
653 5106 737 5155 est
793 5115 915 5156 cum
974 5099 1194 5174 angelio
1239 5099 1528 5156 multitudo
1570 5098 1775 5155 militiae
1814 5098 2053 5154 caelestis

461 5192 732 5248 exercitus
764 5190 1098 5248 laudantium
1119 5201 1172 5249 et
1186 5192 1479 5249 dicentium
1505 5211 1519 5247 :
1541 5215 1564 5241 α
1591 5190 1781 5247 Gloria
1796 5190 1851 5246 in
1873 5190 2054 5248 excel-

463 5289 540 5344 sis
570 5288 686 5343 Deo
715 5294 768 5343 et
797 5288 852 5343 in
881 5295 1030 5344 terra
1085 5305 1190 5360 pax
1229 5288 1540 5344 hominibus
1570 5287 1732 5344 bonae
1762 5285 2052 5342 voluntatis

462 5387 628 5457 (Luc.
665 5387 755 5456 ιι).
797 5410 818 5433 ιτ
852 5386 970 5442 Hoc
998 5385 1282 5442 audientes
1311 5394 1560 5458 pastores
1589 5392 1855 5442 venerunt
1882 5400 2052 5456 usque

459 5483 798 5549 Bethlehem,
817 5489 870 5538 et
899 5481 1222 5538 invenerunt
1245 5484 1384 5540 sicut
1411 5482 1579 5539 fuerat
1607 5482 1810 5538 dictum
1842 5480 1909 5536 ad
1931 5481 2052 5536 illos

460 5597 563 5660 per
614 5579 898 5654 angelum.
965 5579 1160 5636 Merito
1234 5579 1464 5653 angelus
1518 5581 1636 5637 haec
1691 5577 2046 5644 annuntiavit,

466 5679 596 5755 quia
645 5695 740 5738 rex
793 5677 1118 5752 angelorum
1167 5685 1326 5736 natus
1363 5681 1500 5749 erat,
1559 5685 1620 5734 ut
1671 5693 1792 5736 cum
1844 5693 2050 5751 magna

2145 3155 2463 3230 pendebant
2492 3152 2675 3224 angeli
2703 3151 2969 3216 homines,
3005 3149 3148 3221 quod
3195 3164 3253 3202 se
3302 3147 3371 3200 ab
3413 3146 3489 3200 eis
3518 3143 3735 3200 adorari

2145 3253 2561 3326 permittebant.
2601 3249 2738 3306 Hinc
2757 3257 2834 3305 est
2866 3246 3012 3320 quod
3029 3246 3252 3318 angelos
3272 3246 3369 3300 Lot
3389 3252 3442 3300 et
3462 3243 3734 3299 Abraham

2150 3343 2380 3398 adorant
2399 3342 2563 3412 (Gen.
2604 3340 2742 3404 xxx).
2767 3354 2869 3393 nec
2897 3337 3001 3408 ipsi
3023 3335 3377 3408 prohibentur
3395 3340 3518 3387 ante
3535 3329 3736 3387 Christi

2150 3432 2472 3488 adventum.
2513 3428 2619 3484 Sed
2668 3434 2796 3482 nato
2837 3425 3072 3482 Domino
3131 3439 3255 3481 cum
3282 3424 3522 3479 Joannes
3576 3419 3740 3475 vellet

2153 3526 2384 3584 adorare
2429 3523 2658 3595 angelos
2703 3522 2759 3577 in
2804 3520 3140 3592 apocalypsi,
3188 3520 3240 3574 id
3272 3525 3354 3574 est
3408 3516 3639 3588 angelus
3667 3529 3740 3569 ne

2154 3628 2210 3668 se
2239 3611 2436 3667 debeat
2466 3609 2699 3664 adorare
2731 3604 3064 3677 compescuit
3085 3604 3304 3660 dicens:
3339 3626 3360 3650 α
3391 3601 3524 3656 Vide
3553 3616 3624 3656 ne
3654 3597 3738 3655 le-

2155 3701 2331 3758 ceris:
2359 3713 2659 3756 conservus
2692 3696 2836 3752 enim
2867 3703 2992 3750 tuus
3023 3710 3143 3748 sum
3175 3701 3228 3748 et
3258 3690 3478 3746 fratrum
3524 3697 3740 3744 tuorum

2156 3791 2346 3860 (Apoc.
2396 3789 2529 3856 xxx).
2569 3809 2589 3833 η
2624 3786 2780 3840 Prius
2827 3792 3072 3839 naturam
3103 3783 3393 3838 humanam
3432 3778 3743 3850 despiciunt

2157 3885 2362 3958 angeli,
2417 3893 2474 3939 ut
2517 3883 2852 3949 inferiorem,
2913 3880 3011 3937 sed
3067 3887 3356 3952 postquam
3407 3893 3525 3934 eam
3579 3890 3746 3947 super

2159 3993 2219 4032 se
2249 3981 2586 4045 assumptum
2625 3971 2984 4043 conspiciunt,
3028 3976 3355 4040 prostratam
3402 3967 3505 4022 sibi
3556 3965 3745 4021 videre

2159 4065 2573 4138 pertimescunt,
2633 4077 2737 4117 nec
2773 4059 3136 4132 dedignantes
3193 4056 3468 4113 hominem
3507 4053 3742 4120 socium,

2162 4153 2256 4226 qui
2287 4168 2456 4224 super
2485 4167 2544 4207 se
2575 4150 2804 4206 adorant
2831 4147 3106 4204 hominem
3127 4147 3322 4201 Deum.
3342 4147 3443 4200 Pax
3465 4142 3747 4199 nuntiatur

2160 4250 2490 4315 hominibus,
2525 4249 2621 4304 sed
2673 4264 2789 4303 non
2845 4247 3096 4302 omnibus
3130 4244 3460 4312 hominibus,
3493 4243 3587 4298 sed
3619 4250 3744 4296 tan-

2163 4350 2274 4394 tum
2304 4339 2613 4394 hominibus
2664 4338 2821 4392 bona:
2850 4335 3169 4392 voluntatis.
3213 4337 3290 4390 Ac
3318 4332 3366 4389 si
3400 4333 3638 4388 diceret:
3665 4329 3746 4384 llli

2162 4446 2222 4484 se
2251 4430 2366 4484 Deo
2407 4426 2852 4491 reconciliabuat,
2907 4424 2999 4496 qui
3029 4424 3232 4478 habent
3265 4423 3464 4478 bonam
3496 4420 3748 4477 volunta-

2164 4536 2273 4583 tem
2325 4523 2735 4582 reconciliandi.
2785 4522 2882 4578 llle
2920 4538 3051 4578 vero
3088 4521 3251 4578 habet
3288 4521 3614 4576 voluntatem
3655 4534 3750 4572 re-

2163 4613 2491 4670 conciliandi
2523 4613 2614 4684 qui
2646 4628 2706 4667 se
2734 4611 2915 4666 subdit
2945 4610 3211 4676 Creatori,
3247 4626 3348 4665 nec
3381 4607 3503 4664 facit
3543 4605 3754 4678 aliquid

2164 4711 2494 4768 contrarium
2539 4710 2659 4779 ejus
2715 4709 2999 4765 voluntati.
3072 4707 3376 4764 Notandum
3434 4713 3518 4762 est
3579 4718 3754 4776 quare

2162 4807 2360 4864 dixerit
2389 4808 2547 4862 bonae
2577 4805 2888 4872 voluntatis,
2931 4814 2983 4860 et
3010 4820 3120 4860 non
3150 4803 3402 4870 actionis,
3434 4801 3563 4874 quia
3600 4799 3752 4856 suffi-

2165 4905 2241 4960 cit
2267 4905 2412 4960 bona
2445 4903 2718 4960 voluntas.
2759 4901 2923 4958 etiam
2947 4900 2993 4957 si
3048 4901 3186 4957 desit
3215 4898 3545 4971 operationis
3574 4897 3752 4952 facul-

2165 5012 2268 5058 tas.
2311 5006 2500 5074 ltaqne
2529 5003 2672 5057 bona
2701 5001 2950 5056 voluntas
2981 5001 3125 5057 valet
3166 4999 3377 5071 aliquid
3406 4999 3523 5053 sine
3551 5011 3751 5068 opera—

2164 5102 2332 5167 tione,
2362 5101 2502 5155 bona
2531 5098 2780 5169 Operatio
2811 5113 3111 5169 numquam
3143 5097 3261 5152 sine
3293 5097 3431 5150 bona
3455 5095 3750 5151 voluntate.

2167 5197 2350 5253 Maluit
2381 5213 2515 5269 ergo
2545 5196 2726 5252 dicere
2755 5195 2912 5252 bonae
2939 5193 3244 5260 voluntatis,
3276 5193 3420 5264 quod
3465 5208 3752 5249 commune

2162 5305 2243 5354 est
2283 5296 2336 5350 in
2377 5293 2637 5350 omnibus
2680 5292 2927 5348 salvatis.
2975 5292 3350 5358 Ostendimus,
3389 5291 3589 5346 fratres
3617 5290 3750 5344 cha-

2163 5393 2385 5458 rissimi,
2453 5391 2610 5448 vobis
2675 5390 2952 5463 quomodo
3018 5390 3282 5461 apparuit
3329 5388 3658 5461 benignitas,
3698 5401 3752 5447 et

2161 5489 2486 5556 humanitas,
2519 5497 2650 5556 etc.,
2680 5487 2778 5543 sed
2808 5503 2917 5543 non
2939 5493 3026 5542 est
3055 5485 3296 5542 silendus
3325 5485 3462 5541 ordo
3491 5485 3609 5553 ejus
3638 5482 3754 5555 g‘o-

2161 5587 2325 5643 riosas
2345 5586 2665 5644 nativitatis.
2687 5584 2983 5642 Praedictus
3013 5587 3124 5639 erat
3142 5585 3256 5654 ejus
3277 5583 3544 5640 adventus
3565 5580 3752 5636 multis

2158 5683 2281 5735 ante
2318 5677 2672 5751 temporibus,
2723 5691 2753 5731 a
2798 5672 3082 5747 prophetis
3119 5673 3483 5746 praesignatus
3537 5678 3652 5730 erat
3690 5671 3748 5727 in
