4062 6074
226 210 237 219 :
336 187 445 239 703

337 306 522 366 multis
552 305 761 381 ﬁguris.
800 305 886 362 Ait
914 305 1056 362 enim
1100 306 1286 363 Isaias:

338 398 410 455 de
428 396 612 454 radice
637 396 805 464 Iesse,
847 403 901 450 et
926 394 1026 450 ﬂos
1065 396 1132 451 de
1163 396 1342 452 radice
1372 396 1490 467 ejus
1519 396 1770 453 ascendet
1799 396 1933 465 (Ira.

336 489 469 557 11).:
497 486 594 541 Hic
622 485 784 541 etiam
812 484 1017 554 primus
1045 493 1288 541 ostensus
1317 494 1395 541 est
1424 487 1480 541 in
1511 493 1751 558 tempore
1824 488 1935 541 Aa-

335 591 437 631 ron
469 575 523 629 in
553 573 744 646 ﬁgura.
777 572 1038 628 Dominus
1065 574 1210 629 enim
1237 575 1495 645 praecepit
1513 573 1682 646 Moysi
1725 574 1793 628 de
1820 573 1935 627 sin-

335 671 480 745 gulis
508 669 750 726 tribubus
767 669 949 741 virgas
1000 668 1203 726 afferri.
1242 672 1430 727 Allata:
1474 678 1598 725 sunt
1651 669 1935 725 duodecim

339 760 511 833 virga
535 779 547 814 :
581 760 718 815 inter
746 774 880 829 quas
909 757 1071 812 etiam
1102 775 1208 815 una
1237 761 1399 816 allata
1429 767 1526 824 est,
1586 774 1705 831 quae
1759 760 1936 813 Aaron

334 848 512 905 fuerat
538 847 848 904 sacerdotis.
882 846 1076 903 Posite
1104 856 1230 903 sunt
1269 865 1401 922 ergo
1455 865 1487 905 a
1516 855 1699 903 sancto
1752 848 1934 918 Moyse

337 937 397 992 in
445 937 844 992 tabernaculum
904 935 1220 992 testimonii.
1284 937 1450 1009 Virga
1525 944 1702 991 autem
1757 937 1933 990 Aaron

334 1033 459 1097 post
504 1026 726 1080 alteram
782 1025 927 1079 diem
995 1024 1263 1083 invenitur
1328 1026 1641 1097 produxisse
1697 1024 1855 1079 ﬂores
1882 1030 1933 1078 ct

334 1122 557 1178 frondes
587 1135 639 1176 et
680 1124 951 1194 peperisse
997 1140 1160 1186 nuces
1194 1124 1383 1194 (Num.
1435 1124 1590 1192 xvn).
1621 1123 1763 1177 Ecce
1791 1136 1931 1192 quo-

332 1211 496 1267 modo
526 1211 855 1267 conveniunt
882 1216 1145 1286 praphcta
1192 1221 1247 1268 et
1283 1211 1475 1285 ﬁgura.
1525 1212 1673 1267 Jesse
1702 1210 1797 1265 fuit
1826 1226 1930 1281 pa-

335 1308 419 1357 ter
446 1300 641 1369 David,
673 1301 828 1356 radix
857 1302 1005 1358 Iesse
1042 1309 1121 1358 est
1169 1301 1375 1358 familia
1415 1300 1745 1368 Iudaeorum,
1776 1299 1930 1371 virga

333 1396 415 1446 est
442 1388 648 1457 Maria;
690 1389 790 1445 ﬂos
833 1389 975 1447 ﬁlius
1027 1391 1215 1462 ipsius,
1270 1406 1432 1461 super
1467 1405 1627 1460 quem
1658 1386 1933 1443 descendit

336 1484 568 1557 Spiritus
586 1492 805 1540 sanctus
838 1485 895 1540 in
939 1485 1121 1557 specie
1161 1484 1448 1541 columbae.
1492 1483 1750 1540 Similiter
1776 1482 1931 1554 virga

331 1575 508 1628 Aaron
566 1588 687 1643 qum
741 1573 856 1629 sine
903 1574 1107 1629 semine
1164 1574 1384 1646 protulit
1427 1589 1610 1643 nuces,
1664 1570 1931 1644 signiﬁcat

331 1662 578 1727 Mariam,
613 1678 735 1731 qua
763 1662 878 1718 sine
916 1662 1122 1718 semine
1151 1662 1339 1735 genuit
1366 1661 1632 1718 Christum
1657 1680 1668 1716 :
1694 1660 1750 1715 in
1770 1676 1926 1726 nuce,

332 1762 455 1818 qua
482 1745 749 1819 signiﬁcat
776 1747 1118 1803 Dominicum
1147 1763 1361 1818 corpus,
1392 1747 1494 1803 tria
1520 1753 1642 1801 sunt
1672 1763 1685 1800 :
1720 1751 1924 1811 cortex,

330 1838 492 1902 testa,
515 1835 754 1891 nucleus.
786 1836 981 1892 Cortex
1011 1852 1225 1892 amarus
1253 1834 1521 1909 signiﬁcat
1546 1850 1784 1899 carnem,
1809 1847 1928 1903 qum

330 1923 520 1979 habuit
588 1924 851 1995 passionis
934 1924 1366 1981 amaritudinem.
1434 1925 1593 1979 Testa
1663 1920 1930 1995 signiﬁcat

328 2037 486 2091 ossa;
524 2023 743 2078 nucleus
770 2023 1010 2089 interior,
1043 2024 1280 2079 animam
1305 2023 1592 2079 candidam
1622 2020 1924 2078 virtutibus.

331 2112 465 2166 Cum
517 2111 598 2166 his
627 2120 681 2167 et
725 2111 993 2167 similibus
1047 2121 1187 2168 esset
1238 2111 1455 2169 Domini
1502 2110 1751 2167 nativitas
1795 2125 1926 2181 pro-

332 2199 573 2257 nuntiata
621 2208 674 2254 et
727 2199 1111 2267 demonstrata,
1160 2202 1330 2257 voluit
1357 2200 1621 2257 Dominus
1663 2197 1929 2269 promissa

332 2288 577 2360 implere.
610 2288 800 2343 Missus
819 2297 899 2344 est
928 2290 1106 2360 itaque
1154 2289 1374 2345 Gabriel
1402 2289 1472 2345 ad
1500 2288 1725 2344 Mariam
1754 2286 1928 2359 virgi-

333 2394 454 2434 nem
514 2377 570 2431 in
623 2378 908 2445 Nazareth,
951 2379 1285 2434 annuntiavit
1339 2377 1653 2434 descensum
1711 2376 1929 2432 Domini

328 2467 385 2521 in
422 2472 630 2522 uterum
670 2466 812 2536 ejus.
862 2466 1097 2539 Dignum
1137 2473 1253 2523 erat
1287 2474 1344 2521 ut
1382 2466 1622 2535 Gabriel,
1655 2466 1743 2535 qui
1764 2466 1931 2538 forti-

331 2554 463 2612 tudo
495 2556 593 2611 Dei
618 2554 830 2622 dicitur,
862 2555 1204 2611 annuntiaret
1254 2555 1579 2611 nasciturum
1609 2555 1804 2621 Deum,
1838 2553 1926 2624 qui

335 2643 455 2698 forti
520 2659 686 2698 manu
741 2650 1080 2716 pugnaturus
1143 2651 1331 2701 contra
1393 2642 1579 2698 mundi
1625 2641 1927 2714 principem

333 2749 463 2795 erat.
524 2740 589 2795 Et
643 2739 802 2798 valde
856 2741 1187 2797 conveniens
1243 2747 1378 2808 erat,
1435 2747 1492 2794 ut
1540 2740 1797 2809 Christus,
1841 2738 1928 2810 qui

323 2828 456 2885 ﬂore
481 2828 789 2901 supradicto
841 2829 1198 2903 praesignatus
1247 2837 1378 2895 erat,
1412 2828 1466 2883 in
1495 2829 1761 2884 Nazareth
1792 2844 1929 2884 con-

324 2917 608 2991 ciperetur,
629 2935 750 2989 quae
776 2919 879 2988 ﬂos
908 2926 963 2975 et
988 2920 1301 2992 virgultum
1346 2918 1738 2992 interpretatur,
1770 2934 1932 2992 egre-

1288 181 1876 239 DEFLORATIONES
1915 181 2015 238 SS.
2048 181 2361 239 PATRUM.
2404 214 2475 224 —
2512 184 2646 237 LIB.
2690 185 2732 237 ῐ.

1354 330 1375 356 ‹ι
1434 308 1759 382 Egredietur
1786 306 1939 379 virga
1964 306 2021 367 A
2050 323 2234 365 mense
2274 327 2305 363 ει
2354 307 2704 379 conceptione
2753 307 2992 377 Joannis,
3056 317 3348 380 conceptus
3394 317 3474 364 est
3500 309 3651 366 Chri-

3537 187 3641 243 ’794

2046 404 2175 452 stus.
2209 396 2328 465 Quo
2355 403 2616 467 concepto
2647 396 2778 451 abiit
2806 397 2973 451 Maria
3020 397 3075 451 in
3112 406 3367 453 montana
3395 415 3519 453 cum
3550 398 3637 454 fe-

2045 485 2350 553 stinatione,
2421 491 2471 540 et
2547 484 2760 540 intravit
2829 485 2883 539 in
2942 485 3160 541 domum
3236 486 3523 553 Zachariae,
3582 494 3635 541 et

2045 575 2295 629 salutavit
2340 573 2632 628 Elisabeth.
2683 574 2751 628 Et
2809 575 2989 629 audita
3036 575 3353 630 salutatione
3398 575 3640 630 exsulta-

2045 661 2123 716 vit
2144 660 2321 716 infans
2350 661 2403 715 in
2458 668 2609 717 utero
2657 662 2927 717 Elisabeth
2975 664 3132 734 (Luc.
3168 667 3229 732 l).
3264 664 3441 733 Cmpit
3468 665 3636 718 Joan-

2044 773 2140 812 nes
2169 773 2286 812 esse
2315 759 2576 828 propheta
2607 765 2894 828 antequam
2934 768 3275 829 nasceretur;
3325 760 3643 833 recognovit

2044 863 2228 901 servus
2257 847 2570 914 Dominum,
2603 849 2943 917 prophetavit
2973 857 3262 918 conceptus
3292 857 3633 920 conceptum,

2043 943 2096 991 et
2124 952 2220 1006 per
2246 935 2476 1007 gratiam
2508 935 2658 1006 pueri
2697 937 2902 1004 repleta
2958 945 3037 992 est
3094 945 3264 992 mater
3290 938 3477 1009 spiritu
3504 954 3637 1009 pro-

2042 1024 2258 1096 phetiae,
2283 1031 2337 1077 et
2363 1023 2463 1077 ait:
2505 1046 2526 1071 «ι
2562 1023 2713 1079 Unde
2742 1026 2844 1078 hoc
2875 1024 3029 1091 mihi,
3053 1034 3110 1079 ut
3139 1027 3319 1081 veniat
3336 1034 3508 1081 mater
3535 1028 3642 1081 Do-

2040 1111 2171 1165 mini
2202 1111 2309 1165 mei
2339 1111 2407 1165 ad
2439 1128 2524 1165 me
2547 1112 2574 1164 ‘?
2608 1112 2673 1166 Et
2701 1113 2895 1166 mansit
2924 1113 2998 1167 ibi
3028 1114 3197 1169 Maria
3238 1115 3405 1169 tribus
3434 1115 3641 1170 mensi-

2037 1200 2158 1269 bus,
2190 1207 2245 1255 et
2270 1216 2487 1255 reversa
2514 1208 2594 1254 est
2640 1200 2697 1254 in
2752 1200 2976 1255 domum
3035 1218 3186 1257 suam
3219 1203 3421 1273 (ibid.).
3458 1226 3479 1251 »ι
3517 1205 3641 1260 Post

2040 1299 2155 1353 hac
2180 1296 2405 1369 contigit
2434 1296 2511 1352 ire
2540 1298 2740 1368 Joseph
2800 1298 3108 1354 Bcthlehem
3168 1316 3291 1354 cum
3338 1316 3506 1355 uxore
3542 1317 3639 1355 sua

2036 1391 2373 1459 praegnante.
2436 1386 2679 1456 Cumque
2736 1386 2945 1458 impleti
3003 1395 3180 1443 essent
3235 1387 3350 1442 dies
3387 1396 3443 1443 ut
3471 1405 3634 1460 pare-

2036 1483 2135 1547 ret,
2194 1474 2411 1533 divertit
2466 1474 2522 1529 in
2577 1474 2867 1545 stabulum,
2920 1482 2976 1531 et
3023 1476 3230 1548 peperit
3276 1476 3391 1531 sine
3422 1476 3628 1546 dolore,

2036 1572 2090 1620 et
2115 1563 2312 1635 pannis
2341 1580 2466 1619 eum
2495 1563 2740 1631 involvit,
2795 1570 2848 1619 et
2876 1564 3063 1621 divina
3109 1566 3349 1637 potentia
3380 1572 3635 1636 operante

1955 1655 2009 1716 B
2040 1669 2193 1718 natus
2221 1669 2300 1716 est
2329 1660 2395 1716 de
2424 1660 2636 1733 virgine
2682 1662 2836 1732 (Luc.
2897 1663 2959 1734 ιι)
3015 1663 3184 1719 Maria
3225 1664 3481 1734 Christus,
3526 1679 3635 1720 non

2033 1757 2220 1821 aperta
2245 1749 2470 1822 virginis
2526 1758 2701 1821 porta,
2763 1751 2890 1821 quia
2944 1752 3098 1825 virgo
3154 1759 3278 1808 ante
3315 1760 3549 1825 partum,
3580 1760 3635 1807 et

2036 1835 2190 1906 virgo
2221 1833 2275 1887 in
2305 1840 2480 1904 partu,
2511 1840 2565 1888 et
2592 1833 2747 1906 virgo
2790 1842 2914 1904 post
2964 1842 3198 1904 partum.
3230 1837 3309 1891 De
3329 1839 3431 1893 hac
3458 1836 3634 1909 virgi-

2034 1931 2119 1986 nis
2165 1939 2320 2002 porta
2359 1930 2498 1986 dixit
2534 1931 2797 1987 Dominus
2834 1932 2902 1987 ad
2942 1933 3278 1989 Ezechietem
3324 1952 3336 1988 :
3393 1958 3414 1983 α
3477 1934 3634 1990 Porta

2034 2021 2151 2077 haec
2186 2036 2348 2091 quam
2380 2019 2531 2076 vides
2558 2020 2740 2075 clausa
2768 2020 2868 2076 erit
2912 2030 2963 2076 et
3001 2038 3108 2077 non
3155 2022 3441 2095 aperietur,
3474 2030 3526 2077 et
3553 2022 3636 2078 vir

2034 2126 2143 2165 non
2203 2108 2424 2164 transiet
2477 2124 2574 2181 per
2629 2124 2770 2178 eam,
2840 2110 3095 2180 quoniam
3162 2110 3424 2166 Dominus
3489 2111 3633 2166 Deus

2035 2198 2198 2254 Israel
2229 2198 2502 2271 ingressus
2549 2206 2626 2253 est
2680 2215 2777 2269 per
2812 2215 2954 2268 eam,
2988 2208 3041 2255 et
3068 2216 3284 2271 semper
3323 2200 3426 2255 erit
3453 2201 3633 2255 clausa

2036 2288 2257 2356 (Ezech.
2291 2287 2458 2358 thv).
2488 2308 2508 2335 »
2545 2288 2799 2359 Magnum
2824 2287 3093 2358 meritum,
3117 2305 3375 2360 magnum
3405 2288 3629 2356 donum,

2034 2392 2233 2448 magna
2260 2376 2435 2448 gratia
2460 2394 2471 2430 :
2504 2376 2697 2430 ancilla
2726 2376 2936 2448 peperit
2970 2378 3163 2444 Deum,
3197 2385 3439 2432 creatura
3470 2378 3630 2432 Crea-

2036 2482 2227 2542 torem,
2257 2474 2369 2530 ﬁlia
2399 2482 2698 2546 parentem,
2730 2474 2841 2529 ﬁlia
2887 2474 3200 2544 divinitatis,
3232 2482 3404 2530 mater
3431 2475 3628 2529 huma-

2035 2564 2232 2619 nitatis.
2292 2565 2437 2619 Duas
2491 2564 2800 2619 nativitates
2856 2563 3073 2619 Domini
3122 2562 3434 2635 accipimus,
3466 2578 3629 2617 unam

2035 2651 2295 2719 divinam,
2327 2651 2549 2707 alteram
2580 2652 2873 2706 humanam
2898 2668 2910 2704 :
2942 2652 3090 2706 illam
3119 2651 3235 2706 sine
3255 2659 3442 2718 matre,
3474 2650 3628 2705 istam

2037 2740 2155 2795 sine
2209 2747 2378 2812 patre.
2438 2740 2633 2807 Hodie,
2693 2740 2882 2795 tratres
2947 2739 3265 2808 charissimi,
3296 2738 3631 2794 celebramus

2040 2829 2391 2900 temporalem
2418 2828 2750 2884 nativitatem
2781 2836 3001 2900 propter
3039 2843 3137 2883 nos
3161 2834 3456 2899 acceptam,
3486 2842 3629 2898 gau-

2038 2919 2262 2973 deamus
2316 2924 2535 2989 propter
2580 2917 2971 2988 reparationem
3020 2924 3280 2972 nostram.
3326 2915 3500 2971 Hodie
3535 2932 3630 2970 su-

320 3008 470 3080 gium
534 3023 921 3079 praecursorem
1000 3008 1206 3063 habuit.
1296 3008 1563 3082 Egregius
1629 3007 1927 3079 imperator
1954 3037 2002 3100 C
2031 3007 2201 3078 scepit
2254 3007 2486 3061 mundus
2532 3005 2774 3061 inﬁrmus
2829 3006 3135 3075 sanitatem,
3195 3004 3355 3060 hodie
3385 3003 3630 3075 captivus

320 3096 581 3153 Joannem
608 3097 925 3169 Baptistam,
963 3096 1053 3167 qui
1083 3096 1152 3152 ab
1185 3104 1333 3153 utero
1356 3097 1541 3153 matris
1563 3097 1740 3152 Deum
1768 3111 1919 3152 reco-

324 3194 532 3265 gnovit,
565 3194 655 3265 qui
676 3210 776 3264 per
803 3194 1057 3250 eumdem
1109 3195 1366 3266 angelum
1425 3194 1734 3252 Gabrielem
1774 3211 1916 3255 nun-

321 3281 477 3339 tiatus
532 3290 631 3348 est,
662 3290 714 3338 et
742 3290 928 3339 contra
971 3300 1125 3338 usum
1170 3291 1372 3339 naturae
1401 3283 1469 3339 de
1498 3282 1684 3346 sterili,
1741 3282 1917 3337 Elisa-

323 3369 446 3426 beth
494 3370 744 3428 videlicet
800 3379 1031 3445 cognata
1087 3372 1270 3428 Mariae
1326 3380 1481 3428 natus
1527 3380 1625 3427 est.
1676 3373 1736 3426 In
1766 3378 1917 3426 sexto

2029 3104 2351 3171 libertatem,
2414 3102 2574 3157 hodie
2627 3101 2964 3173 recuperavit
3032 3101 3188 3157 ettsul
3239 3099 3625 3156 haereditatem.

2028 3191 2394 3263 Suscipiamus
2425 3191 2587 3246 hodie
2633 3192 2839 3263 Regem
2894 3188 3222 3257 venientem,
3265 3204 3630 3261 praeparemus

2028 3279 2333 3335 habitacula
2361 3285 2640 3349 pectorum
2699 3286 2883 3334 contra
2941 3279 3101 3334 talem
3134 3277 3537 3347 imperatorem,
3570 3282 3626 3330 ut

2026 3369 2277 3441 dignetur
2306 3383 2401 3422 nos
2431 3367 2668 3437 recipere
2697 3367 2749 3421 in
2777 3366 2977 3423 calesti
3009 3367 3366 3422 Hierusalem.

380 3708 999 3816 DOMINICA
1076 3710 1652 3815 PROXIMA
1727 3708 2052 3814 POST
2122 3705 2997 3811 NATIVITATEM
3074 3708 3559 3812 DOMINI.

403 3996 425 4021 α
461 3975 620 4030 ibant
647 3983 801 4048 pater
821 3977 943 4031 Jesu
975 3985 1027 4031 et
1058 3984 1228 4031 mater
1262 3976 1588 4031 admirantes
1635 3992 1796 4046 super
1841 3975 1923 4029 his

329 4078 449 4133 quae
476 4063 794 4120 dicebantur
849 4066 916 4120 de
974 4065 1087 4133 illo,
1147 4072 1200 4119 et
1251 4064 1528 4119 benedixit
1566 4063 1672 4117 illis
1701 4063 1922 4119 Simcon

234 4174 243 4179 -
329 4152 481 4220 (Luc.
514 4153 593 4222 ιι).
630 4177 652 4202 ο»

399 4240 619 4311 (ΒπυΑ.)
675 4244 895 4314 Ioseph,
971 4243 1097 4313 quia
1171 4241 1416 4298 nutritius
1470 4250 1602 4307 erat,
1643 4247 1698 4295 et
1740 4239 1921 4294 Mariae

330 4329 530 4384 famam
563 4331 886 4388 observabat
906 4332 1201 4387 secundum
1231 4331 1544 4401 opinionem
1573 4329 1742 4401 vulgi,
1766 4330 1921 4383 Pater

329 4416 625 4474 Salvatoris
653 4420 972 4491 appellatur.

405 4530 428 4554 α
463 4509 527 4562 Ει
553 4508 690 4562 dixit
719 4509 788 4564 ad
818 4509 1041 4564 Mariam
1082 4518 1306 4564 matrem
1339 4508 1490 4578 ejus:
1545 4508 1681 4562 Ecce
1719 4506 1922 4577 positus

330 4602 409 4649 est
438 4596 524 4651 hic
554 4596 607 4651 in
635 4597 844 4653 ruinam
894 4603 947 4653 et
975 4597 1027 4650 in
1057 4597 1498 4652 resurrectionem
1549 4596 1835 4651 multorum
1867 4594 1920 4649 in

328 4684 491 4740 Israel
522 4692 574 4739 et
600 4684 656 4739 in
685 4685 900 4758 signum
931 4685 1017 4741 cui
1046 4685 1458 4742 contradicetur.
1492 4709 1514 4733 ι»

396 4774 459 4828 ln
486 4773 697 4830 ruinam
752 4775 1041 4830 multorum
1090 4775 1294 4844 positus
1327 4781 1406 4831 est
1453 4773 1746 4841 Dominus,
1794 4774 1921 4844 quia

327 4861 440 4934 ipse
457 4869 538 4917 est
559 4863 695 4935 lapis
716 4862 1046 4927 offensionis,
1071 4872 1118 4917 et
1137 4870 1287 4936 petra
1308 4863 1563 4928 scandali,
1586 4863 1638 4917 id
1658 4871 1735 4918 est
1750 4864 1919 4918 ruina:

328 4949 409 5004 his
457 4951 547 5021 qui
603 4950 881 5007 oﬂ'endunt
936 4952 1123 5021 verbo,
1175 4969 1272 5008 nec
1325 4952 1567 5007 credunt.
1615 4952 1695 5007 De
1726 4952 1919 5022 quibus

324 5038 440 5110 ipse
494 5039 660 5096 dicit:
692 5063 713 5089 «
778 5040 835 5096 Si
893 5057 1003 5096 non
1058 5042 1325 5096 venissem
1381 5047 1433 5096 et
1468 5040 1677 5095 locutus
1704 5040 1782 5094 eis
1811 5057 1918 5095 non

324 5126 564 5195 fuissem,
625 5136 905 5200 peccatum
964 5146 1072 5186 non
1130 5130 1392 5185 haberent
1434 5130 1615 5199 (Joan.
1648 5128 1762 5198 xv).
1800 5151 1820 5176 η
1857 5131 1918 5183 In

319 5218 762 5289 resuryctionem
818 5226 999 5273 autem
1056 5219 1262 5287 positus
1315 5226 1416 5293 est,
1476 5218 1603 5289 quia
1642 5218 1920 5273 credentes

320 5306 375 5361 in
432 5323 555 5361 eum
616 5315 1022 5363 resurrexerunt
1050 5324 1080 5362 a
1111 5308 1345 5379 peccatis
1391 5324 1491 5378 per
1543 5323 1689 5362 eum.
1722 5310 1782 5362 In
1811 5308 1919 5364 suis

320 5395 764 5466 prmdicatoribus
837 5411 1051 5467 quoque
1098 5398 1301 5469 positus
1369 5405 1448 5452 est
1500 5397 1554 5452 in
1607 5397 1816 5452 ruinam
1869 5406 1922 5451 et

318 5484 781 5551 resurrectionem,
842 5493 899 5539 ut
958 5484 1030 5539 ait
1087 5485 1415 5557 Apostolus:
1457 5509 1478 5533 ‹‹
1515 5485 1706 5541 Christi
1748 5486 1920 5541 bonus

321 5573 456 5627 odor
485 5590 669 5628 sumus
698 5573 811 5628 Deo
843 5573 897 5627 in
928 5573 1012 5627 his
1039 5574 1127 5645 qui
1174 5574 1308 5629 salvi
1364 5572 1516 5641 ﬁunt,
1550 5582 1603 5630 et
1632 5574 1687 5628 in
1716 5575 1799 5629 his
1827 5575 1917 5645 qui

314 5671 540 5735 pereunt
568 5663 642 5733 (ll
672 5662 800 5719 Cor.
841 5662 921 5732 ιι).
960 5686 981 5709 υ
1029 5662 1255 5739 Signum
1306 5662 1390 5718 cui
1436 5662 1830 5719 contradicetur
1857 5663 1917 5717 ﬁ-

2029 3977 2154 4032 dem
2184 3974 2483 4032 Dominica:
2520 3974 2693 4030 crucis
2721 3971 2924 4043 accipe,
2956 3972 3024 4027 de
3052 3988 3158 4041 qua
3185 3970 3354 4025 Judaei
3395 3970 3464 4025 ad
3492 3971 3625 4024 Pau-

2028 4066 2140 4120 lum
2170 4065 2450 4119 dixerunt:
2485 4063 2563 4116 De
2595 4064 2696 4116 hac
2749 4070 2894 4116 secta
2951 4068 3135 4116 notum
3166 4066 3245 4114 est
3270 4057 3447 4124 nobis,
3478 4058 3622 4128 quod

2028 4159 2229 4229 ubique
2258 4157 2309 4212 ei
2339 4156 2757 4213 contradicetur.
2793 4178 2814 4203 α
2867 4157 2933 4210 Ει
2979 4163 3126 4211 tuam
3172 4153 3340 4225 ipsius
3385 4152 3623 4208 animam

2030 4246 2351 4318 petransibit
2376 4246 2609 4317 gladius,
2646 4268 2666 4293 ιι
2704 4244 2759 4299 id
2814 4253 2895 4299 est
2948 4243 3103 4299 dolor
3156 4241 3455 4298 Dominica:
3503 4257 3625 4311 pas-

2029 4335 2215 4402 sionis,
2246 4334 2372 4404 quia
2401 4349 2509 4389 non
2558 4334 2729 4404 potuit
2776 4333 2968 4388 Filium
3017 4331 3198 4387 videre
3244 4328 3482 4402 cruciﬁgi
3511 4330 3627 4386 sine

2031 4423 2223 4479 affectu
2254 4422 2480 4478 materni
2509 4422 2730 4489 doloris,
2763 4422 2858 4477 etsi
2901 4420 3153 4493 sperabat
3180 4427 3622 4476 resurrecturum.

2029 4513 2208 4582 Usque
2266 4512 2333 4566 ad
2391 4509 2552 4566 ﬁdem
2619 4511 2799 4567 saeculi
2854 4510 3092 4566 animam
3134 4510 3388 4565 Ecclesiae
3413 4508 3628 4581 gladius

2034 4601 2388 4656 tribulationis
2418 4600 2720 4672 pertransit,
2772 4617 2893 4655 cum
2923 4600 3083 4672 signo
3113 4597 3237 4654 ﬁdei
3267 4597 3337 4653 ab
3367 4595 3629 4669 improbis

2030 4689 2430 4756 contradicitur,
2463 4707 2583 4744 cum
2616 4690 2813 4744 multos
2834 4706 2990 4745 ruere
3020 4687 3185 4743 videt.
3237 4687 3420 4742 Aliter.
3455 4684 3623 4755 (Om-

2028 4781 2264 4848 GENES.)
2322 4779 2527 4833 Positus
2557 4786 2637 4833 est
2678 4778 2941 4833 Dominus
2996 4778 3051 4831 in
3099 4778 3309 4831 ruinam
3349 4774 3622 4841 vitiorum,

2027 4875 2080 4922 et
2132 4868 2189 4921 in
2238 4867 2682 4922 resurrectionem
2730 4867 3004 4931 virtutum,
3067 4881 3164 4920 nec
3211 4862 3269 4917 ﬁt
3308 4861 3624 4917 resurrectio

2029 4956 2124 5011 nisi
2155 4956 2311 5010 ruina
2338 4955 2624 5025 praecedat.
2656 4954 2853 5010 Omnia
2905 4971 3026 5024 qua
3053 4954 3118 5008 de
3169 4952 3376 5008 Christo
3406 4967 3625 5005 narrau-

2028 5053 2129 5114 tur,
2163 5045 2306 5115 quod
2335 5052 2491 5099 natus
2537 5044 2603 5098 de
2650 5042 2879 5115 virgine,
2931 5042 3073 5113 quod
3124 5040 3433 5107 resurrexit,
3481 5040 3623 5110 quod

2020 5133 2203 5205 januis
2274 5132 2469 5188 clausis
2541 5131 2776 5198 intravit,
2843 5130 3044 5197 omnia,
3096 5131 3332 5200 inquam,
3405 5128 3621 5202 signum

2026 5230 2147 5275 sunt
2187 5221 2271 5276 cui
2319 5221 2701 5277 contradicitur
2746 5220 2815 5275 ab
2862 5218 3183 5274 inﬁdelibus.
3226 5219 3623 5287 (.tunnosrus.)

2033 5333 2053 5356 α
2089 5310 2256 5364 Tuam
2316 5309 2483 5380 ipsius
2532 5309 2771 5363 animam
2828 5307 3170 5379 pertransibit
3206 5307 3437 5379 gladius,
3475 5330 3497 5353 »
3534 5306 3625 5376 qui

2029 5405 2108 5452 est
2137 5398 2363 5453 verbum
2410 5398 2533 5463 Dei,
2573 5397 2819 5452 revelans
2866 5396 2961 5450 tibi
3010 5396 3296 5467 mysteria;
3335 5420 3356 5441 «ι
3398 5404 3456 5449 ut
3480 5410 3626 5449 reve-

2024 5486 2203 5548 lentur
2256 5504 2325 5541 ex
2380 5486 2562 5542 multis
2623 5487 2878 5542 cordibus
2916 5485 3290 5557 cogitationes.
3331 5506 3352 5532 η
3402 5485 3621 5552 (Bene)

2027 5578 2162 5630 Ante
2191 5584 2305 5631 erat
2346 5575 2629 5643 incertum,
2690 5574 2816 5646 quia
2858 5575 3165 5631 Judaeorum
3221 5573 3485 5629 Christum
3532 5587 3624 5625 re-

2026 5664 2286 5737 ciperent,
2333 5665 2422 5739 qui
2461 5673 2772 5738 respuerent
2805 5685 2820 5737 ;
2869 5664 2965 5720 sed
3005 5663 3187 5724 audita
3225 5661 3503 5718 nativitatc
3532 5673 3622 5712 re-
