4010 6074
523 262 625 316 795

1665 272 2012 327 WERNERI
2051 272 2290 328 ABATIS
2333 275 2389 331 S.
2436 275 2650 331 BLASII

3693 287 3794 341 796

504 383 826 438 valebantur
853 387 1234 458 cogitationes,
1269 409 1390 448 cum
1433 395 1679 451 Herodes
1709 404 1761 450 et
1798 395 1881 449 sui
1910 395 2086 450 turba—
2115 398 2169 457 A
2201 406 2283 453 est
2307 398 2429 470 ipsa
2460 400 2736 470 divinitas,
2773 420 2875 473 qua
2907 402 3101 474 plenus
3145 412 3284 470 erat,
3336 406 3516 478 gratia
3549 424 3683 465 vero
3713 418 3793 466 est

511 471 728 525 bantur.
769 473 963 530 Postea
1003 494 1134 534 vero
1173 479 1413 536 doctrina
1462 484 1581 552 ejus
1613 491 1664 538 et.
1687 483 1886 538 virtute
1931 482 2090 538 diﬂa-

500 566 663 623 mata,
701 559 792 615 alii
815 578 938 617 eum
962 567 1116 635 quasi
1138 570 1460 640 magistrum
1481 573 1728 626 veritatis
1756 572 2089 627 habuerunt.

501 654 612 709 Alii
644 657 712 710 ab
742 673 812 713 eo
843 661 996 730 quasi
1028 678 1059 718 a
1090 664 1377 723 seductore
1408 677 1767 724 recesserunt.

574 768 594 790 α
630 747 692 800 Et
724 756 836 801 erat
872 753 1025 804 Anna
1054 756 1400 824 prophetissa
1436 756 1549 812 ﬁlia
1582 757 1819 812 Phanuel
1849 757 1916 813 de
1948 757 2088 812 tribu

495 834 660 888 Aser.
703 837 836 891 Haec
871 853 1221 908 processerat
1252 845 1302 899 in
1327 846 1520 901 diebus
1552 847 1758 911 multis,
1794 855 1846 902 et
1875 847 2091 902 vixerat

494 938 618 977 cum
663 924 780 980 viro
841 942 940 982 suo
997 931 1154 985 annis
1213 950 1288 988 vn
1319 951 1348 988 a
1380 935 1693 1008 virginitate
1722 952 1838 990 sua.
1871 937 1940 990 Et
1969 937 2088 992 haec

495 1019 651 1074 vidua
680 1025 800 1077 erat
829 1040 1005 1096 usque
1029 1028 1096 1082 ad
1118 1045 1289 1086 annos
1321 1047 1579 1098 Lxxxuu,
1616 1050 1737 1104 quae
1767 1050 1874 1088 non
1907 1033 2084 1089 disce-

491 1107 657 1163 debat
686 1111 753 1166 de
784 1114 1000 1184 templo,
1030 1117 1250 1185 jejuniis
1270 1128 1323 1174 et
1343 1121 1813 1178 obsecrationibus
1839 1125 2086 1181 serviens

493 1195 608 1252 Deo
640 1199 726 1254 die
757 1216 818 1256 ac
849 1211 1033 1257 nocte.
1072 1229 1091 1252 ιι
1129 1207 1301 1261 Juxta
1330 1209 1611 1264 historiam
1639 1211 1799 1265 Anna
1830 1221 1880 1266 et
1910 1213 2083 1269 devo-

496 1291 563 1340 tae
589 1290 1017 1346 conversationis
1048 1302 1098 1347 et
1130 1298 1452 1352 venerandae
1482 1298 1662 1354 aetatis
1689 1299 1855 1371 digna
1881 1301 2087 1357 descri-

489 1373 652 1440 bitur,
684 1394 804 1446 qua:
835 1380 1065 1436 Domino
1096 1384 1463 1440 testimonium
1495 1387 1829 1457 perhibebat.
1864 1391 2085 1462 Mystice

490 1470 671 1518 autem
703 1465 976 1536 signiﬁcat
1020 1471 1345 1542 Ecclesiam,
1397 1493 1516 1546 quae
1555 1476 1607 1530 in
1649 1479 1897 1546 praesenti
1929 1481 2082 1551 quasi

491 1561 676 1630 sponsi
707 1563 922 1618 Domini
973 1567 1056 1620 sui
1104 1578 1279 1625 morte
1331 1571 1547 1627 viduata
1595 1582 1701 1629 est.
1743 1575 1955 1646 Septies
1982 1593 2077 1646 xu,

490 1664 715 1704 Lxxxun
746 1652 973 1708 iaciunt.
1013 1658 1077 1710 Et
1109 1674 1178 1712 vn
1212 1662 1487 1727 pertinent
1521 1662 1588 1717 ad
1617 1679 1835 1718 cursum
1869 1666 2076 1732 seculi,

490 1737 579 1808 qui
611 1738 802 1794 diebus
835 1751 1046 1812 septem
1091 1747 1322 1802 volvitur
1361 1765 1372 1816 ;

490 1834 885 1904 perfectionem
920 1841 1230 1911 apostolica:
1252 1845 1530 1903 doctrinae.
1557 1848 1821 1921 Quisquis
1843 1867 1973 1922 ergo
2003 1859 2081 1907 to—

492 1930 598 1977 tum
633 1923 754 1979 vitm
786 1942 898 1982 suae
929 1936 1142 2000 tempus
1163 1935 1476 2002 apostolicis
1500 1937 1779 2008 mancipat
1808 1939 2078 2004 institutis,

488 2011 642 2081 quasi
674 2031 894 2069 LXXXIIII
927 2019 1080 2072 annis
1119 2021 1358 2077 caelestis
1404 2025 1590 2095 templi
1619 2026 1801 2080 limina
1831 2044 2078 2097 servare,

487 2115 538 2161 et
568 2110 783 2164 Domini
809 2115 1090 2182 postulare
1121 2117 1412 2174 adventum
1441 2120 1705 2190 laudatur,
1740 2123 1867 2178 dum
1899 2140 1930 2178 a
1958 2125 2078 2180 Do-

484 2196 630 2252 mino
660 2202 1060 2271 peregrinatur.
1097 2206 1319 2277 Septem
1364 2209 1490 2263 anni
1540 2211 1737 2281 quibus
1768 2217 1923 2266 Anna
1954 2230 2076 2270 cum

485 2284 604 2339 viro
635 2302 734 2341 suo
762 2289 913 2355 vixit,
945 2292 1260 2364 significant
1307 2296 1708 2366 perfectionem
1758 2300 1902 2355 illius
1932 2310 2075 2357 tem-

483 2382 634 2451 poris
667 2400 772 2452 quo
819 2403 849 2440 a
897 2389 1130 2445 Domino
1170 2391 1223 2445 in
1268 2408 1428 2449 carne
1469 2405 1826 2452 conversante
1856 2399 2080 2456 docetur

487 2469 770 2527 Ecclesia.
805 2473 907 2542 Qui
931 2478 1061 2531 anni
1080 2489 1261 2549 postea
1286 2499 1475 2552 perxn
1498 2485 1947 2556 multiplicantur,
1967 2506 2079 2560 pro-

484 2566 608 2628 pter
635 2563 989 2630 apostolicam
1014 2567 1340 2637 doctrinam,
1365 2572 1561 2628 deinde
1579 2582 1860 2646 regentem
1891 2578 2077 2635 Eccle-

481 2655 638 2714 siam.

559 2771 580 2793 α
617 2749 683 2802 Et
715 2750 832 2807 haec
863 2751 980 2823 ipsa
1011 2754 1138 2810 hora
1166 2759 1560 2828 superveniens
1583 2761 1938 2820 conﬁtebatur
1966 2767 2074 2823 Do-

479 2833 646 2902 mino,
682 2845 733 2892 et
764 2838 1088 2912 loquebatur
1131 2845 1198 2901 de
1241 2846 1335 2901 illo
1384 2849 1635 2904 omnibus
1667 2852 1756 2923 qui
1788 2863 2072 2925 exspecta-

479 2934 609 2990 bant
638 2941 1103 2998 resurrectionem
1132 2946 1320 3001 Israel.
1360 2972 1381 2996 Ι

547 3027 673 3096 Ipsa
700 3027 831 3083 hora
871 3047 977 3100 qua
1023 3033 1248 3090 Simeon
1291 3038 1505 3108 accepit
1546 3055 1776 3109 puerum
1807 3059 2074 3113 superve-

2201 489 2511 556 conjunctio
2541 491 2832 546 divinitatis
2863 492 2916 546 in
2945 509 3107 547 unam
3129 509 3442 564 personam.
3484 497 3675 553 Gratia
3705 513 3789 554 an-

2201 586 2328 643 tem,
2362 579 2484 648 quia
2515 579 2692 635 eidem
2723 581 3011 636 mediatori
3038 582 3136 638 Dei
3168 591 3220 638 et
3241 583 3548 664 hominum,
3584 587 3788 642 homini

2197 673 2331 728 Jesu
2362 675 2580 731 Christo
2609 692 2806 750 magna
2838 679 3013 749 gratia
3055 679 3312 734 donatum
3344 687 3444 746 est,
3496 688 3550 735 ut
3588 698 3655 736 ex
3687 699 3791 754 quo

2198 761 2360 818 homo
2390 762 2508 818 ﬁeri
2540 767 2810 836 coapisset,
2870 767 3145 838 perfectus
3191 777 3243 822 et
3274 769 3417 824 Deus
3475 779 3644 825 esset.
3681 774 3794 829 Hoc

2196 851 2474 906 hominum
2504 862 2704 910 natura
2733 871 2840 909 non
2871 857 3080 927 recipit,
3112 865 3169 911 ut
3200 865 3325 912 ante
3362 859 3657 914 duodecim
3691 877 3794 916 au-

2196 963 2296 1002 nos
2326 949 2587 1018 sapientia
2620 951 2923 1022 impleatur.
2957 953 3245 1021 Quomodo
3287 955 3472 1010 omnia
3492 955 3589 1011 illo
3621 957 3798 1012 mira—

2194 1036 2320 1090 bilia
2351 1036 2587 1104 fuerunt,
2640 1039 2713 1093 ita
2761 1041 2992 1111 pueritia
3040 1042 3301 1097 mirabilis
3334 1043 3452 1111 fuit,
3485 1052 3542 1100 ut
3574 1046 3677 1101 Dei
3709 1061 3795 1102 sa-

2195 1125 2393 1194 pientia
2422 1127 2766 1198 impleretur.

2448 1268 2688 1324 SERMO
2725 1270 2820 1325 DE
2858 1271 3105 1327 TRIBUS
3144 1272 3513 1330 SILENTIIS.

2270 1393 2291 1421 ι
2332 1373 2477 1428 Dum
2507 1374 2747 1429 medium
2803 1375 3075 1431 silentium
3133 1386 3380 1434 tenerent
3427 1382 3632 1447 omnia,
3687 1391 3790 1439 etc.

2188 1460 2341 1532 (Sap.
2377 1465 2547 1530 xvm).
2580 1485 2601 1509 η
2635 1463 2761 1518 Tria
2791 1473 2912 1518 sunt
2945 1465 3161 1521 silentia
3189 1484 3200 1520 :
3251 1468 3482 1523 Primum
3513 1478 3596 1525 est
3626 1471 3791 1543 igno-

2192 1546 2373 1600 rantia
2420 1546 2738 1619 languoris;
2783 1552 3102 1617 secundum,
3128 1551 3442 1623 desperatio
3476 1557 3790 1622 curatoris;

2192 1630 2410 1685 tertium
2465 1632 2741 1688 silentium
2799 1643 2881 1689 est
2949 1636 3169 1706 adoptio
3223 1639 3498 1694 sanitatis.
3549 1640 3792 1696 Primum

1424 1767 1498 1805 xu
1541 1767 1668 1806 vero
1707 1752 1979 1823 pertinent
2008 1727 2077 1810 ad
2108 1751 2160 1813 Β
2190 1727 2460 1782 silentium
2483 1727 2602 1823 fuit,
2637 1729 2857 1801 quando
2895 1732 3059 1787 homo
3115 1748 3223 1789 non
3255 1734 3481 1805 agnovit
3535 1737 3790 1791 morbum

2191 1832 2370 1882 suum,
2403 1824 2456 1872 et
2485 1817 2688 1874 idcirco
2713 1820 2929 1885 silebat,
2961 1836 3063 1876 nec
3093 1824 3435 1893 quaerebatur
3465 1825 3789 1881 remedium.

2193 1912 2300 1968 Sed
2331 1920 2627 1983 postquam
2661 1915 2746 1970 lex
2777 1917 3117 1984 subintravit,
3169 1927 3223 1974 et
3251 1922 3487 1977 ostendit
3517 1922 3791 1995 languidis

2192 2000 2416 2056 vulnera
2449 2017 2566 2068 sua,
2594 2005 2777 2059 statim
2810 2013 3026 2076 ruptum
3059 2016 3143 2062 est
3187 2008 3482 2077 silentium,
3518 2019 3572 2066 et
3602 2027 3794 2083 coepe-—

2194 2098 2316 2144 runt
2346 2106 2476 2146 mox
2507 2095 2640 2165 aegri
2664 2095 2893 2149 salutem
2918 2112 3182 2165 quaerere.
3207 2097 3312 2152 Sed
3345 2100 3475 2168 quia
3503 2115 3605 2171 per
3623 2116 3796 2172 opera

2192 2178 2333 2250 legis
2362 2181 2454 2234 ubi
2483 2182 2633 2237 salus
2662 2199 2770 2238 non
2797 2191 2878 2238 est
2906 2186 3089 2239 sanari
3135 2185 3410 2253 volebant,
3457 2189 3607 2260 quod
3637 2206 3791 2261 quaa-

2189 2269 2386 2323 rebant
2417 2285 2527 2324 non
2556 2277 2812 2341 poterant
2841 2273 3114 2328 invenire.
3170 2276 3411 2331 Tandem
3443 2293 3576 2348 ergo
3605 2279 3792 2334 consi—

2191 2356 2395 2412 derans
2423 2359 2608 2424 homo,
2642 2375 2742 2430 per
2770 2359 2948 2432 legem
2968 2363 3252 2418 neminem
3275 2363 3571 2433 justiﬁcari
3605 2382 3792 2437 posse,

2189 2454 2346 2524 quasi
2375 2463 2498 2525 post
2527 2456 2812 2512 diuturnos
2857 2458 3122 2515 clamores
3176 2460 3453 2534 fatigatus,
3502 2463 3668 2519 etiam
3703 2480 3789 2520 se-

2189 2542 2423 2598 cundum
2448 2545 2741 2600 silentium.
2765 2547 3023 2602 Locutum
3038 2557 3119 2604 est
3139 2566 3347 2620 pacem,
3363 2551 3511 2607 dedit
3527 2553 3789 2624 desespe—

2190 2655 2340 2709 rans,
2376 2639 2524 2713 loqui
2557 2659 2773 2698 rursum
2811 2646 3067 2712 cessavit,
3092 2655 3142 2703 et
3172 2649 3524 2705 subsecutum
3547 2661 3631 2706 est
3653 2668 3785 2725 gra-

2182 2728 2333 2796 tiam,
2372 2733 2649 2800 proposuit
2679 2733 3138 2803 misericordiam,
3185 2737 3432 2807 promisit
3462 2741 3699 2809 veniam,
3736 2750 3787 2797 et

2185 2826 2471 2888 cmperunt
2512 2819 2644 2891 aegri
2691 2837 2907 2877 currere
2953 2823 3023 2878 ad
3072 2825 3366 2895 medicum,
3395 2835 3448 2882 et
3477 2829 3636 2900 quasi
3665 2845 3786 2885 ma-

2186 2915 2311 2986 gnis
2342 2915 2682 2984 clamoribus,
2717 2917 2795 2974 sic
2815 2934 2952 2989 pura
2981 2918 3090 2976 fide
3120 2923 3305 2978 cordis
3335 2931 3387 2979 et
3409 2941 3537 2980 vera
3557 2925 3782 2983 confes-

2187 3003 2339 3059 sione
2369 3006 2484 3059 oris
2522 3006 2750 3077 ﬂagitari
2798 3007 3121 3064 remedium.
3175 3012 3289 3068 Hoc
3336 3013 3521 3084 itaque
3550 3022 3605 3070 et
3638 3029 3782 3072 nunc

475 3111 631 3168 niens
647 3118 805 3171 Anna
824 3099 1200 3189 confitebatur,
1221 3123 1273 3180 id
1297 3134 1376 3180 est
1398 3099 1656 3183 laudabat
1680 3099 1999 3198 Dominum,
2020 3141 2072 3188 et
2099 3110 2149 3173 (ἶ
2185 3099 2239 3153 in
2269 3100 2372 3198 νξίθ
2416 3102 2518 3158 hac
2546 3104 2812 3198 Praesenti
2860 3106 3059 3198 θείῃῗῇ
3108 3116 3162 3162 m
3203 3124 3327 3198 qum
3369 3111 3530 3167 homo
3557 3129 3656 3182 per
3684 3113 3783 3170 Dei

474 3209 726 3266 omnibus
757 3212 1006 3270 fidelibus
1037 3218 1126 3287 qui
1151 3218 1291 3289 jugo
1343 3221 1575 3276 Herodis
1606 3223 1928 3298 alienigenae
1952 3244 2073 3300 gra-

476 3298 583 3352 vati
615 3299 992 3358 liberationem
1025 3308 1428 3376 exspectabant,
1464 3312 1817 3380 promittebat
1848 3298 2071 3384 pervad-

477 3393 707 3440 ventum
730 3389 929 3444 Christi
952 3391 1005 3444 in
1028 3393 1279 3461 proximo
1302 3397 1769 3469 redemptioneme
1786 3401 1924 3458 ﬁeri.
1945 3405 2068 3460 Non

478 3481 651 3535 solum
685 3485 886 3555 angeli,
930 3488 1026 3541 sed
1055 3497 1108 3542 et
1137 3493 1312 3547 omnis
1361 3503 1494 3549 tetas
1540 3506 1593 3552 et
1624 3515 1785 3554 sexus
1817 3503 2066 3558 testimo-

472 3569 622 3622 nium
654 3579 777 3626 nato
817 3574 1047 3629 reddidit
1077 3593 1266 3647 puero,
1329 3590 1380 3636 et
1409 3583 1547 3639 sicut
1578 3587 1648 3641 ab
1679 3590 1921 3645 omnium
1954 3609 2059 3646 sae-

472 3656 717 3712 culorum
777 3659 1028 3718 ﬁdelibus
1081 3668 1533 3740 praesagiebatur,
1586 3675 1658 3730 ila
1687 3677 1912 3734 veniens
1941 3695 2066 3736 om-

470 3745 619 3799 nium
667 3755 984 3804 sanctorum
1035 3752 1197 3810 laude
1249 3759 1594 3827 praedicatur.
1633 3764 1867 3837 (BEDA.)
1907 3767 2065 3837 Quod

471 3842 691 3899 Simeon
740 3854 787 3901 et
839 3849 996 3904 Anna
1044 3856 1284 3921 provecti
1340 3858 1525 3914 Jesum
1559 3863 1834 3933 excipiunt
1863 3874 1915 3921 et
1943 3867 2065 3922 lau-

469 3934 615 3997 dant,
634 3934 914 4005 signiﬁcat
933 3937 1147 3994 ﬁdelem
1170 3943 1539 4018 Synagogam,
1565 3966 1686 4020 quae
1704 3960 1825 4021 rost
1845 3953 2064 4026 longam

472 4024 938 4091 exspectationem
986 4031 1408 4098 promissionum
1454 4051 1562 4090 non
1627 4036 1751 4094 ﬁcta
1799 4039 1904 4096 tide
1939 4024 2065 4098 eum

471 4129 799 4190 receperunt
828 4123 919 4195 qui
947 4129 1436 4196 praenuntiabatur.

541 4248 561 4271 «
585 4226 725 4281 Etut
742 4229 1091 4297 perfecerunt
1107 4238 1292 4292 omnia
1306 4240 1606 4295 secundum
1622 4241 1800 4316 legem
1823 4245 2062 4314 Domini,

466 4317 673 4368 reversi
706 4325 830 4370 sunt
854 4317 910 4371 in
943 4320 1226 4377 Galilaeam
1271 4325 1324 4380 in
1373 4328 1645 4384 civitatem
1695 4348 1853 4387 suam
1882 4336 2062 4390 Naza-

465 4411 607 4464 rcth.
651 4435 671 4460 ι»
709 4413 1055 4472 Przetermisit
1086 4421 1186 4476 hoc
1217 4422 1339 4479 loco
1370 4427 1566 4494 Lucas,
1599 4447 1718 4501 qua)
1757 4447 1787 4485 a
1827 4433 2060 4490 Mattheo

465 4498 600 4552 satis
631 4501 875 4569 exposita
905 4517 1154 4574 noverat,
1178 4511 1465 4567 Dominum
1493 4498 1765 4588 videlicet,
1797 4530 1918 4592 post
1947 4523 2066 4580 haec

465 4601 534 4640 ne
565 4587 635 4641 ab
667 4589 881 4646 Herode
937 4597 1225 4652 necandus
1286 4599 1646 4673 inveniretur,
1693 4587 1982 4679 Eglvptum
2033 4627 2067 4666 a

463 4677 783 4746 parentibus
813 4695 936 4735 esse
968 4683 1228 4739 delatum.
1281 4689 1662 4764 Defunctoque
1708 4677 1944 4764 Herode,
1985 4699 2066 4756 sic

465 4778 684 4834 demum
743 4781 1028 4840 Galilmam
1088 4804 1411 4858 reversum,
1453 4795 1722 4852 Nazareth
1783 4799 2060 4857 civitatem

462 4882 616 4922 suam
646 4869 950 4928 inhabitare
986 4876 1237 4946 coepisse.
1287 4881 1473 4936 Solent
1521 4885 1663 4939 enim
1711 4888 2064 4959 evangelista

461 4955 659 5028 singuli
681 4959 760 5015 sic
782 4963 1026 5019 omittere
1049 4967 1318 5037 quaedam,
1343 4987 1462 5041 quae
1486 4973 1568 5027 vel
1594 4974 1661 5028 ab
1680 4974 1799 5030 aliis
1819 4955 2062 5034 comme-

460 5061 575 5108 rata
607 5057 836 5112 viderint
871 5060 954 5115 vel
988 5063 1058 5115 ab
1101 5063 1223 5118 aliis
1269 5072 1747 5125 commemoranda
1779 5072 1834 5127 in
1866 5075 2061 5145 spiritu

461 5143 830 5212 praeviderint,
898 5157 955 5202 ut
1017 5153 1325 5210 continuata
1365 5173 1475 5212 suae
1516 5161 1840 5215 narrationis
1891 5143 2058 5232 serie,

461 5240 614 5307 quasi
645 5241 793 5297 nulla
851 5249 1274 5314 prmtermisisse
1332 5253 1636 5310 vidcantur.
1701 5257 1841 5325 Quia
1872 5266 2057 5316 tamen

460 5333 684 5391 alterius
716 5343 1071 5413 evangelista:
1100 5348 1439 5406 considerata
1470 5351 1773 5424 Scriptura,
1800 5373 1907 5428 quo
1934 5357 2059 5415 loco

457 5439 720 5493 transulta
750 5440 962 5512 fuerint,
995 5446 1228 5520 diligens
1258 5451 1436 5509 lector
1464 5455 1730 5511 inveniat.

528 5568 549 5589 ‹‹
587 5544 728 5601 Puer
756 5555 934 5603 autem
966 5555 1252 5609 crescebat
1313 5567 1362 5612 et
1407 5562 1827 5620 confortabatur
1858 5567 2058 5637 plenus

457 5647 744 5718 sapientia,
778 5657 831 5703 et
860 5651 1034 5722 gratia
1061 5653 1161 5708 Dei
1208 5665 1323 5710 erat
1351 5657 1402 5712 in
1433 5660 1544 5716 illo.
1585 5686 1606 5710 ιι
1641 5665 1898 5723 Crescere
1930 5683 2055 5723 cor-

454 5752 587 5809 pore
617 5743 670 5792 et
699 5736 1011 5808 confortari,
1046 5748 1202 5799 aetate
1227 5744 1460 5803 humana
1488 5748 1752 5824 intellige.
1780 5755 2056 5827 Sapientia

2179 3189 2410 3258 gratiam
2441 3191 2726 3247 sanitatem
2759 3195 3046 3265 receperit,
3081 3205 3131 3251 et
3162 3197 3233 3252 ad
3285 3199 3434 3254 illam
3465 3199 3781 3286 felicitatem

2181 3295 2428 3343 venturae
2473 3288 2892 3346 immortalitatis
2949 3293 3245 3364 perductus
3290 3296 3470 3362 fuerit,
3519 3315 3628 3354 non
3676 3301 3776 3356 em

2177 3376 2411 3447 amplius
2455 3378 2579 3448 quid
2631 3388 2814 3449 petat;
2849 3389 2898 3436 et
2933 3390 3056 3438 tunc
3086 3385 3326 3456 sequitur
3359 3388 3580 3442 tertium
3613 3390 3778 3445 silen-

2178 3463 2330 3532 tium,
2364 3466 2509 3534 quod
2540 3483 2818 3538 nunquam
2852 3469 3012 3524 finem
3060 3471 3308 3528 habebit.
3351 3473 3498 3530 inter
3539 3479 3774 3547 primum

2176 3560 2230 3608 et
2258 3554 2492 3608 medium
2524 3555 2800 3610 silentium
2851 3559 3016 3614 multa
3068 3561 3235 3615 verba
3286 3574 3604 3631 sonuerunt,
3639 3567 3777 3622 inter

2173 3650 2410 3706 medium
2446 3660 2499 3708 et
2528 3652 2776 3708 ultimum
2808 3655 3086 3711 silentium
3117 3667 3277 3713 sonat
3306 3677 3473 3715 unum
3511 3662 3764 3718 verbum.

2179 3740 2344 3794 Multa
2381 3740 2596 3796 fuerunt
2638 3743 2962 3814 multiplicia
2998 3746 3142 3818 legis
3186 3749 3463 3814 mandata.
3489 3768 3626 3822 qua:
3672 3769 3774 3824 per

2175 3828 2398 3898 Moysen
2432 3829 2559 3884 data
2590 3839 2691 3885 est.
2730 3833 2902 3887 Unum
2932 3836 3165 3890 verbum
3196 3846 3296 3905 est,
3331 3855 3439 3893 una
3466 3840 3565 3894 Dei
3596 3842 3772 3913 gratia

2175 3939 2302 3993 quae
2333 3941 2434 3994 per
2461 3925 2646 3981 Jesum
2679 3929 2950 3984 Christum
2983 3930 3126 3988 facta
3155 3941 3256 4000 est,
3289 3934 3375 3988 vel
3404 3936 3584 4006 potius
3615 3938 3772 3993 Jesus

2175 4012 2422 4068 Christus
2451 4023 2555 4069 est.
2588 4017 2804 4088 Moyses
2835 4018 3069 4075 famulus
3097 4022 3197 4076 Dei
3223 4023 3398 4079 multa
3425 4025 3616 4092 verba,
3637 4026 3773 4081 mul-

2173 4108 2258 4156 tos
2301 4118 2583 4158 sermones
2627 4105 2833 4177 edidit;
2881 4109 3033 4164 Deus
3078 4111 3238 4166 Pater
3280 4129 3447 4167 unum
3508 4115 3769 4184 Verbum,

2171 4213 2336 4252 unum
2366 4215 2672 4256 sermonem
2703 4203 2874 4258 misit.
2907 4205 3016 4260 Sed
3047 4223 3328 4263 sermones
3359 4209 3563 4280 Moysis
3593 4212 3770 4266 omni—

2170 4295 2420 4357 potentes
2476 4304 2587 4344 non
2645 4289 2879 4361 fuerunt,
2941 4294 3064 4366 quia
3121 4297 3268 4369 quod
3307 4297 3567 4354 dicebant
3596 4299 3771 4356 facere

2170 4401 2278 4441 non
2332 4395 2659 4457 potuerunt:
2720 4391 2844 4446 ideo
2897 4393 3118 4448 tandem
3157 4394 3482 4468 quandoque
3533 4397 3588 4452 in
3639 4414 3769 4469 pro-

2091 4467 2144 4526 D
2175 4475 2434 4531 missione
2481 4477 2768 4534 deﬁcendo
2809 4480 3093 4536 siluerunt.
3141 4483 3210 4538 Et
3257 4491 3381 4540 tunc
3399 4467 3772 4558 omnipotens

2173 4559 2364 4614 Sermo
2423 4561 2594 4628 venit,
2653 4563 2744 4634 qui
2793 4581 2901 4619 non
2958 4565 3136 4621 solum
3179 4567 3330 4637 dixit,
3376 4569 3474 4624 sed
3505 4587 3771 4642 quaecun-

2172 4676 2277 4732 que
2308 4661 2460 4728 dixit,
2493 4663 2603 4718 imo
2643 4681 2978 4738 quascunque
3016 4668 3204 4735 voluit,
3238 4669 3389 4726 fecit.
3422 4672 3529 4727 Iste
3557 4673 3767 4741 Sermo,

2170 4747 2315 4804 istud
2351 4751 2592 4806 Verbum
2635 4754 2812 4810 adhuc
2859 4755 3118 4827 loquitur,
3163 4759 3398 4830 quandiu
3427 4760 3481 4814 in
3512 4761 3767 4818 ﬁdelibus

2170 4851 2286 4906 suis
2317 4853 2713 4923 promissiones
2746 4866 3021 4928 operatur.
3055 4860 3164 4916 Sed
3201 4876 3326 4917 cum
3358 4863 3632 4933 promissa
3663 4865 3768 4918 im-

2169 4949 2419 5019 pleverit,
2455 4959 2584 5009 tunc
2616 4956 2767 5026 quasi
2805 4957 3062 5012 cessavit.
3116 4958 3248 5014 Cum
3285 4967 3461 5015 autem
3491 4961 3768 5032 promissa

2169 5037 2365 5093 fuerint
2394 5040 2631 5110 impleta,
2680 5042 2806 5114 quia
2851 5043 3081 5116 amplius
3135 5047 3282 5118 quod
3336 5057 3570 5119 petatur,
3633 5050 3764 5104 nihil

2169 5125 2357 5193 deerit,
2379 5135 2508 5184 tunc
2524 5129 2644 5183 felix
2663 5139 2714 5185 et
2733 5133 3124 5202 sempiternum
3145 5135 3422 5191 silentium
3441 5137 3560 5193 erit.
3582 5161 3604 5185 «ι
3624 5139 3763 5194 Dum

2169 5229 2301 5286 ergo
2347 5217 2584 5271 medium
2636 5219 2907 5274 silentium
2961 5230 3206 5279 tenerent
3269 5225 3478 5280 omnia.
3543 5250 3563 5272 ιτ
3623 5229 3767 5282 Bene

2167 5304 2357 5359 omnia
2391 5323 2403 5358 :
2433 5307 2548 5363 Hoc
2579 5323 2685 5362 non
2717 5307 2893 5364 solum
2927 5310 3001 5364 illi
3032 5312 3122 5382 qui
3171 5312 3224 5367 in
3255 5313 3533 5383 {petitione
3563 5316 3767 5386 despe-

2171 5391 2376 5460 rabant,
2410 5395 2504 5450 sed
2535 5403 2588 5449 et
2620 5396 2708 5451 illa
2740 5415 2860 5469 qua:
2890 5399 2943 5452 in
2975 5400 3372 5469 promissione:
3413 5425 3435 5452 ε
3473 5405 3538 5457 Et
3571 5420 3678 5458 nox
3709 5405 3765 5458 in

2165 5496 2265 5536 suo
2295 5499 2454 5538 cursu
2487 5483 2590 5538 iter
2619 5486 2867 5542 haberet.
2902 5512 2920 5534 ιι
2945 5489 3070 5543 Nox
3096 5489 3148 5544 in
3176 5506 3336 5546 sacra
3359 5491 3642 5562 Scriptura
3663 5493 3765 5547 ali-

2167 5584 2383 5654 quando
2415 5602 2515 5656 pro
2544 5586 2782 5657 diabolo,
2816 5589 3110 5661 aliquando
3158 5608 3258 5662 pro
3289 5593 3496 5647 umbris
3530 5594 3671 5662 ejus,
3707 5595 3758 5648 in

2166 5675 2546 5742 peccatoribus
2578 5684 2630 5731 et
2656 5677 2878 5748 iniquis
2911 5679 3204 5752 aliquando
3235 5698 3336 5752 pro
3365 5684 3624 5752 peccatis,
3650 5683 3757 5737 ali-

2165 5762 2383 5832 quando
2429 5779 2526 5835 pro
2583 5767 2834 5835 presenti
2892 5767 2996 5824 vita
3052 5770 3338 5842 accipitur.
3409 5772 3512 5826 Per
3540 5779 3757 5829 noctem
