4062 6074
336 293 442 348 797

1237 289 1818 348 DEFLORATIONES
1860 292 1963 348 SS.
2015 294 2317 351 PATRUM.
2367 329 2437 339 —
2469 299 2596 352 LIB.
2647 301 2693 352 l.

3547 300 3646 351 798

329 429 467 485 ergo
488 413 542 468 in
570 413 677 469 hoc
704 411 847 479 loco,
881 413 1132 469 mortalis
1165 416 1325 484 hujus
1364 414 1487 471 vitae
1516 417 1717 471 fluctus
1749 415 1940 488 signa-
1967 419 2022 480 A
2053 421 2198 492 quod
2230 430 2329 486 est,
2355 423 2612 478 credatur
2654 424 2800 494 quod
2843 442 2950 481 non
3001 433 3107 481 est.
3164 426 3397 495 Quidam
3455 429 3641 494 putant

331 519 434 577 tur,
467 511 603 566 sicut
635 527 734 581 per
780 511 924 565 diem
982 511 1112 566 alibi
1165 513 1381 568 claritas
1431 513 1555 568 vitae
1615 522 1920 585 perpetuae.

334 601 588 655 Praesens
618 615 754 670 ergo
785 600 895 655 vita
924 617 1075 656 mors
1107 608 1212 668 est,
1247 602 1356 656 vita
1383 617 1514 656 vero
1555 602 1738 657 futura
1779 602 1925 657 dies.

333 692 459 744 Nox
492 689 592 742 ista
623 689 820 743 habeat
847 706 1160 760 vesperam,
1184 690 1302 745 dies
1324 690 1411 744 illa
1434 692 1626 746 habeat
1649 706 1926 746 auroram.

334 780 573 848 Vespera
603 777 769 846 hujus
800 778 975 833 noctis
1006 779 1162 833 etiam
1195 778 1291 832 fuit
1315 795 1378 832 ex
1411 795 1516 850 quo
1543 780 1713 833 Adam
1746 793 1940 849 pecca-

334 863 431 927 vit,
461 862 637 916 donec
667 870 894 932 accepta
925 863 1194 916 sententia
1226 864 1438 929 mortis,
1471 880 1502 918 a
1530 863 1788 934 paradiso
1811 863 1938 934 pul-

331 968 424 1006 sus
453 957 536 1005 est
574 951 628 1004 in
663 951 921 1005 tenebras
953 951 1114 1020 hujus
1154 951 1363 1005 mundi.
1419 951 1562 1007 Exiit
1607 967 1805 1007 aurora
1844 968 1938 1007 se-

337 1045 556 1116 quentis
583 1044 713 1111 diei,
739 1045 794 1099 id
818 1053 900 1100 est
933 1061 965 1100 a
996 1045 1398 1102 resurrectione
1440 1045 1635 1101 Christi
1669 1062 1840 1118 usque
1869 1046 1941 1101 ad

335 1133 499 1188 ﬁnem
533 1134 742 1189 saeculi.
775 1135 935 1188 Gutta
967 1134 1069 1188 ista
1101 1150 1206 1188 nox
1239 1143 1340 1188 est.
1375 1136 1483 1189 Sed
1516 1122 1636 1206 quis
1681 1142 1764 1190 est
1811 1151 1939 1190 cur-

333 1237 426 1276 sus
454 1223 612 1290 hujus
645 1221 815 1277 vitze?
847 1223 1020 1294 Igitur
1050 1223 1139 1276 via
1171 1223 1425 1278 mortalis
1455 1224 1708 1278 deorsum
1757 1230 1840 1278 est
1885 1223 1941 1277 in

334 1309 542 1377 inferis,
577 1310 726 1366 sicut
780 1311 890 1365 vita
937 1311 1257 1367 immortalis
1310 1329 1554 1366 sursum.
1614 1314 1773 1366 Item.
1833 1313 1942 1366 lter

328 1414 544 1453 sursum
576 1406 656 1453 est
688 1398 742 1452 in
774 1399 948 1454 caelis.
986 1401 1119 1454 Item
1151 1399 1391 1454 medium
1441 1408 1524 1454 est
1567 1399 1799 1454 stadium
1818 1399 1942 1456 vita:

335 1487 624 1557 praesentis
660 1505 672 1540 :
707 1488 851 1558 quod
883 1489 1162 1543 nascendo
1210 1489 1492 1554 intramus,
1540 1488 1774 1544 vivendo
1819 1505 1942 1560 per-

323 1575 614 1638 currimus,
654 1575 937 1630 moriendo
969 1576 1206 1631 eximus.
1245 1577 1517 1643 Quoniam
1548 1593 1683 1647 ergo
1731 1594 1838 1632 nox
1885 1576 1941 1630 in

327 1679 426 1717 suo
471 1679 638 1716 cursu
671 1663 911 1717 medium
946 1663 1046 1718 iter
1073 1665 1322 1730 haberet,
1349 1665 1473 1720 ideo
1521 1665 1741 1736 quando
1791 1681 1942 1720 mors

2046 534 2268 574 carnem
2297 520 2445 575 illam
2474 538 2592 593 quae
2623 531 2900 593 assumpta
2931 528 3015 579 est
3044 540 3076 578 a
3101 524 3308 587 Verbo,
3333 521 3404 576 ita
3422 521 3494 576 ab
3536 520 3636 575 ini-

2046 607 2122 661 tio
2174 615 2226 662 et
2264 609 2437 678 primo
2482 619 2724 680 parente,
2774 612 2989 683 quando
3033 620 3141 666 tota
3190 625 3374 665 massa
3428 617 3640 664 naturae

2050 697 2299 750 humanas
2327 715 2424 767 per
2453 708 2739 768 peccatum
2783 709 3040 771 corrupta
3087 709 3187 764 est,
3236 715 3268 754 a
3315 699 3641 770 contagione

2047 802 2098 849 et
2130 809 2160 848 a
2192 796 2541 864 corruptione
2571 797 2782 867 peccati
2815 798 3112 853 immunem
3173 798 3342 852 fuisse
3399 795 3642 853 custodi-

2047 891 2178 951 tam,
2221 891 2273 938 et
2303 884 2370 938 ab
2400 884 2518 954 ipso
2550 885 2726 955 primo
2758 897 2976 956 parente
3007 904 3177 959 usque
3219 887 3289 942 ad
3335 886 3637 956 susceptio-

2046 1003 2170 1041 nem
2201 985 2284 1039 sui
2313 1002 2344 1040 a
2372 985 2576 1054 Verbo,
2608 987 2840 1042 liberam
2869 989 2938 1043 ab
2969 989 3114 1044 omni
3147 996 3370 1058 peccato
3403 970 3456 1042 et
3483 1003 3641 1041 mun-

2047 1084 2172 1138 dam
2205 1083 2509 1152 deductam,
2544 1092 2598 1138 ut
2629 1101 2928 1158 numquam
2962 1087 3061 1141 sub
3091 1094 3314 1157 peccato
3363 1085 3542 1149 fuerit,
3589 1091 3641 1140 et

2046 1172 2172 1227 ideo
2201 1189 2229 1226 a
2266 1182 2490 1243 peccato
2523 1189 2632 1228 non
2681 1174 2986 1241 liberatam,
3035 1175 3133 1230 sed
3179 1175 3426 1229 liberam.
3479 1173 3640 1228 Aiunt

2047 1263 2192 1317 enim
2219 1263 2344 1332 quia
2364 1262 2458 1316 illa
2486 1278 2616 1333 pars
2645 1271 2857 1320 naturae
2878 1266 3131 1319 humanm
3167 1265 3268 1318 sub
3291 1271 3515 1332 peccato
3545 1279 3638 1316 es-

2047 1375 2107 1414 se
2135 1374 2246 1414 non
2275 1358 2478 1425 debuit,
2513 1375 2612 1429 per
2642 1375 2805 1431 quam
2849 1360 2968 1430 ipsa
3019 1369 3213 1416 natura
3261 1361 3507 1414 humana
3548 1358 3638 1412 ubi

2049 1447 2290 1503 obnoxia
2316 1456 2538 1518 peccato
2568 1447 2759 1514 fuerat,
2803 1466 2833 1503 a
2880 1457 3107 1519 peccato
3155 1447 3444 1502 liberanda
3487 1455 3628 1502 erat.

2049 1549 2128 1603 Ad
2157 1549 2498 1621 probandam
2535 1566 2753 1621 quoque
2782 1551 3029 1606 eamdem
3070 1549 3482 1605 aestimationem
3531 1548 3634 1602 ad-

2049 1647 2253 1702 ducunt
2281 1646 2414 1701 illud
2445 1647 2592 1718 quod
2618 1648 2932 1718 Apostolus,
2980 1663 3102 1703 cum
3138 1663 3337 1702 novum
3387 1645 3630 1701 sacerdo-

327 1751 614 1806 universos
648 1767 786 1822 quos
817 1754 871 1804 in
905 1752 1082 1807 stadio
1115 1752 1234 1808 vitae
1265 1734 1553 1822 praesentis
1583 1754 1812 1824 reperit,
1837 1769 1930 1808 se-

2051 1736 2180 1791 tium
2202 1735 2375 1791 veteri
2404 1735 2805 1805 praeferendum
2861 1744 3152 1801 assereret,
3216 1734 3634 1799 Melchisedech,

323 1865 448 1905 cum
480 1850 545 1902 ad
579 1847 786 1902 inferos
817 1849 998 1916 traxit,
1030 1858 1080 1903 et
1113 1865 1273 1904 nemo
1305 1850 1613 1905 mortalium
1644 1850 1714 1905 ad
1760 1851 1931 1906 vitam

328 1936 697 1991 immortalem
729 1937 1027 1991 ascendere
1058 1937 1250 2006 potuit.
1276 1937 1432 1992 Unde
1450 1953 1548 2007 per
1583 1945 1799 1994 noctem
1831 1955 1930 1994 ac-

324 2025 510 2095 cipere
540 2040 836 2096 possumus
865 2034 1167 2094 peccatum.
1230 2025 1362 2094 Quae
1406 2025 1660 2081 videlicet
1706 2043 1813 2082 nox
1861 2028 1930 2082 ab

327 2113 592 2185 originali
623 2121 849 2184 peccato
890 2113 1076 2184 coepit,
1129 2121 1182 2168 et
1228 2131 1328 2184 per
1377 2115 1612 2170 actualia
1659 2117 1925 2170 cucurrit.

325 2202 561 2271 Quando
581 2201 744 2274 igitur
756 2210 877 2272 post
889 2202 1212 2273 originalem
1225 2203 1722 2274 pravaricationem
1745 2203 1932 2274 prima:

324 2290 795 2362 praevaricationis
811 2291 1074 2345 naturalis
1092 2291 1323 2363 legis,ac
1340 2291 1538 2347 deinde
1558 2292 1775 2362 scriptae
1789 2292 1932 2364 legis

325 2379 782 2452 praevaricatione
816 2380 1164 2444 succedente,
1204 2388 1486 2450 peccatum
1537 2381 1606 2434 ad
1656 2397 1928 2436 summum

329 2469 726 2525 incrementum
759 2477 1004 2532 venerat,
1059 2468 1207 2540 quasi
1264 2484 1371 2523 nox
1429 2469 1484 2522 in
1539 2484 1639 2524 suo
1691 2469 1931 2526 medium

324 2572 487 2613 cursu
509 2557 610 2611 iter
643 2556 905 2611 habebat.
947 2557 1057 2612 Sed
1086 2557 1190 2610 ista
1218 2573 1322 2612 nox
1355 2572 1486 2612 vera
1524 2557 1645 2612 luce
1665 2574 1932 2629 apparen-

333 2649 409 2713 te,
461 2660 587 2700 mox
641 2645 904 2700 deorsum
963 2661 1195 2718 vergere
1245 2645 1426 2716 cmpit,
1489 2654 1542 2700 et
1599 2663 1709 2702 non
1772 2649 1930 2718 quasi

333 2733 565 2805 quadam
597 2733 806 2789 alterna
860 2734 1233 2789 immutatione
1290 2733 1549 2804 paulatim
1605 2735 1933 2791 decrescens

337 2823 578 2895 elongat,
613 2839 898 2894 quousque
929 2822 1014 2876 lux
1045 2823 1350 2878 crescendo
1402 2823 1471 2878 ad
1521 2823 1738 2893 plenam
1783 2825 1931 2880 diem

329 2912 634 2982 perveniat.
674 2911 806 2967 Vide
837 2928 972 2983 ergo
1006 2911 1689 2968 ordinatissimumdivinae
1705 2913 1932 2984 dispen-

332 3000 558 3055 sationis
589 3000 897 3057 consilium.
931 3000 1164 3068 Quando
1193 3001 1371 3054 omnis
1397 3002 1787 3070 recuperandae
1835 3016 1934 3055 sa-

2041 1825 2133 1896 qui
2161 1833 2346 1894 typum
2375 1824 2556 1894 ipsius
2585 1825 2784 1880 Christi
2811 1841 2877 1881 ac
2905 1825 3034 1881 novi
3063 1824 3350 1880 sacerdotii
3382 1823 3630 1896 gerebat,

2037 1922 2105 1975 ab
2132 1921 2407 1976 Abraham
2436 1921 2677 1976 decimas
2710 1921 2992 1992 accepisse
3022 1921 3276 1986 ostendit,
3313 1921 3368 1974 in
3400 1935 3508 1990 qua
3539 1919 3635 1972 dc-

2038 2010 2327 2065 cimatione
2359 2010 2522 2064 etiam
2554 2009 2708 2072 Levi.
2743 2026 2774 2065 a
2805 2027 2912 2082 quo
2944 2010 3141 2064 veteris
3167 2009 3452 2065 sacerdotii
3473 2007 3636 2062 mini-

2037 2107 2182 2154 stros
2213 2099 2566 2154 descendisse
2597 2099 2823 2153 dubium
2856 2115 2967 2153 non
2998 2107 3081 2154 est
3109 2098 3439 2154 decimatum
3469 2113 3626 2152 com-

2036 2196 2305 2267 probavit,
2345 2212 2406 2250 ac
2453 2211 2556 2266 per
2611 2197 2713 2250 hoc
2765 2204 2920 2250 vetus
2966 2195 3336 2251 sacerdotium
3380 2194 3526 2266 quod
3573 2193 3628 2247 in

2037 2285 2164 2340 Levi
2193 2285 2436 2340 decimas
2467 2284 2614 2340 dedit
2646 2283 2896 2351 inferius,
2928 2299 3126 2340 novum
3157 2292 3340 2339 autem
3369 2283 3519 2355 quod
3573 2281 3628 2335 in

2037 2382 2440 2439 Melchisedech
2474 2383 2565 2453 qui
2594 2383 2764 2438 forma
2786 2383 2982 2437 Christi
3004 2391 3108 2452 est,
3131 2381 3368 2436 decimas
3400 2380 3628 2450 accepit,

2035 2473 2286 2542 superius
2307 2480 2360 2526 et
2393 2471 2614 2543 dignius
2641 2471 3022 2527 aestimandum
3052 2473 3230 2539 (Hebr.
3273 2472 3392 2539 vn).
3427 2469 3532 2524 Ubi
3561 2477 3638 2523 ta-

2035 2577 2162 2617 men
2193 2561 2440 2616 Christus
2473 2561 2566 2632 qui
2599 2569 2723 2617 lunc
2755 2561 3055 2616 secundum
3109 2575 3322 2615 carnem
3385 2557 3635 2612 similiter

2037 2666 2095 2712 ut
2125 2659 2251 2712 Levi
2280 2658 2335 2712 in
2364 2657 2565 2712 lumbis
2597 2659 2831 2713 Abrahm
2861 2658 2980 2724 fuit,
3013 2657 3342 2713 decimatum
3393 2672 3502 2711 non
3543 2655 3633 2709 di-

2037 2747 2230 2810 cimus,
2267 2761 2336 2801 ne
2367 2746 2529 2800 simili
2563 2747 2770 2802 ratione
2820 2761 3022 2801 novum
3062 2744 3430 2800 sacerdotium
3487 2744 3632 2816 quod

2036 2835 2093 2889 in
2123 2835 2337 2890 Christo
2378 2843 2477 2900 est,
2529 2835 2731 2890 ibidem
2779 2834 3022 2889 decimas
3066 2833 3285 2888 dedisse
3329 2831 3633 2887 convinca-

2038 2947 2185 2985 mur.
2227 2929 2516 3000 Quomodo
2548 2939 2725 2986 autem
2761 2930 2888 2985 Levi
2924 2929 3021 3001 qui
3071 2927 3366 2984 secundum
3417 2943 3634 2982 carnem

2039 3021 2091 3073 in
2125 3020 2324 3074 lumbis
2355 3019 2524 3073 Patris
2553 3027 2684 3074 tunc
2741 3019 2838 3072 fuit
2883 3018 3185 3073 decimatas
3237 3024 3338 3081 est,
3390 3023 3444 3070 et
3487 3014 3640 3070 Chri-

331 3089 464 3188 ¹υίίξ⁷λ
493 3105 623 3195 ξρθε
655 3090 910 3160 Perierat,
944 3097 997 3187 εξ
1027 3105 1172 3143 mors
1205 3089 1383 3143 omnia
1433 3091 1929 3195 scc‘umndeors‘um
1963 3133 2010 3195 Ο
2041 3115 2178 3177 slus,
2215 3108 2305 3179 qui
2335 3108 2637 3164 secundum
2666 3123 2884 3163 carnem
2915 3107 3116 3161 ibidem
3166 3105 3280 3170 fuit,
3331 3105 3637 3160 decimatus

330 3178 604 3249 rapiebat,
655 3187 784 3234 tunc
840 3177 1182 3248 omnipotens
1235 3193 1414 3232 sermo
1468 3180 1538 3232 ad
1594 3179 1935 3235 liberandum

340 3265 578 3331 nittitur,
617 3274 673 3320 ut
703 3265 935 3336 amplius
965 3265 1162 3320 divina:
1189 3265 1379 3337 gratim
1407 3283 1604 3320 munus
1653 3283 1934 3323 commen-

329 3355 508 3410 detur.
540 3355 717 3421 Venit,
741 3355 931 3426 inquit.
958 3353 1092 3423 Quis
1111 3354 1138 3407 ?
1163 3355 1367 3409 Sermo
1391 3355 1672 3420 Altissimi,
1699 3358 1935 3411 Verbum

332 3443 455 3511 Dei,
489 3444 680 3499 unicus
719 3443 910 3509 Patris,
944 3459 1041 3498 rex
1073 3441 1213 3496 ﬁlius
1244 3443 1408 3514 regis.
1445 3445 1619 3513 Unde,
1654 3446 1738 3500 vel
1781 3448 1934 3517 quo?

333 3532 415 3586 De
466 3547 737 3588 concessu
793 3532 988 3595 Patris,
1052 3532 1119 3586 ad
1176 3531 1564 3588 celebrandum
1623 3534 1936 3604 mysterium

325 3619 621 3691 passionis,
667 3620 736 3674 de
785 3620 1096 3691 aequalitate
1144 3620 1444 3690 majestatis
1494 3623 1564 3676 ad
1634 3622 1934 3692 patibulum

326 3708 532 3778 crucis,
564 3708 632 3764 de
663 3708 794 3764 sede
827 3709 1003 3781 regali
1035 3708 1101 3763 ad
1133 3707 1406 3764 officinam
1453 3711 1688 3781 peccati,
1741 3710 1809 3765 de
1858 3710 1938 3765 lu-

327 3806 472 3861 mine
505 3805 630 3861 cmli
661 3822 834 3877 usque
865 3805 935 3860 ad
972 3805 1228 3860 tenebras
1269 3805 1493 3860 inferni.
1536 3807 1644 3861 Sed
1693 3807 1938 3879 nunquid

331 3893 459 3950 ideo
517 3911 749 3967 regnum
818 3895 1073 3965 perdidit,
1130 3895 1240 3948 imo
1294 3911 1388 3950 eos
1445 3895 1536 3965 qui
1591 3896 1733 3951 servi
1785 3905 1937 3952 erant

333 3983 546 4054 peccati
579 3983 822 4038 liberans
854 3999 1028 4053 usque
1057 3983 1126 4036 ad
1157 3984 1608 4055 conregnandum
1637 3983 1740 4039 sibi
1769 3985 1936 4039 subli-

338 4072 522 4138 mavit,
557 4079 610 4126 et
639 4072 762 4126 ideo
793 4070 1042 4125 fortassis
1071 4086 1100 4124 a
1153 4071 1430 4141 regalibus
1486 4071 1706 4127 sedibus
1761 4074 1932 4138 venit,

338 4160 471 4229 quia
502 4161 556 4213 in
586 4160 750 4215 domo
809 4160 980 4214 Patris
1038 4159 1146 4214 mei
1201 4160 1517 4215 mansiones
1573 4161 1756 4216 multa:
1813 4170 1938 4216 sunt

337 4250 517 4317 (Joan.
555 4250 696 4318 xw),
733 4255 786 4302 et
815 4247 1122 4318 regnabunt
1151 4262 1276 4303 cum
1306 4246 1400 4303 illo
1429 4247 1481 4301 in
1500 4257 1788 4311 internum,
1813 4266 1936 4305 cum

334 4337 657 4407 acceperint
691 4352 918 4408 regnum
952 4337 1097 4407 quod
1143 4340 1397 4407 paratum
1455 4346 1538 4392 est
1597 4338 1666 4392 ab
1723 4339 1936 4410 origine

327 4438 538 4494 mundi.

333 4627 405 4680 De
439 4642 499 4681 eo
521 4626 663 4698 quod
693 4626 920 4681 Verbum
950 4640 1182 4679 carnem
1216 4625 1459 4696 sumpsit
1482 4642 1607 4680 curn.
1624 4641 1790 4697 pama
1812 4627 1933 4682 sine

505 4716 693 4786 culpa,
727 4731 854 4770 cum
888 4715 1245 4769 mortalitate
1276 4717 1400 4770 sine
1432 4716 1761 4786 iniquitate.

406 4869 506 4926 Dei
537 4871 717 4941 itaque
747 4871 912 4925 Filius
942 4885 1066 4927 cum
1098 4879 1247 4926 esset
1276 4873 1591 4945 unigenitus
1625 4874 1799 4928 Patris
1841 4873 1936 4928 Fi-

334 4958 440 5013 lius
471 4959 660 5014 volens
682 4959 784 5014 sibi
805 4959 1006 5014 fratres
1036 4961 1360 5030 adiungere,
1393 4962 1677 5017 descendit
1717 4963 1785 5016 ad
1831 4967 1934 5017 hu-

331 5063 554 5102 manum
582 5063 778 5120 genus,
806 5057 854 5102 et
878 5050 1174 5118 assumpsit
1195 5050 1487 5112 hominem,
1512 5057 1569 5104 ut
1593 5047 1797 5105 faceret
1833 5050 1934 5105 sibi

333 5135 554 5202 fratres,
589 5136 794 5189 nullum
821 5137 1131 5206 despiciens
1163 5137 1216 5190 in
1246 5138 1481 5191 fraterno
1513 5138 1634 5193 loco
1655 5139 1937 5208 suscipere

335 5240 496 5295 quem
533 5225 792 5296 cognovit
823 5224 1166 5279 obedientem
1186 5225 1251 5278 iri
1273 5235 1669 5295 przeceptorum
1692 5243 1932 5283 suorum.

333 5312 478 5365 Multi
510 5320 688 5366 autem
725 5322 970 5383 quaerunt
1002 5314 1069 5366 de
1101 5329 1265 5368 carne
1298 5313 1392 5368 illa
1425 5331 1584 5386 quam
1617 5317 1934 5386 assumpsit,

332 5410 565 5481 qualiter
602 5427 635 5465 a
689 5419 914 5480 peccato
975 5411 1176 5464 munda
1237 5411 1473 5477 fuerunt,
1540 5413 1766 5483 qualiter
1820 5414 1938 5468 sine

336 5505 569 5568 peccato
600 5515 812 5568 poenam
846 5499 1052 5568 peccati
1098 5500 1407 5568 portaverit.
1453 5502 1520 5554 Et
1573 5503 1641 5556 de
1690 5517 1755 5556 eo
1795 5503 1936 5572 quod

337 5587 564 5657 qualiter
595 5606 624 5640 a
654 5595 883 5657 peccato
917 5588 1125 5640 munda
1158 5588 1374 5642 fuerunt
1406 5590 1490 5643 vel
1512 5591 1790 5655 mundata,
1816 5607 1939 5661 quo-

341 5677 594 5730 rumdam
626 5675 1038 5731 aestimationem
1070 5682 1257 5730 tacere
1280 5693 1387 5731 non
1409 5678 1693 5745 debemus,
1716 5693 1784 5734 ne
1806 5678 1939 5734 forte

346 5765 392 5818 si
424 5780 533 5821 non
565 5773 874 5838 exponetur
902 5780 1011 5821 non
1044 5764 1310 5834 videatur,
1357 5776 1408 5822 et
1452 5767 1497 5821 si
1539 5783 1646 5824 non
1695 5767 1941 5823 videatur

2045 3224 2154 3261 non
2210 3215 2310 3274 est,
2373 3207 2575 3261 nullam
2643 3223 2864 3262 causam
2933 3206 3091 3260 aliam
3168 3204 3398 3259 inveniri
3473 3219 3638 3274 posse

2045 3303 2250 3368 putant,
2286 3295 2388 3350 nisi
2409 3295 2534 3366 quia
2558 3310 2683 3351 caro
2724 3296 2848 3351 Levi
2886 3311 3006 3351 cum
3048 3295 3203 3365 culpa
3239 3293 3313 3346 ibi
3353 3292 3470 3359 fuit,
3507 3307 3637 3347 caro

2045 3385 2240 3440 Christi
2269 3401 2377 3439 non
2409 3384 2526 3450 fuit,
2559 3392 2721 3456 atque
2751 3385 2874 3439 ideo
2903 3384 3052 3456 quod
3084 3389 3305 3454 peccato
3345 3381 3636 3437 obnoxium

2045 3490 2179 3550 erat,
2215 3481 2519 3553 expiatione
2543 3482 2760 3555 eguisse
2786 3501 2798 3546 ;
2823 3482 2965 3554 quod
2987 3489 3166 3536 autem
3190 3479 3452 3536 mundum
3476 3487 3637 3550 atque

2045 3587 2073 3625 a
2104 3580 2326 3642 peccato
2358 3570 2591 3626 liberum
2624 3579 2760 3638 erat,
2795 3587 2903 3626 non
2935 3570 3174 3642 eguisse.
3195 3569 3308 3624 Tali
3330 3585 3465 3640 ergo
3483 3584 3540 3622 se
3558 3583 3640 3621 ra-

2049 3660 2191 3715 tione
2226 3660 2461 3731 probare
2491 3660 2863 3732 putant,quod
2905 3675 3034 3716 caro
3069 3658 3182 3726 illa,
3225 3676 3344 3730 qua)
3387 3673 3420 3712 a
3473 3657 3641 3710 verbo

2045 3767 2323 3828 assumpta
2381 3765 2481 3824 est,
2507 3775 2783 3829 nunquam
2817 3757 3060 3813 obnoxia
3083 3764 3311 3828 peccato
3343 3754 3521 3820 fuerit,
3543 3753 3639 3809 sed

2048 3846 2117 3900 ab
2149 3846 2300 3902 initio
2327 3847 2441 3901 sive
2472 3847 2526 3899 in
2559 3863 2623 3901 eo
2654 3864 2682 3900 a
2714 3862 2823 3918 quo
2854 3846 3140 3902 descendit
3171 3846 3285 3900 sive
3315 3845 3369 3898 in
3408 3843 3491 3898 his
3540 3858 3639 3913 per

2047 3951 2183 4006 quos
2213 3935 2517 3997 descendit,
2552 3936 2754 3989 munda
2787 3943 3000 3990 servata
3030 3935 3099 3988 sit
3129 3951 3163 3988 a
3192 3940 3438 4006 peccato,
3459 3939 3516 3986 ut
3546 3930 3638 3984 ali-

2046 4032 2263 4102 quando
2295 4048 2417 4088 esse
2448 4032 2621 4102 possit
2651 4032 2830 4087 hostia
2870 4047 2970 4102 pro
2999 4039 3243 4102 peccato.
3279 4029 3387 4086 Sed
3420 4026 3640 4083 catholi-

2046 4135 2124 4177 cae
2155 4121 2401 4175 veritatis
2430 4119 2679 4175 difﬁnitio
2708 4121 2902 4175 Filium
2928 4120 3026 4175 Dei
3057 4121 3146 4191 qui
3176 4135 3276 4190 pro
3326 4115 3636 4188 peccatori-

2046 4209 2146 4263 bus
2176 4218 2228 4263 et
2259 4210 2327 4264 de
2359 4209 2753 4279 peccatoribus
2782 4217 2941 4262 natus
2972 4217 3055 4262 est
3084 4207 3152 4262 de
3197 4222 3362 4263 carne
3403 4202 3640 4260 obnoxia

2045 4314 2268 4376 peccato
2301 4321 2527 4361 carnem
2559 4305 2923 4375 assumpsisse
2952 4304 3150 4359 asserit
3180 4303 3406 4358 liberam
3440 4318 3469 4356 a
3511 4316 3638 4372 pec-

2045 4402 2184 4462 cato,
2223 4399 2276 4449 et
2307 4395 2432 4451 ideo
2462 4394 2688 4450 liberam
2717 4394 2839 4466 quia
2880 4394 3188 4448 liberatam.
3238 4393 3364 4447 ldeo
3407 4391 3634 4446 liberam

1964 4489 2014 4546 Ι)
2046 4499 2153 4538 non
2183 4483 2311 4555 quia
2339 4483 2446 4539 sub
2477 4483 2572 4539 illo
2604 4499 2841 4556 unquam
2865 4483 2980 4547 fuit,
3009 4483 3105 4537 sed
3131 4482 3259 4554 quia
3275 4482 3376 4536 sub
3397 4480 3489 4538 illo
3515 4495 3636 4535 esse

2046 4579 2343 4652 aliquando
2373 4581 2634 4636 cessavit.
2677 4579 2907 4648 Quando
2935 4587 3212 4650 assumpta
3244 4585 3344 4645 est,
3377 4577 3639 4632 mundata

2044 4684 2151 4724 est.
2195 4670 2299 4723 Per
2329 4668 2575 4725 eamdem
2618 4670 2816 4739 quippe
2872 4669 3101 4740 gratiam
3154 4677 3349 4722 natura
3406 4667 3638 4721 humana

2043 4758 2303 4812 mundata
2329 4767 2412 4814 est
2446 4767 2499 4813 ut
2532 4760 2701 4813 verbo
2732 4757 2830 4812 Dei
2860 4757 3027 4813 libera
3053 4772 3084 4811 a
3127 4763 3353 4827 peccato
3370 4754 3635 4809 uniretur.

2047 4857 2150 4910 Per
2179 4872 2338 4926 quem
2370 4856 2710 4910 Christianus
2733 4872 2761 4908 a
2791 4863 3018 4925 peccato
3040 4853 3313 4917 liberatur,
3365 4860 3423 4905 ut
3460 4851 3638 4905 eidem

2044 4952 2253 4999 natura!
2282 4945 2620 4998 Christianus
2652 4945 2702 4997 in
2738 4943 2958 4998 Christo
2989 4943 3166 5012 capite
3209 4941 3465 4996 societur.
3515 4943 3634 5010 Ap-

2044 5043 2230 5103 pareat
2261 5034 2443 5104 itaque
2473 5031 2651 5098 nobis,
2688 5033 2828 5086 sicut
2859 5030 2985 5086 dicit
3037 5032 3226 5085 leatus
3280 5028 3636 5100 Augustinus,

2045 5132 2222 5202 gratia
2254 5132 2306 5184 in
2337 5139 2522 5186 nostro
2581 5129 2776 5200 capite,
2837 5128 2979 5182 unde
3043 5126 3339 5181 secundum
3394 5127 3641 5182 uniuscu-

2042 5223 2237 5290 jusque
2268 5235 2578 5273 mensuram
2614 5234 2676 5271 se
2707 5233 2806 5286 per
2832 5223 3026 5271 cuncta
3056 5215 3304 5270 membra
3335 5216 3451 5284 ejus
3483 5215 3640 5270 diﬂ'u-

2046 5308 2141 5361 dit.
2181 5310 2256 5362 Ea
2289 5308 2464 5378 gratia
2497 5307 2551 5360 tit
2580 5307 2649 5360 ab
2680 5306 2832 5359 initio
2862 5305 2985 5358 fidei
3017 5321 3128 5358 sum
3151 5305 3314 5360 homo
3337 5307 3642 5376 quicunque

2048 5403 2404 5469 Christianus,
2440 5420 2543 5473 qua
2575 5401 2749 5474 gratia
2781 5403 2941 5456 homo
2972 5399 3062 5455 ille
3093 5400 3160 5453 ab
3191 5401 3342 5456 initio
3400 5419 3498 5456 suo
3559 5402 3638 5455 fa-

2047 5501 2163 5546 ctus
2194 5499 2275 5545 est
2307 5491 2579 5545 Christus.
2617 5492 2694 5544 De
2727 5490 2846 5560 ipso
2877 5489 3068 5558 spiritu
3100 5498 3153 5543 et
3183 5489 3270 5544 hic
3301 5501 3527 5544 renatus
3575 5490 3642 5544 de

2049 5597 2154 5652 quo
2184 5589 2264 5634 est
2295 5581 2384 5634 ille
2414 5589 2571 5634 natus
2603 5579 2796 5635 eodem
2830 5579 3018 5649 spiritu
3053 5577 3108 5631 fit
3157 5579 3212 5631 in
3259 5579 3416 5633 nobis
3459 5579 3644 5634 remis-

2050 5677 2129 5732 sio
2160 5686 2529 5748 peccatorum,
2563 5692 2670 5748 quo
2719 5675 2909 5747 spiritu
2951 5674 3150 5730 factum
3203 5683 3284 5728 est
3331 5683 3387 5728 ut
3436 5675 3641 5729 nullum

2049 5767 2274 5823 haberet
2302 5767 2394 5823 ille
2422 5774 2726 5839 peccatum.
2769 5765 2859 5821 Sic
2891 5780 3025 5837 ergo
3057 5763 3252 5820 factum
3285 5771 3365 5818 est
3392 5779 3490 5833 per
3516 5775 3642 5834 gra-
