4010 6074
445 241 550 295 799

1606 240 1910 297 VERNERI
1950 239 2238 296 ABBATIS
2277 240 2334 294 S.
2378 239 2600 295 BLASII

3636 241 3732 294 800

446 363 599 430 tiam,
632 371 689 419 ut
711 381 837 422 caro
867 366 959 422 illa
988 381 1021 422 a
1050 376 1299 440 peccato,
1329 369 1430 422 sub
1461 383 1567 440 quo
1595 368 1662 420 ab
1691 365 1905 439 origine
1935 382 2034 420 sua
2065 366 2120 424 A
2149 363 2354 420 debuit.
2386 363 2524 432 Quia
2553 380 2689 438 ergo
2714 365 2971 420 Christus
3002 371 3056 420 et
3085 363 3283 420 lumbis
3311 361 3549 419 Abrahae
3579 377 3732 418 suam

450 459 587 518 erat,
619 455 991 522 mundaretur,
1016 462 1071 512 et
1099 457 1354 512 mundata
1392 457 1446 512 in
1490 456 1582 512 illo
1632 455 1723 526 qui
1774 455 1912 509 liber
1965 453 2033 508 ab

450 541 596 596 omni
625 551 873 613 peccato,
906 545 958 599 in
983 561 1048 600 ea
1080 546 1289 601 futurus
1311 554 1449 612 erat,
1499 562 1528 599 a
1586 552 1813 615 peccato
1863 543 2033 597 libera

448 638 837 699 assumeretur,
873 640 930 686 ut
958 649 1059 689 nec
1088 634 1263 706 gratia
1291 633 1622 704 corruptioni
1656 640 1862 687 naturae
1891 647 2034 702 prae-

444 715 708 784 judicium
738 718 958 786 faceret,
983 738 1082 778 nec
1111 722 1390 794 corruptio
1420 731 1630 777 naturae
1671 721 1900 793 gratiam
1939 719 2034 773 im-

449 814 677 884 pediret.
717 816 1002 884 Quomodo
1033 836 1187 892 ergo,
1213 821 1478 892 inquiunt,
1515 818 1766 874 Christus
1797 819 1849 872 in
1888 817 2032 871 lum-

451 901 537 957 bis
566 904 805 960 Abrahm
827 907 1123 963 decimatus
1155 926 1263 965 non
1298 909 1413 974 fuit,
1474 909 1520 962 si
1558 924 1685 964 caro
1735 909 1854 977 ejus
1899 922 2034 978 pec-

449 999 576 1046 cato
604 993 838 1050 obnoxia
867 995 966 1050 fuit
996 998 1023 1051 ?
1054 997 1161 1053 Sed
1193 999 1474 1052 sciendum
1498 1005 1598 1061 est,
1623 996 1750 1068 quia
1771 997 2034 1052 licetcaro

451 1079 650 1134 Christi
680 1081 816 1137 sicut
846 1098 974 1138 caro
1007 1085 1133 1140 Levi
1160 1085 1338 1141 adhuc
1367 1086 1421 1139 in
1451 1085 1646 1138 lumbis
1674 1085 1906 1139 Abrahae
1934 1085 2032 1138 sub

450 1177 676 1236 peccato
707 1169 825 1235 fuit,
857 1178 1033 1226 tamen
1064 1173 1238 1243 ipsum
1281 1183 1560 1243 peccatum
1604 1173 1720 1240 ejus
1768 1189 1876 1227 non
1917 1172 2031 1238 fuit,

449 1255 554 1309 sub
584 1273 691 1328 quo
740 1259 856 1326 ejus
901 1275 1028 1316 caro
1051 1261 1166 1316 fuit.
1191 1264 1307 1317 Hoc
1325 1263 1467 1316 enim
1487 1262 1658 1316 solum
1683 1261 1888 1333 ejusibi
1910 1262 2032 1328 fuit,

451 1354 596 1424 quod
628 1354 755 1410 inde
785 1356 1019 1411 futurum
1051 1359 1167 1427 ejus
1195 1358 1312 1413 fuit.
1359 1358 1702 1428 Quapropter
1755 1358 1880 1412 Levi
1924 1357 2035 1413 illic

467 1451 517 1496 et
545 1450 790 1498 naturam
821 1453 870 1499 et
901 1445 1114 1518 culpam
1148 1447 1348 1513 habuit,
1383 1448 1510 1518 quia
1541 1447 1666 1502 inde
1696 1463 1795 1518 per
1834 1463 2035 1518 propa-

449 1531 725 1601 gationem
752 1533 1001 1606 originis,
1033 1543 1087 1592 et
1129 1543 1378 1592 naturam
1436 1544 1489 1592 et
1545 1535 1759 1607 culpam
1823 1537 2035 1591 trahere

2141 459 2392 507 naturam
2422 453 2629 519 habuit,
2663 461 2956 525 prOpterea
2990 453 3137 525 quod
3183 453 3358 523 ipsam
3413 451 3592 508 solam
3650 462 3731 506 ta-

2141 565 2266 604 men
2296 556 2623 618 accepturus
2652 550 2772 615 fuit,
2834 550 3020 621 procul
3081 550 3244 606 dubio
3287 549 3569 604 oblatione
3628 566 3733 606 non

2141 638 2307 710 eguit,
2341 655 2461 710 qua:
2489 653 2584 709 pro
2617 655 2682 694 eo
2711 640 2858 710 quod
2896 639 3016 708 ejus
3045 638 3221 694 solum
3251 638 3325 692 ibi
3364 646 3502 707 erat,
3537 653 3738 694 neces-

2142 727 2285 781 saria
2315 743 2423 782 non
2457 727 2598 794 fuit;
2634 727 2840 782 oblatio
2863 728 3006 782 enim
3065 743 3172 782 non
3220 736 3434 788 natura.
3488 726 3587 782 sed
3637 742 3737 797 pro

2141 816 2303 886 culpa
2333 814 2576 881 offertur,
2609 816 2736 887 quia
2763 815 2809 870 si
2832 832 2927 886 pro
2960 815 3124 886 culpa
3160 832 3269 871 non
3315 823 3490 883 esset,
3543 823 3740 870 natura

2141 903 2415 960 oblatione
2446 920 2584 974 opus
2615 920 2722 958 non
2754 905 3003 960 haberet.
3042 906 3130 960 Sic
3158 905 3353 976 itaque
3383 904 3511 959 Levi
3533 903 3740 957 inlumo

2143 1003 2226 1057 bis
2280 1003 2515 1058 Abrahae
2573 1003 2878 1059 decimatus
2931 1012 3032 1067 est,
3086 1003 3213 1075 quia
3270 1010 3320 1057 et
3380 1009 3632 1056 naturam
3689 1010 3741 1055 et

2142 1091 2359 1162 culpam
2417 1091 2491 1145 ibi
2545 1092 2750 1155 habuit,
2824 1092 2915 1163 qui
2971 1099 3029 1146 et
3084 1099 3335 1146 naturam
3406 1097 3461 1146 et
3517 1090 3739 1161 culpam

2143 1179 2270 1235 inde
2333 1188 2657 1251 accepturus
2722 1180 2844 1235 fuit.
2925 1181 3174 1235 Christus
3239 1195 3369 1235 vero
3433 1178 3742 1236 decimatus

2142 1285 2257 1324 non
2287 1272 2390 1324 est.
2426 1269 2723 1339 Propterea
2765 1269 2911 1340 quod
2962 1269 3094 1325 inde
3133 1269 3304 1324 solam
3349 1275 3605 1323 naturam
3645 1283 3739 1322 ac-

2144 1365 2400 1428 cepturus
2431 1365 2568 1423 erat,
2601 1357 2751 1412 illam
2781 1357 2942 1413 etiam
2974 1365 3099 1413 tunc
3129 1357 3203 1412 ibi
3231 1357 3447 1428 culpam
3488 1373 3595 1412 non
3640 1357 3741 1410 ha-

2144 1445 2278 1511 buit,
2312 1445 2396 1500 cui
2426 1445 2545 1517 ipsa
2576 1463 2698 1517 quae
2717 1446 2835 1514 ejus
2864 1445 3039 1501 futura
3055 1446 3305 1502 eratsiue
3333 1446 3494 1517 culpa
3523 1453 3738 1512 natura,

2146 1535 2203 1590 in
2233 1549 2333 1590 sua
2362 1534 2575 1607 origine
2603 1533 2777 1607 culpae
2806 1534 3040 1592 obnoxia
3071 1534 3192 1590 fuit.

1437 1849 1568 1954 IN
1646 1848 2162 1954 OCTAVA
2244 1850 2686 1952 DOMINI
2705 1925 2728 1950 .

521 2117 540 2139 ι
581 2095 865 2167 Postquam
897 2095 1252 2151 consummati
1282 2104 1407 2150 sunt
1435 2095 1555 2151 dies
1575 2104 1699 2152 octo
1721 2102 1777 2149 ut
1807 2094 2040 2151 circum-
2073 2069 2126 2130 Β
2151 2145 2156 2150 ,
2231 2090 2503 2160 Quaeritur
2531 2098 2710 2146 autem
2741 2107 2910 2163 quare
2944 2090 3243 2162 baptismus
3271 2092 3600 2148 successerit
3638 2091 3752 2147 cir-

455 2181 728 2238 cideretur
754 2200 911 2255 puer,
946 2193 1192 2240 vocatum
1214 2193 1295 2240 est
1324 2201 1522 2240 nomen
1554 2186 1670 2254 ejus
1689 2183 2042 2253 Jesus.Quod

457 2279 709 2326 vocatum
741 2280 828 2326 est
857 2273 927 2326 ab
955 2273 1154 2345 angelo
1184 2275 1499 2346 priusquam
1549 2274 1602 2328 in
1653 2281 1807 2328 utero
1854 2272 2042 2328 conci-

454 2364 682 2431 peretur
704 2362 861 2428 (Luc.
891 2362 971 2429 ιι).
1001 2386 1021 2409 »
1045 2361 1200 2416 Ritus
1229 2362 1661 2417 circumcisionis
1679 2362 1748 2417 ab
1764 2362 2042 2416 Abraham

454 2447 686 2518 sumpsit
717 2449 1020 2516 exordium,
1055 2450 1274 2520 quando
1331 2460 1383 2505 et
1445 2450 1680 2506 nominis
1735 2450 2033 2521 ampliﬁca-

457 2534 679 2604 tionem,
713 2537 942 2608 accepit.
975 2538 1054 2592 Ad
1079 2539 1234 2606 cujus
1264 2538 1614 2594 imitationem
1645 2554 1842 2595 nomen
1871 2538 2043 2609 impo-

459 2623 693 2679 nebatur
721 2625 906 2696 pueris
947 2625 1000 2679 in
1054 2626 1141 2682 die
1195 2627 1624 2683 circumcisionis
1679 2643 1891 2682 eorum.
1955 2627 2045 2682 Sic

459 2711 624 2766 etiam
654 2712 854 2767 factum
886 2723 966 2769 est
994 2714 1098 2784 ipsi
1122 2715 1272 2770 Jesu.
1306 2717 1449 2770 Bene
1492 2723 1677 2771 autem
1722 2723 1912 2770 octava
1955 2714 2044 2770 die

455 2801 858 2857 circumciditur
887 2811 945 2857 ut
969 2812 1022 2858 et
1052 2804 1168 2872 ejus
1199 2804 1521 2860 resurrectio
1549 2812 1740 2860 octava
1769 2805 1858 2859 die
1898 2804 2044 2860 cele-

456 2890 679 2958 branda,
710 2899 764 2946 et
795 2900 976 2946 nostra
1008 2890 1336 2963 ﬁguraretur
1381 2902 1577 2950 octava
1622 2901 1777 2950 aetate
1819 2892 2035 2948 futura.

452 2979 559 3035 Sex
597 2980 796 3035 etenim
841 2989 965 3035 sunt
985 2989 1189 3048 aetates,
1219 2983 1275 3036 in
1299 2981 1496 3054 quibus
1513 2997 1614 3054 pro
1643 2981 1876 3037 Domino
1895 2981 2046 3037 labo-

455 3076 605 3123 ratur
636 3089 648 3129 ;
683 3069 913 3140 septima
941 3079 1024 3124 est
1047 3070 1346 3126 animarum
1376 3087 1550 3142 usque
1577 3071 1647 3126 ad
1697 3080 1910 3142 tempus
1958 3088 2046 3126 re-

455 3158 829 3213 surrectionis.
865 3157 1073 3215 Octava
1112 3168 1199 3214 est
1228 3160 1579 3224 resurrectio,
1616 3160 1834 3232 quando
1867 3159 2046 3230 gloria

455 3245 710 3316 perfectae
737 3247 1170 3302 circumcisionis
1199 3248 1530 3314 coruscabit,
1575 3256 1628 3302 et
1685 3256 1828 3302 totas
1885 3249 2048 3302 homo

460 3334 652 3390 visioni
685 3335 996 3390 Conditoris
1052 3335 1338 3390 inhaerebit
1376 3337 1598 3406 (ΒιςυΑ).
1656 3337 1814 3392 Nunc
1866 3345 2047 3391 autem

2151 2179 2498 2236 cumcisioni.
2539 2181 2605 2236 Ut
2636 2180 2782 2235 enim
2825 2181 3018 2235 beatus
3075 2179 3384 2251 Gregorius
3432 2180 3507 2234 ait
3559 2188 3754 2251 quarto

2151 2269 2291 2325 libro
2317 2270 2372 2323 in
2401 2268 2502 2324 Job
2537 2284 2549 2322 :
2583 2267 2741 2338 Quod
2787 2269 2932 2339 apud
2964 2284 3065 2323 nos
3103 2268 3247 2324 valet
3299 2284 3444 2340 aqua
3473 2269 3752 2339 baptismi,

2151 2358 2257 2414 hoc
2286 2358 2399 2430 egit
2425 2358 2574 2428 apud
2605 2364 2822 2412 veteres
2855 2357 2941 2413 vel
2970 2374 3068 2429 pro
3098 2357 3348 2428 parvulis
3368 2357 3485 2413 sola
3505 2357 3645 2412 lides
3668 2358 3752 2412 vel

2152 2462 2254 2518 pro
2287 2446 2582 2516 majoribus
2612 2446 2784 2501 virtus
2815 2446 3231 2512 sacrificiorum,
3264 2446 3348 2501 vel
3379 2461 3478 2517 pro
3516 2446 3604 2500 bis
3659 2445 3754 2518 qui

2153 2553 2217 2592 ex
2251 2536 2482 2592 Abrahae
2512 2536 2678 2607 stirpe
2709 2535 3035 2606 prodierunt
3082 2535 3404 2606 mysterium
3460 2535 3754 2592 circumci-

2153 2624 2343 2680 sionis.
2964 2680 2967 2681 ν

2224 2713 2454 2769 Solutio.
2489 2713 2728 2770 Decebat
2758 2728 2958 2769 novum
2989 2727 3178 2784 regem
3205 2729 3408 2770 novam
3434 2713 3621 2786 legem
3671 2714 3759 2768 in-

2154 2802 2398 2871 stituere,
2428 2800 2739 2858 inimicitias
2767 2802 2911 2857 inter
2939 2802 3159 2858 Iudaeos
3180 2811 3234 2858 et
3259 2803 3490 2869 gentiles
3513 2802 3757 2868 solvere,

2155 2897 2212 2945 ut
2236 2891 2344 2945 duo
2376 2891 2563 2962 populi
2593 2891 2646 2945 in
2680 2907 2845 2946 unum
2875 2890 3268 2964 jungerentur,
3315 2900 3368 2946 et
3408 2891 3562 2947 fieret
3619 2907 3761 2946 unus

2156 2979 2420 3050 p0pulus.
2463 2979 2647 3049 Quare
2670 2995 2899 3036 necesse
2931 2979 3030 3035 fuit
3084 2979 3484 3036 inimicitiarum
3539 2995 3758 3044 causas,

2156 3068 2412 3124 videlicet
2441 3069 2574 3124 ritus
2603 3069 2916 3124 Judaeorum
2940 3083 3046 3140 quo
3103 3068 3338 3140 gentiles
3391 3068 3764 3124 abhorrebant

2157 3172 2446 3221 cvacuare,
2479 3165 2529 3212 et
2561 3156 2670 3211 alia
2726 3165 3073 3214 sacramenta
3127 3175 3249 3230 quae
3300 3157 3546 3230 utrisque
3603 3173 3761 3214 com—

2159 3244 2339 3299 munia
2373 3244 2550 3300 forent
2594 3244 2941 3300 substituere.
2987 3247 3222 3315 Propter
3258 3247 3362 3302 hoc
3393 3262 3614 3317 quoque
3663 3247 3762 3300 ba-

2158 3333 2390 3404 ptismus
2421 3333 2855 3388 circumcisionis
2887 3333 3006 3389 loco
3028 3333 3215 3400 subiit,
3251 3333 3379 3405 quia
3411 3333 3763 3390 circumcisio

462 3422 552 3493 qui
584 3422 774 3477 videns
804 3423 1086 3477 mulierem
1118 3422 1187 3478 ad
1232 3424 1736 3494 concupiscendam
1779 3439 1920 3488 eam,
1970 3424 2056 3477 in-
2087 3421 2134 3483 C
2165 3429 2280 3476 erat
2306 3421 2684 3492 imperfectum
2717 3431 3139 3488 sacramentum,
3174 3429 3362 3494 utpote
3392 3423 3638 3478 maribus
3671 3438 3762 3478 so-

464 3509 843 3565 circumcisum
877 3510 1052 3566 visum
1085 3511 1317 3566 habens.
1355 3512 1725 3567 lncircumsisi
1749 3520 1870 3566 sunt
1914 3511 2058 3566 auri-

465 3596 568 3651 bus
597 3596 794 3667 quibus
826 3597 1036 3652 Veritas
1065 3598 1200 3652 dixit
1233 3614 1246 3652 :
1284 3621 1305 3649 ι
1342 3598 1444 3667 Qui
1481 3609 1561 3654 est
1591 3616 1656 3654 ex
1700 3601 1840 3662 Deo,
1887 3600 2056 3654 verba

465 3685 567 3740 Dei
596 3685 764 3741 audit.
791 3686 1090 3757 Pr0pterea
1124 3703 1222 3742 vos
1252 3703 1361 3742 non
1390 3687 1611 3753 auditis,
1646 3689 1774 3761 quia
1819 3704 1882 3744 ex
1940 3689 2056 3743 Deo

463 3789 572 3828 non
600 3773 732 3829 estis
760 3776 942 3844 (Joan.
978 3776 1117 3844 vni).
1156 3799 1176 3824 ιι
1204 3776 1593 3833 lncircumcisi
1637 3785 1764 3832 sunt
1793 3777 1978 3849 lingua
2005 3786 2059 3832 et

463 3861 714 3918 manibus
747 3879 758 3914 :
802 3887 820 3911 α
858 3878 1090 3936 quorum
1127 3881 1190 3921 os
1233 3865 1470 3921 locutum
1525 3873 1608 3920 est
1646 3866 1955 3932 vanitatem,
2007 3877 2061 3922 et

463 3951 688 4007 dextera
720 3967 918 4008 eorum
951 3953 1179 4008 dextera
1213 3953 1513 4025 iniquitatis
1563 3955 1737 4021 (Psal.
1771 3955 1986 4022 cum).
2032 3977 2052 4002 ι

463 4041 832 4097 lncircumcisi
862 4050 986 4097 sunt
1037 4049 1221 4114 gustu,
1274 4059 1412 4115 quos
1458 4044 1732 4114 prOpheta
1784 4043 2061 4115 redarguit

461 4129 652 4186 dicens
685 4147 697 4182 :
736 4150 758 4180 ι
799 4130 887 4186 Vm
915 4130 1006 4203 qui
1033 4137 1285 4202 potentes
1316 4131 1446 4187 estis
1499 4132 1566 4186 ad
1629 4131 1924 4187 bibendum
1974 4131 2059 4187 vi-

460 4235 611 4286 num,
645 4228 697 4274 et
719 4219 827 4276 viri
861 4219 1030 4276 fortes
1066 4221 1133 4275 ad
1175 4219 1515 4276 miscendam
1549 4220 1868 4275 ebrietatem
1912 4221 2050 4292 (lea.

463 4309 548 4368 ν).
594 4329 616 4357 ι
659 4308 1022 4364 lncircumcisi
1059 4317 1183 4363 sunt
1233 4309 1436 4364 olfactu
1487 4317 1541 4363 et
1580 4316 1720 4364 tactu
1767 4309 1856 4380 qui
1895 4309 2060 4363 variis

464 4396 724 4453 odoribus
753 4396 978 4451 delibuti
1027 4407 1336 4466 sequuntur
1392 4398 1684 4468 amplexus
1731 4397 2058 4463 meretricis,

465 4484 808 4539 cinnamomo
829 4484 1008 4540 cubile
1038 4501 1190 4545 suum
1250 4487 1624 4557 asper-gentis.
1694 4485 2064 4542 lncircumcisi

465 4579 589 4628 sunt
618 4573 922 4644 gressibus,
961 4573 1029 4629 de
1061 4573 1258 4644 quibus
1289 4575 1572 4628 Psalmista
1621 4581 2015 4630 commemorat
2046 4608 2057 4645 ε

469 4683 491 4712 α
526 4659 792 4716 Contritio
823 4668 874 4716 et
905 4659 1195 4716 infelicitas
1227 4661 1280 4715 in
1313 4662 1412 4716 viis
1443 4677 1651 4727 eorum,
1677 4672 1726 4717 et
1758 4664 1900 4717 viam
1916 4663 2068 4734 pacis

2165 3509 2233 3564 lis
2271 3510 2528 3565 attinens.
2571 3510 2880 3580 Baptismus
2929 3526 3057 3566 vero
3101 3511 3401 3582 perfectum
3447 3518 3531 3565 est
3567 3526 3763 3568 sacra—

2165 3607 2431 3663 mentum,
2465 3599 2589 3671 quia
2619 3600 2834 3670 utrique
2871 3599 3029 3654 sexui
3059 3599 3178 3655 sine
3205 3599 3400 3655 dolore
3439 3600 3768 3655 commoda-

2165 3694 2268 3742 tur.
2298 3688 2358 3740 ln
2389 3703 2531 3757 aqua
2560 3704 2692 3743 vero
2725 3688 2849 3744 ideo
2877 3687 3216 3742 uniformiter
3254 3695 3615 3744 consecratur
3664 3689 3766 3743 ba-

2166 3775 2391 3846 ptisma,
2423 3778 2552 3848 quia
2571 3777 2640 3831 de
2664 3777 3049 3832 Christilatere
3071 3776 3310 3832 manavit
3334 3792 3494 3847 aqua,
3529 3785 3580 3833 et
3640 3777 3769 3850 quia

2167 3865 2349 3920 nullus
2379 3864 2559 3936 liquor
2583 3866 2723 3921 adeo
2756 3865 2900 3921 valet
2926 3865 2995 3920 ad
3017 3865 3346 3920 abluendum
3379 3866 3696 3938 sicutaqua,
3715 3874 3768 3922 et

2166 3954 2312 4024 apud
2343 3969 2535 4008 omnes
2562 3953 2720 4009 facile
2771 3955 3091 4026 acquiritur,
3131 3969 3200 4009 ne
3227 3969 3290 4010 se
3318 3953 3513 4026 aliquis
3543 3963 3768 4026 propter

2165 4041 2403 4114 inOpiam
2435 4051 2742 4098 excusaret.

2236 4133 2378 4187 Nota
2409 4131 2538 4202 quia
2567 4131 2945 4203 multipliciter
2999 4132 3266 4203 accipitur
3299 4150 3311 4187 :
3361 4132 3766 4203 Baptismorum

2168 4236 2403 4292 namque
2433 4237 2600 4276 unum
2630 4230 2836 4276 tantum
2867 4229 2954 4276 est
3009 4236 3172 4294 aqua,
3230 4229 3289 4276 ut
3341 4223 3556 4288 Joanis,
3614 4223 3764 4294 quod

2167 4309 2547 4365 remissionem
2568 4318 2919 4380 peccatorum
2944 4325 3050 4365 non
3071 4309 3241 4366 dedit.
3267 4309 3435 4364 Aliud
3456 4309 3510 4365 in
3525 4310 3662 4381 igne
3683 4311 3767 4366 vel

2168 4398 2376 4468 spiritu,
2413 4414 2520 4469 quo
2541 4397 2791 4468 baptizati
2825 4405 2954 4453 sunt
2985 4398 3218 4469 apostoli
3252 4399 3305 4453 in
3363 4399 3452 4454 die
3502 4399 3767 4456 Penteco-

2169 4491 2304 4542 stes.
2336 4487 2490 4543 Unde.
2518 4485 2688 4540 illud:
2727 4511 2748 4535 υ
2793 4488 2900 4542 Vos
2932 4495 3113 4542 autem
3139 4487 3541 4558 baptizabimini
3565 4487 3768 4557 Spiritu

2170 4584 2359 4631 sancto
2389 4575 2612 4646 (Matth.
2647 4577 2792 4644 “1).:
2830 4577 3071 4631 Tertium
3132 4575 3183 4630 in
3241 4591 3386 4646 aqua
3441 4585 3494 4632 et
3550 4577 3766 4648 spiritu,

2171 4679 2278 4733 quo
2312 4661 2721 4732 baptizaverunt
2753 4662 2984 4732 apastoli
3013 4665 3159 4732 (Act.
3181 4669 3238 4729 ι).
3259 4663 3518 4732 Quartum
3543 4663 3596 4718 in
3633 4680 3767 4718 san-

466 4767 572 4806 non
601 4757 981 4823 cognoverunt
1010 4751 1185 4819 (Psal.
1218 4752 1343 4819 xm)
1395 4772 1417 4800 »
1466 4752 1633 4806 Porro
1666 4751 1756 4822 qui
1786 4752 1838 4805 in
1864 4750 2064 4806 simili-
2094 4781 2144 4841 Ι)
2176 4749 2357 4823 guinis
2387 4749 2674 4806 eﬁ'usione.
2698 4751 2821 4806 Tria
2842 4751 3096 4820 visibilia,
3123 4752 3172 4806 id
3190 4753 3760 4824 estsacerdos,bapti-

465 4840 650 4896 tudine
689 4839 875 4895 carnis
915 4839 1125 4909 peccati
1166 4847 1392 4894 venerat
1431 4840 1764 4908 remedium,
1796 4857 1902 4912 quo
1931 4854 2063 4897 caro

464 4929 674 4999 peccati
703 4927 1078 4983 mundabatur
1108 4943 1214 4982 non
1243 4927 1468 4998 reSpuit,
1491 4929 1586 4983 sed
1605 4929 1960 4984 circumcisus
1979 4933 2064 4984 est

464 5016 635 5073 factus
653 5017 754 5072 sub
773 5018 916 5089 lege,
937 5025 989 5070 ut
1009 5017 1341 5084 eamjustam
1361 5017 1636 5086 probaret,
1658 5026 1710 5072 et
1732 5032 1826 5072 eos
1846 5017 1936 5088 qui
1958 5018 2060 5072 sub

463 5103 587 5177 lege
608 5113 761 5160 erant
785 5105 1095 5162 redimeret.
1117 5106 1258 5159 Nota
1281 5106 1424 5175 quod
1457 5105 1602 5160 idem
1640 5106 1893 5161 auxilium
1944 5107 2058 5162 cir-

467 5191 815 5247 cumcisionis
842 5193 897 5246 in
929 5192 1053 5264 lege
1085 5192 1438 5249 circumcisio
1460 5203 1648 5249 contra
1693 5194 1900 5265 peccati
1946 5193 2062 5250 ori-

468 5279 664 5350 ginalis
696 5279 892 5334 vulnus
923 5281 1196 5351 praestitit,
1240 5281 1387 5352 quod
1417 5298 1560 5338 nunc
1590 5282 1892 5353 baptismus
1924 5293 2060 5338 tem-

466 5384 602 5439 pore
630 5371 823 5440 gratia
853 5369 1082 5436 confert,
1143 5386 1248 5424 non
1279 5371 1424 5433 quod
1454 5370 1706 5426 introitus
1749 5372 1802 5426 in
1835 5389 2060 5445 regnum

469 5455 717 5511 nondum
750 5456 969 5526 patebat
999 5457 1364 5523 circumcisis,
1415 5467 1472 5513 ut
1527 5460 1690 5515 modo
1744 5459 2049 5532 baptizatis.

469 5546 546 5600 At
576 5559 712 5600 vero
744 5545 850 5600 hoc
877 5559 984 5600 non
1022 5544 1197 5599 solum
1228 5544 1530 5614 baptismus
1559 5547 1703 5615 facit,
1728 5550 1822 5604 sed
1854 5558 1905 5604 et
1927 5566 2056 5620 pas-

469 5632 640 5690 sionis
659 5633 955 5700 adjunctio.
989 5631 1122 5702 Quae
1156 5632 1199 5687 si
1231 5631 1631 5692 circumcisioni
1671 5637 1850 5692 addita
1893 5646 2054 5702 esset,

469 5726 523 5796 ει
552 5721 800 5778 similiter
828 5721 900 5776 ibi
928 5720 1098 5777 fieret.

2175 4837 2400 4905 zandus,
2433 4852 2594 4910 aqua,
2627 4847 2752 4893 sunt
2780 4839 2835 4894 in
2867 4839 3189 4910 baptismate
3213 4855 3227 4907 ;
3249 4846 3304 4894 et
3325 4839 3432 4894 tria
3450 4839 3769 4908 invisibilia,

2175 4923 2229 4978 id
2259 4933 2340 4979 est
2371 4924 2526 4993 ﬁdes,
2559 4925 2760 4991 anima,
2793 4926 3025 4996 Spiritus
3055 4933 3299 4982 sanctus.
3335 4926 3539 4980 Verum
3569 4925 3770 4982 Domi—

2168 5030 2290 5080 nus,
2323 5022 2374 5068 ut
2417 5013 2492 5069 ait
2524 5015 2841 5070 Ambrosius
2870 5014 2920 5067 in
2954 5014 3137 5085 primo
3167 5014 3305 5069 libro
3334 5015 3414 5068 De
3435 5013 3766 5070 Sacramen-

2169 5101 2260 5171 tis,
2297 5102 2420 5158 ideo
2449 5103 2594 5174 prior
2620 5103 2899 5158 descendit
2931 5103 2987 5156 iu
3021 5102 3351 5174 baptismum
3383 5118 3543 5174 quam
3588 5103 3768 5175 Spiri-

2170 5199 2256 5245 tus
2285 5196 2508 5248 sanctus
2539 5208 2660 5248 cum
2693 5191 2858 5247 modo
2889 5207 3191 5246 econverso
3222 5191 3334 5255 ﬁat,
3395 5191 3519 5264 quia
3577 5193 3769 5248 Domi-

2172 5297 2272 5335 nus
2302 5297 2411 5336 non
2441 5281 2570 5336 inde
2599 5280 2832 5336 debebat
2863 5281 3143 5335 mundari.
3181 5281 3352 5337 Nobis
3381 5289 3566 5336 autem
3600 5282 3770 5336 virtus

2168 5380 2217 5424 et
2249 5370 2534 5440 praesentia
2567 5369 2847 5424 Trinitatis
2891 5387 3014 5441 quae
3075 5369 3126 5424 in
3186 5369 3510 5441 baptismate
3567 5370 3769 5426 Christi

2171 5459 2508 5514 manifestata
2527 5458 2991 5526 est,invisibiliter
3015 5467 3280 5529 operatur
3325 5458 3376 5512 iu
3421 5459 3766 5531 baptismatis

2172 5547 2366 5602 visibili
2400 5556 2764 5602 sacramento.
2801 5548 3209 5603 Sacramentum
3236 5563 3367 5604 vero
3423 5556 3507 5602 est
3556 5548 3764 5602 visibile

2173 5636 2388 5708 signum
2422 5635 2712 5691 invisibilis
2742 5636 2952 5708 gratias,
3005 5635 3170 5690 veluti
3198 5651 3324 5691 cum
3365 5636 3485 5707 quis
3527 5636 3764 5708 baptiza-

2173 5734 2280 5792 tur,
2314 5724 2432 5796 ipsa
2462 5725 2699 5780 exterior
2727 5726 2974 5797 corporis
3017 5724 3219 5781 ablutio
3259 5741 3420 5798 quam
3459 5725 3706 5782 videmus
3739 5745 3752 5788 ;
