4062 6074
254 288 353 345 801

1155 270 1738 337 DEFLORATIONES
1778 270 1882 332 SS.
1931 268 2243 332 PATRUM.
2290 304 2359 316 —
2400 268 2538 332 LIB.
2582 273 2639 334 Ι.

3447 274 3554 333 802

250 412 467 486 signum
516 418 595 466 est
622 408 889 465 interioris
943 407 1236 463 ablutionis
1263 407 1479 474 animae,
1511 421 1631 476 quae
1667 402 1852 460 consi-
1882 404 1938 465 A
1965 392 2232 473 legalibus
2259 400 2444 457 hostiis
2484 400 2540 455 in
2569 399 2771 473 templo
2799 406 2880 454 est
2926 406 3290 471 praesentatus.
3348 400 3570 456 Juvenis

252 510 413 566 stitin
443 508 757 564 remissione
808 514 1168 579 peccatorum.
1226 507 1380 575 Aqua
1409 503 1570 559 etiam
1621 517 1860 574 purgans

250 598 484 656 exterius
538 613 570 652 a
624 595 872 652 sordibus
919 594 1290 666 corporalibus
1344 593 1559 665 signum
1599 599 1678 646 est
1736 590 1861 644 ﬁdei

249 696 559 753 mandantis
590 694 814 749 interius
842 710 875 749 a
904 693 1158 765 peccatis.
1211 691 1476 753 Sacerdos
1531 706 1745 761 quoque
1777 690 1861 744 la-

248 803 383 844 vans
413 785 467 839 in
499 800 639 854 aqua
688 782 937 855 designat
967 781 1226 852 Spiritum
1256 781 1310 835 in
1340 778 1445 834 ﬁde
1502 779 1863 834 remittentem

253 881 501 945 peccata.
559 871 861 928 Videndum
924 880 1104 926 tamen
1133 878 1213 924 est
1268 869 1336 925 de
1366 870 1469 924 hoc
1506 874 1863 934 sacramento,

270 963 408 1019 sicut
435 961 503 1017 de
548 960 684 1029 aliis,
745 959 870 1030 quia
901 959 1032 1014 nihil
1085 959 1310 1014 referta
1341 972 1661 1028 quocunquo
1716 955 1870 1010 detur

272 1051 536 1106 ministro.
567 1049 813 1105 Minister
856 1047 1002 1103 enim
1057 1048 1340 1117 ministrat,
1399 1046 1635 1101 Christus
1686 1043 1869 1114 bapti-

272 1148 374 1195 zat.
415 1138 571 1196 Unde
594 1137 762 1193 illud:
804 1161 825 1186 «
861 1137 958 1192 Hic
981 1145 1058 1192 est
1090 1136 1180 1207 qui
1200 1135 1435 1207 baptizat
1456 1134 1679 1207 (Matth.
1703 1135 1803 1203 ιιι).
1842 1154 1863 1180 ι»

272 1227 615 1298 Quapropter
662 1226 776 1283 sive
826 1242 858 1281 a
904 1225 1115 1281 clericis
1161 1225 1273 1281 sive
1304 1241 1336 1280 a
1364 1223 1532 1290 laicis,
1580 1239 1675 1277 seu
1711 1221 1870 1276 etiam

276 1323 645 1381 amulieribus
701 1323 1014 1379 necessitate
1049 1321 1364 1376 imminente
1418 1320 1592 1387 detur,
1625 1334 1732 1374 non
1788 1326 1872 1373 ta-

272 1438 399 1477 men
428 1422 730 1477 reiteratur.
796 1422 909 1475 Hoc
955 1426 1349 1475 sacramentum
1406 1418 1541 1473 sicut
1596 1425 1649 1473 et
1693 1431 1876 1472 sacra-

274 1518 518 1565 mentum
548 1510 748 1577 altaris,
800 1509 891 1563 alii
921 1508 989 1563 ad
1018 1508 1205 1576 vitam,
1263 1507 1354 1562 alii
1384 1507 1453 1562 ad
1472 1513 1701 1562 mortem
1749 1503 1881 1560 acci-

281 1600 461 1669 piunt.
499 1597 604 1668 Qui
661 1599 805 1652 enim
853 1604 996 1653 recte
1046 1597 1325 1663 accedunt,
1358 1604 1411 1651 et
1461 1611 1576 1651 rem
1607 1603 1660 1650 et
1707 1611 1881 1650 saera-

281 1695 522 1743 mentum
570 1686 844 1758 accipiunt
873 1701 888 1753 ;
919 1686 1009 1757 qui
1035 1685 1180 1755 ﬁcte,
1211 1693 1604 1742 sacramentum
1652 1692 1877 1739 tantum.

276 1775 431 1833 Unde
460 1776 504 1831 si
534 1757 878 1847 postmodum
930 1775 1251 1847 resipuerint
1307 1790 1415 1830 non
1468 1772 1872 1843 rebaptizabun-
1901 1757 1954 1818 Β

278 1873 377 1919 tur.
410 1866 607 1920 Forma
656 1872 833 1920 autem
864 1864 1119 1936 baptismi
1146 1872 1269 1919 sunt
1296 1863 1397 1919 ista
1414 1862 1581 1919 verba
1612 1881 1624 1916 :
1656 1863 1716 1915 In
1773 1876 1874 1915 no-

275 1954 421 2019 mine
452 1953 623 2008 Patris
644 1960 698 2008 et
726 1952 847 2007 Filii
879 1961 933 2008 et
961 1952 1190 2024 Spiritus
1242 1952 1431 2019 sancti,
1463 1951 1550 2006 vel
1577 1967 1674 2005 sua
1713 1950 1880 2020 aequi-

277 2036 552 2123 pollentia.
612 2052 875 2107 Dominus
903 2052 1047 2107 enim
1091 2051 1417 2123 generaliter
1468 2050 1733 2105 instruens
1784 2048 1880 2103 ba-

277 2140 554 2210 ptismum,
588 2141 846 2212 prmeepit
872 2140 1056 2196 dicens
1084 2160 1102 2196 :
1140 2163 1162 2189 «ι
1195 2142 1294 2206 Ite,
1325 2139 1511 2195 docete
1540 2154 1728 2193 omnes
1755 2152 1883 2209 gen-

280 2238 378 2298 tes,
408 2230 741 2301 baptizantes
769 2246 863 2285 eos
907 2230 961 2284 in
980 2230 1201 2285 nomine
1219 2228 1390 2284 Patris
1435 2235 1486 2283 et
1507 2227 1625 2283 Filii
1654 2234 1706 2282 et
1750 2226 1881 2297 Spi-

281 2319 414 2374 ritus
447 2318 617 2374 sancti
654 2320 876 2389 (Matlh.
911 2318 1112 2389 xxvn).
1141 2342 1162 2366 υ
1198 2320 1242 2372 Α
1262 2324 1433 2373 morte
1461 2316 1653 2373 Christi
1682 2323 1736 2371 et
1761 2331 1883 2370 san-

283 2407 465 2480 guinis
488 2406 748 2462 eﬁ'usione
779 2407 941 2462 habet
977 2406 1276 2477 baptismus
1324 2407 1575 2462 virtutem
1603 2412 1655 2460 et
1695 2402 1881 2459 efﬁca-

284 2497 427 2551 ciam
455 2496 591 2551 sicut
618 2496 724 2551 alia
758 2504 1093 2551 sacramenta
1130 2496 1243 2552 sive
1269 2505 1391 2552 ante
1421 2495 1618 2568 legem,
1650 2493 1763 2549 sive
1828 2493 1884 2547 in

286 2585 429 2657 lege.
465 2584 566 2639 Per
584 2586 725 2640 hunc
756 2585 900 2639 enim
930 2585 1168 2640 Christus
1214 2600 1333 2655 quae
1362 2584 1503 2639 facta
1532 2590 1655 2637 sunt
1697 2581 1884 2636 dimit-

288 2673 370 2740 tit,
403 2672 622 2742 adjuvat
670 2690 737 2728 ne
785 2674 1017 2743 amplius
1061 2672 1210 2742 ﬁant,
1263 2672 1510 2743 perducit
1562 2679 1618 2726 ut
1663 2670 1883 2727 omnino

288 2770 403 2825 ﬁeri
434 2787 541 2825 non
595 2771 823 2841 possint,
878 2772 1007 2827 facit
1034 2780 1090 2826 ut
1118 2772 1205 2826 lex
1252 2770 1556 2841 impleatur,
1597 2777 1655 2824 ut
1700 2777 1887 2823 natura

287 2867 634 2938 liberetur,ne
656 2877 934 2940 peccatum
976 2869 1297 2924 dominetur.
1331 2869 1458 2923 Hzec
1477 2867 1544 2922 de
1599 2864 1886 2922 circumci-

285 2957 440 3013 sione
462 2958 520 3011 in
545 2956 816 3028 baptismo
843 2957 1125 3014 sufﬁciant.
1182 2957 1341 3027 Quod
1387 2966 1564 3013 autem
1610 2955 1888 3012 circumci-

288 3046 370 3101 sio
396 3047 451 3100 in
479 3047 727 3102 membro
785 3048 929 3101 virili
960 3046 1125 3103 ﬁebat
1151 3064 1331 3114 causa,
1388 3064 1456 3102 ne
1508 3046 1655 3101 aliud
1709 3059 1887 3100 mem-

288 3143 447 3198 brum
479 3152 570 3199 aut
591 3144 769 3198 debile
798 3142 967 3211 ﬁeret,
1000 3151 1089 3199 aut
1121 3152 1269 3213 turpe
1298 3142 1442 3213 quod
1470 3142 1685 3212 publice
1729 3140 1887 3197 vide-

290 3240 453 3299 retur,
512 3240 565 3286 et
610 3239 666 3287 ut
713 3233 952 3288 Christus
1010 3248 1108 3304 per
1159 3231 1456 3288 castitatem
1502 3228 1893 3304 signiﬁcaretur

292 3328 564 3377 venturus.
596 3323 720 3392 Ipso
742 3337 954 3391 quoque
982 3321 1038 3375 in
1067 3336 1226 3377 carne
1269 3320 1521 3392 praeputii
1563 3318 1726 3375 ﬁebat
1780 3318 1891 3373 cir-

294 3418 574 3484 cumcisio,
608 3418 733 3489 quia
762 3418 816 3472 in
846 3426 995 3490 parte
1054 3419 1147 3473 illa
1183 3418 1360 3491 magis
1403 3416 1709 3473 dominatur
1755 3426 1893 3472 con-

295 3508 645 3577 cupiscentia,
683 3523 781 3580 per
826 3523 989 3578 quam
1019 3507 1282 3580 originale
1306 3514 1587 3577 peccatum
1633 3520 1900 3577 propaga-

299 3611 403 3658 tur.
435 3603 539 3659 Ubi
559 3620 691 3676 ergo
724 3605 812 3659 via
841 3604 1046 3676 peccati
1085 3612 1180 3672 est,
1211 3604 1287 3659 ibi
1318 3612 1440 3674 apte
1494 3602 1898 3675 signiﬁcabatur

300 3693 507 3764 peccati
535 3692 854 3762 remedium,
888 3702 940 3749 et
974 3693 1378 3766 signiﬁcabatur
1404 3709 1500 3764 per
1527 3690 1895 3748 circumcisio-

301 3808 423 3846 nem
452 3794 626 3847 carnis
653 3792 988 3849 circumcisio
1018 3793 1232 3860 mentis,
1264 3810 1370 3864 qua
1399 3792 1759 3847 mundabatur
1784 3789 1898 3846 ani-

300 3897 391 3936 ma
418 3898 451 3937 a
490 3882 651 3937 vitiis.
707 3883 837 3938 Tres
886 3882 1067 3952 itaque
1117 3889 1324 3938 constat
1379 3898 1495 3938 esse
1538 3879 1900 3937 circumcisio-

300 3985 396 4025 nes
428 3990 440 4025 :
475 3971 592 4026 Una
624 3978 701 4026 est
728 3978 1143 4039 sacramentum,
1175 3971 1295 4027 duae
1323 3987 1452 4029 vero
1506 3978 1627 4025 sunt
1646 3985 1731 4025 res
1759 3968 1901 4023 illius

298 4060 641 4127 sacramenti,
673 4059 925 4116 videlicet
949 4060 1283 4116 circumcisio
1304 4076 1335 4115 a
1353 4066 1593 4132 peccato,
1626 4073 1744 4129 qua:
1775 4072 1901 4127 quo-

299 4148 427 4203 tidie
455 4155 533 4203 est
564 4149 617 4203 in
665 4148 866 4217 anima,
897 4158 948 4205 et
977 4150 1316 4205 circumcicio
1346 4166 1377 4205 a
1398 4155 1618 4221 peccato
1654 4146 1722 4202 ab
1750 4146 1900 4203 omni

300 4253 461 4310 pmna
489 4238 719 4309 peccati,
754 4254 874 4308 quae
903 4239 957 4293 in
985 4239 1380 4295 resurrectione
1431 4239 1597 4293 eritin
1613 4236 1794 4292 anima
1848 4240 1902 4289 et

300 4350 547 4405 corpore.
610 4335 841 4391 Petrinis
878 4344 1056 4392 autem
1104 4336 1287 4392 cultris
1351 4335 1688 4393 circumcidit
1740 4334 1901 4389 Iosue

301 4424 589 4479 intraturos
646 4432 839 4480 terram
890 4425 1340 4495 repromissionis,
1404 4423 1531 4496 quia
1584 4430 1735 4495 petra
1788 4428 1901 4476 erat

302 4511 542 4568 Christus
569 4512 620 4583 (I
648 4513 768 4569 Cor.
790 4518 848 4583 x)
881 4514 971 4584 qui
1003 4512 1138 4569 tollit
1166 4520 1385 4585 peccata
1414 4511 1601 4568 mundi
1630 4512 1813 4583 (Joan,
1836 4510 1897 4583 1).

614 4628 847 4685 SERMO
886 4630 959 4685 IN
997 4628 1273 4687 OCTAVA
1310 4628 1585 4686 DOMINI.

376 4744 583 4801 Natalis
610 4744 879 4801 Dominici
907 4744 1051 4800 diem
1080 4745 1241 4801 hodie
1268 4746 1602 4802 celebramus
1628 4752 1900 4815 octavum,

309 4841 364 4895 in
393 4857 500 4911 quo
526 4857 663 4912 puer
704 4842 906 4898 Jesusa
935 4843 1246 4914 parentibus
1292 4844 1468 4899 carnis
1520 4859 1633 4899 sua:
1677 4841 1906 4899 carnalis

306 4930 726 4986 circumcisionis
774 4932 982 5003 accepit
1025 4939 1419 4988 sacramentum
1448 4932 1608 5003 (Luc.
1640 4933 1723 5002 ιι).
1781 4931 1905 4987 Non

309 5018 454 5074 enim
484 5020 621 5074 sicut
648 5020 762 5091 ipse
794 5021 890 5086 ait,
920 5020 1097 5093 legem
1128 5029 1351 5077 venerat
1402 5021 1632 5089 solvere,
1662 5019 1759 5075 sed
1813 5018 1906 5074 ad-

310 5108 535 5178 implere
567 5108 789 5177 (Matth.
843 5112 946 5180 ιιι).
978 5109 1180 5182 Legem
1212 5109 1431 5179 quidem
1462 5109 1722 5181 implevit,
1781 5108 1909 5179 quia

309 5196 379 5251 de
398 5196 532 5252 faece
563 5198 858 5253 carnalium
888 5197 1324 5254 Observationum
1355 5198 1629 5269 spirituale
1684 5196 1910 5267 elinquit

312 5293 661 5363 intellectum,
720 5302 774 5350 et
800 5295 1033 5365 quadam
1091 5312 1285 5351 arcana
1322 5302 1592 5367 praecepta
1638 5293 1905 5361 mortalia,

311 5407 434 5461 qua)
462 5391 661 5447 Judaeis
685 5399 905 5462 propter
958 5391 1320 5449 inﬁrmitatem
1348 5408 1499 5447 suam
1528 5390 1751 5445 remissa
1795 5390 1885 5444 fue

311 5495 413 5544 rat.
444 5490 581 5545 Item
612 5488 666 5543 in
698 5488 993 5561 Evangelio
1029 5488 1340 5562 superaddit
1367 5488 1650 5561 praeceptis
1702 5502 1908 5557 eorum,

313 5593 367 5641 et
407 5586 553 5657 ipsas
589 5586 993 5643 observationes
1045 5588 1287 5645 carnales
1330 5604 1502 5659 usque
1580 5586 1650 5642 ad
1704 5593 1914 5657 tempus

315 5684 666 5740 correctionis
685 5684 1009 5742 observavit.
1042 5685 1174 5741 Inde
1202 5693 1283 5741 est
1310 5685 1455 5756 quod
1510 5699 1644 5757 puer
1671 5700 1703 5739 a
1732 5698 1915 5755 paren-

320 5781 463 5836 tibus
506 5788 698 5837 octava
726 5781 816 5838 die
843 5789 925 5839 est
948 5781 1310 5853 circumcisus,
1336 5798 1406 5839 χι,
1433 5780 1521 5837 die
1548 5782 1618 5838 ab
1663 5781 1742 5837 eis
1793 5795 1915 5837 cum

1969 491 2133 545 etiam
2170 490 2240 544 ad
2294 489 2441 546 diem
2489 489 2682 545 festum
2728 487 3080 543 dedicationis
3135 494 3188 544 et
3229 488 3297 542 ad
3355 496 3577 545 caeteros

1969 578 2086 633 dies
2141 579 2305 633 festos
2361 577 2765 649 Hierosolymis,
2815 577 2951 632 sicut
2979 576 3033 631 in
3084 574 3386 649 Evangelia
3433 577 3576 649 legi-

1972 684 2109 732 mus,
2136 668 2444 736 frequenter
2494 666 2723 722 occurrit
2750 674 2802 721 et
2833 667 2889 720 in
2916 665 3064 720 nullo
3108 674 3441 721 sacramenta
3488 666 3571 721 le-

1971 756 2118 829 galia
2147 755 2418 822 refutavit,
2451 755 2623 811 donec
2652 755 2708 809 in
2736 762 2919 810 sancto
2937 754 3024 811 die
3069 754 3249 810 Cmnaa
3276 754 3574 825 immolato,

1974 852 2141 909 veteri
2174 852 2394 919 Pascha,
2426 859 2579 907 vetus
2608 851 2965 907 sacerdotium
2994 851 3272 907 innovavit
3317 859 3369 907 et
3396 861 3576 907 muta-

1976 951 2073 1019 vit,
2107 950 2322 1021 quando
2378 950 2611 1021 seipsam
2637 949 2924 1006 convivam
2956 949 3024 1005 ad
3052 949 3357 1005 convivium
3412 949 3578 1004 disci-

1976 1038 2119 1109 pulis
2142 1038 2410 1095 exhibuit.
2462 1038 2740 1094 Translato
2787 1053 2917 1111 ergo
2946 1037 3244 1093 sacerdotio
3292 1037 3429 1093 sicut
3457 1054 3580 1109 apo-

1978 1128 2145 1183 stolus
2165 1129 2259 1197 ait,
2293 1144 2509 1183 necesse
2539 1136 2654 1181 erat
2682 1135 2740 1181 ut
2770 1125 2920 1184 ﬁeret
2946 1133 2995 1182 et
3027 1127 3162 1199 legis
3192 1126 3480 1195 translatio,
3529 1135 3581 1182 et

1981 1231 2085 1285 hoc
2132 1235 2245 1284 erat
2306 1236 2515 1300 tempus
2543 1227 2906 1297 correctionis,
2968 1228 3184 1297 quando
3237 1228 3580 1284 removendae

1983 1336 2137 1384 erant
2157 1328 2401 1383 carnales
2454 1328 2662 1383 umbrae
2718 1328 2819 1382 sub
2862 1327 3055 1396 quibus
3097 1335 3268 1394 natus,
3328 1336 3383 1382 et
3415 1342 3580 1397 usque

1986 1426 2054 1482 ad
2090 1427 2353 1497 puerilem
2381 1433 2595 1482 aetatem
2622 1426 2876 1482 educatus
2903 1433 2983 1481 est
3012 1426 3265 1481 Christus.
3314 1425 3467 1482 Unde
3492 1426 3581 1480 di-

1987 1524 2061 1579 cit
2078 1523 2401 1595 Apostolus:
2431 1547 2451 1571 ι
2488 1524 2779 1594 Postquam
2816 1523 2964 1581 venit
3008 1523 3284 1594 plenitudo
3327 1523 3583 1594 temporis

1988 1611 2133 1667 misit
2161 1613 2305 1667 Deus
2334 1611 2528 1666 Filium
2582 1628 2759 1679 suum,
2790 1619 2975 1667 natum
2998 1629 3066 1666 ex
3085 1611 3328 1679 muliere,
3385 1612 3583 1667 factum

1989 1701 2089 1757 sub
2120 1701 2261 1772 lege,
2284 1708 2385 1756 etc.
2421 1700 2573 1770 (Gal.
2612 1699 2711 1769 ιν).
2756 1723 2777 1749 υ
2815 1700 2871 1756 Si
2900 1701 3045 1755 enim
3075 1717 3107 1755 a
3134 1701 3256 1772 lege
3306 1700 3439 1755 alter
3479 1699 3587 1754 ali-

1988 1788 2107 1860 quis
2135 1788 2510 1845 observatione
2543 1795 2827 1843 extraneus
2871 1788 3160 1844 scientibus
3187 1789 3366 1860 legem
3419 1805 3590 1845 sacra-

1988 1884 2169 1932 menta
2198 1882 2510 1948 exponeret,
2545 1876 2665 1945 quis
2718 1877 2767 1931 ei
2787 1876 3025 1931 auditum
3083 1875 3365 1946 praberet.
3422 1876 3588 1933 Recto

1987 1974 2152 2047 igitur
2201 1973 2388 2028 ordine
2444 1971 2761 2044 magisterii,
2817 1972 2907 2043 qui
2962 1972 3108 2043 prius
3160 1973 3328 2029 voluit
3380 1974 3592 2030 auditor

1989 2088 2104 2128 esse
2161 2087 2324 2141 quam
2372 2070 2578 2138 doctor,
2626 2069 2773 2141 prius
2820 2085 2939 2125 eam
3003 2086 3216 2127 servare
3271 2086 3433 2141 quam
3472 2072 3590 2141 ejus

1987 2166 2325 2216 sacramenta
2370 2173 2628 2226 reserare,
2696 2166 2755 2213 ut
2798 2173 2895 2228 per
2948 2157 3113 2213 vitam
3159 2166 3212 2213 et
3288 2158 3586 2215 doctrinam

1988 2264 2141 2303 suam
2194 2246 2307 2317 ipse
2339 2262 2455 2302 esse
2509 2254 2923 2318 cognosceretur
2966 2247 3052 2302 cui
3082 2247 3445 2302 testimonium
3501 2247 3589 2303 da-

1990 2345 2121 2401 bant
2139 2346 2227 2400 lex
2247 2352 2301 2399 et
2326 2345 2602 2416 propheta
2614 2385 2629 2399 .

2061 2461 2214 2515 Hunc
2268 2459 2433 2530 igitur
2487 2458 2614 2529 quia
2696 2458 2956 2530 quasdam
3033 2475 3221 2515 causas
3290 2460 3578 2531 reddimus,

1992 2565 2157 2621 quare
2184 2548 2284 2604 sub
2316 2550 2436 2619 lege
2464 2555 2619 2603 natus
2665 2556 2744 2604 est
2772 2548 3036 2604 Dominus
3064 2562 3080 2617 ;
3110 2548 3178 2603 de
3232 2549 3592 2605 circumcisio-

1991 2643 2076 2698 nis
2102 2649 2439 2698 sacramento
2469 2657 2631 2711 quam
2689 2641 2743 2695 in
2801 2641 3051 2696 manibus
3103 2642 3384 2711 habemus,
3444 2645 3588 2714 quod

1992 2731 2255 2787 Dominus
2282 2730 2490 2785 dederit
2514 2736 2819 2785 tractemus.
2860 2727 3066 2786 Octava
3114 2731 3313 2786 etenim
3368 2732 3594 2788 circum-

1992 2829 2124 2885 cisio
2152 2828 2243 2883 uni
2294 2827 2565 2883 concinuit
2618 2835 2972 2883 sacramento.
3003 2826 3205 2884 Octava
3251 2830 3306 2884 in
3360 2832 3595 2904 Scriptu-

1993 2919 2067 2973 ris
2094 2933 2190 2989 pro
2239 2916 2537 2972 aeternitate
2565 2915 2737 2985 accipi
2765 2917 3062 2973 consuevit.
3115 2918 3264 2973 Sicut
3313 2920 3457 2974 enim
3510 2937 3593 2975 se-

1995 3015 2222 3085 ptenarii
2270 3013 2477 3068 numeri
2533 3012 2754 3069 circuitu
2781 3030 2960 3068 rerum
3013 3016 3389 3087 temporalium
3442 3017 3593 3076 volu-

1915 3114 1965 3179 C
1994 3111 2194 3177 bilitas,
2252 3111 2327 3165 ita
2397 3125 2495 3180 per
2552 3117 2799 3167 octavam
2867 3110 2955 3180 qui
3003 3112 3307 3183 septenario
3356 3114 3595 3170 succedit

1997 3216 2235 3272 congme
2264 3199 2579 3271 designatur
2628 3198 2915 3255 aeternitas.
2974 3197 3192 3255 Octava;
3247 3208 3425 3256 autem
3470 3202 3593 3257 ideo

1999 3288 2354 3354 celebrantur,
2390 3288 2516 3357 quia
2536 3286 2726 3359 primis
2754 3287 2944 3343 diebus
2960 3297 3282 3344 concurrunt
3297 3290 3434 3345 sicut
3477 3292 3593 3363 pri-

2000 3394 2122 3432 mus
2176 3377 2493 3432 Dominicus
2547 3376 2664 3432 dies
2699 3376 2769 3432 ad
2823 3376 3049 3432 alterum
3106 3378 3196 3448 qui
3248 3378 3439 3434 eodem
3492 3380 3596 3435 ritu

2001 3475 2324 3530 celebratur.
2392 3475 2457 3529 Et
2515 3473 2771 3544 quoniam
2815 3474 3090 3545 sequentia
3147 3490 3312 3547 opera
3338 3476 3484 3532 bona
3528 3478 3597 3533 ad

2002 3564 2178 3635 prima
2197 3570 2494 3631 recurrunt,
2540 3563 2720 3633 aliquo
2776 3562 2938 3618 modo
2996 3571 3212 3619 octavas
3267 3582 3597 3622 exercemus.

2004 3654 2173 3707 Tanta
2202 3651 2417 3707 miseria
2443 3651 2545 3706 fuit
2573 3651 2627 3705 in
2652 3651 2962 3707 hominibus
2993 3661 3114 3707 ante
3160 3653 3354 3709 Christi
3408 3655 3603 3711 adven-

2005 3749 2143 3811 tum,
2174 3749 2232 3796 ut
2258 3756 2418 3797 nemo
2463 3740 2532 3795 ad
2579 3740 2825 3796 eamdem
2885 3741 3247 3797 innocentiam
3302 3745 3605 3813 perveniret

2006 3855 2168 3908 quam
2197 3838 2384 3894 habuit
2412 3837 2616 3908 primus
2644 3837 2807 3892 homo
2836 3844 3120 3908 antequam
3165 3848 3433 3909 peccaret.
3462 3841 3604 3897 Nam

2006 3946 2061 3993 et
2085 3934 2426 3992 circumcisio
2456 3949 2577 4003 qum
2606 3940 2797 3989 octava
2825 3932 2912 3989 die
2928 3934 3245 4006 celebratur,
3277 3938 3333 3991 in
3350 3940 3604 3996 recorda-

2009 4027 2152 4082 tione
2180 4024 2371 4096 primae
2424 4021 2744 4078 innocentiae
2799 4021 3079 4094 agebatur,
3139 4023 3192 4076 id
3241 4032 3319 4079 est
3346 4032 3405 4080 ut
3454 4044 3607 4082 mens

2007 4111 2320 4169 circumcisa
2349 4117 2489 4164 esset
2516 4109 2585 4164 ab
2623 4109 2770 4164 omni
2826 4110 3147 4181 contagione
3173 4112 3395 4179 cameli,
3443 4130 3605 4184 quam

2002 4200 2299 4273 jussitipsa
2316 4198 2510 4253 umbra
2538 4198 2836 4252 futurorum
2892 4213 3160 4253 verorum.
3219 4199 3459 4256 Christus
3510 4219 3608 4274 per

2006 4290 2333 4363 baptismum
2354 4286 2581 4341 restituit
2616 4285 2671 4339 in
2699 4301 2899 4358 genere
2955 4288 3191 4343 humano
3218 4288 3470 4346 eamdem
3525 4292 3605 4346 in-

2007 4377 2333 4441 nocentiam,
2373 4374 2601 4445 ideoque
2631 4382 2821 4429 octava
2868 4373 2976 4443 die,
3008 4376 3062 4430 id
3092 4384 3172 4431 est
3198 4377 3483 4436 Dominica
3539 4397 3607 4435 ex

1930 4469 1982 4531 D
2010 4466 2280 4539 baptismo
2310 4464 2624 4519 resurrectio
2658 4462 2869 4532 colitur,
2926 4464 3029 4521 hoc
3049 4473 3131 4520 est
3180 4465 3318 4523 inter
3343 4468 3473 4525 istos
3519 4470 3609 4540 qui

2010 4556 2170 4629 primi
2199 4553 2563 4609 innocentiam
2620 4552 2854 4607 hominis
2884 4553 3162 4609 imitantur
3188 4562 3242 4611 et
3269 4556 3391 4612 illos
3417 4559 3508 4628 qui
3554 4559 3611 4613 in

2009 4644 2187 4703 Veteri
2205 4643 2546 4699 Testamento
2594 4650 2763 4698 erant.
2808 4640 2966 4711 Quod
2995 4642 3242 4713 quamvis
3261 4644 3337 4699 illi
3377 4646 3508 4714 justi
3538 4663 3613 4702 es-

2009 4751 2146 4810 sent,
2178 4749 2358 4797 tamen
2388 4738 2766 4795 detinebantur
2793 4738 2935 4795 infra
2978 4740 3207 4796 claustra
3236 4742 3430 4796 inferni
3487 4752 3611 4800 ante

2012 4840 2204 4897 Christi
2235 4838 2548 4904 adventum,
2573 4836 2658 4891 isti
2712 4843 2995 4908 penetrant
3020 4850 3188 4910 regna
3209 4839 3489 4894 caelorum.
3548 4841 3613 4895 Et

2012 4930 2267 5000 quoniam
2296 4926 2364 4982 ad
2421 4926 2699 4981 meliorem
2751 4931 2946 4979 statum
3002 4925 3114 4980 vult
3164 4941 3262 4980 nos
3316 4927 3611 4996 perducere

2014 5025 2344 5094 Redemptor
2359 5030 2557 5089 noster,
2589 5036 2749 5091 quam
2781 5020 3005 5074 haberet
3028 5021 3233 5092 primus
3284 5022 3485 5092 Adam,
3519 5024 3613 5079 ad-

2014 5125 2117 5178 hue
2143 5127 2485 5192 exspectatur
2540 5124 2729 5173 octava
2776 5116 2891 5170 dies
2947 5132 3068 5186 quae
3125 5116 3225 5172 erit
3276 5117 3333 5173 in
3387 5136 3613 5179 resurre-

2015 5220 2191 5275 ctione
2212 5230 2517 5288 corporum.
2549 5211 2758 5267 Primus
2802 5210 2975 5267 Adam
3001 5211 3077 5267 ita
3103 5220 3215 5268 erat
3244 5213 3503 5272 innocens
3559 5227 3615 5275 ut

2016 5315 2199 5379 posset
2225 5318 2467 5377 peccare,
2497 5301 2541 5355 si
2570 5300 2752 5367 vellet,
2784 5300 2837 5355 ei
2868 5316 2966 5355 nos
3022 5301 3095 5357 ita
3115 5302 3410 5373 accipimus
3464 5306 3611 5363 innoo

2018 5404 2249 5461 centiam
2307 5416 2404 5473 per
2455 5398 2802 5469 baptismum,
2854 5406 2911 5453 ut
2954 5399 3226 5468 possimus
3282 5419 3507 5474 peccare
3563 5414 3618 5462 et

2020 5488 2287 5561 possimus
2341 5499 2449 5540 non
2494 5482 2653 5549 velle,
2710 5481 2808 5537 sed
2863 5490 2997 5567 post
3019 5485 3383 5556 receptionem
3426 5503 3615 5561 corpo-

2020 5592 2140 5633 rum
2159 5589 2318 5630 nemo
2349 5572 2560 5645 poterit,
2588 5585 2748 5626 nemo
2777 5570 2925 5627 volet
2942 5586 3185 5643 peccare.

2094 5683 2264 5757 Igitur
2305 5681 2429 5752 quia
2457 5679 2526 5736 ad
2580 5680 2683 5734 hoc
2729 5677 2982 5734 instituta:
3011 5688 3133 5735 sunt
3162 5688 3385 5755 octavae,
3427 5692 3484 5740 ut
3537 5700 3614 5740 re-

2026 5774 2190 5832 deant
2214 5771 2284 5829 ad
2314 5771 2566 5843 primum,
2597 5774 2810 5840 Oportet
2834 5764 3175 5827 considerare
3203 5771 3333 5841 quid
3360 5770 3417 5828 in
3470 5779 3615 5829 oeta-
