4010 6074
451 221 554 272 803

1559 212 1910 272 WERNERI
1967 212 2256 277 ABBATIS
2307 215 2364 273 S.
2421 218 2650 278 BLASI-

3654 227 3752 284 804

453 340 536 396 vis
586 337 800 395 Domini
858 337 1045 394 redeat
1098 337 1171 394 ad
1226 335 1458 407 primum
1513 336 1656 393 diem
1711 337 2030 394 nativitatis.
2069 339 2124 400 A
2155 339 2497 397 similitudini
2552 345 2744 400 mortis
2799 346 2941 415 ejus,
3001 350 3162 406 simul
3237 358 3293 407 et
3337 354 3758 410 resurrectionis

453 437 633 492 Primo
683 436 771 490 die
813 432 1110 490 nativitatis
1158 433 1322 488 exivit
1366 434 1434 489 de
1482 441 1634 491 utero
1683 435 1942 507 Virginis,
1992 443 2045 491 et

447 526 695 580 inventus
728 531 808 579 est
836 523 889 577 in
922 523 1191 594 praesepio
1222 522 1494 578 involutus
1540 524 1754 594 pannis.
1786 524 2046 595 Nunquid

446 622 638 669 octava
666 613 757 667 die
783 612 981 667 iterum
1011 611 1176 667 exivit
1201 611 1268 666 de
1300 619 1462 666 utero
1488 612 1750 682 Virginis,
1784 614 2045 669 etinven-

447 710 535 757 tus
565 709 651 757 est
687 701 963 756 involutus
1001 700 1199 772 pannis
1228 699 1282 753 in
1338 703 1607 772 prasepio
1663 709 1717 756 et
1771 701 2042 757 celebrata

447 807 566 854 sunt
602 814 801 870 eaque
858 798 926 852 de
970 796 1289 870 angelorum
1345 796 1506 852 affatu
1562 799 1815 870 leguntur
1869 798 2042 870 prima

443 890 534 944 die
565 896 686 944 acta
713 889 742 940 ‘?
771 889 1063 942 Possumus
1121 894 1299 941 tamen
1330 886 1580 942 invenire
1641 889 1695 940 in
1726 903 1835 958 quo
1897 895 2043 943 octa-

445 993 513 1032 va
547 977 666 1031 dies
721 982 985 1047 congruat
1039 974 1252 1045 prima.
1320 975 1466 1028 Duas
1523 990 1717 1030 causas
1776 975 2042 1047 intelligi-

442 1082 564 1120 mus
613 1065 668 1118 in
698 1063 891 1119 Christi
948 1063 1226 1117 nativitate
1284 1080 1298 1115 :
1358 1062 1608 1133 primam,
1641 1063 1852 1120 scilicet
1880 1063 2038 1118 Chri-

443 1164 588 1209 stum
619 1153 836 1208 venisse
859 1151 929 1207 ad
958 1151 1205 1207 homines
1238 1169 1251 1215 ;
1287 1153 1581 1207 secundam
1629 1153 1881 1207 homines
1946 1169 2044 1209 ve-

443 1252 588 1307 nisse
619 1250 689 1306 ad
717 1249 1012 1305 Christum.
1058 1250 1138 1304 De
1167 1264 1273 1318 qua
1316 1265 1377 1303 re
1421 1248 1559 1304 dicit
1605 1250 1946 1322 Augustinus
1986 1250 2038 1304 in

440 1349 580 1403 libro
600 1348 778 1419 primo
807 1347 888 1402 De
917 1345 1161 1401 doctrina
1207 1344 1537 1400 Christiana.
1609 1347 1732 1400 Non
1790 1346 1933 1401 enim
1972 1345 2040 1400 ad

439 1454 584 1504 eum,
623 1437 717 1508 qui
767 1435 966 1506 ubique
1017 1449 1262 1504 praesens
1319 1441 1401 1488 est
1423 1433 1557 1488 locis
1597 1450 1896 1502 movemur,
1945 1435 2040 1490 sed

440 1535 582 1590 bono
601 1533 801 1601 studio,
835 1531 1098 1603 bonisque
1121 1531 1378 1586 moribus.
1416 1531 1574 1600 Quod
1606 1547 1715 1587 non
1750 1546 2043 1603 possemus

439 1631 547 1686 nisi
575 1631 699 1702 ipsa
731 1629 998 1700 sapientia
1026 1637 1192 1683 tanta
1213 1629 1373 1684 etiam
1402 1628 1709 1704 inﬁrmitati
1737 1645 2042 1700 congruere

439 1721 784 1792 dignaretur,
822 1727 878 1773 ut
907 1717 1125 1774 vivendi
1175 1717 1490 1788 exemplum
1537 1718 1695 1772 nobis
1750 1718 2038 1788 praeberet.

448 1817 556 1872 Sed
579 1832 687 1872 non
718 1815 876 1870 aliter
907 1831 1062 1884 quam
1095 1815 1149 1869 in
1176 1815 1420 1870 homine.
1459 1816 1594 1869 Nam
1629 1823 1679 1870 et
1709 1831 1809 1870 nos
1855 1815 2040 1870 homi-

441 1923 540 1962 nes
572 1922 790 1960 sumus.
851 1904 960 1959 Sed
1011 1905 1138 1976 quia
1169 1920 1272 1958 nos
1329 1919 1448 1959 cum
1480 1904 1545 1957 ad
1585 1904 1730 1958 illam
1789 1904 2039 1959 venimus

440 1995 719 2066 sapienter
757 1994 1005 2059 facimus,
1037 1993 1178 2064 ipsa,
1212 2008 1333 2048 cum
1367 1993 1435 2048 ad
1473 2009 1575 2048 nos
1599 1994 1745 2048 venit
1761 1994 1828 2048 ab
1849 1993 2036 2050 homi-

438 2085 595 2139 nibus
627 2083 884 2155 superbis
914 2081 1074 2153 quasi
1124 2081 1287 2136 stulte
1317 2081 1534 2148 fecisse,
1584 2090 1768 2152 putata
1825 2091 1932 2138 est.
1973 2084 2037 2137 Et

439 2183 694 2256 quoniam
725 2197 826 2237 nos
857 2181 925 2236 ad
954 2180 1102 2235 illam
1136 2179 1380 2235 venimus
1425 2180 1875 2246 convalescimus,
1919 2181 2035 2251 ipsa

440 2297 566 2338 cum
605 2281 674 2336 ad
732 2295 832 2334 nos
884 2277 1034 2334 venit
1088 2277 1243 2348 quasi
1279 2277 1492 2330 inﬁrma
1549 2277 1862 2332 existimata
1917 2287 2025 2334 est.

439 2367 578 2420 Cum
606 2380 738 2436 ergo
769 2364 884 2433 ipsa
916 2362 984 2417 sit
1039 2361 1237 2432 patria,
1264 2361 1405 2415 viam
1427 2377 1640 2433 quoque
1697 2378 1757 2417 se
1782 2363 1908 2417 fecit
1963 2364 2032 2418 ad

438 2453 694 2526 patriam.
731 2453 948 2507 Etcum
989 2466 1121 2505 sano
1161 2457 1214 2505 et
1243 2466 1378 2520 puro
1429 2449 1672 2504 interiori
1689 2451 1850 2506 oculo
1907 2451 2031 2506 ubi-

439 2560 544 2614 que
576 2543 646 2597 sit
672 2556 936 2612 praesens,
969 2555 1161 2595 eorum
1192 2539 1283 2610 qui
1311 2539 1528 2595 oculum
1551 2539 1702 2594 illum
1758 2539 2029 2596 inﬁrmum

440 2637 888 2709 immundumque
935 2637 1157 2702 habent,
1223 2636 1394 2692 oculis
1471 2651 1736 2706 apparere
1808 2637 2030 2709 dignata

440 2736 542 2785 est.
573 2727 712 2796 Quia
741 2727 887 2782 enim
925 2726 976 2780 in
1001 2725 1270 2796 sapientia
1307 2724 1429 2790 Dei,
1472 2741 1580 2780 non
1606 2733 1815 2796 poterat
1871 2743 2031 2781 mun-

433 2819 564 2885 dus,
627 2825 681 2873 et
736 2832 836 2888 per
884 2831 1039 2871 suam
1067 2814 1332 2886 sapientia
1357 2814 1476 2882 Dei,
1509 2831 1618 2871 non
1634 2824 1848 2886 poterat
1872 2832 2030 2871 mun-

433 2917 555 2984 dus,
615 2923 670 2972 et
727 2931 827 2986 per
876 2929 1029 2968 suam
1087 2912 1410 2984 sapientiam
1439 2928 1778 2985 cognoscere
1809 2915 2026 2982 Deum;

2153 440 2358 497 erimus
2408 443 2582 510 (Rom.
2617 445 2925 514 v1).»Qu£e
2955 455 3139 504 autem
3193 449 3288 504 illa
3335 451 3403 505 sit
3461 451 3756 508 similitudo

2152 538 2342 592 mortis
2371 539 2652 594 audiamus
2690 543 2757 596 ab
2788 543 2947 613 ipso:
2985 568 3004 593 ιι
3042 547 3405 618 Complantati
3465 549 3613 604 enim
3674 567 3760 604 su-

2151 641 2272 680 mus
2304 627 2353 682 ei
2405 644 2506 698 per
2551 629 2881 700 baptismum
2939 633 2994 687 in
3055 643 3308 703 mortem,
3369 645 3426 691 ut
3483 639 3760 709 quomodo

2153 723 2402 780 Christus
2429 730 2774 783 resurrexita
2803 731 3051 797 mortuis,
3111 748 3210 802 per
3266 733 3500 805 gloriam
3565 735 3756 793 Patris.

2150 813 2226 866 ita
2279 820 2331 868 et
2377 830 2478 869 nos
2532 816 2586 870 in
2642 818 2882 891 novitate
2910 820 3034 874 vitae
3086 821 3430 877 ambulemus
3481 824 3700 891 (ibid.).
3732 849 3751 870 υ

2150 901 2276 956 Haec
2309 904 2501 958 mortis
2527 905 2823 961 similitudo
2852 908 3067 978 peccati
3097 917 3178 964 est
3209 909 3414 965 ablutio
3462 910 3713 981 perfecta
3743 927 3756 980 ;

2151 997 2360 1054 novitas
2390 1017 2517 1056 vero
2547 1003 2672 1058 vitae
2703 1003 3013 1061 observatio
3054 1006 3304 1078 justitite.
3336 1009 3467 1065 Haec
3493 1009 3616 1079 ipsa
3675 1018 3758 1064 est

2150 1087 2326 1157 prima
2365 1091 2696 1146 resurrectio
2754 1093 2973 1159 animae,
3022 1095 3089 1150 de
3140 1111 3248 1166 qua
3297 1097 3428 1152 dicit
3457 1099 3745 1153 Joannes:

2157 1197 2176 1222 α
2215 1176 2361 1231 Beati
2412 1178 2504 1250 qui
2542 1179 2744 1235 habent
2769 1189 2978 1252 partem
3031 1181 3085 1237 in
3116 1185 3520 1241 resurrectione
3570 1185 3748 1256 prima

2151 1274 2341 1346 (Apoc.
2376 1280 2498 1346 xx).
2543 1300 2563 1325 υ
2599 1281 2660 1332 In
2707 1277 2792 1334 his
2824 1280 3062 1335 secunda
3094 1296 3262 1348 mors,
3324 1282 3376 1336 id
3410 1289 3493 1336 est
3550 1290 3755 1338 aeterna

2149 1386 2261 1426 non
2290 1373 2455 1428 habet
2483 1382 2827 1443 potestatem.
2865 1378 2992 1445 Haec
3022 1377 3216 1432 eadem
3246 1393 3378 1433 vera
3405 1386 3487 1433 est
3529 1379 3757 1434 circum-

2150 1469 2303 1539 cisio,
2335 1486 2438 1540 per
2466 1487 2634 1542 quam
2687 1487 2796 1527 non
2828 1481 3006 1528 cutem
3039 1474 3222 1530 carnis
3276 1474 3503 1545 petrin‘is
3563 1476 3754 1531 cultris

2151 1566 2538 1638 exspoliamus,
2566 1569 2663 1624 sed
2704 1577 2946 1626 veterem
2974 1571 3270 1637 hominem,
3331 1572 3387 1627 id
3413 1580 3496 1626 est
3553 1573 3754 1628 veteris

2069 1699 2121 1757 Β
2151 1665 2385 1720 hominis
2411 1665 2818 1722 similitudinem
2841 1668 3055 1723 Christo
3087 1669 3436 1734 conformati,
3472 1685 3598 1726 cum
3637 1671 3754 1725 suis

2150 1754 2366 1811 actibus
2396 1755 2738 1827 deponimus.
2786 1758 2865 1811 De
2895 1773 2998 1828 qua
3056 1757 3184 1812 alibi
3240 1757 3372 1813 dicit
3408 1759 3704 1829 Apostolus
3737 1778 3751 1813 :

2155 1874 2175 1900 α
2209 1854 2330 1907 Νοιι
2359 1853 2503 1907 enim
2534 1854 2873 1910 circumcisio
2905 1863 2987 1909 est
3016 1872 3139 1927 quae
3169 1856 3236 1910 sit
3265 1856 3319 1910 in
3349 1857 3664 1926 manifesto,
3697 1858 3752 1912 id

2146 1947 2229 1996 est
2257 1940 2312 1995 in
2340 1957 2526 2008 carne,
2570 1943 2670 1997 sed
2719 1941 3061 1999 circumcisio
3122 1943 3305 1998 cordis
3347 1962 3469 2016 quae
3524 1961 3638 2000 non
3690 1945 3751 1998 ﬁt

2143 2029 2341 2099 littera,
2399 2031 2497 2086 sed
2545 2031 2734 2102 spiritu
2765 2033 2989 2104 (Ephes.
3024 2035 3112 2098 ιι).
3167 2057 3187 2079 ιι
3216 2033 3316 2087 Illa
3334 2049 3467 2105 ergo
3499 2035 3745 2090 exterior

2144 2119 2305 2186 hujus
2335 2119 2646 2175 interiorius
2675 2119 2857 2192 ﬁgura
2879 2121 3138 2187 est,sicut
3157 2121 3502 2178 deAbraham
3516 2123 3751 2195 jamper

2141 2207 2304 2261 ﬁdem
2329 2207 2626 2275 justiﬁcato
2655 2209 2786 2264 dicit
2841 2209 2958 2280 ipse
2980 2209 3291 2280 Apostolus,
3351 2211 3476 2282 quia
3522 2213 3746 2284 signum

2141 2295 2574 2352 circumcisionis
2632 2298 2841 2368 accepit
2870 2298 3209 2370 signaculum
3264 2300 3491 2368 justitia:
3547 2304 3735 2364 (Rom.

2138 2387 2241 2453 ιν).
2292 2386 2439 2441 Bene
2458 2395 2634 2442 autem
2666 2387 2920 2442 convenit
2948 2396 3156 2444 octavae
3187 2393 3425 2458 nostrte;
3459 2391 3612 2462 quod
3641 2391 3747 2447 cir-

2135 2473 2396 2530 cumcisio
2417 2474 2604 2530 carnis
2632 2474 2688 2528 in
2745 2491 2811 2530 ea
2840 2484 2990 2547 parte
3025 2476 3084 2531 ﬁt
3102 2477 3364 2547 corporis,
3426 2495 3524 2549 per
3581 2496 3743 2550 quam

2138 2562 2374 2618 humana
2413 2563 2707 2618 mortalitas
2757 2572 3114 2636 propagatur.
3148 2567 3290 2621 Vera
3310 2566 3453 2622 enim
3501 2568 3744 2624 circum-

2137 2659 2270 2715 cisio
2299 2660 2358 2714 in
2381 2669 2572 2715 nostra
2625 2668 2837 2728 octava,
2889 2661 2944 2715 id
2978 2669 3060 2716 est
3111 2663 3166 2716 in
3193 2663 3441 2735 generali
3496 2681 3746 2721 resurre-

2137 2749 2318 2804 ctione
2348 2749 2725 2820 complebitur,
2769 2766 2892 2806 cum
2954 2751 3304 2820 corruptibile
3333 2753 3437 2808 hoc
3494 2753 3748 2809 incorru-

2137 2837 2328 2907 ptibili,
2363 2846 2416 2893 et
2445 2838 2673 2893 mortale
2703 2839 2808 2893 hoc
2866 2838 3212 2895 imortalitate
3234 2840 3523 2898 vestietur.
3589 2843 3745 2898 Sicut

2138 2934 2317 2982 autem
2352 2926 2405 2979 in
2428 2941 2492 2980 ea
2536 2935 2694 2997 parte
2724 2927 2910 2982 carnis
2959 2927 3077 2982 visa
3107 2936 3189 2982 est
3244 2929 3460 2998 impleri
3517 2932 3744 2985 carnali-

428 3013 632 3086 placuit
662 3013 781 3068 Deo
819 3028 920 3083 per
949 3009 1226 3066 stultitiam
1285 3010 1690 3082 praedicationis
1734 3012 1915 3067 salvos
1942 3011 2030 3064 fa—
2057 3029 2105 3093 Ο
2137 3022 2233 3083 ter,
2269 3023 2323 3069 ut
2353 3014 2757 3087 signiﬁcaretur
2785 3016 3064 3087 implenda
3083 3017 3461 3087 spiritualiter,
3519 3019 3654 3075 licet
3685 3029 3743 3074 ut

430 3128 558 3168 cere
579 3111 868 3168 credentes
899 3111 947 3180 (I
975 3111 1101 3166 Cor.
1152 3114 1215 3175 ι).
1264 3109 1388 3164 Non
1419 3107 1586 3180 igitur
1642 3124 1733 3180 per
1784 3108 2023 3164 locorum

430 3201 606 3273 spatia
644 3200 936 3265 veniendo,
992 3198 1088 3253 sed
1134 3198 1187 3252 in
1233 3213 1399 3254 carne
1427 3197 1647 3252 mortali
1703 3198 2028 3253 mortalibus

427 3289 740 3362 apparendo
771 3287 988 3344 venisse
1035 3287 1106 3342 ad
1135 3302 1234 3342 nos
1263 3286 1478 3342 dicitur.
1511 3287 1643 3342 Illuc
1699 3302 1833 3359 ergo
1873 3287 2025 3342 venit

421 3388 518 3443 ubi
567 3395 705 3451 erat,
751 3385 880 3457 quia
927 3385 982 3439 in
1019 3385 1122 3440 hoc
1178 3385 1380 3440 mundo
1411 3392 1547 3452 erat,
1582 3392 1633 3440 et
1660 3385 1890 3440 mundus
1924 3401 2026 3456 per

419 3492 544 3531 eum
584 3475 758 3530 factus
779 3481 858 3529 est
875 3474 1056 3544 (Joan.
1083 3477 1142 3534 ι).

1090 3572 1324 3626 Divisio.

492 3669 692 3727 Christi
739 3669 1032 3725 adventum
1088 3669 1158 3722 ad
1240 3667 1494 3723 homines
1549 3667 1776 3723 colimus
1835 3668 1888 3722 in
1928 3668 2018 3724 die

416 3759 754 3818 Nativitatis.
796 3757 1087 3813 Hominum
1119 3764 1298 3812 autem
1329 3756 1618 3811 adventum
1647 3757 1715 3811 ad
1742 3757 2016 3812 Christum

417 3850 646 3908 colimus
677 3849 731 3904 in
762 3846 965 3903 octavis
997 3846 1142 3915 ejus.
1183 3846 1333 3901 Sicut
1362 3844 1505 3900 enim
1554 3846 1865 3914 septenario
1892 3846 2013 3902 die—

417 3963 537 4004 rum
567 3945 740 4017 spatio
771 3943 1126 4015 temporalem
1161 3941 1497 3997 nativitatem
1554 3941 1750 3997 Christi
1808 3959 2010 4014 reprae-

417 4036 769 4104 sentavimus,
827 4048 935 4105 qua
992 4033 1138 4089 venit
1185 4032 1327 4087 inter
1385 4031 1635 4086 homines
1691 4031 1865 4086 exsilii
1904 4034 2011 4088 hu-

410 4126 504 4194 jus
561 4123 710 4180 mala
762 4121 1030 4193 perferre.
1076 4129 1129 4176 et
1183 4120 1462 4192 languenti
1516 4119 1720 4174 mundo
1749 4136 1846 4176 sua
1869 4121 2011 4177 bona

419 4213 692 4281 conferre,
726 4213 796 4266 ita
817 4210 1081 4282 praesenti
1109 4217 1301 4266 octava
1349 4225 1465 4264 eam
1525 4209 1719 4264 Christi
1759 4210 2007 4266 nativita-

413 4311 545 4370 tem,
596 4302 651 4356 in
691 4299 870 4372 ﬁgura
897 4299 1258 4367 celebramus,
1292 4315 1414 4370 quae
1443 4313 1563 4354 cum
1603 4307 1883 4370 assumpto
1912 4301 2009 4354 ho-

2140 3118 2249 3158 non
2279 3103 2604 3159 exhibeatur
2644 3105 3025 3175 corporaliter,
3085 3114 3377 3177 quatenus,
3435 3109 3744 3164 secundum

2138 3192 2475 3263 Apostolum,
2514 3217 2532 3240 ι-
2571 3210 2680 3249 non
2710 3194 3062 3250 exhibeamus
3092 3196 3340 3249 membra
3363 3204 3556 3251 nostra
3585 3213 3743 3254 arma

2137 3280 2430 3353 iniquitatis
2487 3291 2733 3353 peccato,
2794 3283 2890 3338 sed
2919 3299 3074 3338 arma
3116 3284 3339 3352 justitiee
3399 3285 3512 3340 Deo
3544 3289 3731 3348 (Ro-ni.

2136 3371 2236 3440 vi).
2275 3395 2294 3417 υ
2322 3370 2785 3426 Circumcidamus
2817 3388 2948 3444 ergo
2978 3387 3137 3426 aures
3183 3373 3252 3426 ab
3280 3373 3467 3428 illicito
3524 3377 3736 3442 auditu,

2135 3460 2320 3515 oculos
2360 3460 2430 3514 ab
2459 3459 2644 3515 illicito
2701 3459 2851 3527 visu,
2874 3477 3036 3515 nares
3067 3461 3135 3515 ab
3185 3461 3373 3517 illicito
3402 3463 3622 3531 olfactu,
3675 3483 3737 3520 os

2133 3549 2202 3603 ab
2232 3549 2418 3604 illicito
2449 3559 2631 3621 gustu,
2664 3566 2759 3606 cor
2787 3550 2854 3604 ab
2884 3550 3073 3606 illicita
3101 3551 3449 3622 cogitatione,
3486 3553 3734 3625 linguam

2131 3638 2198 3692 ab
2230 3637 2412 3692 illicita
2442 3637 2734 3706 locutione,
2770 3655 2959 3693 manus
2999 3640 3068 3693 ab
3113 3639 3303 3695 illicito
3334 3648 3500 3708 tactu,
3561 3645 3737 3713 pedes

2131 3723 2199 3776 ab
2229 3722 2416 3778 illicito
2447 3723 2685 3792 incessu,
2719 3740 2807 3789 ne,
2851 3725 3150 3778 secundum
3182 3727 3526 3797 prOphetam,
3581 3745 3733 3782 mors

2127 3810 2287 3867 intret
2311 3812 2379 3866 ad
2408 3813 2616 3866 animas
2679 3820 2896 3867 nostras
2956 3829 3054 3883 per
3082 3813 3353 3869 fenestras
3411 3817 3549 3885 (Jer.
3611 3820 3722 3886 rx).

2125 3909 2277 3965 Unde
2304 3910 2509 3980 primus
2531 3914 2737 3981 martyr
2764 3925 2775 3964 :
2799 3909 3002 3964 Judzeis
3022 3927 3216 3966 sensus
3239 3913 3488 3982 corporis
3518 3915 3590 3968 ab
3620 3915 3730 3970 ilii-

2124 4004 2244 4061 citis
2265 4021 2374 4060 non
2399 4007 2814 4063 observantibus
2846 4006 2994 4063 dicit.
3036 4031 3055 4054 ‹‹
3083 4008 3450 4065 Incircumcisi
3467 4010 3730 4066 cordibus

2125 4103 2177 4149 et
2215 4095 2459 4164 auribus,
2520 4112 2623 4151 vos
2681 4113 2898 4167 semper
2949 4095 3170 4168 Spiritui
3203 4107 3394 4154 sancto
3453 4100 3730 4155 restitistis

2122 4195 2283 4263 (Act.
2323 4196 2406 4264 v).
2449 4219 2470 4242 ››
2505 4194 2728 4264 Quoties
2750 4211 2885 4268 ergo
2925 4194 3277 4252 festivitatem
3299 4196 3462 4252 istam
3521 4201 3725 4253 annuis

2121 4283 2562 4338 solemnitatibus
2590 4282 3022 4354 frequentamus,
3063 4284 3364 4339 secundum
3421 4283 3588 4340 ﬁdem
3617 4303 3724 4357 ge-

413 4401 558 4454 mine
583 4397 834 4452 transivit
880 4397 948 4452 de
978 4398 1083 4452 hoc
1128 4395 1332 4451 mundo
1387 4396 1456 4451 ad
1487 4398 1719 4463 Patrem,
1771 4398 1898 4470 quia
1957 4407 2009 4454 et
2036 4390 2088 4448 D
2121 4380 2348 4470 “fnum:
2384 4372 2620 4470 qum‘flﬂe
2653 4387 2718 4470 οὓς
2772 4372 3027 4470 leguntur
3080 4373 3430 4470 honorem-us,
3487 4382 3546 4470 et
3602 4392 3724 4431 eam

414 4485 798 4542 transformata
829 4494 909 4541 est
935 4485 1057 4554 ejus
1114 4501 1236 4541 caro
1293 4485 1362 4540 de
1419 4486 1768 4557 corruptione
1821 4487 1888 4542 ad
1919 4488 2006 4542 in-

412 4575 836 4649 corruptionem,
879 4575 949 4629 de
1004 4574 1334 4629 mortalitate
1387 4574 1455 4628 ad
1512 4575 1995 4632 immortalitatem.

409 4668 473 4720 In
528 4681 693 4721 carne
750 4663 894 4718 illius
925 4663 1043 4732 jam
1097 4663 1349 4733 absorpta
1406 4669 1488 4718 est
1516 4664 1707 4718 mortis
1757 4665 2000 4733 victoria,

405 4754 533 4827 quia
563 4754 703 4811 sicut
757 4752 815 4806 in
856 4768 976 4807 eam
1005 4751 1329 4822 completam
1385 4759 1538 4808 certa
1566 4751 1672 4808 ﬁde
1715 4754 1828 4823 jam
1879 4770 2000 4811 cre-

403 4851 602 4920 dimus,
628 4852 699 4906 ita
729 4850 783 4904 in
810 4865 976 4906 carne
1026 4852 1221 4905 nostra
1275 4847 1507 4905 futuram
1564 4855 1712 4905 certa
1737 4867 1834 4922 spe
1891 4869 2000 4908 non

403 4940 738 4996 dubitamus.

2119 4461 2187 4516 ad
2219 4477 2432 4516 morum
2463 4461 2883 4517 aediﬁcationem
2914 4461 3236 4531 referentes,
3272 4462 3434 4517 ﬁdem
3484 4462 3722 4531 ﬁrmam,

2116 4557 2437 4611 charitatem
2467 4573 2579 4612 non
2622 4556 2986 4629 ﬁctam,spem
3033 4565 3239 4612 certam
3273 4566 3380 4612 tam
3426 4559 3518 4614 diu
3560 4569 3723 4616 tenea

2114 4671 2256 4722 mus,
2282 4655 2478 4722 donec,
2497 4663 2762 4710 evacuato
2789 4656 2930 4727 quod
2949 4672 3013 4711 ex
3029 4663 3185 4727 parte
3202 4664 3302 4722 est,
3325 4657 3721 4727 perfectionem

2113 4752 2271 4808 nobis
2298 4753 2626 4823 promissam
2645 4753 3110 4824 comprehendere
3121 4756 3558 4811 mereamur.His
3571 4757 3717 4812 enim

2111 4849 2438 4906 inconcusse
2465 4851 2815 4906 manentibus
2843 4851 3112 4906 dissoluta
3146 4852 3313 4922 hujus
3360 4853 3718 4910 habitationis

2106 4947 2292 5014 domo,
2325 4946 2548 5001 domum
2586 4962 2693 5001 non
2724 4948 3093 5002 manufactam
3135 4955 3400 5003 aeternam
3457 4949 3514 5004 in
3573 4951 3714 5006 cmlo

470 5029 548 5084 Ita
576 5030 720 5085 enim
751 5028 882 5085 dicit
903 5027 1198 5100 Apostolus
1233 5043 1245 5082 :
1286 5051 1306 5076 «
1345 5027 1401 5083 Si
1439 5027 1770 5099 complantai
1806 5046 1995 5086 sumus
2104 5044 2463 5108 przeparatam
2495 5036 2814 5104 habeamus,
2850 5045 3139 5108 praetente
3171 5038 3406 5093 Domino
3425 5047 3633 5095 nostro.

1308 5307 1439 5409 IN
1515 5308 2195 5419 EPIPHANIA
2271 5315 2670 5420 DOMIN
2679 5318 2720 5418 Ι
2745 5395 2770 5420 .

471 5571 490 5596 ‹‹
528 5547 660 5602 Cum
691 5553 853 5600 natus
896 5555 1042 5614 esset
1069 5548 1227 5603 Iesus
1257 5550 1313 5604 in
1359 5552 1674 5610 Bethlehem
1712 5555 1884 5624 Iudae,
1930 5558 1986 5612 in

394 5638 586 5691 diebus
617 5634 854 5689 Herodis
883 5635 1051 5703 regis,
1085 5651 1214 5690 ecce
1232 5638 1374 5708 Magi
1398 5640 1465 5693 ab
1479 5640 1703 5699 Oriente
1720 5655 1987 5702 venerunt

392 5723 852 5795 Hierosolymam,
885 5721 1130 5778 dicentes
1161 5741 1174 5776 :
1209 5724 1309 5779 Ubi
1339 5734 1421 5781 est
1463 5729 1555 5799 qui
1583 5739 1744 5788 natus
1772 5742 1856 5790 est
1883 5751 1985 5792 rex

2092 5559 2409 5616 Judaeorum
2440 5563 2468 5614 εἳ
2507 5584 2526 5609 u
2562 5561 2781 5630 (Matth.
2815 5563 2914 5630 ιι.)
2945 5564 3160 5632 (Bson).
3209 5563 3446 5635 Tempus
3477 5582 3697 5638 quoque

2095 5649 2328 5704 Herodis
2377 5650 2661 5708 Dominico
2715 5660 2996 5709 attestatur
3041 5653 3294 5709 adventu.
3368 5655 3694 5712 Praedictum

2093 5753 2330 5810 namque
2359 5737 2556 5811 fuerat,
2599 5741 2723 5814 quia
2752 5764 2776 5790 α
2810 5757 2921 5799 non
2947 5740 3165 5802 deﬁciet
3178 5743 3434 5816 princeps
3449 5761 3518 5802 ex
3530 5745 3686 5815 Iuda,
