4062 6074
276 245 381 302 805

1225 231 1812 295 DEFLORATIONES
1849 227 1951 286 ss.
2000 183 2305 286 PATBUM.
2349 259 2416 268 —
2455 226 2579 283 LIB.
2623 227 2665 281 ι.

3468 227 3572 292 806

274 394 457 450 neque
495 378 604 434 dux
642 377 711 432 de
748 373 1048 433 femoribus
1103 372 1242 440 ejus,
1300 369 1476 426 donec
1529 365 1712 424 veniat
1771 362 1862 435 qui
1890 359 1946 420 A
1974 357 2289 450 Bethlehem
2313 355 2475 450 {udae
2505 355 2741 450 Idi‘cit‘ur,
2774 353 2902 424 quia
2927 361 3014 409 est
3044 361 3096 409 et
3112 353 3230 450 alia
3259 352 3571 450 Bethlehem

273 468 572 524 mittendus
606 474 688 522 est
727 468 888 535 (Gen.
913 463 1087 528 xxxx).
1113 463 1187 516 Ex
1219 475 1326 531 quo
1348 465 1531 530 patres
1560 457 1628 510 de
1657 455 1872 528 Egypto

275 558 525 612 exierunt
581 572 696 610 sum
740 553 920 626 gentis
967 551 1196 607 ducibus
1229 564 1404 620 usque
1446 546 1514 601 ad
1567 543 1874 600 Samuelem

274 654 594 725 prophetam
652 651 1003 722 regebantur,
1058 646 1256 702 deinde
1314 645 1536 717 regibus
1587 657 1763 713 usque
1802 640 1873 694 ad

272 741 819 814 transmigrationem
871 737 1189 808 Babylonis.
1249 736 1376 790 Post
1402 734 1636 788 reditum
1667 729 1873 785 verode

281 830 564 903 Babylone
617 845 715 900 per
759 826 1047 900 pontifices
1103 841 1284 880 rerum
1316 837 1528 878 summa
1579 819 1876 891 gerebatur

275 943 448 999 usque
469 925 538 980 ad
581 925 879 981 Hircanum
911 938 1098 994 regem
1132 919 1291 975 simul
1324 927 1375 974 et
1404 917 1734 990 pontificem,
1768 931 1875 988 quo

275 1015 329 1069 in
359 1023 606 1085 tempore
626 1012 814 1068 fraude
836 1011 904 1066 ab
924 1010 1142 1066 Herode
1163 1009 1312 1084 cujus
1325 1015 1540 1079 patrem
1562 1006 1678 1077 ipse
1697 1005 1878 1061 Hirca-

273 1119 377 1157 nus
406 1102 475 1157 de
496 1101 726 1174 ignobili
749 1099 980 1165 advena,
1013 1099 1118 1154 hoc
1148 1105 1228 1153 est
1257 1095 1435 1169 gentis
1471 1094 1744 1160 Idumam,
1776 1109 1874 1148 su-

274 1189 616 1253 blimaverat,
638 1187 842 1243 Judzeae
862 1202 1092 1258 regnum
1113 1184 1218 1256 ipsi
1232 1183 1431 1240 Herodi
1448 1183 1612 1254 jussu
1641 1182 1876 1238 Caesaris

274 1287 508 1359 Augusti
539 1286 768 1341 traditur
795 1283 1238 1356 gubernandum.
1271 1283 1473 1337 Verum
1492 1280 1615 1353 quia
1646 1279 1876 1336 Herodis

274 1375 478 1431 mentio
507 1376 595 1431 hic
627 1391 686 1430 se
717 1373 912 1440 intulit,
943 1371 1174 1444 qualiter
1221 1370 1288 1426 ad
1320 1370 1534 1426 Judaici
1575 1369 1728 1440 regni
1756 1368 1877 1439 api-

276 1479 396 1521 cem
428 1461 742 1534 pervenerit
773 1461 1170 1532 constringam.
1223 1459 1354 1514 Cum
1389 1458 1533 1514 enim
1565 1458 1618 1512 hi
1649 1458 1740 1530 qui
1762 1459 1880 1512 Ma-

278 1553 461 1609 thatiae
481 1551 655 1622 stirpe
686 1549 1107 1614 descenderant,
1132 1564 1230 1618 per
1258 1547 1439 1618 aliqua
1469 1562 1737 1602 annorum
1769 1563 1884 1616 spa-

277 1649 352 1704 tia
399 1650 656 1706 ducatum
687 1647 849 1719 regni
902 1647 1213 1701 Judzeorum
1246 1645 1563 1713 tenuissent,
1625 1644 1878 1715 pervenit

1979 447 2034 500 in
2053 445 2449 516 Galilaza.Magi
2471 445 2538 500 ab
2562 444 2784 500 Oriente
2805 451 3090 512 venerunt,
3111 442 3164 498 id
3186 451 3268 498 est
3283 459 3313 497 a
3335 442 3576 514 partibus

1983 548 2104 600 quae
2134 538 2266 584 sunt
2299 545 2491 584 versus
2507 528 3150 584 Orientem.Erantenim
3175 528 3408 582 deterra
3439 528 3574 581 Per-

1980 643 2164 682 sarum
2199 635 2250 681 et
2309 626 2710 692 Chaldaeorum,
2745 626 2837 680 ubi
2890 633 2973 680 est
3001 625 3137 680 saba
3189 623 3576 680 ﬂuvius.Unde

1983 715 2128 770 Saba
2157 716 2314 785 regio
2347 723 2589 771 vocatur.

2060 866 2080 888 α
2108 839 2355 895 Vidimus
2382 839 2527 895 enim
2547 838 2762 895 stellam
2812 839 2928 908 ejus
2977 839 3030 892 in
3059 837 3302 903 Oriente,
3336 845 3388 893 et
3419 838 3575 892 veni-

1986 946 2103 983 mus
2141 929 2376 983 adorare
2444 945 2588 984 eum.
2636 952 2659 974 ιι
2703 927 2786 982 Ad
2852 927 3225 983 confusionem
3264 927 3578 984 Judaeorum

1984 1025 2185 1081 dictum
2259 1032 2344 1080 est
2381 1025 2618 1080 vidimus
2686 1023 2902 1079 stellam
2941 1024 3081 1092 ejus,
3149 1031 3205 1078 ut
3244 1022 3577 1088 nativitatem

1984 1112 2183 1167 Christi
2212 1129 2243 1167 a
2281 1114 2537 1184 gentibus
2573 1113 2875 1168 discerent.
2921 1113 3309 1182 (Aunaosxus.)
3341 1113 3578 1168 Succes-

1985 1217 2138 1256 sores
2168 1201 2383 1257 Balaam
2409 1201 2622 1258 fuerunt
2661 1206 2838 1273 magi,
2897 1201 2988 1272 qui
3044 1200 3255 1256 stellam
3312 1207 3580 1256 noverunt

1983 1285 2240 1343 vaticinio
2270 1287 2412 1356 ejus.
2454 1285 2550 1340 Ille
2580 1285 2798 1340 stellam
2830 1284 2963 1341 vidit
2991 1285 3046 1338 in
3076 1285 3287 1355 spiritu,
3317 1284 3406 1338 isti
3436 1284 3580 1339 vide-

1986 1382 2112 1430 runt
2140 1375 2311 1432 oculis
2340 1383 2393 1430 et
2449 1374 2818 1430 crediderunt.
2860 1373 3058 1444 Utique
3088 1389 3196 1428 non
3240 1373 3578 1440 adorassent,

1989 1472 2035 1526 si
2061 1471 2344 1542 parvulum
2377 1471 2749 1527 tantummodo
2769 1471 3152 1528 credidissent.
3183 1469 3580 1540 (GBEGORIUS.)

1989 1569 2232 1641 Angelus
2284 1570 2539 1641 apparuit
2595 1569 2910 1641 pastoribus
2961 1577 3086 1624 nato
3123 1567 3376 1635 Domino,
3410 1569 3584 1641 Magis

1991 1659 2166 1724 stella,
2202 1660 2330 1730 quia
2351 1659 2553 1714 Judaeis
2585 1667 2844 1728 tanquam
2881 1658 3087 1714 ratione
3133 1658 3407 1714 utentibus
3427 1672 3584 1714 crea-

272 1739 493 1793 tandem
524 1745 768 1808 potestas
799 1735 866 1790 ad
895 1736 1163 1807 quendam
1197 1734 1370 1789 virum
1395 1750 1459 1788 ex
1481 1733 1649 1804 stirpe
1678 1748 1873 1788 eorum

1996 1753 2113 1802 tura
2141 1710 2389 1803 rationali
2420 1710 2717 1818 prmdicari
2748 1747 2954 1813 debuit,
3015 1754 3068 1802 et
3126 1747 3382 1817 gentibus
3429 1746 3584 1816 quasi

273 1828 519 1898 genitum
551 1825 772 1880 nomine
801 1823 1194 1880 Alexandrum.
1229 1823 1468 1892 Quicum
1492 1831 1614 1892 post
1656 1821 1874 1893 aliquod

272 1921 491 1982 tempus
539 1910 788 1978 obiisset,
823 1909 1036 1974 reliquit
1084 1923 1308 1963 uxorem
1338 1923 1460 1962 cum
1493 1907 1707 1962 duobus
1736 1922 1873 1978 par-

270 2011 435 2079 vulis,
473 2024 702 2082 quorum
731 2023 873 2062 unus
904 2005 1270 2072 Aristobolus,
1305 2005 1447 2060 alter
1478 2004 1741 2060 Hircanus
1772 2021 1875 2060 vo-

273 2100 519 2156 cabatur.
552 2096 655 2166 Qui
685 2112 809 2152 cum
841 2095 1011 2150 adulti
1056 2103 1258 2161 essent,
1293 2093 1566 2149 desiderio
1613 2093 1879 2164 regnandi

269 2187 455 2260 jurgia
485 2187 625 2241 inter
655 2201 715 2240 se
745 2185 944 2239 habere
983 2190 1294 2254 cmperunt.
1335 2181 1406 2236 Et
1435 2190 1552 2237 erat
1601 2190 1728 2238 tunc
1759 2182 1880 2252 qui-

277 2277 402 2330 dam
434 2275 535 2339 vir,
580 2273 805 2328 nomine
837 2272 1141 2343 Antipater,
1175 2271 1330 2327 fortis
1359 2271 1585 2337 viribus,
1625 2270 1880 2326 facultate

283 2364 606 2429 ditissimus,
639 2379 704 2418 ex
723 2362 939 2417 Herode
960 2361 1194 2432 quodam
1217 2359 1462 2432 genitus,
1483 2361 1576 2430 qui
1592 2359 1645 2414 in
1677 2359 1880 2428 templo

281 2461 585 2533 Appollinis
613 2467 733 2516 erat
759 2460 1008 2514 aedituus.
1043 2461 1196 2514 Hunc
1225 2457 1328 2512 sibi
1356 2458 1625 2513 Hircanus
1656 2457 1710 2512 in
1737 2456 1884 2512 ami-

280 2550 464 2606 citiam
485 2558 538 2605 et
579 2549 895 2605 societatem
938 2555 1131 2603 contra
1169 2547 1395 2602 fratrem
1442 2547 1679 2602 vocavit.
1713 2547 1881 2602 Cum-

282 2655 386 2711 que
415 2654 540 2694 eum
571 2653 680 2693 non
736 2637 912 2693 solum
945 2637 1134 2703 armis,
1193 2636 1292 2691 sed
1322 2636 1484 2691 etiam
1538 2635 1884 2691 facultatibus

282 2737 587 2806 adjuvaret,
630 2736 705 2789 ita
745 2736 907 2790 etiam
946 2735 1314 2791 Romanorum
1366 2733 1568 2789 ducum
1625 2733 1883 2788 auxilium

281 2833 468 2897 petere
497 2823 805 2896 perdocuit,
839 2839 904 2880 eo
936 2823 1081 2895 quod
1113 2831 1242 2877 tunc
1278 2822 1506 2878 Romani
1549 2839 1662 2893 prae
1693 2821 1887 2878 ceteris

282 2915 593 2972 hominibus
614 2915 667 2968 in
689 2913 1014 2968 ordinandis
1037 2912 1194 2983 regni
1217 2911 1458 2984 negotiis
1476 2909 1582 2966 ﬁde
1605 2920 1657 2967 et
1677 2911 1887 2982 sapien-

1983 1835 2196 1891 ratione
2241 1836 2551 1892 carentibus
2610 1836 2772 1908 signa
2830 1835 3015 1891 danda
3045 1843 3216 1902 erant,
3258 1844 3311 1890 et
3357 1834 3581 1906 dignum

1987 1929 2106 1998 fuit,
2162 1941 2219 1987 ut
2280 1933 2395 2001 jam
2453 1931 2708 2004 loquente
2798 1933 3030 1988 Domino
3084 1931 3316 2002 apostoli
3399 1930 3582 2002 genti-

1985 2021 2091 2076 bus
2120 2021 2503 2092 praedicarent.
2553 2022 2620 2076 Et
2649 2021 2880 2077 necdum
2931 2037 3000 2076 eo
3032 2020 3284 2092 loquente
3313 2019 3585 2075 elementa

1986 2110 2383 2182 praedicarent.
2424 2109 2568 2182 Magi
2619 2110 2876 2182 appellati
2911 2117 3034 2165 sunt
3066 2126 3226 2181 reges
3269 2108 3582 2177 orientales,

1987 2199 2076 2255 vel
2107 2199 2227 2269 quia
2259 2197 2327 2252 de
2355 2198 2520 2268 stirpe
2568 2197 2787 2252 Balaam
2826 2197 3060 2266 fuerunt,
3095 2197 3184 2268 qui
3214 2196 3437 2252 multum
3470 2197 3587 2252 sci-

1991 2286 2064 2341 vit
2093 2285 2162 2342 de
2191 2285 2673 2352 incantationibus,
2705 2287 2792 2341 vel
2816 2287 2942 2356 quia
2972 2285 3279 2342 fefellerunt
3310 2285 3586 2340 Herodem

1988 2390 2086 2446 per
2105 2375 2265 2429 aliam
2296 2375 2438 2430 viam
2468 2375 2707 2446 regressi
2738 2375 2790 2429 in
2850 2375 3100 2445 patriam.
3134 2374 3281 2445 Magi
3311 2374 3472 2430 etiam
3497 2374 3585 2427 di-

1989 2479 2189 2528 cuntur
2219 2471 2312 2543 qui
2343 2471 2429 2529 vel
2485 2488 2585 2543 per
2613 2472 2820 2540 stellas,
2879 2472 2966 2528 vel
2995 2489 3097 2544 per
3151 2487 3302 2538 aves,
3337 2488 3432 2527 seu
3488 2488 3588 2542 per

1991 2561 2248 2632 quaelibet
2277 2560 2382 2615 alia
2412 2559 2572 2632 signa
2601 2567 2793 2631 putant
2820 2559 2999 2632 aliqua
3020 2576 3388 2632 cognoscere.
3432 2584 3452 2607 α
3480 2563 3589 2614 Au-

1991 2648 2148 2703 diens
2203 2657 2382 2704 autem
2433 2649 2680 2705 Herodes
2737 2665 2833 2703 rex
2891 2650 3138 2704 turbatus
3193 2657 3357 2704 estet
3411 2649 3589 2704 omnis

1993 2743 2376 2815 Hierosolyma
2405 2759 2527 2800 cum
2550 2760 2634 2799 eo.
2665 2765 2686 2794 ι
2721 2745 3280 2816 (Gnacomcs.)Rege
3309 2745 3432 2799 οωιί
3462 2753 3589 2799 nato

1995 2851 2086 2889 rex
2122 2841 2281 2890 terrae
2311 2833 2558 2888 turbatus
2583 2840 2685 2900 est,
2714 2831 2842 2904 quia
2872 2841 3085 2887 terrena
3111 2831 3337 2887 altitudo
3367 2833 3591 2888 confun-

1994 2923 2156 2987 ditur,
2219 2937 2343 2977 cum
2403 2921 2638 2977 caelestis
2696 2921 2958 2977 celsitudo
3006 2921 3270 2992 aperitur.
3317 2921 3590 2976 Turbatur

285 3005 360 3060 tia
389 3013 442 3060 et
471 3003 784 3059 fortitudine
839 3001 1240 3074 praecellerent.
1297 3002 1362 3055 Et
1390 3001 1516 3072 quia
1545 2999 1768 3074 longum
1803 3008 1886 3056 est

1997 3020 2375 3090 Hierosolyma
2407 3019 2595 3074 favens
2626 3019 2848 3086 Herodi,
2883 3035 3042 3091 quem
3094 3018 3316 3074 timebat
3336 3018 3489 3087 juxta
3518 3020 3589 3074 il-

288 3103 365 3158 ire
395 3118 490 3174 per
521 3101 757 3174 singula,
781 3117 909 3157 cum
942 3099 1283 3155 Aristobolus
1313 3115 1345 3154 a
1377 3099 1646 3154 Romanis
1675 3107 1884 3170 captus,

292 3191 396 3246 sub
426 3191 670 3247 custodia
701 3189 1014 3257 duceretur,
1030 3189 1263 3245 ducatus
1283 3188 1494 3244 Judaici
1517 3189 1674 3260 regni
1691 3189 1760 3243 ad
1775 3188 1889 3242 Hir-

288 3296 482 3336 canum
517 3279 790 3350 pervenit.
852 3279 1004 3333 Tunc
1050 3293 1260 3332 memor
1289 3275 1519 3332 beneﬁci
1560 3278 1628 3331 ab
1658 3276 1890 3347 Antipa-

289 3377 375 3424 tro
431 3368 535 3422 sibi
565 3367 772 3434 collati,
807 3383 931 3422 eum
979 3374 1038 3420 ut
1083 3365 1317 3421 amicum
1359 3370 1412 3421 et
1442 3366 1650 3422 socium
1703 3364 1888 3430 coluit,

291 3465 344 3520 in
377 3469 608 3531 tantum,
641 3474 698 3520 ut
730 3463 1166 3536 procurationem
1221 3463 1458 3534 alicujus
1485 3464 1652 3534 partis
1680 3463 1890 3520 Judaici

292 3555 454 3626 regni
511 3554 561 3610 ei
622 3554 850 3610 subesse
901 3553 1292 3609 committeret.
1340 3553 1539 3607 Habuit
1576 3569 1707 3608 vero
1746 3553 1890 3608 idem

293 3643 575 3716 Antipater
611 3658 833 3698 uxorem
865 3642 1126 3713 Lypidem
1156 3643 1396 3710 nomine,
1432 3656 1501 3696 ex
1532 3635 1772 3697 Arabico
1799 3658 1892 3713 ge-

297 3756 432 3797 nere
453 3748 664 3806 natam,
689 3756 753 3796 ex
785 3754 892 3810 qua
919 3739 1109 3794 habuit
1139 3739 1275 3793 duos
1297 3737 1453 3804 filios,
1471 3754 1706 3809 quorum
1724 3756 1891 3794 unum

296 3838 574 3902 Faselum,
607 3837 836 3892 alterum
867 3837 1135 3892 Herodem
1155 3835 1474 3891 nominavit.
1499 3835 1745 3908 Cumque
1767 3835 1892 3892 lon-

296 3942 368 3998 go
398 3926 678 3983 confectus
709 3926 862 3981 senio
893 3925 1057 3980 vitam
1106 3925 1338 3991 ﬁnisset,
1375 3931 1703 3995 potestatem
1735 3941 1894 3997 quam

297 4027 368 4083 ab
391 4025 622 4082 Hircano
651 4025 705 4079 in
726 4023 929 4080 Judaeis
945 4031 1250 4094 acceperat,
1283 4023 1485 4078 Herodi
1506 4023 1640 4079 Filio
1673 4041 1778 4080 suo
1798 4041 1894 4080 re-

295 4114 474 4184 liquit.
522 4113 627 4182 Qui
683 4128 805 4169 cum
863 4111 1094 4168 callidus
1177 4121 1231 4166 et
1285 4120 1478 4167 cautus
1549 4116 1770 4168 strenue
1829 4129 1895 4168 ea

296 4219 418 4277 quae
479 4203 551 4257 ad
615 4218 675 4257 se
738 4201 1080 4273 pertinebant
1134 4215 1302 4273 agere
1340 4200 1618 4271 cmpisset,
1679 4202 1896 4257 Hircani

296 4308 519 4372 neptem
552 4299 714 4354 filiam
744 4297 1037 4353 Aristoboli
1067 4297 1220 4351 duxit
1276 4296 1330 4350 in
1361 4313 1608 4352 uxorem.
1667 4298 1894 4367 (Βεω.)

298 4390 435 4446 Cum
465 4403 597 4444 vero
628 4395 752 4458 post
778 4386 1002 4458 aliquod
1059 4393 1272 4456 tempus
1304 4385 1573 4441 Hircanus
1614 4385 1670 4440 in
1699 4385 1890 4456 praelio
1921 4407 1974 4466 D

299 4477 447 4551 quod
484 4483 675 4532 contra
703 4476 915 4530 Arabas
943 4473 1201 4544 suscepit,
1235 4478 1427 4544 captus
1457 4482 1622 4542 esset,
1648 4474 1805 4530 etiam
1839 4476 1895 4530 in

298 4574 490 4632 exsilio
519 4574 768 4628 detentus
825 4579 930 4626 est.
967 4571 1117 4626 Tunc
1162 4571 1399 4641 primum
1449 4572 1695 4628 Herodes
1744 4573 1896 4643 quasi

298 4665 420 4719 vice
450 4662 598 4717 illius
627 4668 950 4732 potestatem
1006 4659 1123 4727 ejus
1153 4659 1407 4714 obtinuit.
1457 4660 1565 4716 Sed
1595 4675 1718 4718 cum
1773 4671 1896 4733 post

300 4752 520 4825 aliquod
551 4759 766 4821 tempus
795 4750 1066 4805 Hircanus
1095 4748 1387 4819 amputatis
1409 4749 1634 4806 auribus
1666 4751 1894 4806 Judeam

300 4856 691 4916 reverteretur,
725 4845 999 4903 simulavit
1029 4863 1088 4903 se
1102 4847 1251 4903 idem
1270 4847 1516 4903 Herodes
1538 4849 1730 4904 eumin
1760 4864 1896 4920 pace

303 4947 604 5019 suscipere.
678 4945 788 5001 Sed
843 4952 1033 5015 postea
1072 4959 1193 5000 cum
1233 4959 1358 4999 eum
1403 4943 1591 5000 fraude
1627 4953 1894 5013 necasset,

302 5045 676 5100 fraudulenter
720 5050 1044 5114 potestatem
1095 5042 1238 5097 illius
1269 5043 1513 5098 obtinuit.
1565 5043 1633 5098 Et
1661 5043 1897 5114 primum

301 5161 330 5198 a
353 5143 524 5200 Cesso
562 5143 926 5198 Romanorum
971 5141 1130 5208 duce,
1163 5149 1352 5212 postea
1408 5141 1476 5195 ab
1505 5141 1624 5212 ipso
1655 5141 1899 5214 impera-

302 5251 424 5299 tore
479 5247 745 5314 potestate
810 5248 1058 5311 accepta,
1138 5255 1370 5311 regnum
1419 5239 1732 5296 Iudaeorum
1791 5240 1900 5296 sibi

304 5340 642 5412 subjugavit.
679 5339 790 5393 Hac
819 5337 982 5410 igitur
1011 5336 1393 5399 fraudulentia,
1428 5336 1632 5406 primus
1665 5353 1728 5392 ex
1761 5337 1900 5392 alie-

303 5437 522 5510 nigenis
552 5435 800 5492 Herodes
829 5451 1061 5508 regnum
1088 5435 1404 5492 Iudaeorum
1459 5434 1560 5490 sub
1590 5449 1689 5490 sua
1715 5443 1900 5491 custo-

304 5535 396 5590 dia
425 5535 649 5606 accepit.
693 5533 812 5603 Quo
851 5537 1137 5606 regnante,
1200 5532 1465 5589 Dominus
1503 5540 1701 5589 noster
1739 5532 1900 5589 Jesus

303 5633 548 5687 Christus
575 5633 872 5688 secundum
895 5631 1192 5704 prophetas
1228 5630 1521 5704 praedictus
1551 5639 1712 5688 natus
1735 5640 1813 5688 est
1842 5632 1903 5687 in

307 5730 618 5788 Bethlehem
656 5730 826 5798 Iudae,
857 5743 1005 5785 anno
1041 5744 1175 5785 xxxn
1225 5728 1463 5800 Augusti
1520 5729 1776 5786 Caesaris.
1841 5731 1901 5786 In

1998 3110 2092 3164 lud
2122 3108 2459 3164 Salomonis:
2492 3128 2510 3160 ι
2540 3110 2652 3164 Rex
2683 3109 2911 3177 injustas
2962 3123 3151 3165 omnes
3183 3107 3460 3163 ministros
3491 3109 3589 3164 ha-

1999 3199 2089 3255 bet
2119 3198 2315 3269 impios
2339 3200 2529 3267 (Prov.
2571 3198 2743 3266 xxxx).
2784 3222 2804 3245 ιι

2073 3319 2096 3348 ε
2128 3297 2198 3350 Et
2226 3311 2575 3368 congregans
2623 3311 2814 3350 omnes
2845 3293 3122 3366 principes
3164 3294 3510 3350 sacerdotum
3541 3304 3594 3351 et

2000 3385 2213 3442 scribas
2243 3384 2435 3456 populi
2467 3384 2844 3440 sciscitabatur
2870 3384 2939 3439 ab
2969 3383 3049 3438 eis
3081 3383 3173 3437 ubi
3216 3382 3462 3439 Christus
3491 3401 3590 3439 na-

1999 3482 2265 3530 sceretur.
2344 3476 2412 3528 At
2439 3473 2516 3527 illi
2574 3473 2824 3528 dixerunt
2849 3471 3025 3527 eizln
3055 3472 3364 3527 Bethlehem
3419 3473 3591 3530 Iudae.

2001 3571 2090 3626 Sic
2103 3569 2520 3640 enimscriptum
2537 3579 2619 3626 est
2632 3586 2731 3641 per
2746 3570 3064 3641 prophetam
3083 3589 3092 3623 :
3119 3571 3185 3624 Et
3200 3578 3256 3624 tu
3271 3569 3594 3625 Bethlehem

1998 3668 2147 3715 terra
2193 3660 2336 3714 Juda
2364 3675 2706 3731 nequaquam
2757 3658 2986 3712 minima
3042 3675 3101 3713 es
3154 3658 3208 3711 in
3262 3658 3597 3730 principibus

1997 3749 2156 3804 Juda.
2193 3750 2267 3805 Ex
2297 3757 2349 3804 te
2380 3748 2524 3804 enim
2556 3748 2699 3804 exiet
2727 3747 2835 3803 dux
2856 3747 2946 3820 qui
2967 3755 3120 3820 regat
3135 3747 3396 3818 populum
3418 3763 3596 3803 meum

2002 3846 2195 3902 Israel.
2217 3867 2237 3899 ι
2270 3845 2586 3902 Bethlehem
2619 3845 2772 3900 vicus
2803 3845 3030 3917 quidem
3078 3844 3336 3900 minimus
3365 3853 3469 3903 est.
3501 3845 3598 3902 sed

2000 3952 2340 4008 nequaquam
2370 3934 2594 3990 minima
2624 3950 2684 3990 es
2728 3933 2783 3988 in
2814 3931 3152 4004 principibus
3211 3933 3378 4003 Juda,
3411 3934 3467 3988 id
3518 3943 3602 3989 est

2001 4025 2057 4080 in
2087 4023 2409 4080 excellentia
2438 4023 2719 4096 dignitatis
2746 4023 3048 4094 principum
3072 4021 3236 4076 Juda.
3269 4023 3326 4076 1n
3358 4038 3423 4076 ea
3452 4023 3598 4077 enim

2002 4125 2258 4177 nascetur
2277 4121 2545 4177 Salvator.
2570 4122 2685 4176 Hoc
2715 4119 3078 4176 testimonium
3114 4119 3333 4174 Micheaz
3363 4120 3600 4191 prOphe-

2005 4219 2071 4266 ta:
2126 4218 2228 4278 est,
2265 4210 2363 4264 sed
2420 4209 2757 4281 evangelista
2787 4225 2939 4265 more
2968 4225 3066 4265 suo
3117 4208 3439 4265 sententiam
3471 4225 3600 4280 pro-

2005 4301 2180 4371 pheta}
2210 4315 2436 4354 sumens
2464 4298 2628 4353 verba
2655 4305 2845 4354 mutat.

2080 4436 2103 4468 ι
2137 4415 2292 4470 Tunc
2329 4413 2574 4468 Herodes
2612 4413 2751 4469 clam
2808 4412 3012 4468 vocatis
3065 4413 3259 4486 Magis,
3304 4413 3603 4489 diligenter

2003 4510 2195 4567 didicit
2229 4511 2296 4565 ab
2345 4511 2422 4565 eis
2461 4519 2675 4580 tempus
2705 4509 2880 4567 stellae
2934 4527 3054 4582 quae
3095 4511 3344 4582 apparuit
3392 4513 3491 4568 eis.
3534 4515 3604 4570 Et

2003 4600 2223 4655 mittens
2261 4598 2382 4654 illos
2413 4599 2467 4653 in
2499 4598 2813 4654 Bethlehem
2842 4597 3010 4653 dixit:
3045 4600 3140 4665 Ite,
3177 4607 3228 4654 et
3269 4599 3602 4674 interrogate

2004 4689 2296 4761 diligenter
2319 4687 2386 4742 de
2414 4702 2602 4758 puero,
2646 4695 2697 4742 et
2735 4703 2857 4744 cum
2917 4687 3254 4754 inveneritis,
3299 4690 3602 4746 renuntiate

2003 4777 2156 4845 mihi,
2189 4785 2246 4832 ut
2274 4785 2327 4833 et
2355 4793 2462 4849 ego
2492 4776 2718 4833 veniens
2746 4777 2975 4833 adorem
2996 4793 3138 4833 eum.
3158 4802 3178 4826 ιι
3203 4778 3598 4849 (Gnacomus).

2006 4867 2238 4940 Cognito
2267 4866 2390 4923 loco
2417 4874 2470 4921 et
2536 4874 2780 4936 tempore
2809 4880 3097 4938 personam
3147 4867 3298 4937 pueri
3329 4881 3439 4922 non
3493 4867 3604 4921 vult

2006 4966 2280 5039 ignorare.
2314 4965 2558 5021 Herodes
2589 4964 2858 5037 significat
2899 4964 3217 5035 hypocritas
3244 4964 3390 5020 aliud
3420 4964 3604 5020 dicen-

2008 5064 2088 5112 tes
2118 5063 2169 5111 et
2198 5055 2348 5110 aliud
2402 5055 2728 5127 cogitantes,
2789 5053 2881 5124 qui
2909 5053 3039 5107 dum
3095 5051 3218 5110 ficte
3249 5055 3424 5110 Deum
3454 5070 3602 5126 quae-

2007 5153 2152 5212 runt,
2183 5161 2466 5215 nunquam
2485 5142 2736 5202 invenire
2765 5149 3063 5198 merentur.

2085 5281 2106 5305 ιι
2141 5256 2245 5326 Qui
2275 5273 2400 5313 cum
2422 5258 2700 5314 audissent
2729 5273 2918 5330 regem
2950 5257 3214 5313 abierunt.
3249 5257 3456 5314 Etecce
3479 5258 3607 5314 stel-

2007 5347 2081 5415 la,
2115 5362 2280 5418 quam
2312 5347 2561 5404 viderant
2582 5347 2634 5402 in
2651 5347 2896 5412 Oriente,
2915 5345 3276 5402 antecedebat
3297 5362 3606 5420 eos,usque

2007 5436 2139 5494 dum
2167 5435 2393 5493 veniens
2416 5445 2588 5492 staret
2616 5451 2783 5508 supra
2810 5434 2903 5491 ubi
2931 5443 3048 5492 erat
3065 5451 3229 5508 puer.
3259 5455 3282 5486 »
3302 5436 3480 5509 Magis
3509 5452 3608 5508 ap-

2008 5533 2496 5606 propinquantibus
2532 5533 2946 5590 Hierosolimam
2972 5533 3243 5606 disparuit
3271 5532 3448 5602 stella,
3481 5534 3610 5603 quia

2011 5632 2318 5704 quicunque
2348 5632 2673 5704 propinquat
2701 5631 2770 5687 ad
2823 5631 3144 5703 hypocritas
3193 5637 3245 5687 et
3297 5629 3606 5697 haereticos,

2009 5730 2110 5787 Dei
2137 5729 2324 5788 lucem
2355 5729 2576 5788 amittit.
2622 5729 2729 5787 Sed
2759 5737 3050 5802 postquam
3081 5728 3285 5786 recedit
3313 5727 3384 5784 ab
3406 5726 3487 5784 eis
3514 5725 3607 5782 di-
