4062 6074
472 233 580 289 807

1623 226 1967 288 VVERNERI
2003 229 2292 291 ABBA’I‘IS
2331 233 2388 294 S.
2430 233 2649 296 BLASII

3688 242 3792 300 908

474 357 657 416 vinem
679 357 855 413 lucem
884 363 1188 428 recuperat,
1234 365 1291 412 ut
1328 355 1603 412 Christum
1634 356 1822 414 credat
1845 358 1914 413 de
1945 357 2072 415 Vir-
2102 361 2155 421 A
2184 361 2387 432 prioris
2417 363 2538 418 vitae
2565 364 2861 422 abstinere.
2900 366 3291 440 (Gaacomus).
3324 368 3424 425 Per
3449 370 3612 426 aliam
3641 370 3789 427 viam

475 448 606 520 gine
628 453 838 501 natum.
874 445 1043 501 Stella
1074 445 1364 501 Dominum
1421 445 1742 502 discernens
1773 462 1879 503 non
1907 447 2076 503 tenuit

471 537 719 592 sidereas
751 533 884 602 vias,
944 535 1040 590 sed
1070 535 1217 591 domi
1249 534 1422 591 vicina
1451 536 1601 590 stetit
1648 552 1809 607 supra
1865 536 2073 591 subau-

470 634 556 690 dis
586 633 768 690 locum
800 633 892 688 ubi
924 642 1039 688 erat
1069 651 1224 704 puer.
1255 634 1386 690 Haec
1435 634 1614 700 stella,
1645 642 1701 690 ut
1729 635 1808 689 ait
1837 634 2075 707 Fulgen-

467 724 593 791 tius,
645 738 922 794 nunquam
953 731 1113 778 antea
1169 721 1425 794 apparuit
1479 740 1636 795 quam
1667 723 1841 794 Magis
1878 723 2075 794 praevia

467 819 771 885 putaretur,
805 811 904 866 sed
959 819 1086 868 tunc
1123 820 1309 868 creata
1362 821 1462 880 est,
1505 823 1556 868 et
1614 820 1832 885 peracto
1891 812 2072 869 ofﬁcio

469 917 595 957 mox
625 916 748 957 esse
777 899 959 955 desiit.

540 1041 562 1064 α
597 1017 859 1072 Videntes
889 1024 1076 1071 autem
1126 1016 1340 1073 stellam
1401 1017 1545 1090 Magi
1575 1017 1749 1089 gavisi
1777 1027 1901 1072 sunt
1930 1033 2074 1089 gau-

465 1107 556 1160 dio
595 1120 794 1176 magno
828 1104 1011 1160 valde.
1060 1106 1127 1159 Et
1178 1106 1450 1161 intrantes
1497 1107 1717 1160 domum
1755 1106 2075 1162 invenerunt

480 1209 707 1266 puerum
733 1209 857 1249 cum
878 1193 1052 1248 Maria
1097 1202 1268 1250 matre
1289 1195 1428 1262 ejus,
1468 1202 1522 1248 et
1549 1195 1898 1265 procidentes
1933 1196 2071 1251 ado-

470 1290 733 1338 raverunt
765 1297 914 1336 eum.
951 1301 971 1332 ι
1005 1283 1069 1336 Et
1097 1282 1363 1338 intrantes
1393 1283 1633 1350 domum,
1657 1284 1710 1338 id
1728 1293 1810 1338 est
1829 1283 2072 1340 diverso-

467 1378 629 1444 rium,
663 1377 807 1449 quod
843 1377 1016 1433 Lucas
1047 1390 1461 1447 commemorat,
1497 1380 1816 1436 invenerunt
1841 1397 2068 1451 puerum

467 1476 523 1521 et
549 1475 773 1521 matrem
806 1467 944 1535 ejus.
977 1467 1187 1538 Joseph
1237 1477 1424 1524 autem
1455 1470 1658 1524 idcirco
1687 1477 1912 1536 tacetur,
1943 1471 2071 1542 quia

465 1554 674 1609 nullum
704 1554 772 1609 de
834 1553 1022 1620 ofﬁciis
1051 1556 1122 1610 ad
1179 1557 1456 1612 nutritium
1488 1557 1883 1629 pertinentibus
1912 1573 2066 1615 com-

463 1649 813 1698 memoratur.
880 1642 976 1698 Vel
1044 1643 1293 1700 fortassis
1359 1661 1468 1702 non
1523 1646 1731 1715 aderat,
1791 1663 1860 1702 ne
1923 1647 2063 1702 male

467 1730 796 1800 suspicionis
827 1731 1045 1788 occasio
1076 1741 1243 1788 esset.
1292 1735 1361 1788 Et
1388 1735 1734 1805 procidentes
1771 1744 1876 1790 tam
1907 1751 2062 1791 men-

466 1837 517 1884 te
547 1845 708 1901 quam
738 1845 969 1901 corpore
999 1830 1272 1886 humiliter
1301 1832 1604 1888 adorantin
1633 1849 1795 1890 carne
1811 1834 2062 1890 Verbum.

540 1957 561 1983 α
592 1935 659 1990 Et
687 1935 887 2005 apertis
913 1937 1184 1992 thesauris
1215 1938 1327 1992 suis
1392 1939 1709 1994 obtulerunt
1738 1940 1786 1995 ei
1818 1955 2064 2006 munera,

463 2049 676 2100 aurum,
709 2033 835 2087 thus
865 2041 918 2088 et
945 2035 1252 2105 myrrham.
1283 2058 1304 2083 υ
1343 2037 1401 2090 In
1433 2051 1572 2091 auro
1593 2052 1802 2109 regem,
1835 2037 1890 2090 in
1911 2038 2066 2092 thure

457 2122 658 2187 Deum,
693 2121 747 2176 in
775 2123 1001 2193 myrrha
1029 2123 1320 2178 mortalem
1351 2124 1614 2196 intellige.
1667 2129 1876 2181 Aurum
1916 2142 2070 2180 nam-

455 2226 562 2281 que
593 2209 663 2265 ad
717 2209 996 2276 tributum,
1057 2212 1179 2266 thus
1208 2212 1276 2266 ad
1334 2212 1687 2280 sacriﬁcium,
1748 2215 1969 2284 myrrha
1997 2214 2066 2269 ad

458 2298 796 2368 sepulturam
836 2299 1074 2369 pertinet
1129 2308 1486 2367 mortuorum,
1521 2301 1646 2370 quia
1676 2302 1814 2358 solet
1845 2304 2066 2374 myrrha

456 2394 665 2450 condiri
705 2410 774 2449 ne
812 2402 1158 2466 putrescant.
1208 2395 1614 2466 (Gascomus.)
1669 2399 1851 2454 Habes
1881 2399 2065 2472 itaque

461 2484 515 2537 in
551 2483 637 2536 his
708 2497 818 2538 non
873 2482 1149 2538 modicam
1209 2499 1490 2540 sacrorum
1544 2487 1934 2559 cognitionem,
2010 2489 2064 2543 in

462 2571 684 2626 homine
715 2571 924 2640 mortis,
959 2571 1013 2625 in
1041 2572 1158 2628 Deo
1189 2574 1626 2642 resurrectionis,
1659 2575 1715 2629 in
1745 2592 1883 2647 rege
1907 2576 2062 2647 judi-

463 2666 553 2734 cii,
586 2666 640 2721 in
679 2681 816 2722 auro
847 2682 1064 2739 quoque
1105 2667 1426 2738 sapientiam
1455 2670 1716 2742 intellige,
1768 2681 1824 2726 ut
1853 2673 1927 2728 ait
1958 2673 2061 2728 Sa-

459 2756 678 2811 lomon:
710 2778 731 2804 α
765 2756 1076 2811 Thesaurus
1095 2756 1514 2824 desiderabitur,
1544 2761 1856 2829 requiescet
1885 2761 1938 2816 in
1961 2777 2060 2817 ore

457 2843 717 2916 sapientis
748 2845 939 2912 (Prov.
975 2847 1114 2914 χχι).
1155 2869 1176 2895 ιι
1209 2847 1269 2900 In
1296 2848 1452 2902 thure
1482 2847 1736 2904 virtutem
1779 2850 2055 2917 orationis,

455 2948 510 2998 ut
537 2941 707 2996 illud:
745 2963 766 2989 ιι
804 2941 1087 3015 Dirigatur
1143 2944 1316 2998 oratio
1346 2959 1471 3000 mea
1518 2945 1659 3001 sicut
1687 2945 1967 3002 incensum
1999 2947 2056 3000 in

2184 450 2251 505 ad
2283 451 2568 524 regionem
2599 462 2840 509 nostram
2871 456 3212 527 regredimur
3240 457 3566 528 obediendo,
3609 476 3642 515 a
3682 477 3789 533 qua

2183 538 2537 596 discessimus
2568 541 2955 601 inobediendo.

2182 664 2258 719 De
2289 680 2350 721 eo
2379 667 2524 736 quod
2555 669 2741 723 omnis
2758 673 3023 725 creatura
3039 669 3153 726 dici
3170 674 3374 741 posuit
3404 672 3783 745 TheOphan—ia,

2537 759 2591 810 et
2622 755 2689 812 de
2737 757 2915 813 tribus
2950 760 3424 830 apparitionibus.

2252 868 2598 940 Theophanis
2630 879 2710 926 est
2738 873 3005 944 apparitio
3062 874 3269 930 divina.
3309 877 3439 948 Ipsa
3467 887 3551 934 est
3579 878 3783 934 simili-

2180 956 2311 1012 tudo
2339 956 2543 1024 divina,
2575 958 2632 1013 in
2691 976 2800 1033 qua
2829 970 3058 1034 apparet
3105 971 3159 1018 et
3186 965 3559 1022 manifestatur
3609 969 3779 1026 Deus.

2181 1054 2237 1108 Si
2279 1054 2400 1126 quis
2439 1071 2659 1112 omnem
2733 1066 3038 1114 creaturam
3093 1061 3499 1133 Theophaniam
3554 1063 3778 1132 dixerit,

2180 1157 2288 1198 non
2321 1143 2544 1199 errabit.
2585 1145 2937 1216 TheOphania
2998 1149 3251 1218 potentiae
3297 1158 3380 1205 est
3407 1159 3779 1208 creaturarum

2179 1230 2526 1303 magnitudo.
2564 1234 2911 1304 TheOphania
2966 1237 3247 1308 sapientiae
3293 1248 3600 1295 creaturam
3649 1241 3778 1312 pul-

2178 1319 2455 1376 chritudo.
2480 1321 2834 1392 TheOphania
2866 1323 3119 1380 bonitatis
3149 1337 3520 1384 creaturarum
3543 1329 3777 1388 utilitas.

2179 1408 2370 1463 Omnis
2427 1419 2674 1466 creatura
2722 1412 2964 1484 aliquam
3000 1415 3406 1472 similitudinem
3436 1419 3595 1474 habet
3651 1435 3777 1475 cum

2178 1504 2432 1560 Domino.
2493 1507 2676 1562 Prima
2705 1507 3002 1566 similitudo
3056 1521 3320 1570 creaturae
3348 1515 3419 1570 ad
3476 1516 3648 1571 Deum
3692 1527 3777 1572 est

2177 1593 2321 1663 quod
2377 1602 2498 1659 est;
2561 1597 2821 1666 secunda,
2881 1601 3027 1670 quod
3082 1617 3185 1656 una
3236 1611 3366 1670 est;
3417 1605 3590 1671 tertia,
3625 1607 3778 1678 quod

2095 1711 2148 1772 Β
2180 1695 2344 1736 omne
2381 1683 2528 1754 quod
2556 1693 2656 1752 est,
2690 1685 2745 1740 in
2775 1687 2880 1743 hoc
2908 1697 3008 1758 est,
3041 1691 3186 1761 quod
3214 1707 3378 1746 unum
3430 1701 3536 1748 est.
3569 1693 3679 1750 Sed
3707 1711 3776 1750 ex

2174 1777 2260 1832 his
2291 1795 2412 1850 quae
2442 1789 2583 1848 sunt,
2643 1791 2695 1838 et
2725 1800 2891 1839 unum
2947 1790 3095 1853 sunt,
3129 1788 3233 1842 alia
3281 1805 3348 1844 ex
3377 1806 3483 1846 uno
3530 1801 3674 1856 sunt,
3710 1801 3776 1848 ut

2173 1867 2485 1924 naturaliter
2509 1870 2778 1942 simplicia
2821 1891 2835 1938 ;
2882 1873 2989 1928 alia
3019 1891 3084 1930 ex
3140 1877 3414 1947 pluribus.
3447 1887 3505 1934 ut
3550 1895 3776 1952 compo-

2175 1956 2296 2011 sita.
2332 1955 2432 2013 Illa
2461 1966 2644 2015 autem
2675 1977 2794 2032 quae
2822 1969 2948 2016 sunt
3009 1970 3061 2018 et
3093 1981 3256 2020 unum
3309 1976 3452 2036 sunt,
3483 1976 3537 2023 et
3567 1985 3633 2024 ex
3663 1986 3773 2026 uno

2174 2060 2316 2120 sunt,
2341 2054 2522 2127 magis
2555 2057 2669 2112 Deo
2699 2057 2900 2113 similia
2928 2067 3072 2127 sunt,
3119 2062 3408 2134 praecipue,
3429 2064 3478 2119 si
3505 2067 3770 2122 unitatem

2173 2165 2325 2206 suam
2359 2169 2517 2221 quam
2548 2169 2619 2208 ex
2647 2153 2897 2225 pluribus
2926 2172 3035 2211 non
3056 2158 3335 2230 colligunt,
3369 2162 3439 2216 ad
3468 2162 3627 2234 plura
3658 2181 3769 2220 non

2173 2237 2484 2295 effundunt.
2511 2241 2671 2296 Tales
2689 2252 2812 2298 sunt
2825 2253 3032 2301 natura
3051 2248 3346 2318 spiritales,
3370 2267 3494 2322 quas
3509 2255 3685 2322 magis
3695 2254 3771 2310 ad

2172 2327 2584 2384 similitudinem
2607 2331 2703 2385 Dei
2717 2333 3006 2399 accedunt,
3025 2335 3147 2406 quia
3160 2352 3260 2393 nec
3273 2353 3338 2392 ex
3350 2339 3605 2409 pluribus
3616 2351 3766 2409 sunt,

2173 2415 2301 2486 quia
2329 2424 2454 2471 sunt
2485 2427 2679 2473 natura
2694 2419 2998 2491 simplicia;
3032 2439 3132 2478 nec
3155 2425 3314 2495 plura
3357 2443 3423 2482 ex
3450 2428 3604 2500 ipsis,
3639 2431 3769 2501 quia

2169 2525 2280 2567 non
2297 2520 2524 2582 possunt
2553 2528 2678 2568 esse
2698 2515 2944 2570 materia.
2977 2517 3038 2570 In
3061 2517 3145 2572 his
3164 2521 3341 2590 posuit
3370 2523 3636 2580 Dominus
3658 2526 3768 2582 duo

2173 2600 2244 2654 ad
2277 2607 2546 2666 naturam,
2605 2601 2714 2656 duo
2734 2603 2805 2656 ad
2834 2600 3064 2658 formam
3097 2623 3110 2659 :
3142 2606 3305 2662 vitam
3336 2617 3390 2664 et
3433 2627 3657 2667 sensum
3695 2616 3765 2668 ad

2171 2695 2437 2755 naturam,
2457 2689 2822 2760 cognitionem
2852 2702 2905 2746 et
2931 2692 3276 2751 dilectionem
3307 2698 3375 2752 ad
3399 2697 3631 2756 formam
3654 2717 3668 2771 ;
3691 2705 3766 2760 ad

2168 2787 2330 2841 vitam
2360 2786 2751 2860 cognitionem,
2775 2789 2845 2843 ad
2859 2805 3080 2846 sensum
3100 2793 3464 2852 dilectionem.
3497 2800 3626 2856 Haec
3655 2802 3768 2858 duo

2167 2889 2452 2944 suprema,
2485 2882 2538 2930 et
2567 2876 2682 2932 Deo
2710 2878 2960 2948 proxima
2989 2889 3132 2947 sunt,
3163 2891 3217 2937 et
3245 2900 3514 2956 expressa
3532 2889 3720 2963 imago
3747 2912 3761 2947 :

2166 2963 2408 3034 cognitio
2439 2965 2687 3019 veritatis
2715 2974 2769 3021 et
2797 2982 2949 3022 amor
2979 2969 3212 3026 virtutis.
3279 2975 3545 3033 Praeterea
3574 2979 3767 3035 viden-

455 3039 753 3100 conspectu
810 3038 902 3085 tuo
934 3033 1114 3100 (Psal.
1181 3048 1305 3086 ch.
1339 3034 1389 3104 )3
1448 3034 1508 3087 ln
1538 3035 1764 3106 myrrha
1814 3035 2051 3108 intellige

2165 3033 2294 3105 dum
2325 3058 2406 3106 est
2454 3052 2522 3106 de
2562 3051 2738 3108 tribus
2792 3055 3006 3111 indiciis
3062 3058 3261 3130 quibus
3303 3062 3548 3120 Christus
3588 3033 3765 3125 rhodie

457 3127 661 3174 nostrae
682 3119 865 3174 carnis
889 3117 1378 3177 mortiﬁcationem.
1411 3121 1564 3177 Unde
1594 3123 1725 3178 illud
1760 3141 1773 3177 :
1810 3145 1832 3174 ι
1867 3126 2056 3179 Manus

457 3223 594 3263 mtas
643 3207 1039 3263 distillaverunt
1067 3210 1351 3280 myrrham
1407 3212 1640 3281 primam
1698 3213 1886 3280 (Cant.
1921 3213 1994 3282 v).
2027 3237 2047 3261 ››

457 3296 701 3367 Mystice,
735 3296 906 3352 stella:
943 3305 1089 3352 ortus
1118 3297 1354 3368 primum
1374 3315 1405 3353 a
1436 3299 1606 3371 Magis
1625 3295 1930 3358 intellectus
1961 3304 2051 3356 in-

451 3384 596 3439 dicat
646 3401 770 3441 mox
825 3393 1020 3456 gentes
1058 3386 1113 3440 in
1176 3387 1443 3442 Christum
1502 3389 1823 3446 credituras.
1885 3391 2052 3447 Stella

454 3481 599 3537 enim
665 3497 763 3554 per
819 3483 1199 3555 propheticum
1254 3501 1566 3542 sermonem
1619 3488 1815 3543 Christi
1871 3497 2048 3547 ortum

454 3570 802 3626 conﬁtentem
850 3571 1139 3642 signiﬁcat.
1171 3575 1414 3630 Herodes
1455 3591 1582 3632 vero
1613 3577 1912 3644 diabolum,
1956 3580 2047 3650 qui

452 3659 671 3730 cognita
700 3659 804 3714 sibi
835 3660 1108 3716 nativitate
1153 3663 1495 3734 persequitur
1551 3681 1675 3720 eum
1707 3665 1758 3720 in
1787 3667 2047 3722 membris

453 3748 585 3803 suis.
626 3747 706 3803 Ad
746 3763 908 3820 quem
948 3749 1088 3822 Magi
1131 3759 1389 3823 pergunt,
1444 3752 1573 3807 dum
1629 3755 1697 3809 ab
1735 3755 2046 3812 idololatria

449 3844 643 3910 gentes
683 3837 964 3902 recedunt,
997 3847 1050 3894 et
1079 3840 1146 3894 ad
1183 3839 1403 3896 domum
1431 3841 1486 3895 in
1516 3857 1625 3914 qua
1653 3843 1904 3899 Christus
1939 3855 2039 3914 est,

450 3925 506 3982 id
536 3930 621 3981 est
648 3926 714 3981 ad
747 3925 1078 3982 Catholicam
1110 3928 1414 3984 Ecclesiam
1433 3931 1776 4001 perveniunt.
1793 3934 1854 3986 ln
1882 3950 2042 4005 quam

444 4041 545 4097 per
573 4024 737 4081 ﬁdem
758 4025 1023 4082 intrantes
1040 4025 1400 4083 invenuerunt
1427 4028 1701 4085 Christum
1731 4045 1853 4087 cum
1876 4031 2043 4086 Maria

442 4123 617 4169 matre
649 4115 787 4185 ejus.
839 4113 1034 4170 Christi
1083 4123 1257 4172 mater
1311 4117 1631 4190 intelligitur
1675 4119 1912 4175 ﬁdelium
1944 4135 2038 4176 so—

443 4203 635 4271 cietas,
665 4203 722 4258 in
767 4219 870 4275 qua
923 4203 1172 4260 Christus
1201 4221 1299 4276 per
1352 4204 1516 4262 fidem
1547 4207 1776 4264 habitat.
1823 4210 2040 4280 Apertis

442 4291 732 4360 thesauris,
765 4291 819 4346 id
876 4301 959 4348 cst
1006 4293 1308 4350 litterarum
1363 4295 1577 4366 peritia,
1637 4298 1954 4354 obtulerunt
1988 4300 2040 4355 ei

441 4397 593 4445 terna
623 4405 874 4455 munera,
908 4389 1116 4447 scilicet
1144 4393 1444 4464 physicam,
1475 4395 1730 4466 logicam,
1781 4398 2034 4466 ethicam,

438 4478 524 4532 vel
562 4476 864 4548 historiam,
896 4478 1239 4551 allegoriam,
1273 4483 1661 4555 tropologiam,
1713 4486 1797 4542 vel
1827 4495 2031 4544 sanctae

436 4565 714 4621 Trinitatis
752 4563 940 4622 fidem.
1013 4568 1249 4623 Nomina
1286 4579 1472 4626 autem
1527 4571 1689 4627 trium
1745 4576 2031 4648 Magorum

438 4654 704 4712 Hebraice
741 4654 1039 4726 Appellius,
1091 4659 1345 4725 Amerus,
1386 4659 1709 4717 Damascus.
1749 4664 2029 4734 Appellius

435 4753 821 4825 interpretatur
846 4754 1050 4824 ﬁdelis.
1075 4758 1304 4811 Amerus
1335 4756 1589 4826 humilis,
1615 4759 1914 4818 Damascus
1932 4766 2030 4818 mi-

435 4843 674 4898 sericors
699 4860 713 4906 ;
737 4840 932 4898 Graeca
947 4850 1132 4898 autem
1148 4843 1336 4917 lingua
1357 4847 1530 4902 vocati
1547 4855 1699 4903 sunt:
1723 4849 2025 4922 Magalach,

439 4929 758 5002 Galgalach,
783 4931 1028 4989 Saracin.
1046 4933 1334 5004 Magalach
1352 4934 1738 5008 interpretatur
1760 4941 2022 5007 nuntius,

437 5018 734 5090 Galgalach
763 5020 1009 5088 devotus,
1045 5020 1270 5078 Saracin
1299 5026 1513 5094 gratia.

507 5122 528 5172 ά
563 5125 630 5180 Et
659 5142 924 5198 responso
979 5135 1208 5199 accepto
1238 5129 1294 5184 in
1323 5133 1531 5186 somnis
1580 5149 1648 5188 ne
1690 5135 1929 5192 redirent
1958 5138 2026 5193 ad

434 5211 724 5281 Herodem,
754 5231 854 5284 per
881 5215 1041 5271 aliam
1074 5217 1216 5274 viam
1268 5221 1478 5276 reversi
1508 5230 1635 5277 sunt
1661 5223 1714 5278 in
1745 5225 2025 5298 regionem

431 5324 602 5364 suam.
642 5333 663 5356 »
699 5309 792 5366 Pio
820 5310 1016 5368 aﬁ'ectu
1070 5313 1451 5374 desiderantes
1479 5319 1609 5388 quid
1647 5319 1836 5377 divina
1858 5323 2023 5392 jube-

426 5412 508 5460 ret
547 5404 820 5473 voluntas,
852 5407 1123 5480 accipiunt
1139 5427 1460 5482 responsum
1482 5430 1592 5471 non
1620 5432 1718 5488 per
1738 5420 2017 5493 angelum,

430 5501 526 5558 sed
563 5517 594 5556 a
631 5501 867 5559 Domino
895 5504 1150 5561 divinitus
1205 5509 1522 5580 edocentur,
1571 5529 1641 5569 ne
1670 5515 1897 5573 redeant
1952 5521 2023 5577 ad

431 5600 730 5656 Herodem.
763 5601 1098 5672 (HILARIUS).
1159 5608 1219 5660 In
1260 5623 1368 5677 quo
1405 5611 1775 5670 admonemur
1803 5633 2020 5677 omnem

419 5696 652 5754 salutem
707 5706 761 5754 et
815 5714 972 5770 spem
1001 5700 1056 5755 in
1095 5701 1311 5760 Christo
1354 5705 1555 5775 locare,
1611 5714 1666 5766 et
1705 5713 1776 5768 ab
1829 5715 2021 5777 itinere

2165 3155 2430 3210 apparere
2461 3139 2652 3195 voluit.
2693 3142 2824 3196 Cum
2857 3143 3081 3200 Creator
3138 3147 3287 3216 olim,
3321 3149 3519 3209 fratres
3547 3155 3760 3211 charis-

2165 3235 2307 3303 simi,
2340 3234 2571 3290 formam
2613 3239 2760 3292 servi
2792 3255 2889 3310 pro
2918 3243 3099 3298 servis
3127 3246 3422 3317 accipiens,
3441 3248 3676 3308 latenter
3702 3254 3758 3308 in

2160 3323 2427 3378 mundum
2485 3324 2743 3392 venisset,
2789 3329 2959 3384 voluit
3015 3348 3076 3386 se
3133 3334 3306 3390 tribus
3346 3337 3507 3394 hodie
3539 3340 3760 3398 indiciis

2158 3411 2469 3467 hominibus
2520 3413 2912 3471 demonstrare.
2951 3418 3124 3476 Hodie
3144 3422 3289 3477 enim
3310 3424 3362 3479 in
3384 3427 3701 3485 Bethlehem
3727 3448 3758 3486 a

2159 3499 2334 3573 Magis
2364 3508 2448 3556 est
2502 3501 2758 3558 adoratus
2805 3506 3028 3576 (Matth.
3073 3512 3156 3579 ιι).
3196 3513 3367 3570 Hodie
3397 3531 3430 3570 a
3456 3516 3666 3575 Joanne
3702 3521 3759 3575 in

2155 3599 2402 3656 Jordane
2459 3600 2760 3672 baptizatus
2818 3612 2901 3659 est
2941 3606 3102 3675 (Luc.
3169 3613 3273 3679 ιιι).
3331 3613 3506 3671 Hodie
3553 3616 3610 3670 in
3655 3635 3759 3674 nu-

2153 3688 2279 3758 ptiis
2342 3689 2646 3746 mutatione
2719 3707 2878 3764 aquae
2932 3694 2986 3750 in
3043 3696 3226 3754 vinum
3285 3701 3616 3761 clariﬁcatus
3670 3717 3756 3764 est

2156 3779 2340 3846 (Joan.
2373 3781 2456 3849 ri).

2221 3883 2400 3939 Prima
2427 3886 2792 3944 manifestatio
2811 3888 2951 3946 facta
2973 3897 3055 3948 est
3075 3902 3158 3950 est
3180 3895 3234 3951 in
3252 3898 3433 3968 primo
3458 3918 3601 3959 anno
3621 3905 3755 3960 nati-

2149 3979 2332 4035 vitatis
2387 3998 2531 4050 suae;
2565 3985 2822 4054 secunda,
2883 3987 2936 4042 in
2991 3991 3308 4063 tricesimo;
3340 3997 3393 4052 in
3452 4000 3634 4070 tertia,
3694 4002 3751 4058 in

2147 4070 2394 4140 sequenti
2422 4087 2602 4128 annuo
2634 4082 2757 4144 post
2788 4075 3114 4134 tricesimum
3143 4097 3366 4140 annum.
3403 4087 3597 4145 Divina
3630 4091 3754 4146 dis-

2145 4158 2413 4230 positione
2434 4161 2551 4216 haec
2572 4165 2686 4218 tres
2705 4164 3172 4226 manifestationes
3193 4173 3384 4230 eodem
3405 4175 3494 4233 die
3514 4178 3753 4236 diversis

2145 4249 2304 4303 annis
2361 4249 2721 4322 contigerunt.
2782 4253 2890 4309 Sed
2937 4257 3101 4314 modo
3157 4260 3226 4316 de
3279 4263 3456 4334 prima
3495 4282 3745 4341 agamus.

2146 4346 2332 4402 Voluit
2363 4364 2596 4420 namque
2627 4351 2888 4408 Dominus
2919 4357 3232 4416 ostensione
3262 4377 3418 4420 novae
3449 4367 3620 4424 stellae
3642 4371 3746 4424 tri—

2067 4423 2119 4482 D
2151 4435 2250 4489 bus
2309 4437 2480 4508 Magis
2531 4438 2584 4492 in
2642 4439 2897 4497 Chaldaea
2941 4444 3134 4515 positis
3190 4451 3526 4512 nativitatem

2138 4524 2446 4580 ostendere.
2507 4526 2750 4599 Cumque
2781 4530 2939 4599 periti
2969 4543 3237 4592 astrorum
3266 4547 3322 4594 et
3370 4558 3566 4601 novam
3602 4547 3746 4603 stel-

2139 4626 2248 4680 lam
2277 4627 2544 4684 apparere
2603 4614 2867 4685 viderent,
2896 4619 3014 4688 ejus
3041 4624 3238 4693 peritia
3275 4630 3405 4686 artis
3433 4643 3611 4690 ortum
3644 4652 3746 4694 no-

2137 4723 2264 4805 vum
2291 4723 2475 4805 regem
2505 4709 2888 4805 intelleicemnt
2915 4716 3141 4786 (Matth.
3195 4725 3277 4793 ιι).
3310 4724 3429 4782 Sed
3460 4731 3586 4802 quia
3615 4735 3744 4805 qui-

2137 4796 2262 4853 dam
2293 4797 2559 4868 propheta
2599 4801 2784 4856 multis
2811 4811 2937 4860 ante
2966 4811 3300 4880 temporibus
3347 4796 3564 4876 Balaam
3595 4796 3742 4896 apud

2136 4911 2232 4952 eos
2261 4896 2621 4968 praedixerat:
2659 4924 2680 4948 «ι
2709 4900 2926 4958 Orietur
2951 4907 3107 4964 stella
3136 4926 3200 4967 ex
3231 4915 3422 4984 Iacob,
3461 4929 3515 4977 et
3543 4940 3740 4981 exsur-

2135 4993 2225 5054 get
2255 4985 2340 5042 vir
2369 4985 2438 5042 de
2470 4987 2637 5043 Israel
2666 4991 2852 5056 (Nam.
2890 4998 3057 5067 xxrv),
3086 5019 3107 5049 ι
3141 5015 3262 5057 cum
3286 5005 3595 5067 mirabilem
3609 5015 3742 5070 stel-

2137 5072 2244 5128 lam
2273 5089 2375 5129 nec
2412 5073 2508 5130 ulli
2541 5081 2968 5149 comparabilem
3026 5091 3425 5166 conspicerent,
3456 5098 3628 5170 illum,
3663 5104 3735 5161 de

2135 5186 2242 5242 quo
2271 5171 2484 5226 Balaam
2541 5177 3006 5248 pronuntiaverat,
3063 5193 3248 5242 natum
3283 5191 3449 5250 fuisse
3479 5199 3734 5258 credide-

2133 5266 2275 5314 runt.
2311 5260 2541 5316 Veniunt
2595 5272 2774 5320 autem
2828 5267 3012 5326 divina
3041 5272 3393 5346 inspiratione
3448 5284 3503 5338 in
3536 5287 3731 5346 Hieru-

2134 5349 2326 5436 salem,
2359 5364 2478 5421 quae
2498 5354 2816 5424 metropolis
2841 5365 2953 5412 erat
2999 5361 3170 5418 Judaei.
3211 5365 3497 5428 Divertunt
3525 5376 3595 5431 ad
3623 5379 3732 5436 He-

2133 5435 2344 5503 rodem,
2379 5445 2630 5508 quierunt
2660 5441 2728 5498 de
2783 5460 2983 5516 puero.
3035 5449 3276 5526 Cumque
3303 5456 3603 5520 diverteret
3657 5435 3728 5524 ad

2133 5533 2710 5609 Herodem,di5paruit
2731 5541 2810 5597 eis
2827 5543 3002 5602 stella.
3039 5547 3279 5608 Herodes
3311 5561 3494 5614 autem
3527 5578 3728 5622 vocans

2133 5629 2358 5688 Scribas
2412 5633 2763 5710 interrogavit
2826 5640 2916 5696 ubi
2962 5644 3207 5718 Messias,
3267 5654 3358 5724 qui
3429 5661 3728 5728 promissus

2131 5732 2254 5783 erat
2280 5729 2335 5784 in
2391 5731 2532 5805 lege,
2566 5736 2870 5796 nasciturus
2914 5751 3079 5800 esset.
3109 5747 3307 5806 Dicunt
3335 5754 3386 5809 ei
3423 5775 3436 5810 :
3469 5755 3527 5812 ln
3561 5761 3726 5817 Beth-
