4062 6074
324 249 428 301 809

1254 241 1838 301 DEFLORATIONES
1876 243 1983 302 SS.
2027 244 2329 303 PATRUM.
2358 277 2431 288 —
2458 245 2585 303 LIB.
2627 247 2671 302 Ι.

3509 252 3610 306 810

322 369 526 423 lehem.
558 366 799 424 Herodes
826 365 1009 440 igitur,
1038 383 1162 424 cum
1210 375 1350 423 esset
1385 366 1709 440 alienigena,
1741 376 1794 423 et
1820 384 1913 423 re-
1942 367 1997 429 A
2031 368 2267 423 Herodes
2297 369 2567 425 diabolus.
2607 370 2687 424 Ad
2716 386 2874 441 quem
2896 368 2989 441 qui
3018 368 3450 429 divertitamisso
3487 388 3616 429 vero

318 482 489 539 gnum
517 464 720 521 Iudaeae
748 465 893 521 dono
938 465 1305 521 Romanorum
1348 464 1546 535 injuste
1595 465 1912 537 possideret,

326 555 587 627 cogitavit
615 570 720 624 quo
766 571 995 626 puerum
1040 562 1224 624 posset
1269 554 1537 621 occidere,
1597 554 1793 609 timens
1847 569 1916 610 ne

319 658 551 716 regnum
581 643 866 699 amitteret.
915 644 1041 699 Non
1095 651 1175 698 est
1234 642 1394 715 igitur
1445 659 1605 698 ausus
1658 642 1735 698 ire
1790 658 1913 698 cum

317 734 492 811 Magis
520 741 589 795 ad
619 740 968 810 quaerendum
998 756 1247 810 puerum,
1281 757 1349 795 ne
1392 747 1643 811 parentes
1688 754 1913 810 puerum

318 829 833 896 occultarent,.cum
891 828 1183 885 adventum
1238 828 1383 900 regis
1438 827 1703 884 audirent.
1762 828 1913 883 Prae-

319 918 462 989 cepit
490 934 620 990 ergo
646 918 821 991 Magis
867 918 1155 991 diligenter
1199 933 1424 989 puerum
1473 916 1759 987 inquirere,
1810 914 1916 969 sibi

320 1015 645 1082 renuntiare,
680 1023 733 1070 et
759 1015 836 1070 ait
875 1031 933 1071 se
978 1015 1116 1071 velle
1158 1031 1283 1069 eum
1329 1013 1574 1069 adorare.
1624 1011 1917 1068 Discedunt

319 1103 488 1175 Magi,
520 1103 734 1159 videtur
762 1104 953 1158 iterum
984 1104 1158 1159 stella.
1192 1104 1462 1159 Laetamur
1506 1110 1558 1157 et
1604 1117 1669 1157 ea
1712 1100 1917 1173 praevia

320 1193 549 1249 veniunt
574 1191 629 1246 in
658 1193 992 1248 Bethlebem.
1028 1192 1195 1248 Stella
1220 1207 1351 1249 vero
1380 1206 1489 1247 non
1519 1197 1634 1246 erat
1677 1189 1733 1244 in
1778 1189 1917 1245 coelo

319 1288 450 1357 ﬁxa,
482 1291 579 1345 sed
607 1290 661 1345 in
712 1306 835 1346 aere
882 1289 1177 1362 pendebat.
1234 1287 1479 1344 Ostendit
1516 1303 1649 1360 ergo
1695 1286 1918 1343 domum

324 1379 608 1437 manifeste
645 1378 738 1433 ubi
794 1384 909 1434 erat
964 1393 1120 1449 puer.
1185 1377 1334 1433 More
1397 1384 1576 1431 autem
1638 1377 1916 1432 Persarum

321 1466 552 1524 offerunt
579 1484 822 1535 munera,
864 1472 1202 1523 sacramento
1255 1472 1363 1519 tam
1414 1480 1677 1537 congrua,
1727 1480 1917 1519 aurum

323 1557 546 1624 scilicet,
568 1560 691 1612 thus
709 1564 763 1611 et
778 1558 1073 1627 myrrham.
1104 1556 1251 1609 Auro
1264 1568 1472 1625 regem,
1499 1554 1651 1607 thure
1671 1551 1844 1608 Deum
1866 1558 1921 1607 et

323 1644 683 1711 sacerdotem,
737 1646 957 1716 myrrha
999 1641 1282 1698 mortalem
1329 1638 1714 1713 signiﬁcantes.
1780 1639 1917 1696 Ecce

320 1734 500 1805 prima
525 1733 810 1806 apparitio.

394 1843 456 1896 In
513 1840 789 1914 trigesimo
829 1854 959 1895 vero
1000 1854 1141 1894 anno
1179 1837 1328 1895 venit
1364 1836 1433 1894 ad
1488 1835 1771 1903 Joannem,
1827 1834 1918 1905 qui

321 1929 631 2002 baptizabat
684 1944 795 1985 non
852 1927 909 1983 in
970 1926 1286 1983 remissione
1347 1932 1691 1996 peccatorum
1747 1923 1911 1996 (Luc.

322 2021 431 2089 ιιι),
491 2019 587 2074 sed
641 2018 698 2074 in
753 2015 1150 2090 praeparatione
1207 2014 1547 2087 baptismatis
1602 2012 1816 2076 Christi,
1864 2019 1923 2067 ut

322 2108 573 2164 homines
600 2106 866 2162 mansueti
895 2121 1004 2162 non
1023 2104 1374 2160 abhorrerent
1406 2103 1737 2174 baptismum
1760 2101 1920 2156 Chri-

324 2198 411 2253 sti.
444 2198 688 2266 Cumque
709 2210 863 2264 aquae
881 2194 1032 2263 prius
1054 2192 1335 2248 abluerent
1361 2206 1608 2261 corpora,
1632 2190 1801 2246 voluit
1829 2205 1922 2244 eas

324 2293 679 2361 sanctiﬁcare,
711 2299 770 2347 ut
796 2297 1117 2360 potestatem
1154 2288 1452 2345 mundandi
1497 2287 1707 2343 animas
1747 2286 1922 2341 habe-

326 2391 467 2439 rent.
500 2383 655 2438 Jesus
682 2395 814 2452 ergo
844 2378 1101 2433 immunis
1138 2393 1171 2434 a
1217 2384 1438 2449 peccato
1481 2376 1725 2448 baptizar
1750 2374 1922 2446 ipetit,

324 2479 386 2527 ut
433 2486 630 2542 aquam
685 2466 1060 2536 sanctificaret,
1124 2473 1182 2522 et
1238 2465 1550 2522 hominibus
1612 2464 1923 2534 exemplum

327 2569 498 2625 daret.
532 2569 611 2623 Eo
638 2565 910 2638 baptizato
939 2563 1110 2636 aperti
1138 2570 1260 2618 sunt
1288 2563 1429 2627 cmli,
1462 2569 1515 2618 et
1560 2560 1696 2618 vidit
1744 2559 1922 2631 Spiri-

325 2666 504 2715 rutum
533 2657 590 2711 in
617 2654 853 2727 speciem
883 2652 1151 2709 columbae
1178 2650 1594 2707 descendentem
1638 2664 1796 2720 super
1841 2663 1920 2717 se,

332 2757 385 2804 et
413 2762 521 2803 vox
551 2743 723 2800 Patris
745 2742 927 2798 audita
955 2749 1035 2796 est
1063 2760 1075 2796 :
1114 2764 1137 2789 «
1170 2728 1270 2795 Hic
1297 2745 1379 2794 est
1423 2738 1589 2793 Filius
1633 2753 1788 2792 meus
1832 2735 1922 2790 di-

325 2847 493 2902 lectus
522 2845 577 2899 in
608 2859 713 2915 quo
743 2840 875 2896 mihi
903 2840 1043 2896 bene
1090 2838 1391 2910 complacui
1440 2837 1647 2907 (ibid.).
1707 2858 1729 2882 ι»
1784 2834 1925 2889 Ecce

325 2934 568 2992 secunda
596 2929 1005 2988 demonstratio.
1037 2931 1100 2983 In
1128 2928 1371 2997 sequenti
1408 2941 1541 2984 vero
1586 2939 1728 2981 anno
1775 2923 1921 2978 invi-

325 3031 469 3080 tatus
496 3030 578 3078 est
606 3020 674 3076 ad
696 3019 939 3090 nuptias;
968 3016 1165 3073 defecit
1182 3016 1389 3083 vinum,
1417 3013 1576 3085 jussit
1595 3012 1807 3083 impleri
1824 3027 1921 3066 sex

323 3111 546 3184 hydrias
580 3125 740 3181 aqua,
773 3115 825 3163 et
850 3106 1079 3162 mutavit
1108 3120 1303 3175 aquam
1334 3103 1391 3159 in
1436 3103 1643 3156 vinum.
1706 3101 1773 3155 Et
1816 3102 1921 3156 hoc

323 3210 425 3265 fuit
454 3208 668 3264 initium
714 3206 1015 3278 signorum.
1074 3202 1173 3258 His
1227 3201 1397 3258 tribus
1450 3199 1682 3269 indiciis,
1732 3197 1922 3254 fratres

326 3297 647 3363 charissimi,
687 3293 1055 3351 manifestavit
1088 3309 1147 3348 se
1185 3291 1424 3348 Christus
1477 3288 1700 3358 mundo,
1759 3295 1813 3343 et
1865 3287 1918 3342 in

325 3388 580 3446 omnibus
607 3386 752 3441 Deus
780 3382 1047 3456 apparuit.
1079 3383 1142 3437 In
1169 3380 1365 3452 primo,
1393 3378 1646 3434 adoratur
1673 3392 1707 3432 a
1749 3375 1924 3449 Magis

326 3485 389 3533 ut
415 3478 581 3532 Deus.
613 3476 675 3529 In
706 3472 963 3541 secundo,
994 3485 1132 3528 voce
1159 3467 1334 3525 Patris
1368 3466 1535 3523 Filius
1576 3466 1678 3522 Dei
1721 3464 1920 3522 asseri-

330 3578 440 3626 tur.
475 3571 541 3625 In
568 3565 743 3634 tertio,
776 3565 913 3620 sicut
959 3579 1057 3635 per
1098 3561 1419 3617 miraculum
1464 3558 1699 3629 primum
1741 3556 1925 3613 divina

328 3657 570 3731 potentia
616 3653 937 3719 declaratur,
971 3656 1196 3707 vocatur
1229 3649 1409 3719 itaque
1456 3647 1545 3701 hic
1584 3646 1700 3700 dies
1739 3646 1923 3700 Theo-

327 3744 551 3819 phania,
582 3759 724 3815 quae,
754 3749 815 3797 ut
839 3755 1004 3811 supra
1031 3739 1235 3795 dictum
1264 3744 1365 3805 est,
1395 3735 1615 3792 divina
1638 3733 1924 3807 apparitio

327 3837 724 3907 interpretatur.
778 3829 1013 3885 Audistis
1065 3827 1346 3884 veritatem
1401 3823 1655 3892 historiae,
1705 3837 1924 3878 causam

330 3939 545 3996 quoque
563 3939 597 3978 a
614 3920 773 3978 nobis
792 3916 1053 3974 didicistis
1078 3916 1251 3986 hujus
1278 3912 1603 3970 festivitatis.
1634 3910 1927 3996 Videamus

330 3994 511 4079 itaque
537 4022 682 4064 nunc
707 4004 753 4060 si
782 4002 913 4075 quid
939 4000 1179 4074 mysterii
1207 4006 1468 4072 preterea
1509 3996 1567 4051 in
1608 3994 1927 4065 supradictis

330 4100 511 4156 lateat.

1002 4247 1213 4291 DIVISIO
1222 4273 1234 4286 .

402 4384 551 4451 Ideo,
587 4381 796 4447 fratres,
819 4377 1037 4451 fulgens
1064 4376 1220 4431 stella
1264 4371 1517 4445 apparuit
1561 4370 1689 4442 quia
1741 4369 1926 4426 lumen

332 4489 449 4530 esse
477 4475 533 4527 in
564 4470 796 4527 tenebris
824 4475 1069 4523 exortum
1090 4464 1293 4536 populo
1320 4460 1661 4535 signiﬁcavit,
1709 4459 1778 4514 de
1819 4473 1927 4530 quo

333 4563 527 4619 dicitur
557 4580 572 4616 :
613 4582 635 4609 «ι
667 4560 793 4613 Erat
821 4557 918 4613 lux
946 4570 1094 4624 vera,
1126 4561 1230 4609 etc.
1266 4573 1289 4601 υ
1325 4553 1510 4621 (Joan.
1541 4549 1620 4620 ι.)
1649 4548 1777 4605 Ideo
1822 4562 1928 4617 ap-

332 4652 515 4723 paruit
532 4648 784 4722 gentibus
811 4645 936 4715 quia
963 4651 1154 4715 gentes
1178 4639 1576 4711 praznuntiabat
1598 4638 1772 4693 lucem
1801 4633 1929 4691 ﬁdei

333 4757 662 4822 recepturus,
688 4747 844 4817 juxta
870 4741 1065 4797 Isaiam
1100 4759 1112 4795 :
1151 4762 1173 4787 «
1209 4737 1444 4810 Populus
1481 4734 1572 4806 qui
1617 4732 1930 4790 ambulabat

334 4839 393 4894 in
432 4836 666 4894 tenebris
701 4833 840 4892 vidit
866 4832 1043 4886 lucem
1072 4842 1353 4899 magnam,
1403 4832 1506 4880 etc.
1543 4846 1565 4872 ι»
1631 4825 1768 4893 (Isa.
1823 4822 1925 4891 ιχ.)

334 4930 397 4982 In
424 4927 736 4982 Bethlebem
766 4920 933 4977 voluit
960 4917 1127 4985 nasci,
1185 4915 1312 4986 quia
1361 4914 1673 4969 Bethlebem
1728 4911 1927 4969 domu:

330 5017 500 5090 panis
532 5016 928 5085 interpretatur.
963 5008 1107 5077 Ergo
1134 5005 1192 5059 in
1218 5020 1285 5060 ea
1312 5010 1468 5059 natus
1496 5009 1596 5070 est,
1626 5009 1682 5056 et
1707 5000 1764 5055 in
1790 5001 1926 5055 Hie-

332 5088 588 5171 rusalem,
619 5117 741 5172 quae
769 5105 884 5155 erat
935 5093 1219 5167 populosa,
1276 5099 1507 5147 mortem
1560 5089 1743 5157 subiit,
1801 5088 1928 5160 qnia

331 5209 444 5249 non
481 5190 758 5262 quaerebat
791 5185 1024 5261 gloriam
1054 5181 1265 5237 mundi.
1310 5179 1566 5252 Magister
1618 5178 1764 5233 enim
1818 5179 1924 5234 hu-

332 5280 574 5337 militatis
600 5278 669 5334 de
696 5273 1023 5349 pauperibus
1061 5269 1388 5343 parentibus,
1437 5268 1493 5322 in
1538 5267 1729 5324 humili
1782 5267 1922 5337 loco,

332 5370 391 5424 in
420 5369 513 5426 vili
540 5364 805 5439 prasepio
831 5360 977 5418 nasci
1005 5360 1257 5432 dignatus
1297 5365 1396 5424 est,
1445 5356 1732 5413 moriturus
1773 5371 1923 5424 vero,

335 5458 503 5531 elegit
529 5454 850 5530 populosam
879 5449 1094 5515 urbem,
1127 5455 1186 5502 ut
1211 5446 1269 5501 in
1296 5453 1586 5518 conspectu
1624 5452 1700 5500 tot
1742 5443 1924 5501 homi-

333 5530 486 5612 num,
519 5545 613 5616 qui
641 5546 1004 5599 convenerant
1032 5534 1102 5594 ad
1151 5534 1516 5603 festivitatem,
1564 5551 1683 5591 cum
1732 5530 1928 5604 majori

335 5616 634 5707 opprobrio
662 5647 763 5704 pro
789 5627 949 5686 nobis
975 5626 1271 5698 susciperet
1297 5631 1546 5680 mortem.
1573 5621 1714 5679 Dum
1743 5621 1925 5679 diver-

337 5731 455 5781 tunt
482 5720 552 5779 ad
578 5719 870 5787 Herodem,
903 5715 1115 5772 stellam
1161 5712 1493 5793 admiserunt
1536 5708 1752 5779 ducem,
1802 5709 1928 5781 quia

655 5863 919 5929 Parma.
952 5858 1193 5927 CLVII.

1948 3066 2000 3130 C

2022 465 2223 520 lumine
2254 476 2572 537 excecatur,
2606 483 2766 538 quem
2798 468 2888 538 qui
2938 469 3152 538 deserit,
3203 469 3382 526 statim
3427 486 3618 527 verum

2020 554 2205 609 lumen
2231 555 2421 624 recipit
2450 554 2594 626 quod
2622 556 2899 611 amiserat.
2937 557 3144 613 Domus
3191 558 3284 613 ubi
3326 575 3461 631 puer
3504 568 3619 616 erat

2019 642 2286 714 signiﬁcat
2337 643 2656 700 Ecclesium.
2732 644 3070 715 Quicumque
3134 654 3312 702 autem
3374 656 3619 719 quaerunt

2022 740 2309 809 Christum,
2342 740 2396 795 in
2424 742 2667 797 Ecclesia
2696 759 2818 797 eum
2848 743 3132 799 inveniunt
3162 763 3174 799 :
3210 744 3285 800 ibi
3315 760 3437 800 eum
3475 745 3614 801 ado-

2019 836 2139 883 rant
2169 835 2222 883 et
2250 829 2453 885 colunt.
2488 832 2713 886 Invento
2743 839 2922 888 autem
2972 832 3200 900 Christo,
3244 833 3371 903 quid
3425 832 3616 890 offerre

2021 916 2316 972 debeamus
2352 918 2409 972 in
2447 919 2765 974 muneribus
2801 936 2987 976 eorum
3008 920 3313 977 didicimus.
3344 923 3616 993 Myrrham

2019 1012 2289 1070 videlicet.
2320 1014 2537 1084 Myrrha
2562 1016 2821 1087 competit
2845 1017 3070 1073 mortuis
3095 1017 3222 1087 quia
3260 1017 3618 1074 amaritudine

2021 1101 2141 1171 ejus
2167 1118 2379 1159 vermes
2415 1102 2850 1175 exstinguuntur.
2906 1104 3082 1161 Homo
3130 1112 3307 1163 autem
3355 1104 3618 1162 accedens

2022 1189 2092 1245 ad
2118 1190 2436 1260 Ecclesium,
2469 1189 2792 1247 mortiﬁcare
2831 1190 2993 1248 debet
3037 1208 3253 1248 carnem
3296 1209 3418 1248 cum
3474 1192 3619 1251 vitiis

2023 1295 2078 1343 et
2096 1288 2564 1359 concupiscentiis,
2595 1305 2663 1344 ne
2687 1304 2898 1344 vermes
2924 1297 3269 1359 peccatorum
3299 1297 3608 1345 nascantur.

2023 1375 2315 1431 Exstinctis
2353 1376 2497 1433 vitiis
2522 1376 2825 1433 necessaria
2853 1384 2934 1431 est
2979 1376 3149 1433 oratio
3189 1393 3309 1448 qua
3358 1394 3456 1449 per
3501 1379 3622 1433 thus

2023 1463 2376 1536 signiﬁcatur,
2408 1479 2526 1535 quae
2555 1463 2810 1535 impetrat
2838 1465 3073 1521 veniam.
3102 1465 3184 1520 De
3222 1481 3328 1536 quo
3378 1465 3572 1521 dicitur
3603 1484 3617 1520 :

2024 1561 2300 1637 Dirigatur
2327 1561 2517 1631 oratio,
2550 1569 2651 1618 etc.
2682 1564 2863 1619 (Psal.
2895 1563 3041 1618 ω).
3077 1584 3100 1611 οι
3154 1561 3287 1617 Inde
3326 1570 3623 1633 sequuntur

2026 1665 2192 1719 opera
2219 1648 2511 1719 charitatis,
2543 1666 2663 1720 quae
2692 1666 2790 1722 per
2817 1666 3007 1706 aurum
3050 1650 3421 1724 designantur.
3473 1650 3625 1706 Sicut

1940 1721 1997 1782 Β
2026 1738 2172 1793 enim
2198 1738 2407 1795 caeteris
2435 1738 2668 1794 metallis
2696 1721 2975 1811 praevalet,
2996 1738 3075 1794 sic
3095 1721 3235 1793 intiar
3248 1745 3474 1794 caeteras
3501 1738 3617 1795 vir-

2023 1843 2162 1891 tutes
2198 1835 2430 1891 charitas
2481 1835 2762 1907 prtecellit.
2820 1837 2942 1906 Ipsa
2997 1842 3079 1889 est
3140 1850 3374 1904 namque
3438 1833 3621 1906 pleni-

2025 1925 2154 1980 tudo
2182 1924 2337 1997 legis.
2369 1924 2500 1980 Haec
2528 1923 2630 1979 tria
2668 1923 2832 1996 igitur
2878 1922 3181 1979 necessaria
3224 1930 3346 1978 sunt
3378 1942 3390 1978 :
3450 1923 3621 1994 pomi-

2026 2012 2191 2070 tentia
2219 2030 2339 2084 quae
2366 2028 2467 2083 per
2495 2012 2789 2085 myrrham,
2822 2012 2993 2068 oratio
3022 2027 3142 2083 qum
3171 2028 3269 2083 per
3296 2014 3434 2079 thus,
3484 2014 3618 2069 cha-

2024 2113 2153 2167 ritas
2180 2127 2300 2181 quae
2330 2127 2426 2182 per
2452 2126 2639 2166 aurum
2673 2108 3022 2183 significatur.
3054 2112 3116 2164 In
3161 2107 3397 2165 secunda
3440 2117 3621 2165 autem

2026 2198 2457 2255 manifestatione
2487 2206 2609 2253 sunt
2651 2205 2864 2253 ostensa
2907 2204 3242 2253 sacramenta
3286 2205 3481 2253 nostra!
3526 2214 3621 2253 sa-

2026 2287 2175 2343 lutis.
2210 2286 2397 2343 Voluit
2421 2287 2565 2342 enim
2598 2285 2651 2340 in
2681 2303 2738 2341 se
2786 2285 3090 2350 ostendere,
3140 2285 3269 2340 dum
3315 2285 3620 2357 baptizare-

2028 2391 2132 2452 tur,
2161 2384 2289 2455 quid
2320 2383 2606 2453 baptizatis
2635 2383 2988 2439 conferretur.
3045 2381 3275 2451 Quando
3332 2381 3525 2452 aliquis
3570 2382 3627 2438 in

2026 2472 2296 2544 baptismo
2333 2477 2701 2543 regeneratur,
2760 2469 2835 2525 ibi
2893 2476 3002 2525 tota
3056 2468 3286 2524 Trinitas
3341 2477 3617 2540 operatur.

2028 2561 2181 2616 Unde
2220 2568 2331 2616 tota
2366 2559 2597 2614 Trinitas
2633 2566 2847 2615 ostensa
2897 2565 2996 2625 est,
3060 2557 3153 2612 ubi
3217 2556 3459 2612 Christus
3521 2557 3628 2613 ba-

2030 2657 2257 2730 ptizatus
2284 2664 2382 2712 est.
2417 2657 2585 2711 Filius
2613 2664 2728 2711 erat
2754 2655 2809 2711 in
2840 2655 3072 2719 Christo,
3127 2654 3360 2724 Spiritus
3414 2654 3472 2709 in
3524 2669 3623 2710 co-

2030 2746 2233 2815 lumba,
2266 2746 2424 2800 Pater
2451 2745 2506 2799 in
2535 2760 2670 2801 voce
2700 2736 2757 2798 se
2800 2742 3079 2799 revelavit.
3140 2742 3370 2813 Spiritus
3424 2741 3482 2795 in
3528 2758 3628 2797 co-

2030 2834 2215 2889 lumba
2243 2833 2491 2905 apparuit
2518 2831 2740 2903 (Matth.
2779 2834 2883 2902 ιιι),
2915 2831 3042 2901 quia
3088 2830 3342 2886 columba
3388 2837 3467 2885 est
3514 2830 3630 2887 avis

2031 2948 2246 3004 magna:
2272 2929 2649 3001 simplicitatis.
2692 2929 2794 2983 Per
2830 2930 2969 2983 hanc
3005 2934 3184 2982 autem
3244 2942 3401 2983 avem
3462 2926 3626 2982 inno-

2029 3020 2261 3074 centiam
2293 3018 2463 3089 voluit
2491 3016 2797 3089 significare
2826 3032 2988 3086 quam
3017 3014 3226 3070 confert
3261 3014 3618 3088 regeneratis.

2035 3108 2193 3178 Quod
2222 3108 2380 3163 Pater
2408 3106 2546 3161 dixit
2577 3126 2589 3161 :
2628 3129 2650 3155 «ε
2682 3106 2783 3160 Hic
2809 3112 2889 3159 est
2915 3103 3100 3173 Filius,
3138 3127 3160 3152 υ
3196 3110 3323 3173 etc.,
3363 3102 3633 3176 signiﬁcat

2032 3198 2176 3277 quod
2204 3204 2459 3274 baptizati
2489 3201 2586 3258 ﬁlii
2614 3203 2713 3258 Dei
2743 3210 2883 3269 sunt,
2934 3210 2988 3256 et
3035 3200 3128 3272 qui
3176 3200 3323 3272 prius
3369 3199 3628 3272 displice-

2028 3295 2180 3360 bant,
2222 3292 2486 3365 incipiunt
2522 3291 2570 3348 ei
2607 3291 2841 3361 placere.
2878 3289 3041 3359 Quod
3096 3289 3265 3361 aperti
3319 3296 3444 3344 sunt
3504 3287 3629 3345 coeli

2031 3381 2375 3457 signiﬁcabat
2412 3379 2694 3452 baptizatis
2757 3379 2953 3451 uelum
3016 3376 3243 3434 reserari
3281 3377 3424 3448 quod
3483 3377 3633 3450 prius

2034 3490 2149 3537 erat
2178 3496 2277 3553 pro
2306 3486 2527 3552 peccato
2556 3477 2882 3534 obaeratum.
2916 3475 3118 3547 Nuptia
3161 3491 3311 3545 vero,
3354 3474 3411 3530 in
3440 3474 3634 3546 quibus

2032 3587 2089 3626 se
2120 3568 2273 3624 tertio
2302 3565 2682 3635 manifestavit,
2706 3563 3013 3638 signiﬁcant
3030 3564 3429 3637 copulationem
3465 3563 3626 3620 Chri-

2031 3658 2097 3713 sti
2126 3664 2179 3713 et
2207 3656 2481 3712 Ecclesiae.
2511 3657 2574 3710 In
2602 3653 2797 3724 quibus
2842 3659 3078 3709 mutatur
3131 3669 3272 3723 aqua
3326 3652 3383 3706 in
3441 3653 3630 3710 vinum

2032 3757 2218 3826 (Joan.
2248 3756 2332 3824 ιι),
2365 3754 2494 3809 dum
2524 3752 2794 3810 vetuslex
2837 3767 3100 3809 conversa
3142 3758 3223 3806 est
3266 3749 3323 3806 in
3372 3750 3632 3824 Evange-

2032 3845 2183 3902 lium.
2216 3844 2329 3899 Lex
2358 3842 2597 3913 antiqua,
2641 3856 2796 3912 aqua;
2837 3846 3200 3912 comparatur,
3260 3839 3387 3909 quia
3439 3839 3630 3910 subje-

2031 3941 2146 3990 ctos
2172 3932 2276 3988 sibi
2305 3931 2375 3988 ad
2402 3945 2644 3987 amorem
2672 3927 2775 3985 Dei
2802 3943 2914 3984 non
2942 3926 3334 3983 inﬂammabat.
3364 3927 3628 3999 Evange-

2032 4030 2164 4086 lium
2195 4035 2277 4084 est
2302 4028 2490 4085 vinum
2521 4025 2667 4098 quod
2693 4023 2882 4081 ﬁdeles
2907 4024 2965 4079 in
2994 4024 3095 4079 Dei
3150 4038 3337 4079 amore
3392 4039 3492 4094 per
3536 4023 3628 4079 in-

2032 4117 2381 4189 spirationem
2410 4114 2640 4189 Spiritus
2670 4112 2798 4168 facit
2826 4112 3055 4167 fervere.

2101 4231 2287 4289 Tantis
2314 4237 2368 4286 et
2398 4228 2595 4284 talibus
2648 4225 3015 4294 sacramentis,
3070 4225 3187 4282 hac
3240 4226 3377 4293 dies,
3439 4226 3631 4284 fratres

2034 4328 2356 4396 charissimi,
2387 4334 2700 4384 consecrata
2735 4333 2837 4395 est,
2883 4323 3285 4396 quodammodo
3331 4324 3509 4396 major
3551 4331 3632 4381 est

1953 4425 2007 4486 D
2038 4422 2155 4476 haec
2176 4417 2455 4484 festivitas,
2472 4431 2634 4487 quam
2653 4413 2959 4471 Nativitatis
2987 4414 3318 4470 solemnitas.
3352 4414 3528 4485 Major
3550 4421 3633 4470 est

2036 4508 2181 4565 enim
2210 4513 2268 4563 ut
2296 4506 2371 4562 ait
2397 4503 2743 4577 Augustinus,
2775 4501 3010 4558 secunda
3039 4517 3201 4573 quam
3227 4502 3402 4574 prima
3428 4501 3630 4558 nativi-

2036 4616 2136 4663 tas.
2168 4609 2229 4661 In
2259 4608 2359 4661 hac
2387 4605 2532 4660 enim
2564 4602 2752 4657 habuit
2777 4600 3077 4672 baptismus
3124 4598 3353 4665 initium,
3405 4601 3496 4670 qui
3551 4608 3630 4655 est

2035 4696 2370 4769 regeneratio
2400 4693 2723 4749 animarum.
2754 4692 2817 4745 In
2845 4692 2966 4760 hac,
2997 4705 3137 4759 aqua
3165 4689 3355 4744 effecta
3384 4696 3464 4742 est
3500 4704 3625 4743 ma-

2034 4794 2116 4840 ter
2142 4785 2430 4840 multorum
2461 4781 2805 4854 pepulorum.
2838 4779 3018 4833 Prima
3061 4778 3314 4835 nativitas
3368 4784 3449 4833 est
3499 4791 3626 4832 car-

2035 4882 2190 4953 nalis,
2221 4883 2337 4938 haec
2364 4888 2544 4936 autem
2574 4884 2655 4933 est
2681 4875 2988 4948 spiritualis.
3028 4875 3178 4931 Sicut
3234 4888 3364 4946 ergo
3412 4872 3630 4946 dignior

2035 4979 2115 5028 est
2143 4970 2325 5027 anima
2374 4985 2517 5040 quan
2561 4981 2708 5034 caro,
2758 4965 2837 5019 sic
2881 4963 3133 5021 nativitas
3174 4963 3371 5018 animae
3412 4961 3629 5035 dignior

2033 5066 2113 5116 est
2141 5075 2303 5132 quam
2332 5057 2525 5114 carnis.
2556 5056 2619 5110 In
2672 5053 2849 5125 prima
2875 5044 3148 5124 ingressus
3172 5056 3253 5106 est
3274 5050 3329 5105 in
3342 5051 3625 5120 mundum,

2033 5160 2090 5213 in
2116 5154 2351 5213 secunda
2381 5155 2655 5228 ingressus
2683 5158 2764 5207 est
2790 5150 2847 5204 in
2868 5148 3084 5205 coelum.
3146 5147 3319 5217 Quam
3378 5157 3630 5221 opportu-

2032 5265 2100 5304 ne
2128 5249 2245 5303 haac
2272 5245 2374 5300 tria
2409 5244 2510 5299 sub
2545 5241 2637 5297 tali
2677 5238 2866 5298 ordine
2900 5253 3011 5294 uno
3067 5236 3157 5293 die
3208 5244 3577 5295 convenerunt
3609 5238 3623 5293 !

2032 5336 2187 5391 stella
2222 5333 2423 5389 ducens
2461 5331 2529 5386 ad
2583 5328 2875 5397 Christum,
2945 5325 3258 5396 baptimatis
3312 5342 3626 5382 sacramen-

2033 5443 2166 5503 tum,
2198 5430 2425 5487 mutatio
2454 5443 2607 5500 aquaa
2635 5426 2692 5482 in
2718 5427 2927 5485 vinum.
2961 5423 3029 5481 Et
3047 5423 3103 5479 in
3123 5425 3229 5481 hoc
3254 5420 3443 5480 ordine
3460 5439 3629 5494 appa-

2033 5530 2113 5579 ret
2133 5519 2409 5577 instructio
2429 5525 2625 5576 nostraa
2643 5515 2790 5572 vitae.
2815 5516 2950 5571 Cum
2984 5512 3130 5569 enim
3168 5512 3498 5570 convertitur
3523 5513 3629 5567 ali-

2036 5611 2157 5683 quis
2183 5609 2252 5666 ad
2279 5608 2465 5675 fidem,
2495 5605 2669 5677 stella,
2701 5604 2757 5660 id
2787 5610 2868 5659 est
2894 5603 2987 5658 lux
3013 5600 3164 5672 ﬁdei,
3196 5601 3344 5658 ducit
3369 5600 3438 5656 ad
3467 5601 3629 5657 Chri-

2035 5716 2175 5765 stum
2208 5721 2222 5779 ;
2257 5704 2452 5763 deinde
2480 5710 2766 5776 postquam
2796 5700 2865 5759 ad
2906 5701 3173 5776 Christum
3222 5699 3507 5755 instructus
3551 5695 3630 5752 est

3235 5839 3313 5905 26
