4010 6074
430 249 527 306 811

1563 247 1914 304 WERNERI
1952 245 2242 302 ABBATIS
2279 246 2335 301 S.
2380 247 2599 303 BLASII

3632 249 3735 304 812

431 372 556 441 ﬁde,
589 371 793 428 accedit
836 369 906 425 ad
965 370 1301 442 baptismatis
1356 381 1749 428 sacramentum
1783 386 1796 440 ;
1839 378 2025 442 postea
2053 371 2108 431 Α
2135 370 2367 439 pretium
2398 378 2592 426 nostrae
2621 370 3008 440 redemptionis
3053 369 3304 426 creditur.
3355 372 3500 428 Thus
3549 373 3598 427 ei
3638 373 3737 426 im-

435 476 650 546 potatur
677 475 730 523 et
756 465 991 523 reﬁcitur
1017 483 1115 539 per
1161 468 1489 542 evangelicae
1542 467 1798 526 doctrinae
1857 483 2029 544 pocu-

440 558 570 614 lum.
604 555 709 626 Qul
740 572 808 612 ne
853 553 1069 612 deﬁciat
1119 555 1174 611 in
1214 556 1303 612 via
1358 557 1466 624 siti,
1521 565 1741 628 paratur
1795 554 2033 628 quotidie

439 653 598 718 potus
627 643 1024 716 praedicationis
1052 644 1436 717 peregrinanti.
1471 644 1615 717 Ergo
1637 643 1755 700 haec
1782 641 2035 699 solemni-

441 751 539 811 tas,
574 748 650 798 tot
677 740 943 814 mysteriis
969 740 1149 812 plena,
1183 757 1395 796 summa
1433 740 1717 798 devotione
1759 747 1838 796 est
1883 738 2032 795 cele-

439 829 674 886 branda.
742 828 879 885 Cum
927 827 1087 884 hodie
1152 828 1398 901 gaudetis
1455 829 1524 884 de
1589 828 1862 884 nativitate
1927 843 2030 882 no-

442 927 568 984 stra,
604 934 724 989 qum
750 916 915 972 hodie
941 915 1153 972 initium
1205 917 1367 972 sumit
1417 917 1472 970 in
1527 916 1817 988 baptismo,
1873 914 2032 970 hodie

443 1032 655 1088 quoque
684 1013 968 1088 gaudeatis
997 1012 1062 1068 de
1093 1013 1482 1070 conversionne
1512 1015 1774 1088 gentium,
1807 1028 2032 1084 quarum

441 1104 690 1177 primitiae
754 1105 856 1158 hac
919 1100 976 1156 in
1041 1102 1129 1157 die
1193 1111 1528 1160 accesserunt
1589 1102 1658 1158 ad
1743 1102 2029 1168 Christum,

439 1193 585 1267 Magi
616 1191 867 1249 videlicet
895 1206 1030 1261 quos
1058 1206 1180 1247 cum
1210 1192 1521 1246 muneribus
1577 1191 1644 1246 ad
1692 1208 1748 1246 se
1792 1199 2032 1246 attraxe-

437 1298 543 1347 rat.
584 1289 761 1358 Quare
789 1290 889 1345 bos
945 1295 1050 1344 tres
1102 1290 1292 1360 Magos
1349 1290 1695 1344 attraxerat?
1750 1289 1875 1359 quia
1929 1295 2033 1342 tres

435 1377 843 1450 partesmundi,
893 1377 1098 1444 Asiam,
1156 1376 1411 1445 Africam,
1468 1378 1763 1454 Europam,
1820 1374 1926 1433 ﬁde
1982 1383 2035 1430 et

438 1466 750 1539 operatione
779 1465 847 1520 ad
876 1482 933 1520 se
964 1467 1172 1520 trahere
1199 1465 1386 1521 voluit.
1422 1465 1619 1521 Verum
1676 1481 1798 1520 cum
1857 1465 1911 1518 in
1968 1479 2032 1518 eo

439 1563 600 1618 merit
629 1559 902 1634 plenitudo
932 1560 1225 1617 divinitatis
1253 1562 1617 1634 corporaliter,
1650 1569 1703 1617 et
1739 1560 1871 1616 nihil
1901 1575 2028 1632 pos-

437 1658 518 1708 set
545 1651 594 1706 ei
623 1649 812 1724 gratia:
841 1649 1101 1719 accidere,
1134 1666 1228 1706 cur
1255 1657 1334 1706 est
1375 1650 1674 1724 baptizatus
1699 1651 1728 1703 ?
1775 1657 1832 1704 ut
1877 1647 2035 1705 nobis

436 1756 604 1814 aquas
626 1739 696 1795 ad
724 1738 994 1810 baptisma
1020 1738 1396 1795 sanctiﬁcaret.
1435 1738 1614 1808 Quare
1643 1739 1697 1792 in
1745 1755 1885 1808 aqua
1923 1737 2026 1792 ba-

437 1839 665 1911 ptizatur
691 1839 720 1891 Ῥ
750 1837 876 1910 quia
903 1853 1042 1914 aqua
1069 1838 1336 1895 contraria
1365 1845 1444 1894 est
1469 1837 1582 1914 igni
1617 1857 1628 1892 :
1689 1837 1831 1911 ignis
1880 1837 2025 1895 enim

436 1934 712 2000 peccatum
743 1933 839 1983 est.
874 1927 1024 1984 Sicut
1051 1927 1130 1987 ira
1161 1927 1213 1982 in
1259 1925 1462 1995 animo,
1523 1927 1600 1983 sic
1658 1935 1710 1982 et
1763 1925 2024 2002 concupi-

431 2017 634 2073 scentia
663 2015 716 2070 in
759 2032 939 2072 carne.
992 2016 1062 2073 Ut
1118 2023 1296 2072 autem
1354 2015 1495 2088 ignis
1550 2014 1918 2088 exstinguatur
1970 2015 2026 2069 in

430 2131 570 2190 aqua
598 2113 922 2191 baptizatur,
953 2114 1135 2190 sicque
1165 2121 1442 2186 peccatum
1493 2113 1718 2182 deletur,
1776 2130 1844 2169 ne
1897 2114 2022 2187 igne

429 2201 614 2260 aeterni
680 2199 929 2275 supplicii
995 2203 1269 2276 puniatur.
1337 2203 1551 2270 Aliter,
1621 2220 1762 2278 aqua
1839 2203 2025 2260 sordes

429 2289 604 2361 diluit,
637 2289 780 2345 sitim
811 2289 1119 2365 exstinguit,
1152 2290 1446 2364 imaginem
1478 2290 1653 2346 reddit
1683 2310 1695 2346 :
1732 2291 1805 2346 ita
1849 2291 2024 2363 gratia

432 2388 662 2466 Spiritus
698 2388 867 2444 sancti
932 2389 990 2446 in
1052 2389 1374 2462 baptismate
1431 2389 1615 2446 sordes
1680 2397 2021 2464 peccatorum

433 2475 621 2547 abluit,
648 2477 791 2532 sitim
813 2475 1010 2536 anima:
1038 2476 1205 2534 verbo
1238 2477 1337 2533 Dei
1382 2477 1685 2551 restinguit,
1726 2478 2021 2550 imaginem

425 2565 525 2622 Dei
557 2581 654 2638 per
681 2565 894 2638 culpam
924 2565 1178 2623 amissam
1221 2565 1467 2622 restituit.
1525 2567 1682 2622 Nunc
1734 2566 1897 2640 igitur
1952 2566 2020 2622 ad

427 2678 642 2719 mensas
707 2669 914 2719 nostras
977 2662 1332 2736 suscipiamus
1413 2662 1678 2719 Christum
1761 2663 2020 2720 hodierno

428 2748 776 2828 baptizatum,
810 2751 901 2824 qui
931 2759 985 2807 et
1011 2749 1171 2808 hodie
1201 2751 1432 2826 suscepit
1479 2759 1668 2826 gentes
1715 2752 1783 2806 ad
1827 2768 1884 2807 se
1930 2769 2022 2808 ve-

429 2838 652 2896 nientes.
684 2841 748 2896 In
776 2855 1015 2912 paupere
1061 2840 1302 2907 vestitur,
1354 2838 1410 2895 in
1455 2857 1690 2912 paupere
1738 2841 2016 2912 pascitur;

427 2953 635 3012 pauper
662 2938 807 2995 enim
839 2938 895 2994 in
921 2937 1123 2996 mundo
1154 2939 1272 3006 fuit,
1325 2945 1378 2994 et
1422 2939 1748 3015 pauperibus
1791 2956 2019 3014 regnum

430 3027 630 3098 tribuit,
665 3035 718 3085 et
746 3043 1010 3100 pauperes
1037 3024 1230 3102 diligit.
1263 3029 1386 3100 Ipse
1432 3027 1576 3083 enim
1623 3027 1698 3084 ait
1729 3047 1740 3083 :
1780 3051 1802 3076 «
1863 3027 2021 3099 Quod

433 3076 630 3098 --__..,
669 3076 717 3085 --
747 3076 1007 3100 er-"—
1041 3076 1130 3084 _---
1264 3076 1384 3100 τ--
1436 3076 1576 3083 ------
1624 3076 1740 3084 ----
1869 3076 2021 3099 ,ιη-

429 3117 522 3172 uni
564 3133 631 3174 ex
660 3115 900 3173 minimis
928 3115 1064 3172 meis
1109 3076 1327 3186 chistis,
1381 3115 1512 3172 mihi
1555 3115 1755 3174 fecistis
1801 3117 2021 3186 (Matth.
2052 3076 2102 3140 θ

431 3215 587 3288 xxv).
615 3235 636 3262 η
674 3212 732 3269 Si
761 3228 855 3270 eos
885 3211 1122 3284 recipitis
1142 3211 1197 3268 in
1217 3210 1439 3280 mundo,
1468 3219 1516 3268 et
1539 3211 1640 3283 ipsi
1653 3227 1749 3268 vos
1767 3211 2028 3284 recipient

435 3301 491 3357 in
519 3302 677 3359 ccho.
710 3299 865 3358 Unde
892 3297 1155 3356 Dominus
1187 3318 1198 3355 :
1237 3323 1259 3347 α
1295 3299 1472 3356 Facite
1503 3299 1660 3358 vobis
1711 3301 1914 3358 amicos
1959 3299 2026 3358 de

434 3405 748 3448 mammona
775 3387 1086 3459 iniquitatis,
1118 3394 1220 3443 etc.
1253 3388 1414 3454 (Luc.
1471 3390 1608 3460 1m).
1646 3411 1667 3437 η
1721 3389 1872 3445 Unde
1919 3389 2025 3445 ite-

433 3503 554 3546 rum
597 3505 610 3543 :
650 3484 801 3542 Beati
857 3501 1123 3560 pauperes
1169 3485 1355 3558 spiritu
1386 3486 1613 3554 (Matth.
1650 3487 1734 3558 v).
1778 3509 1798 3536 η
1834 3487 2027 3544 Domi-

437 3592 540 3632 nus
597 3581 777 3630 autem
828 3580 1009 3628 noster
1059 3573 1213 3628 Iesus
1269 3573 1526 3644 Christus,
1583 3575 1675 3645 qui
1721 3591 1818 3653 pro
1874 3575 2030 3633 nobis

436 3662 607 3720 voluit
636 3662 692 3718 in
719 3660 978 3720 mundum
1007 3659 1353 3729 descendere,
1386 3661 1476 3718 det
1515 3662 1673 3719 nobis
1720 3663 2029 3721 incremen-

440 3768 552 3820 tum
583 3759 857 3830 virtutum,
889 3757 958 3814 ad
986 3757 1220 3815 celostia
1249 3757 1555 3816 ascendere.
1587 3762 1778 3818 Amen.

702 3890 874 3951 1TB!
907 3889 1006 3950 DE
1041 3891 1284 3950 EODEM
1323 3894 1757 3953 EVANGEHO.

517 4043 538 4069 ιι
573 4016 707 4076 Cum
738 4024 892 4074 natus
919 4025 1060 4075 esset
1085 4017 1238 4074 Iesus
1284 4016 1339 4074 in
1379 4017 1727 4074 Bethelehem
1779 4016 1928 4075 Iuda
1975 4015 2030 4072 in

439 4104 630 4164 diebus
657 4105 885 4164 Herodis
911 4107 1076 4180 regis,
1110 4113 1211 4163 etc.
1265 4105 1487 4179 (Matth.
1547 4105 1628 4177 ιι).
1692 4128 1713 4156 ο
1749 4105 1891 4177 Quid
1944 4106 2033 4163 hic

441 4202 616 4256 textu:
643 4196 928 4268 Evangelii
954 4194 1244 4268 signiﬁcet,
1289 4194 1612 4263 chaﬁssimi,
1663 4194 1898 4252 breviter
1947 4211 2032 4252 re-

440 4285 556 4348 fero
583 4291 774 4346 vestra
802 4283 1097 4344 dilectioni.
1129 4283 1292 4360 Quod
1319 4291 1426 4344 tres
1449 4282 1598 4358 Magi
1625 4284 1695 4343 ad
1737 4284 2031 4344 Dominum

441 4379 722 4440 venerant,
750 4371 1020 4443 signiﬁcat
1045 4372 1188 4442 quod
1231 4379 1336 4430 tres
1390 4380 1568 4443 partes
1619 4373 1829 4442 mundi,
1881 4374 2025 4441 Asia,

442 4461 648 4528 Africa.
675 4441 911 4536 Eurepa.
939 4441 1078 4520 ﬁdei
1093 4467 1294 4520 sancta
1319 4441 1592 4520 Trinitatis
1611 4463 1753 4520 colla
1797 4441 2028 4521 subdere
2053 4441 2106 4504 D

443 4548 734 4610 debebant.
767 4546 926 4618 Quod
953 4547 1112 4606 tertia
1135 4547 1350 4606 decima
1378 4548 1465 4606 die
1505 4558 1786 4619 venerunt,
1831 4550 2037 4607 danun-

441 4639 537 4698 tiat
565 4636 708 4708 quod
739 4643 844 4695 tres
871 4645 1049 4710 partes
1079 4635 1265 4694 mundi
1285 4637 1618 4711 Decalogum
1633 4638 1770 4712 legis
1793 4655 1892 4713 per
1909 4656 2034 4697 eum

440 4733 775 4802 receperunt.
808 4727 914 4786 Ter
939 4741 1154 4800 quoque
1189 4733 1416 4798 quatuor
1465 4727 1668 4786 faciunt
1712 4728 2025 4786 duodecim.

439 4818 654 4887 Absque
681 4815 769 4874 die
798 4813 990 4875 natalis
1018 4814 1258 4884 Domini,
1307 4814 1590 4875 duodecim
1647 4814 1762 4874 dies
1815 4833 2033 4890 compu-

443 4911 643 4974 tantur,
668 4904 796 4976 quia
821 4921 919 4981 per
946 4900 1230 4964 duodecim
1261 4905 1534 4978 apostolos
1581 4913 1808 4981 quatuor
1855 4907 2032 4980 plagae

441 5003 630 5064 mundi
655 5002 730 5061 ad.
753 5002 915 5062 ﬁdem
969 5009 1169 5062 sanctae
1220 5001 1498 5062 Trinitatis
1548 5003 2023 5064 convertebantur.

440 5091 555 5151 Rex
583 5090 783 5168 impius
816 5091 908 5166 qui
961 5089 1029 5147 de
1083 5091 1295 5151 illorum
1343 5090 1578 5150 adventu
1633 5091 1894 5160 turbatur,
1949 5099 2034 5152 est

443 5177 710 5245 diabolus.
737 5179 830 5250 qui
864 5177 1112 5241 ﬁdelibus
1131 5180 1186 5238 in
1207 5181 1298 5238 via
1329 5179 1514 5238 salutis
1532 5181 1830 5240 insidiatur.
1864 5182 2034 5242 Stella

442 5265 535 5337 qui
561 5281 659 5328 eos
682 5267 753 5326 ad
776 5267 1044 5330 Christum
1070 5267 1240 5335 ducit,
1266 5275 1346 5328 est
1373 5285 1524 5330 saera
1571 5271 1866 5345 Scriptura,
1907 5288 2028 5345 quae

440 5362 599 5422 nobis.
625 5362 726 5423 iter
751 5364 822 5424 ad
850 5364 1019 5422 vitam
1037 5366 1286 5426 antetulit.
1317 5368 1524 5428 Domus
1548 5368 1605 5427 in
1651 5385 1758 5443 qua
1790 5369 2031 5432 Christus

437 5451 732 5517 invenitur.
761 5459 840 5510 est
869 5453 1108 5514 Ecclesia
1136 5455 1224 5515 vel
1251 5473 1486 5530 superna
1531 5458 1725 5532 patria,
1771 5458 1865 5516 ubi
1909 5459 2026 5519 Do~

437 5541 617 5602 minus
643 5539 913 5601 videbitur
942 5541 997 5598 in
1016 5541 1190 5617 gloria
1216 5560 1337 5604 sua.
1365 5545 1588 5606 Munera
1613 5563 1736 5620 qua:
1763 5547 1908 5622 Magi
1935 5548 2025 5606 of-

436 5637 618 5698 ferunt
645 5644 776 5698 aunt
796 5637 947 5698 bene.
971 5653 1157 5712 opera,
1188 5656 1308 5710 quae
1336 5640 1522 5698 fideles
1543 5643 1660 5702 Deo
1711 5659 1809 5718 per
1862 5643 2028 5702 ﬁdem

432 5733 762 5807 persolvunt.
794 5733 996 5794 Aurum
1027 5732 1076 5792 ei
1105 5733 1340 5808 oﬁ‘ertur,
1373 5737 1500 5794 dum
1542 5755 1638 5796 rex
1683 5739 1925 5798 omnium
1973 5751 2028 5802 et

2137 465 2386 536 molatur,
2419 465 2547 522 dum
2578 467 2723 524 Deus
2751 482 2912 536 super
2940 466 3142 534 omnia,
3177 474 3230 521 et
3261 467 3586 524 sacriﬁcium
3619 469 3738 524 Deo

2143 553 2282 608 Patri
2311 571 2406 626 pro
2439 555 2594 610 nobis
2622 553 2964 624 praedicatur.
3012 556 3226 626 Myrrha
3283 556 3331 610 ei
3387 555 3736 628 sacriﬁcatur,

2142 641 2269 696 dum
2300 658 2396 697 sua
2442 644 2762 699 mortalitate
2817 643 3045 714 putredo
3101 644 3351 700 vitiorum
3407 653 3738 712 nostrorum,

2143 739 2495 796 exterminata
2524 740 2837 797 afﬁrmatur.
2872 742 2998 796 Haec
3028 757 3240 812 quoque
3271 742 3369 798 tria
3397 760 3624 799 munera
3643 760 3742 799 nos

2142 826 2257 884 Deo
2287 827 2576 898 efferimus,
2609 830 2652 883 si
2685 847 2807 884 eum
2840 829 3039 900 ubique
3068 838 3410 902 regnantem,
3442 839 3639 888 cuncta
3687 841 3741 886 ut

2141 916 2284 971 Deus
2312 917 2727 988 gubernantem,
2759 933 2855 989 pro
2886 917 3042 972 nobis
3071 919 3352 974 mortalem
3395 919 3595 974 factum
3627 936 3742 976 cre-

2142 1012 2342 1068 dimus.
2381 1014 2526 1086 Magi
2558 1015 2612 1069 in
2641 1015 2869 1087 patriam
2899 1015 3125 1070 redeunt
3151 1033 3250 1087 per
3279 1015 3440 1072 aliam
3465 1017 3739 1085 semitam,

2143 1101 2268 1174 quia
2299 1100 2551 1157 nimirum
2601 1121 2821 1159 necesse
2852 1111 2928 1159 est
2965 1112 3022 1160 ut
3051 1121 3167 1174 nos,
3203 1105 3290 1176 qui
3321 1122 3418 1178 per
3473 1105 3744 1178 superbia:

2143 1190 2391 1245 venimus
2422 1192 2476 1245 in
2507 1191 2666 1260 hujus
2695 1191 2866 1246 exsilii
2907 1193 3201 1259 miseriam,
3260 1193 3459 1264 pariter
3513 1195 3741 1249 humili-

2144 1287 2266 1341 tatis
2295 1295 2629 1346 revertamur
2657 1287 2723 1342 ad
2755 1288 2987 1362 paradisi
3018 1289 3266 1361 patriam.
3295 1291 3421 1348 Hzec
3450 1290 3607 1346 stella
3625 1291 3742 1346 cla-

2144 1375 2259 1430 rior
2286 1376 2399 1431 sole
2434 1374 2533 1430 fuit
2566 1396 2576 1431 :
2612 1376 2753 1431 unde
2783 1385 2836 1431 et
2864 1377 2919 1432 in
2946 1377 3032 1432 die
3064 1377 3278 1433 radians
3302 1395 3333 1434 a
3379 1379 3493 1434 sole
3540 1379 3742 1435 obscu-

2144 1465 2249 1519 rari
2280 1480 2389 1522 non
2417 1465 2608 1536 potuit,
2643 1465 2769 1536 quia
2797 1465 2965 1521 solem
2995 1466 3110 1522 solo
3149 1483 3246 1522 suo
3296 1467 3508 1541 fulgore
3547 1476 3742 1541 praetu-

2143 1559 2220 1614 lit.
2253 1561 2381 1618 Haec
2410 1561 2572 1617 etiam
2604 1561 2659 1616 in
2679 1562 2836 1632 omlo,
2870 1579 2976 1619 non
3025 1580 3147 1619 cum
3196 1563 3314 1619 aliis
3367 1562 3634 1618 sideribus
3685 1563 3741 1618 in

2143 1665 2264 1705 aere
2294 1666 2464 1721 prope
2495 1657 2688 1705 terram
2718 1650 2969 1718 cucurrit,
3002 1653 3128 1722 quia
3176 1651 3510 1708 conditorem
3557 1659 3736 1708 astro-

2055 1720 2108 1781 B
2137 1754 2254 1793 rum
2286 1720 2438 1793 terris
2468 1739 2703 1795 illuxisse
2734 1741 2980 1796 innotuit.

2206 1853 2314 1913 Cur
2337 1861 2515 1910 autem
2545 1855 2660 1913 visa
2687 1855 2840 1912 stella
2870 1855 3015 1929 Magi
3065 1864 3386 1928 putaverunt
3440 1856 3738 1914 Dominum

2134 1941 2190 1998 in
2219 1941 2403 2000 Iudaea
2447 1943 2847 2015 inquirendum,
2878 1945 3062 2016 paucis
3081 1953 3162 2002 est
3207 1946 3364 2003 vobis
3408 1945 3728 2003 dicendum.

2132 2041 2196 2094 In
2225 2039 2376 2096 libris
2401 2041 2510 2096 suis
2538 2041 2785 2114 legerant
2810 2042 3069 2114 scriptum
3099 2059 3197 2116 per
3224 2045 3544 2115 prOphetam
3592 2043 3738 2115 ipso-

2130 2145 2251 2185 rum
2279 2129 2518 2198 Balaam,
2551 2129 2619 2185 de
2650 2130 2857 2187 Christo
2887 2131 3089 2186 dictum
3121 2150 3132 2186 :
3173 2155 3194 2179 α
3230 2130 3446 2188 Orietur
3474 2133 3628 2188 stella
3667 2150 3736 2188 ex

2130 2217 2318 2289 Iacob,
2349 2226 2402 2274 et
2430 2227 2680 2291 exsurget
2724 2221 2885 2276 homo
2941 2227 3132 2290 potens
3189 2220 3257 2277 de
3313 2220 3480 2276 Israel
3539 2222 3732 2292 (Num.

2130 2315 2309 2385 xnv).
2349 2317 2482 2371 Cum
2513 2317 2659 2372 Deus
2706 2333 2802 2389 per
2857 2318 3077 2387 Moysen
3132 2319 3394 2390 populum
3454 2335 3612 2375 suum
3665 2319 3736 2374 de

2130 2403 2359 2477 [Ἐπριο
2389 2403 2627 2474 duceret,
2662 2413 2715 2460 et
2758 2406 2860 2461 iter
2884 2421 2982 2478 per
3011 2415 3208 2463 terram
3238 2408 3453 2464 Madian
3503 2408 3573 2463 ad
3618 2417 3730 2464 ter-

2129 2508 2244 2548 ram
2275 2494 2709 2564 repromissienis
2745 2494 3022 2563 haberent,
3080 2495 3365 2555 advocavit
3417 2513 3513 2555 rex
3572 2497 3737 2555 Baiae

2127 2589 2460 2646 sacerdotem
2490 2590 2760 2647 idolorum
2787 2592 3027 2663 Balaam,
3060 2601 3118 2648 ut
3144 2593 3222 2648 eis
3263 2594 3629 2662 malediceret,
3679 2604 3736 2651 et

2128 2694 2224 2735 eos
2251 2695 2284 2734 a
2312 2695 2482 2752 regno
2523 2695 2620 2736 suo
2677 2681 2965 2739 maledicto
3021 2690 3310 2739 averteret.
3376 2682 3480 2753 Qui
3535 2701 3734 2740 ascen—

2128 2767 2263 2823 dens
2290 2767 2518 2835 asinam,
2550 2769 2618 2826 ad
2648 2785 2832 2842 regem
2868 2770 3108 2827 tetendit.
3142 2771 3251 2827 Sed
3285 2771 3335 2828 ei
3364 2773 3590 2844 angelus
3611 2774 3734 2830 Do-

2130 2862 2262 2919 mini
2292 2879 2413 2918 cum
2444 2864 2604 2938 igneo
2634 2865 2818 2938 gladio
2845 2866 2901 2920 in
2928 2866 3016 2923 via
3045 2867 3266 2937 obstitit,
3317 2867 3536 2938 insuper
3579 2869 3735 2923 asina

2129 2951 2305 3008 locuta
2333 2955 2653 3026 pr0phetam
2709 2954 2992 3027 increpuit.
3055 2951 3296 3012 Tandem
3351 2973 3476 3013 cum
3531 2959 3733 3031 angelo

2131 3040 2469 3112 permittente
2499 3042 2568 3097 ad
2601 3059 2786 3116 regem
2815 3044 3165 3116 pervenisset,
3199 3054 3251 3101 et
3278 3062 3402 3102 eum
3431 3061 3527 3102 rex
3558 3046 3616 3102 in
3644 3063 3736 3103 ca-

2135 3153 2330 3194 cumen
2385 3139 2584 3194 montis
2650 3139 2912 3208 duxisset,
2970 3140 3192 3196 intuitus
3253 3151 3427 3198 castra
3491 3142 3731 3200 ﬁliorum

2133 3226 2365 3293 Israelis,
2398 3227 2667 3284 Christum
2706 3228 2773 3284 de
2828 3229 2908 3284 eis
2956 3229 3282 3285 nascitumm
3336 3231 3624 3301 intellexit,
3680 3241 3737 3289 et

2136 3316 2250 3374 haec
2277 3315 2344 3370 de
2375 3331 2440 3372 eo
2471 3318 2800 3390 prophetans
2829 3317 3080 3390 praedixit
3109 3338 3121 3374 :
3161 3343 3182 3368 σε
3213 3319 3426 3376 Orietur
3460 3321 3619 3377 stella
3663 3340 3736 3378 ex

2135 3413 2322 3480 Iacob,
2355 3421 2410 3469 et
2436 3422 2727 3486 consurget
2765 3417 2931 3472 homo
2961 3415 3030 3472 de
3061 3416 3246 3484 Israel,
3277 3417 3432 3487 cujus
3476 3419 3738 3476 fortitudo

2137 3507 2196 3556 ut
2232 3501 2606 3571 rhinocerotis,
2666 3510 2720 3559 et
2773 3519 2990 3559 omnem
3053 3511 3250 3560 terram
3303 3505 3407 3560 sibi
3462 3506 3737 3580 subjuga-

2135 3588 2217 3645 bit
2243 3589 2448 3660 (ibim).
2482 3613 2504 3638 υ
2541 3590 2644 3660 Qui
2676 3599 2962 3664 postquam
2991 3609 3024 3648 a
3042 3609 3177 3666 rege
3195 3595 3479 3666 pecuniam
3501 3596 3741 3669 accepit,

2135 3686 2420 3746 consilium
2443 3696 2628 3748 contra
2655 3690 2908 3748 eumdem
2928 3692 3188 3763 populum
3204 3693 3372 3764 dedit,
3399 3693 3656 3752 videlicet
3680 3704 3742 3750 ut

2137 3777 2334 3848 puella
2356 3793 2489 3836 auro
2516 3785 2570 3836 et
2596 3780 2832 3850 gemmis
2858 3789 3084 3849 ornatae,
3102 3798 3228 3839 cum
3247 3781 3378 3840 vino
3403 3791 3455 3841 et
3473 3783 3626 3841 idolo
3645 3800 3740 3842 vi.»

2136 3866 2305 3924 nienti
2331 3867 2537 3938 populo
2565 3875 2923 3938 occurrerent,
2955 3869 3154 3928 etduln
3183 3885 3276 3928 eas
3304 3871 3373 3928 ad
3401 3873 3739 3930 commistio-

2137 3977 2264 4016 ηοω
2289 3969 2551 4031 peterent,
2585 3963 2732 4034 prius
2761 3963 2910 4020 idolo
2937 3964 3220 4021 immolare
3251 3975 3530 4039 cogerent,
3561 3977 3618 4024 et
3660 3967 3742 4025 sic

2136 4049 2339 4106 oifenso
2369 4051 2504 4119 Deo,
2537 4069 2634 4123 per
2661 4069 2855 4108 manus
2884 4052 3051 4122 ipsius
3076 4064 3408 4113 corruerent.
3459 4055 3624 4126 Quod
3665 4058 3744 4113 ita

2137 4137 2361 4209 evenit;
2395 4156 2519 4194 nam
2549 4139 2916 4197 adolescentes
2961 4141 3086 4198 vino
3144 4142 3389 4199 inebriati
3437 4145 3492 4199 in
3549 4163 3738 4202 amore

2138 4236 2435 4306 puellarum
2467 4246 2798 4309 exarserunt,
2832 4247 2884 4294 et
2925 4239 3148 4296 libidine
3196 4241 3340 4310 victi,
3392 4243 3537 4298 idolo
3589 4245 3738 4300 Beel-

2137 4325 2352 4398 phegor
2370 4325 2847 4386 sacriﬁcaverunt:
2881 4328 3024 4385 unde
3055 4345 3135 4386 xu
3164 4331 3339 4400 [xxiv]
3385 4330 3559 4388 millia
3606 4349 3737 4403 per-

2138 4412 2330 4472 ierunt.
2365 4415 2555 4474 Postea
2581 4431 2678 4474 rex
2706 4433 2832 4474 cum
2860 4417 3010 4474 omni
3047 4419 3252 4489 populo
3303 4435 3405 4478 suo
3456 4428 3512 4478 et
3563 4421 3742 4492 impio

2141 4511 2484 4569 eonsiliatore
2539 4513 2726 4586 gladio
2782 4515 3260 4586 transverberatur,
3319 4525 3372 4573 et
3418 4523 3530 4574 tota
3583 4520 3740 4592 regio

2140 4599 2285 4656 iam
2314 4608 2368 4656 et
2394 4601 2520 4673 igne
2551 4608 2808 4658 vastatur.

2211 4713 2355 4780 Haec,
2389 4713 2709 4784 charissimi,
2742 4715 2798 4770 in
2824 4714 2999 4788 ﬁgura
3032 4726 3422 4789 praecesserunt
3452 4733 3465 4788 ;
3496 4718 3596 4776 sed
3642 4733 3742 4778 no-

2137 4807 2245 4854 stra
2274 4807 2516 4871 tempora
2545 4803 2982 4875 designaverunt.
3017 4807 3270 4876 Populus,
3304 4808 3394 4877 qui
3417 4808 3743 4881 tle/Egpr

2138 4889 2352 4945 ducitur
2359 4905 2458 4962 per
2468 4892 2690 4962 Moysen
2700 4893 2768 4948 ad
2784 4900 2980 4948 terram
2990 4895 3440 4966 repromissionis,
3475 4905 3551 4952 est
3573 4900 3740 4953 Chri-

2137 4985 2340 5041 stianus
2366 4987 2615 5060 papulas,
2658 4988 2749 5059 qui
2777 5005 2875 5062 per
2901 4987 3084 5046 Iesum
3139 4991 3208 5048 dc
3238 4993 3339 5048 hoc
3391 4993 3598 5049 mundo
3638 4994 3742 5050 du-

2137 5073 2277 5130 citur
2301 5075 2372 5129 ad
2400 5076 2626 5146 patriam
2656 5085 2874 5135 artemae
2900 5079 3174 5136 claritatis.
3226 5081 3340 5136 Rex
3398 5083 3488 5152 qui
3542 5081 3623 5136 eis
3679 5083 3736 5137 in

2137 5162 2226 5220 via
2252 5163 2456 5219 obstitit
2477 5171 2556 5219 est
2575 5164 2842 5234 diabolus,
2869 5167 2958 5239 qui
3011 5169 3190 5224 multis
3234 5169 3412 5225 modis
3446 5169 3606 5226 nobis
3634 5171 3744 5225 iter

2137 5261 2261 5317 vita.l
2290 5261 2539 5317 obstruit.
2574 5262 2840 5322 Sacerdos
2867 5265 2956 5338 qui
2983 5267 3134 5324 asina
3189 5268 3419 5337 vehitur,
3479 5275 3560 5324 est
3597 5268 3734 5326 ordo

2134 5349 2400 5405 malorum
2441 5351 2799 5424 sacerdotum,
2837 5355 2928 5425 qui
2964 5354 3316 5413 irrationabili
3342 5355 3733 5413 desideriorum

2135 5453 2352 5493 suorum
2381 5446 2529 5493 motu
2557 5441 2764 5512 regitur
2795 5457 2808 5510 ;
2842 5443 2932 5513 qui
2974 5444 3137 5500 etiam
3171 5446 3240 5500 ab
3279 5446 3429 5501 asina
3477 5445 3732 5516 increpa-

2134 5542 2236 5599 tur,
2269 5534 2395 5606 quia
2424 5536 2614 5592 horum
2648 5538 2758 5593 vita
2787 5539 2948 5594 etiam
2979 5558 3010 5595 a
3038 5543 3201 5616 vulgo
3222 5543 3558 5615 reprobatur.
3593 5543 3733 5598 Pro-

2133 5648 2296 5720 pheta
2323 5645 2650 5706 obmutescit
2677 5647 2910 5704 etasina
2951 5642 3203 5716 loquitur,
3264 5642 3391 5713 quia
3448 5641 3592 5698 clero
3653 5647 3731 5694 ta-

2129 5749 2284 5825 cente
2315 5744 2539 5802 verbum
2569 5744 2668 5803 Dei
2689 5744 2757 5802 ab
2777 5743 3005 5804 indoctis
3030 5755 3176 5814 serpe
3201 5739 3489 5812 profertur.
3516 5736 3724 5796 Etenim
