  <div class='ocr_page' id='page_1' title='image "/cluster/home/n/w/nwhite01/storage/ocr_20150623/157/hvd.32044054760152/412.png"; bbox 0 0 4062 6074; ppageno 0'>
   <div class='ocr_carea' id='block_1_1' title="bbox 299 312 402 372">
    <p class='ocr_par' dir='ltr' id='par_1_1' title="bbox 299 312 402 372">
     <span class='ocr_line' id='line_1_1' title="bbox 299 312 402 372; baseline -0.019 0"><span class='ocrx_word' id='word_1_1' title='bbox 299 312 402 372; x_wconf 87' lang='lat' dir='ltr'><strong>8l3</strong></span> 
     </span>
    </p>
   </div>
   <div class='ocr_carea' id='block_1_2' title="bbox 1273 303 2670 367">
    <p class='ocr_par' dir='ltr' id='par_1_2' title="bbox 1273 303 2670 367">
     <span class='ocr_line' id='line_1_2' title="bbox 1273 303 2670 367; baseline 0.001 -2"><span class='ocrx_word' id='word_1_2' title='bbox 1273 305 1852 367; x_wconf 78' lang='lat' dir='ltr'><strong>DEFLORATIONES</strong></span> <span class='ocrx_word' id='word_1_3' title='bbox 1894 305 2000 366; x_wconf 86' lang='lat' dir='ltr'><strong>SS.</strong></span> <span class='ocrx_word' id='word_1_4' title='bbox 2042 303 2342 367; x_wconf 77' lang='lat' dir='ltr'><strong>PATRUM.</strong></span> <span class='ocrx_word' id='word_1_5' title='bbox 2377 341 2444 352; x_wconf 89' lang='lat'><strong>—</strong></span> <span class='ocrx_word' id='word_1_6' title='bbox 2480 308 2670 366; x_wconf 74' lang='lat'><strong>1.18.1.</strong></span> 
     </span>
    </p>
   </div>
   <div class='ocr_carea' id='block_1_3' title="bbox 3487 307 3589 369">
    <p class='ocr_par' dir='ltr' id='par_1_3' title="bbox 3487 307 3589 369">
     <span class='ocr_line' id='line_1_3' title="bbox 3487 307 3589 369; baseline 0.01 -1"><span class='ocrx_word' id='word_1_7' title='bbox 3487 307 3589 369; x_wconf 62' lang='grc' dir='ltr'>εις,</span> 
     </span>
    </p>
   </div>
   <div class='ocr_carea' id='block_1_4' title="bbox 296 430 3596 509">
    <p class='ocr_par' dir='ltr' id='par_1_4' title="bbox 296 430 3596 509">
     <span class='ocr_line' id='line_1_4' title="bbox 296 430 3596 509; baseline 0 -17"><span class='ocrx_word' id='word_1_8' title='bbox 296 437 496 492; x_wconf 77' lang='lat' dir='ltr'><strong>dicitur</strong></span> <span class='ocrx_word' id='word_1_9' title='bbox 530 454 542 488; x_wconf 90' lang='lat'><strong>:</strong></span> <span class='ocrx_word' id='word_1_10' title='bbox 583 460 603 478; x_wconf 77' lang='grc' dir='ltr'><strong><em>υ</em></strong></span> <span class='ocrx_word' id='word_1_11' title='bbox 657 433 834 490; x_wconf 85' lang='lat' dir='ltr'><strong>Canes</strong></span> <span class='ocrx_word' id='word_1_12' title='bbox 875 433 1011 490; x_wconf 90' lang='lat' dir='ltr'><strong>muti</strong></span> <span class='ocrx_word' id='word_1_13' title='bbox 1059 450 1169 490; x_wconf 89' lang='lat' dir='ltr'><strong>non</strong></span> <span class='ocrx_word' id='word_1_14' title='bbox 1228 430 1478 490; x_wconf 79' lang='lat' dir='ltr'><strong>valentes</strong></span> <span class='ocrx_word' id='word_1_15' title='bbox 1519 432 1716 488; x_wconf 90' lang='lat' dir='ltr'><strong>latrare</strong></span> <span class='ocrx_word' id='word_1_16' title='bbox 1755 435 1890 504; x_wconf 80' lang='lat' dir='ltr'><strong>(Isa.</strong></span> <span class='ocrx_word' id='word_1_17' title='bbox 1921 431 1975 494; x_wconf 84' lang='grc' dir='ltr'><strong>Α</strong></span> <span class='ocrx_word' id='word_1_18' title='bbox 2007 449 2115 490; x_wconf 89' lang='lat' dir='ltr'><strong>non</strong></span> <span class='ocrx_word' id='word_1_19' title='bbox 2146 449 2264 502; x_wconf 88' lang='lat' dir='ltr'><strong>sua,</strong></span> <span class='ocrx_word' id='word_1_20' title='bbox 2296 433 2392 490; x_wconf 91' lang='lat' dir='ltr'><strong>scd</strong></span> <span class='ocrx_word' id='word_1_21' title='bbox 2419 440 2601 489; x_wconf 75' lang='lat' dir='ltr'><strong>nostra</strong></span> <span class='ocrx_word' id='word_1_22' title='bbox 2635 434 2856 489; x_wconf 88' lang='lat' dir='ltr'><strong>crimina</strong></span> <span class='ocrx_word' id='word_1_23' title='bbox 2881 433 3026 504; x_wconf 86' lang='lat' dir='ltr'><strong>lavit,</strong></span> <span class='ocrx_word' id='word_1_24' title='bbox 3065 445 3118 492; x_wconf 87' lang='lat' dir='ltr'><strong>et</strong></span> <span class='ocrx_word' id='word_1_25' title='bbox 3148 436 3301 492; x_wconf 78' lang='lat' dir='ltr'><strong>nobis</strong></span> <span class='ocrx_word' id='word_1_26' title='bbox 3323 433 3596 509; x_wconf 84' lang='lat' dir='ltr'><strong>baptisma</strong></span> 
     </span>
    </p>
   </div>
   <div class='ocr_carea' id='block_1_5' title="bbox 298 521 1897 596">
    <p class='ocr_par' dir='ltr' id='par_1_5' title="bbox 298 521 1897 596">
     <span class='ocr_line' id='line_1_5' title="bbox 298 521 1897 596; baseline -0.001 -16"><span class='ocrx_word' id='word_1_27' title='bbox 298 532 430 588; x_wconf 81' lang='lat' dir='ltr'><strong>LVt).</strong></span> <span class='ocrx_word' id='word_1_28' title='bbox 472 548 494 573; x_wconf 71' lang='grc' dir='ltr'><strong>ιι</strong></span> <span class='ocrx_word' id='word_1_29' title='bbox 530 521 614 580; x_wconf 91' lang='lat' dir='ltr'><strong>Ob</strong></span> <span class='ocrx_word' id='word_1_30' title='bbox 647 521 1042 579; x_wconf 74' lang='lat' dir='ltr'><strong>conscientiam</strong></span> <span class='ocrx_word' id='word_1_31' title='bbox 1061 533 1248 596; x_wconf 70' lang='lat' dir='ltr'><strong>prava)</strong></span> <span class='ocrx_word' id='word_1_32' title='bbox 1269 521 1399 578; x_wconf 83' lang='lat' dir='ltr'><strong>vitae</strong></span> <span class='ocrx_word' id='word_1_33' title='bbox 1422 537 1455 579; x_wconf 91' lang='lat' dir='ltr'><strong>a</strong></span> <span class='ocrx_word' id='word_1_34' title='bbox 1485 521 1652 579; x_wconf 90' lang='lat' dir='ltr'><strong>verbo</strong></span> <span class='ocrx_word' id='word_1_35' title='bbox 1669 522 1769 580; x_wconf 86' lang='lat' dir='ltr'><strong>Dei</strong></span> <span class='ocrx_word' id='word_1_36' title='bbox 1799 521 1897 578; x_wconf 88' lang='lat' dir='ltr'><strong>ob-</strong></span> 
     </span>
    </p>
   </div>
   <div class='ocr_carea' id='block_1_6' title="bbox 299 617 1895 694">
    <p class='ocr_par' dir='ltr' id='par_1_6' title="bbox 299 617 1895 694">
     <span class='ocr_line' id='line_1_6' title="bbox 299 617 1895 694; baseline -0.003 -16"><span class='ocrx_word' id='word_1_37' title='bbox 299 627 630 688; x_wconf 84' lang='lat' dir='ltr'><strong>mutescunt,</strong></span> <span class='ocrx_word' id='word_1_38' title='bbox 667 630 742 689; x_wconf 88' lang='lat' dir='ltr'><strong>et,</strong></span> <span class='ocrx_word' id='word_1_39' title='bbox 776 638 845 678; x_wconf 92' lang='lat' dir='ltr'><strong>ne</strong></span> <span class='ocrx_word' id='word_1_40' title='bbox 872 619 1282 694; x_wconf 86' lang='lat' dir='ltr'><strong>redarguantur</strong></span> <span class='ocrx_word' id='word_1_41' title='bbox 1301 629 1489 678; x_wconf 91' lang='lat' dir='ltr'><strong>contra</strong></span> <span class='ocrx_word' id='word_1_42' title='bbox 1519 637 1780 692; x_wconf 83' lang='lat' dir='ltr'><strong>perverse</strong></span> <span class='ocrx_word' id='word_1_43' title='bbox 1810 617 1895 676; x_wconf 87' lang='lat' dir='ltr'><strong>vi-</strong></span> 
     </span>
    </p>
   </div>
   <div class='ocr_carea' id='block_1_7' title="bbox 305 709 1895 782">
    <p class='ocr_par' dir='ltr' id='par_1_7' title="bbox 305 709 1895 782">
     <span class='ocr_line' id='line_1_7' title="bbox 305 709 1895 782; baseline -0.003 -14"><span class='ocrx_word' id='word_1_44' title='bbox 305 720 514 778; x_wconf 82' lang='lat' dir='ltr'><strong>ventes,</strong></span> <span class='ocrx_word' id='word_1_45' title='bbox 535 712 762 766; x_wconf 91' lang='lat' dir='ltr'><strong>latratus</strong></span> <span class='ocrx_word' id='word_1_46' title='bbox 781 711 1184 782; x_wconf 67' lang='lat' dir='ltr'><strong>praedicationis</strong></span> <span class='ocrx_word' id='word_1_47' title='bbox 1198 727 1305 766; x_wconf 91' lang='lat' dir='ltr'><strong>non</strong></span> <span class='ocrx_word' id='word_1_48' title='bbox 1328 711 1525 778; x_wconf 86' lang='lat' dir='ltr'><strong>edunt;</strong></span> <span class='ocrx_word' id='word_1_49' title='bbox 1549 709 1750 782; x_wconf 85' lang='lat' dir='ltr'><strong>quibus</strong></span> <span class='ocrx_word' id='word_1_50' title='bbox 1771 725 1895 766; x_wconf 93' lang='lat' dir='ltr'><strong>cum</strong></span> 
     </span>
    </p>
   </div>
   <div class='ocr_carea' id='block_1_8' title="bbox 298 795 1895 874">
    <p class='ocr_par' dir='ltr' id='par_1_8' title="bbox 298 795 1895 874">
     <span class='ocr_line' id='line_1_8' title="bbox 298 795 1895 874; baseline -0.003 -17"><span class='ocrx_word' id='word_1_51' title='bbox 298 800 365 857; x_wconf 87' lang='lat' dir='ltr'><strong>ab</strong></span> <span class='ocrx_word' id='word_1_52' title='bbox 407 798 610 874; x_wconf 88' lang='lat' dir='ltr'><strong>angelo</strong></span> <span class='ocrx_word' id='word_1_53' title='bbox 641 799 896 855; x_wconf 85' lang='lat' dir='ltr'><strong>ﬂammeo</strong></span> <span class='ocrx_word' id='word_1_54' title='bbox 957 816 1088 855; x_wconf 89' lang='lat' dir='ltr'><strong>ense</strong></span> <span class='ocrx_word' id='word_1_55' title='bbox 1131 795 1426 865; x_wconf 84' lang='lat' dir='ltr'><strong>obsistitur,</strong></span> <span class='ocrx_word' id='word_1_56' title='bbox 1479 797 1605 871; x_wconf 84' lang='lat' dir='ltr'><strong>quia</strong></span> <span class='ocrx_word' id='word_1_57' title='bbox 1631 798 1895 868; x_wconf 85' lang='lat' dir='ltr'><strong>judicium</strong></span> 
     </span>
    </p>
   </div>
   <div class='ocr_carea' id='block_1_9' title="bbox 298 884 1895 969">
    <p class='ocr_par' dir='ltr' id='par_1_9' title="bbox 298 884 1895 969">
     <span class='ocr_line' id='line_1_9' title="bbox 298 884 1895 969; baseline -0.001 -16"><span class='ocrx_word' id='word_1_58' title='bbox 298 897 488 953; x_wconf 69' lang='lat' dir='ltr'><strong>aeterni</strong></span> <span class='ocrx_word' id='word_1_59' title='bbox 520 894 664 969; x_wconf 81' lang='lat' dir='ltr'><strong>ignis</strong></span> <span class='ocrx_word' id='word_1_60' title='bbox 691 894 746 950; x_wconf 92' lang='lat' dir='ltr'><strong>in</strong></span> <span class='ocrx_word' id='word_1_61' title='bbox 777 894 923 952; x_wconf 92' lang='lat' dir='ltr'><strong>omni</strong></span> <span class='ocrx_word' id='word_1_62' title='bbox 969 884 1249 967; x_wconf 81' lang='lat' dir='ltr'><strong>Scriptura</strong></span> <span class='ocrx_word' id='word_1_63' title='bbox 1288 896 1368 950; x_wconf 90' lang='lat' dir='ltr'><strong>eis</strong></span> <span class='ocrx_word' id='word_1_64' title='bbox 1410 893 1754 966; x_wconf 71' lang='lat' dir='ltr'><strong>praedicatur.</strong></span> <span class='ocrx_word' id='word_1_65' title='bbox 1787 895 1895 951; x_wconf 81' lang='lat' dir='ltr'><strong>Ba-</strong></span> 
     </span>
    </p>
   </div>
   <div class='ocr_carea' id='block_1_10' title="bbox 303 981 1898 1056">
    <p class='ocr_par' dir='ltr' id='par_1_10' title="bbox 303 981 1898 1056">
     <span class='ocr_line' id='line_1_10' title="bbox 303 981 1898 1056; baseline -0.001 -16"><span class='ocrx_word' id='word_1_66' title='bbox 303 981 448 1040; x_wconf 88' lang='lat' dir='ltr'><strong>laam</strong></span> <span class='ocrx_word' id='word_1_67' title='bbox 481 993 724 1040; x_wconf 89' lang='lat' dir='ltr'><strong>montem</strong></span> <span class='ocrx_word' id='word_1_68' title='bbox 755 983 1048 1052; x_wconf 85' lang='lat' dir='ltr'><strong>scandens,</strong></span> <span class='ocrx_word' id='word_1_69' title='bbox 1081 983 1150 1038; x_wconf 89' lang='lat' dir='ltr'><strong>de</strong></span> <span class='ocrx_word' id='word_1_70' title='bbox 1184 981 1378 1038; x_wconf 88' lang='lat' dir='ltr'><strong>futuris</strong></span> <span class='ocrx_word' id='word_1_71' title='bbox 1408 981 1710 1056; x_wconf 87' lang='lat' dir='ltr'><strong>prOphetat,</strong></span> <span class='ocrx_word' id='word_1_72' title='bbox 1742 993 1792 1039; x_wconf 92' lang='lat' dir='ltr'><strong>et</strong></span> <span class='ocrx_word' id='word_1_73' title='bbox 1824 993 1898 1039; x_wconf 83' lang='lat' dir='ltr'><strong>ta-</strong></span> 
     </span>
    </p>
   </div>
   <div class='ocr_carea' id='block_1_11' title="bbox 301 1071 1899 1145">
    <p class='ocr_par' dir='ltr' id='par_1_11' title="bbox 301 1071 1899 1145">
     <span class='ocr_line' id='line_1_11' title="bbox 301 1071 1899 1145; baseline 0.001 -17"><span class='ocrx_word' id='word_1_74' title='bbox 301 1091 425 1130; x_wconf 87' lang='lat' dir='ltr'><strong>men</strong></span> <span class='ocrx_word' id='word_1_75' title='bbox 459 1073 687 1145; x_wconf 87' lang='lat' dir='ltr'><strong>pecunia</strong></span> <span class='ocrx_word' id='word_1_76' title='bbox 718 1082 1006 1144; x_wconf 89' lang='lat' dir='ltr'><strong>corruptus</strong></span> <span class='ocrx_word' id='word_1_77' title='bbox 1038 1071 1298 1145; x_wconf 86' lang='lat' dir='ltr'><strong>pOpulum</strong></span> <span class='ocrx_word' id='word_1_78' title='bbox 1320 1071 1743 1145; x_wconf 87' lang='lat' dir='ltr'><strong>Deiimpugnat,</strong></span> <span class='ocrx_word' id='word_1_79' title='bbox 1771 1071 1899 1145; x_wconf 79' lang='lat' dir='ltr'><strong>quia</strong></span> 
     </span>
    </p>
   </div>
   <div class='ocr_carea' id='block_1_12' title="bbox 297 1159 1896 1234">
    <p class='ocr_par' dir='ltr' id='par_1_12' title="bbox 297 1159 1896 1234">
     <span class='ocr_line' id='line_1_12' title="bbox 297 1159 1896 1234; baseline 0 -16"><span class='ocrx_word' id='word_1_80' title='bbox 297 1169 350 1218; x_wconf 88' lang='lat' dir='ltr'><strong>et</strong></span> <span class='ocrx_word' id='word_1_81' title='bbox 378 1161 464 1217; x_wconf 86' lang='lat' dir='ltr'><strong>isti</strong></span> <span class='ocrx_word' id='word_1_82' title='bbox 499 1162 789 1234; x_wconf 83' lang='lat' dir='ltr'><strong>aliquando</strong></span> <span class='ocrx_word' id='word_1_83' title='bbox 817 1159 1159 1218; x_wconf 86' lang='lat' dir='ltr'><strong>altitudinem</strong></span> <span class='ocrx_word' id='word_1_84' title='bbox 1211 1161 1456 1219; x_wconf 78' lang='lat' dir='ltr'><strong>scientiae</strong></span> <span class='ocrx_word' id='word_1_85' title='bbox 1502 1161 1795 1233; x_wconf 88' lang='lat' dir='ltr'><strong>attingunt,</strong></span> <span class='ocrx_word' id='word_1_86' title='bbox 1827 1159 1896 1218; x_wconf 93' lang='lat' dir='ltr'><strong>de</strong></span> 
     </span>
    </p>
   </div>
   <div class='ocr_carea' id='block_1_13' title="bbox 294 1255 1896 1332">
    <p class='ocr_par' dir='ltr' id='par_1_13' title="bbox 294 1255 1896 1332">
     <span class='ocr_line' id='line_1_13' title="bbox 294 1255 1896 1332; baseline 0 -17"><span class='ocrx_word' id='word_1_87' title='bbox 294 1259 473 1316; x_wconf 86' lang='lat' dir='ltr'><strong>futura</strong></span> <span class='ocrx_word' id='word_1_88' title='bbox 508 1260 615 1316; x_wconf 92' lang='lat' dir='ltr'><strong>vita</strong></span> <span class='ocrx_word' id='word_1_89' title='bbox 637 1261 838 1332; x_wconf 91' lang='lat' dir='ltr'><strong>populo</strong></span> <span class='ocrx_word' id='word_1_90' title='bbox 885 1257 1122 1331; x_wconf 90' lang='lat' dir='ltr'><strong>plurima</strong></span> <span class='ocrx_word' id='word_1_91' title='bbox 1167 1258 1486 1332; x_wconf 74' lang='lat' dir='ltr'><strong>praedicant,</strong></span> <span class='ocrx_word' id='word_1_92' title='bbox 1520 1266 1573 1315; x_wconf 88' lang='lat' dir='ltr'><strong>et</strong></span> <span class='ocrx_word' id='word_1_93' title='bbox 1601 1255 1686 1314; x_wconf 90' lang='lat' dir='ltr'><strong>his</strong></span> <span class='ocrx_word' id='word_1_94' title='bbox 1715 1265 1896 1315; x_wconf 88' lang='lat' dir='ltr'><strong>tamen</strong></span> 
     </span>
    </p>
   </div>
   <div class='ocr_carea' id='block_1_14' title="bbox 301 1345 1894 1422">
    <p class='ocr_par' dir='ltr' id='par_1_14' title="bbox 301 1345 1894 1422">
     <span class='ocr_line' id='line_1_14' title="bbox 301 1345 1894 1422; baseline 0.001 -18"><span class='ocrx_word' id='word_1_95' title='bbox 301 1366 402 1420; x_wconf 91' lang='lat' dir='ltr'><strong>per</strong></span> <span class='ocrx_word' id='word_1_96' title='bbox 434 1345 728 1422; x_wconf 86' lang='lat' dir='ltr'><strong>reprobam</strong></span> <span class='ocrx_word' id='word_1_97' title='bbox 757 1349 921 1406; x_wconf 90' lang='lat' dir='ltr'><strong>vitam</strong></span> <span class='ocrx_word' id='word_1_98' title='bbox 953 1349 1356 1405; x_wconf 87' lang='lat' dir='ltr'><strong>contradicunt.</strong></span> <span class='ocrx_word' id='word_1_99' title='bbox 1396 1347 1608 1404; x_wconf 89' lang='lat' dir='ltr'><strong>Etenim</strong></span> <span class='ocrx_word' id='word_1_100' title='bbox 1633 1365 1733 1420; x_wconf 87' lang='lat' dir='ltr'><strong>per</strong></span> <span class='ocrx_word' id='word_1_101' title='bbox 1761 1364 1894 1420; x_wconf 89' lang='lat' dir='ltr'><strong>pro-</strong></span> 
     </span>
    </p>
   </div>
   <div class='ocr_carea' id='block_1_15' title="bbox 297 1433 1895 1509">
    <p class='ocr_par' dir='ltr' id='par_1_15' title="bbox 297 1433 1895 1509">
     <span class='ocr_line' id='line_1_15' title="bbox 297 1433 1895 1509; baseline 0.001 -18"><span class='ocrx_word' id='word_1_102' title='bbox 297 1436 512 1508; x_wconf 89' lang='lat' dir='ltr'><strong>phetam</strong></span> <span class='ocrx_word' id='word_1_103' title='bbox 544 1437 740 1494; x_wconf 89' lang='lat' dir='ltr'><strong>dicitur</strong></span> <span class='ocrx_word' id='word_1_104' title='bbox 773 1456 785 1492; x_wconf 93' lang='lat'>:</span> <span class='ocrx_word' id='word_1_105' title='bbox 825 1462 845 1486; x_wconf 80' lang='grc' dir='ltr'>α</span> <span class='ocrx_word' id='word_1_106' title='bbox 879 1433 1002 1494; x_wconf 74' lang='lat' dir='ltr'><strong>Vidi</strong></span> <span class='ocrx_word' id='word_1_107' title='bbox 1036 1437 1089 1492; x_wconf 94' lang='lat' dir='ltr'><strong>in</strong></span> <span class='ocrx_word' id='word_1_108' title='bbox 1115 1443 1297 1493; x_wconf 91' lang='lat' dir='ltr'><strong>monte</strong></span> <span class='ocrx_word' id='word_1_109' title='bbox 1321 1437 1476 1509; x_wconf 89' lang='lat' dir='ltr'><strong>quasi</strong></span> <span class='ocrx_word' id='word_1_110' title='bbox 1504 1435 1792 1493; x_wconf 55' lang='lat' dir='ltr'><strong>aedilicium</strong></span> <span class='ocrx_word' id='word_1_111' title='bbox 1823 1433 1895 1493; x_wconf 90' lang='lat' dir='ltr'><strong>ci-</strong></span> 
     </span>
    </p>
   </div>
   <div class='ocr_carea' id='block_1_16' title="bbox 294 1523 1891 1596">
    <p class='ocr_par' dir='ltr' id='par_1_16' title="bbox 294 1523 1891 1596">
     <span class='ocr_line' id='line_1_16' title="bbox 294 1523 1891 1596; baseline -0.002 -15"><span class='ocrx_word' id='word_1_112' title='bbox 294 1523 495 1593; x_wconf 84' lang='lat' dir='ltr'><strong>vitatis,</strong></span> <span class='ocrx_word' id='word_1_113' title='bbox 526 1534 578 1582; x_wconf 88' lang='lat' dir='ltr'><strong>et</strong></span> <span class='ocrx_word' id='word_1_114' title='bbox 607 1541 736 1583; x_wconf 90' lang='lat' dir='ltr'><strong>ecce</strong></span> <span class='ocrx_word' id='word_1_115' title='bbox 769 1533 909 1581; x_wconf 86' lang='lat' dir='ltr'><strong>terra</strong></span> <span class='ocrx_word' id='word_1_116' title='bbox 933 1526 1176 1582; x_wconf 86' lang='lat' dir='ltr'><strong>ascendit</strong></span> <span class='ocrx_word' id='word_1_117' title='bbox 1195 1540 1363 1596; x_wconf 85' lang='lat' dir='ltr'><strong>super</strong></span> <span class='ocrx_word' id='word_1_118' title='bbox 1383 1523 1651 1581; x_wconf 78' lang='lat' dir='ltr'><strong>fenestras</strong></span> <span class='ocrx_word' id='word_1_119' title='bbox 1674 1523 1891 1594; x_wconf 73' lang='lat' dir='ltr'><strong>(Ezech.</strong></span> 
     </span>
    </p>
   </div>
   <div class='ocr_carea' id='block_1_17' title="bbox 294 1619 1894 1690">
    <p class='ocr_par' dir='ltr' id='par_1_17' title="bbox 294 1619 1894 1690">
     <span class='ocr_line' id='line_1_17' title="bbox 294 1619 1894 1690; baseline -0.001 -12"><span class='ocrx_word' id='word_1_120' title='bbox 294 1621 408 1690; x_wconf 72' lang='grc' dir='ltr'>χι).</span> <span class='ocrx_word' id='word_1_121' title='bbox 457 1649 478 1672; x_wconf 73' lang='grc' dir='ltr'>»ι</span> <span class='ocrx_word' id='word_1_122' title='bbox 531 1624 730 1680; x_wconf 85' lang='lat' dir='ltr'><strong>Civitas</strong></span> <span class='ocrx_word' id='word_1_123' title='bbox 773 1624 828 1678; x_wconf 90' lang='lat' dir='ltr'><strong>in</strong></span> <span class='ocrx_word' id='word_1_124' title='bbox 874 1631 1056 1679; x_wconf 91' lang='lat' dir='ltr'><strong>monte</strong></span> <span class='ocrx_word' id='word_1_125' title='bbox 1095 1620 1367 1680; x_wconf 67' lang='lat' dir='ltr'><strong>aedificata</strong></span> <span class='ocrx_word' id='word_1_126' title='bbox 1417 1630 1499 1678; x_wconf 90' lang='lat' dir='ltr'><strong>est</strong></span> <span class='ocrx_word' id='word_1_127' title='bbox 1557 1621 1799 1679; x_wconf 89' lang='lat' dir='ltr'><strong>Ecclesia</strong></span> <span class='ocrx_word' id='word_1_128' title='bbox 1837 1619 1894 1678; x_wconf 93' lang='lat' dir='ltr'><strong>in</strong></span> 
     </span>
    </p>
   </div>
   <div class='ocr_carea' id='block_1_18' title="bbox 302 1711 1894 1782">
    <p class='ocr_par' dir='ltr' id='par_1_18' title="bbox 302 1711 1894 1782">
     <span class='ocr_line' id='line_1_18' title="bbox 302 1711 1894 1782; baseline -0.003 -12"><span class='ocrx_word' id='word_1_129' title='bbox 302 1711 520 1770; x_wconf 83' lang='lat' dir='ltr'><strong>Christo</strong></span> <span class='ocrx_word' id='word_1_130' title='bbox 551 1712 744 1770; x_wconf 89' lang='lat' dir='ltr'><strong>locata.</strong></span> <span class='ocrx_word' id='word_1_131' title='bbox 781 1712 1108 1768; x_wconf 87' lang='lat' dir='ltr'><strong>Sacerdotes</strong></span> <span class='ocrx_word' id='word_1_132' title='bbox 1155 1727 1286 1766; x_wconf 90' lang='lat' dir='ltr'><strong>vero</strong></span> <span class='ocrx_word' id='word_1_133' title='bbox 1334 1718 1456 1766; x_wconf 92' lang='lat' dir='ltr'><strong>sunt</strong></span> <span class='ocrx_word' id='word_1_134' title='bbox 1487 1711 1760 1778; x_wconf 64' lang='lat' dir='ltr'><strong>fenestrae,</strong></span> <span class='ocrx_word' id='word_1_135' title='bbox 1792 1726 1894 1782; x_wconf 90' lang='lat' dir='ltr'><strong>per</strong></span> 
     </span>
    </p>
   </div>
   <div class='ocr_carea' id='block_1_19' title="bbox 2006 521 3594 598">
    <p class='ocr_par' dir='ltr' id='par_1_19' title="bbox 2006 521 3594 598">
     <span class='ocr_line' id='line_1_19' title="bbox 2006 521 3594 598; baseline 0.003 -21"><span class='ocrx_word' id='word_1_136' title='bbox 2006 536 2106 578; x_wconf 91' lang='lat' dir='ltr'><strong>suo</strong></span> <span class='ocrx_word' id='word_1_137' title='bbox 2130 522 2385 596; x_wconf 87' lang='lat' dir='ltr'><strong>ingressu</strong></span> <span class='ocrx_word' id='word_1_138' title='bbox 2406 521 2771 580; x_wconf 87' lang='lat' dir='ltr'><strong>consecravit.</strong></span> <span class='ocrx_word' id='word_1_139' title='bbox 2795 521 3006 581; x_wconf 84' lang='lat' dir='ltr'><strong>Caelum</strong></span> <span class='ocrx_word' id='word_1_140' title='bbox 3028 525 3076 582; x_wconf 88' lang='lat' dir='ltr'><strong>ei</strong></span> <span class='ocrx_word' id='word_1_141' title='bbox 3097 531 3258 597; x_wconf 81' lang='lat' dir='ltr'><strong>patet,</strong></span> <span class='ocrx_word' id='word_1_142' title='bbox 3287 529 3339 581; x_wconf 91' lang='lat' dir='ltr'><strong>et</strong></span> <span class='ocrx_word' id='word_1_143' title='bbox 3359 523 3594 598; x_wconf 84' lang='lat' dir='ltr'><strong>Spiritus</strong></span> 
     </span>
    </p>
   </div>
   <div class='ocr_carea' id='block_1_20' title="bbox 2005 605 3593 687">
    <p class='ocr_par' dir='ltr' id='par_1_20' title="bbox 2005 605 3593 687">
     <span class='ocr_line' id='line_1_20' title="bbox 2005 605 3593 687; baseline 0.003 -21"><span class='ocrx_word' id='word_1_144' title='bbox 2005 605 2346 667; x_wconf 91' lang='lat' dir='ltr'><strong>descendens</strong></span> <span class='ocrx_word' id='word_1_145' title='bbox 2377 624 2542 682; x_wconf 87' lang='lat' dir='ltr'><strong>super</strong></span> <span class='ocrx_word' id='word_1_146' title='bbox 2572 627 2693 667; x_wconf 91' lang='lat' dir='ltr'><strong>eum</strong></span> <span class='ocrx_word' id='word_1_147' title='bbox 2725 620 2926 680; x_wconf 89' lang='lat' dir='ltr'><strong>manet,</strong></span> <span class='ocrx_word' id='word_1_148' title='bbox 2976 615 3104 686; x_wconf 88' lang='lat' dir='ltr'><strong>quia</strong></span> <span class='ocrx_word' id='word_1_149' title='bbox 3133 613 3224 687; x_wconf 88' lang='lat' dir='ltr'><strong>qui</strong></span> <span class='ocrx_word' id='word_1_150' title='bbox 3254 613 3311 669; x_wconf 88' lang='lat' dir='ltr'><strong>in</strong></span> <span class='ocrx_word' id='word_1_151' title='bbox 3340 614 3461 684; x_wconf 85' lang='lat' dir='ltr'><strong>ejus</strong></span> <span class='ocrx_word' id='word_1_152' title='bbox 3489 622 3593 670; x_wconf 83' lang='lat' dir='ltr'><strong>no-</strong></span> 
     </span>
    </p>
   </div>
   <div class='ocr_carea' id='block_1_21' title="bbox 2005 703 3596 786">
    <p class='ocr_par' dir='ltr' id='par_1_21' title="bbox 2005 703 3596 786">
     <span class='ocr_line' id='line_1_21' title="bbox 2005 703 3596 786; baseline 0.004 -24"><span class='ocrx_word' id='word_1_153' title='bbox 2005 703 2150 764; x_wconf 90' lang='lat' dir='ltr'><strong>mine</strong></span> <span class='ocrx_word' id='word_1_154' title='bbox 2182 707 2453 780; x_wconf 90' lang='lat' dir='ltr'><strong>baptisma</strong></span> <span class='ocrx_word' id='word_1_155' title='bbox 2486 720 2917 783; x_wconf 89' lang='lat' dir='ltr'><strong>consequuntur,</strong></span> <span class='ocrx_word' id='word_1_156' title='bbox 2963 711 3164 785; x_wconf 89' lang='lat' dir='ltr'><strong>Spiritu</strong></span> <span class='ocrx_word' id='word_1_157' title='bbox 3191 720 3381 769; x_wconf 90' lang='lat' dir='ltr'><strong>sancto</strong></span> <span class='ocrx_word' id='word_1_158' title='bbox 3413 711 3596 786; x_wconf 89' lang='lat' dir='ltr'><strong>reple-</strong></span> 
     </span>
    </p>
   </div>
   <div class='ocr_carea' id='block_1_22' title="bbox 2007 793 3595 872">
    <p class='ocr_par' dir='ltr' id='par_1_22' title="bbox 2007 793 3595 872">
     <span class='ocr_line' id='line_1_22' title="bbox 2007 793 3595 872; baseline 0.003 -20"><span class='ocrx_word' id='word_1_159' title='bbox 2007 797 2227 864; x_wconf 90' lang='lat' dir='ltr'><strong>buntur,</strong></span> <span class='ocrx_word' id='word_1_160' title='bbox 2258 796 2381 853; x_wconf 88' lang='lat' dir='ltr'><strong>etsi</strong></span> <span class='ocrx_word' id='word_1_161' title='bbox 2412 793 2678 854; x_wconf 67' lang='lat' dir='ltr'><strong>columbae</strong></span> <span class='ocrx_word' id='word_1_162' title='bbox 2736 797 3140 872; x_wconf 89' lang='lat' dir='ltr'><strong>simplicitatem</strong></span> <span class='ocrx_word' id='word_1_163' title='bbox 3197 799 3492 868; x_wconf 88' lang='lat' dir='ltr'><strong>imitantur,</strong></span> <span class='ocrx_word' id='word_1_164' title='bbox 3539 802 3595 857; x_wconf 90' lang='lat' dir='ltr'><strong>in</strong></span> 
     </span>
    </p>
   </div>
   <div class='ocr_carea' id='block_1_23' title="bbox 2004 884 3593 946">
    <p class='ocr_par' dir='ltr' id='par_1_23' title="bbox 2004 884 3593 946">
     <span class='ocr_line' id='line_1_23' title="bbox 2004 884 3593 946; baseline 0.001 -4"><span class='ocrx_word' id='word_1_165' title='bbox 2004 884 2144 942; x_wconf 71' lang='lat' dir='ltr'><strong>coelo</strong></span> <span class='ocrx_word' id='word_1_166' title='bbox 2175 901 2295 942; x_wconf 91' lang='lat' dir='ltr'><strong>cum</strong></span> <span class='ocrx_word' id='word_1_167' title='bbox 2329 884 2543 942; x_wconf 87' lang='lat' dir='ltr'><strong>Christo</strong></span> <span class='ocrx_word' id='word_1_168' title='bbox 2573 888 2908 944; x_wconf 80' lang='lat' dir='ltr'><strong>exaltantur.</strong></span> <span class='ocrx_word' id='word_1_169' title='bbox 2950 887 3053 944; x_wconf 85' lang='lat' dir='ltr'><strong>Per</strong></span> <span class='ocrx_word' id='word_1_170' title='bbox 3081 886 3283 946; x_wconf 84' lang='lat' dir='ltr'><strong>bestias</strong></span> <span class='ocrx_word' id='word_1_171' title='bbox 3312 891 3474 946; x_wconf 89' lang='lat' dir='ltr'><strong>etiam</strong></span> <span class='ocrx_word' id='word_1_172' title='bbox 3504 889 3593 945; x_wconf 90' lang='lat' dir='ltr'><strong>in-</strong></span> 
     </span>
    </p>
   </div>
   <div class='ocr_carea' id='block_1_24' title="bbox 2006 973 3595 1048">
    <p class='ocr_par' dir='ltr' id='par_1_24' title="bbox 2006 973 3595 1048">
     <span class='ocr_line' id='line_1_24' title="bbox 2006 973 3595 1048; baseline 0.003 -18"><span class='ocrx_word' id='word_1_173' title='bbox 2006 973 2320 1042; x_wconf 89' lang='lat' dir='ltr'><strong>formamur,</strong></span> <span class='ocrx_word' id='word_1_174' title='bbox 2339 981 2396 1029; x_wconf 91' lang='lat' dir='ltr'><strong>ut</strong></span> <span class='ocrx_word' id='word_1_175' title='bbox 2415 980 2653 1030; x_wconf 86' lang='lat' dir='ltr'><strong>veterem</strong></span> <span class='ocrx_word' id='word_1_176' title='bbox 2668 973 2834 1030; x_wconf 90' lang='lat' dir='ltr'><strong>vitam</strong></span> <span class='ocrx_word' id='word_1_177' title='bbox 2849 975 3205 1048; x_wconf 88' lang='lat' dir='ltr'><strong>deponentes,</strong></span> <span class='ocrx_word' id='word_1_178' title='bbox 3221 993 3367 1034; x_wconf 88' lang='lat' dir='ltr'><strong>nova</strong></span> <span class='ocrx_word' id='word_1_179' title='bbox 3403 975 3595 1035; x_wconf 88' lang='lat' dir='ltr'><strong>indua-</strong></span> 
     </span>
    </p>
   </div>
   <div class='ocr_carea' id='block_1_25' title="bbox 2006 1065 3596 1147">
    <p class='ocr_par' dir='ltr' id='par_1_25' title="bbox 2006 1065 3596 1147">
     <span class='ocr_line' id='line_1_25' title="bbox 2006 1065 3596 1147; baseline 0.004 -21"><span class='ocrx_word' id='word_1_180' title='bbox 2006 1085 2146 1126; x_wconf 89' lang='lat' dir='ltr'><strong>mur.</strong></span> <span class='ocrx_word' id='word_1_181' title='bbox 2179 1070 2366 1127; x_wconf 87' lang='lat' dir='ltr'><strong>Fertur</strong></span> <span class='ocrx_word' id='word_1_182' title='bbox 2396 1069 2539 1126; x_wconf 91' lang='lat' dir='ltr'><strong>enim</strong></span> <span class='ocrx_word' id='word_1_183' title='bbox 2569 1065 2637 1127; x_wconf 89' lang='lat' dir='ltr'><strong>de</strong></span> <span class='ocrx_word' id='word_1_184' title='bbox 2668 1071 3011 1144; x_wconf 90' lang='lat' dir='ltr'><strong>serpentibus</strong></span> <span class='ocrx_word' id='word_1_185' title='bbox 3041 1071 3188 1147; x_wconf 90' lang='lat' dir='ltr'><strong>quod</strong></span> <span class='ocrx_word' id='word_1_186' title='bbox 3216 1092 3412 1130; x_wconf 90' lang='lat' dir='ltr'><strong>nomen</strong></span> <span class='ocrx_word' id='word_1_187' title='bbox 3441 1092 3596 1133; x_wconf 90' lang='lat' dir='ltr'><strong>acce-</strong></span> 
     </span>
    </p>
   </div>
   <div class='ocr_carea' id='block_1_26' title="bbox 2005 1156 3595 1237">
    <p class='ocr_par' dir='ltr' id='par_1_26' title="bbox 2005 1156 3595 1237">
     <span class='ocr_line' id='line_1_26' title="bbox 2005 1156 3595 1237; baseline 0.005 -23"><span class='ocrx_word' id='word_1_188' title='bbox 2005 1163 2202 1230; x_wconf 89' lang='lat' dir='ltr'><strong>perunt</strong></span> <span class='ocrx_word' id='word_1_189' title='bbox 2232 1173 2298 1215; x_wconf 90' lang='lat' dir='ltr'><strong>eo</strong></span> <span class='ocrx_word' id='word_1_190' title='bbox 2331 1159 2473 1233; x_wconf 89' lang='lat' dir='ltr'><strong>quod</strong></span> <span class='ocrx_word' id='word_1_191' title='bbox 2505 1156 2731 1216; x_wconf 83' lang='lat' dir='ltr'><strong>occultis</strong></span> <span class='ocrx_word' id='word_1_192' title='bbox 2753 1160 3068 1218; x_wconf 89' lang='lat' dir='ltr'><strong>accessibus</strong></span> <span class='ocrx_word' id='word_1_193' title='bbox 3089 1171 3328 1235; x_wconf 89' lang='lat' dir='ltr'><strong>serpunt.</strong></span> <span class='ocrx_word' id='word_1_194' title='bbox 3361 1161 3595 1237; x_wconf 72' lang='lat' dir='ltr'><strong>Physic-</strong></span> 
     </span>
    </p>
   </div>
   <div class='ocr_carea' id='block_1_27' title="bbox 2004 1239 3593 1324">
    <p class='ocr_par' dir='ltr' id='par_1_27' title="bbox 2004 1239 3593 1324">
     <span class='ocr_line' id='line_1_27' title="bbox 2004 1239 3593 1324; baseline 0.005 -23"><span class='ocrx_word' id='word_1_195' title='bbox 2004 1239 2168 1321; x_wconf 87' lang='lat' dir='ltr'><strong>logus</strong></span> <span class='ocrx_word' id='word_1_196' title='bbox 2207 1246 2337 1304; x_wconf 87' lang='lat' dir='ltr'><strong>dicit</strong></span> <span class='ocrx_word' id='word_1_197' title='bbox 2366 1256 2596 1320; x_wconf 84' lang='lat' dir='ltr'><strong>quatuor</strong></span> <span class='ocrx_word' id='word_1_198' title='bbox 2640 1253 2862 1304; x_wconf 88' lang='lat' dir='ltr'><strong>naturas</strong></span> <span class='ocrx_word' id='word_1_199' title='bbox 2901 1247 3105 1307; x_wconf 87' lang='lat' dir='ltr'><strong>habere</strong></span> <span class='ocrx_word' id='word_1_200' title='bbox 3134 1261 3435 1324; x_wconf 88' lang='lat' dir='ltr'><strong>serpentes.</strong></span> <span class='ocrx_word' id='word_1_201' title='bbox 3476 1251 3593 1310; x_wconf 84' lang='lat' dir='ltr'><strong>Pri-</strong></span> 
     </span>
    </p>
   </div>
   <div class='ocr_carea' id='block_1_28' title="bbox 2005 1337 3598 1412">
    <p class='ocr_par' dir='ltr' id='par_1_28' title="bbox 2005 1337 3598 1412">
     <span class='ocr_line' id='line_1_28' title="bbox 2005 1337 3598 1412; baseline 0.005 -22"><span class='ocrx_word' id='word_1_202' title='bbox 2005 1348 2150 1390; x_wconf 87' lang='lat' dir='ltr'><strong>mam</strong></span> <span class='ocrx_word' id='word_1_203' title='bbox 2183 1341 2433 1392; x_wconf 88' lang='lat' dir='ltr'><strong>naturam</strong></span> <span class='ocrx_word' id='word_1_204' title='bbox 2466 1350 2588 1392; x_wconf 89' lang='lat' dir='ltr'><strong>cum</strong></span> <span class='ocrx_word' id='word_1_205' title='bbox 2623 1337 2922 1406; x_wconf 89' lang='lat' dir='ltr'><strong>senuerint,</strong></span> <span class='ocrx_word' id='word_1_206' title='bbox 2941 1337 3182 1412; x_wconf 89' lang='lat' dir='ltr'><strong>caligant</strong></span> <span class='ocrx_word' id='word_1_207' title='bbox 3209 1339 3352 1397; x_wconf 88' lang='lat' dir='ltr'><strong>oculi</strong></span> <span class='ocrx_word' id='word_1_208' title='bbox 3382 1339 3519 1410; x_wconf 85' lang='lat' dir='ltr'><strong>ejus,</strong></span> <span class='ocrx_word' id='word_1_209' title='bbox 3543 1343 3598 1400; x_wconf 84' lang='lat' dir='ltr'><strong>et</strong></span> 
     </span>
    </p>
   </div>
   <div class='ocr_carea' id='block_1_29' title="bbox 2007 1429 3595 1508">
    <p class='ocr_par' dir='ltr' id='par_1_29' title="bbox 2007 1429 3595 1508">
     <span class='ocr_line' id='line_1_29' title="bbox 2007 1429 3595 1508; baseline 0.006 -22"><span class='ocrx_word' id='word_1_210' title='bbox 2007 1431 2050 1487; x_wconf 94' lang='lat' dir='ltr'><strong>si</strong></span> <span class='ocrx_word' id='word_1_211' title='bbox 2083 1429 2314 1488; x_wconf 91' lang='lat' dir='ltr'><strong>voluerit</strong></span> <span class='ocrx_word' id='word_1_212' title='bbox 2346 1449 2522 1488; x_wconf 92' lang='lat' dir='ltr'><strong>novus</strong></span> <span class='ocrx_word' id='word_1_213' title='bbox 2557 1432 2695 1500; x_wconf 85' lang='lat' dir='ltr'><strong>ﬁeri,</strong></span> <span class='ocrx_word' id='word_1_214' title='bbox 2739 1434 2973 1491; x_wconf 88' lang='lat' dir='ltr'><strong>abstinet</strong></span> <span class='ocrx_word' id='word_1_215' title='bbox 3002 1453 3060 1491; x_wconf 91' lang='lat' dir='ltr'><strong>se</strong></span> <span class='ocrx_word' id='word_1_216' title='bbox 3086 1453 3114 1490; x_wconf 91' lang='lat' dir='ltr'><strong>a</strong></span> <span class='ocrx_word' id='word_1_217' title='bbox 3146 1435 3287 1503; x_wconf 86' lang='lat' dir='ltr'><strong>cibo,</strong></span> <span class='ocrx_word' id='word_1_218' title='bbox 3315 1438 3595 1508; x_wconf 85' lang='lat' dir='ltr'><strong>etjejunat</strong></span> 
     </span>
    </p>
   </div>
   <div class='ocr_carea' id='block_1_30' title="bbox 2005 1517 3597 1597">
    <p class='ocr_par' dir='ltr' id='par_1_30' title="bbox 2005 1517 3597 1597">
     <span class='ocr_line' id='line_1_30' title="bbox 2005 1517 3597 1597; baseline 0.004 -21"><span class='ocrx_word' id='word_1_219' title='bbox 2005 1517 2203 1576; x_wconf 87' lang='lat' dir='ltr'><strong>diebus</strong></span> <span class='ocrx_word' id='word_1_220' title='bbox 2236 1520 2596 1595; x_wconf 82' lang='lat' dir='ltr'><strong>quadraginta</strong></span> <span class='ocrx_word' id='word_1_221' title='bbox 2626 1530 2678 1578; x_wconf 91' lang='lat' dir='ltr'><strong>et</strong></span> <span class='ocrx_word' id='word_1_222' title='bbox 2708 1523 2960 1579; x_wconf 90' lang='lat' dir='ltr'><strong>noctibus</strong></span> <span class='ocrx_word' id='word_1_223' title='bbox 3007 1523 3183 1580; x_wconf 90' lang='lat' dir='ltr'><strong>donec</strong></span> <span class='ocrx_word' id='word_1_224' title='bbox 3212 1523 3369 1597; x_wconf 87' lang='lat' dir='ltr'><strong>pellis</strong></span> <span class='ocrx_word' id='word_1_225' title='bbox 3399 1528 3513 1596; x_wconf 89' lang='lat' dir='ltr'><strong>ejus</strong></span> <span class='ocrx_word' id='word_1_226' title='bbox 3541 1527 3597 1582; x_wconf 90' lang='lat' dir='ltr'><strong>in</strong></span> 
     </span>
    </p>
   </div>
   <div class='ocr_carea' id='block_1_31' title="bbox 2008 1605 3595 1689">
    <p class='ocr_par' dir='ltr' id='par_1_31' title="bbox 2008 1605 3595 1689">
     <span class='ocr_line' id='line_1_31' title="bbox 2008 1605 3595 1689; baseline 0.003 -23"><span class='ocrx_word' id='word_1_227' title='bbox 2008 1623 2074 1666; x_wconf 91' lang='lat' dir='ltr'><strong>eo</strong></span> <span class='ocrx_word' id='word_1_228' title='bbox 2112 1605 2347 1678; x_wconf 87' lang='lat' dir='ltr'><strong>laxetur,</strong></span> <span class='ocrx_word' id='word_1_229' title='bbox 2377 1619 2426 1665; x_wconf 90' lang='lat' dir='ltr'><strong>et</strong></span> <span class='ocrx_word' id='word_1_230' title='bbox 2457 1610 2645 1683; x_wconf 83' lang='lat' dir='ltr'><strong>quaerit</strong></span> <span class='ocrx_word' id='word_1_231' title='bbox 2672 1619 2881 1682; x_wconf 86' lang='lat' dir='ltr'><strong>petram</strong></span> <span class='ocrx_word' id='word_1_232' title='bbox 2912 1611 2964 1667; x_wconf 88' lang='lat' dir='ltr'><strong>in</strong></span> <span class='ocrx_word' id='word_1_233' title='bbox 2988 1609 3187 1669; x_wconf 83' lang='lat' dir='ltr'><strong>fissura</strong></span> <span class='ocrx_word' id='word_1_234' title='bbox 3215 1624 3519 1689; x_wconf 87' lang='lat' dir='ltr'><strong>augustam,</strong></span> <span class='ocrx_word' id='word_1_235' title='bbox 3543 1621 3595 1672; x_wconf 89' lang='lat' dir='ltr'><strong>et</strong></span> 
     </span>
    </p>
   </div>
   <div class='ocr_carea' id='block_1_32' title="bbox 2002 1701 3576 1781">
    <p class='ocr_par' dir='ltr' id='par_1_32' title="bbox 2002 1701 3576 1781">
     <span class='ocr_line' id='line_1_32' title="bbox 2002 1701 3576 1781; baseline 0.004 -22"><span class='ocrx_word' id='word_1_236' title='bbox 2002 1701 2128 1761; x_wconf 90' lang='lat' dir='ltr'><strong>inde</strong></span> <span class='ocrx_word' id='word_1_237' title='bbox 2158 1721 2217 1760; x_wconf 92' lang='lat' dir='ltr'><strong>se</strong></span> <span class='ocrx_word' id='word_1_238' title='bbox 2247 1707 2602 1762; x_wconf 82' lang='lat' dir='ltr'><strong>vehementer</strong></span> <span class='ocrx_word' id='word_1_239' title='bbox 2622 1713 2886 1778; x_wconf 86' lang='lat' dir='ltr'><strong>coarctat,</strong></span> <span class='ocrx_word' id='word_1_240' title='bbox 2912 1715 3075 1781; x_wconf 89' lang='lat' dir='ltr'><strong>atque</strong></span> <span class='ocrx_word' id='word_1_241' title='bbox 3096 1711 3459 1768; x_wconf 89' lang='lat' dir='ltr'><strong>contribulato</strong></span> <span class='ocrx_word' id='word_1_242' title='bbox 3479 1725 3576 1769; x_wconf 88' lang='lat' dir='ltr'><strong>cor</strong></span> 
     </span>
    </p>
   </div>
   <div class='ocr_carea' id='block_1_33' title="bbox 295 1785 3596 1872">
    <p class='ocr_par' dir='ltr' id='par_1_33' title="bbox 295 1785 3596 1872">
     <span class='ocr_line' id='line_1_33' title="bbox 295 1785 3596 1872; baseline 0 -16"><span class='ocrx_word' id='word_1_243' title='bbox 295 1817 435 1872; x_wconf 92' lang='lat' dir='ltr'><strong>quos</strong></span> <span class='ocrx_word' id='word_1_244' title='bbox 465 1801 648 1858; x_wconf 89' lang='lat' dir='ltr'><strong>lumen</strong></span> <span class='ocrx_word' id='word_1_245' title='bbox 679 1799 878 1858; x_wconf 75' lang='lat' dir='ltr'><strong>divina:</strong></span> <span class='ocrx_word' id='word_1_246' title='bbox 928 1801 1131 1856; x_wconf 72' lang='lat' dir='ltr'><strong>notitias</strong></span> <span class='ocrx_word' id='word_1_247' title='bbox 1177 1797 1362 1855; x_wconf 85' lang='lat' dir='ltr'><strong>debuit</strong></span> <span class='ocrx_word' id='word_1_248' title='bbox 1409 1799 1671 1869; x_wconf 88' lang='lat' dir='ltr'><strong>subjectis</strong></span> <span class='ocrx_word' id='word_1_249' title='bbox 1701 1799 1890 1871; x_wconf 89' lang='lat' dir='ltr'><strong>splen-</strong></span> <span class='ocrx_word' id='word_1_250' title='bbox 1918 1785 1972 1849; x_wconf 89' lang='lat' dir='ltr'>B</span> <span class='ocrx_word' id='word_1_251' title='bbox 2003 1809 2142 1866; x_wconf 91' lang='lat' dir='ltr'><strong>pore</strong></span> <span class='ocrx_word' id='word_1_252' title='bbox 2181 1793 2404 1866; x_wconf 91' lang='lat' dir='ltr'><strong>deponit</strong></span> <span class='ocrx_word' id='word_1_253' title='bbox 2435 1803 2788 1862; x_wconf 86' lang='lat' dir='ltr'><strong>senectutem,</strong></span> <span class='ocrx_word' id='word_1_254' title='bbox 2852 1801 2902 1851; x_wconf 92' lang='lat' dir='ltr'><strong>et</strong></span> <span class='ocrx_word' id='word_1_255' title='bbox 2951 1795 3146 1853; x_wconf 90' lang='lat' dir='ltr'><strong>iterum</strong></span> <span class='ocrx_word' id='word_1_256' title='bbox 3173 1815 3345 1856; x_wconf 89' lang='lat' dir='ltr'><strong>novus</strong></span> <span class='ocrx_word' id='word_1_257' title='bbox 3371 1795 3452 1855; x_wconf 87' lang='lat' dir='ltr'><strong>tit.</strong></span> <span class='ocrx_word' id='word_1_258' title='bbox 3491 1799 3596 1857; x_wconf 82' lang='lat' dir='ltr'><strong>Se-</strong></span> 
     </span>
    </p>
   </div>
   <div class='ocr_carea' id='block_1_34' title="bbox 293 1883 1897 1960">
    <p class='ocr_par' dir='ltr' id='par_1_34' title="bbox 293 1883 1897 1960">
     <span class='ocr_line' id='line_1_34' title="bbox 293 1883 1897 1960; baseline -0.001 -14"><span class='ocrx_word' id='word_1_259' title='bbox 293 1891 546 1947; x_wconf 90' lang='lat' dir='ltr'><strong>descere.</strong></span> <span class='ocrx_word' id='word_1_260' title='bbox 581 1887 711 1955; x_wconf 92' lang='lat' dir='ltr'><strong>Sed,</strong></span> <span class='ocrx_word' id='word_1_261' title='bbox 742 1890 849 1945; x_wconf 89' lang='lat' dir='ltr'><strong>heu</strong></span> <span class='ocrx_word' id='word_1_262' title='bbox 877 1891 890 1944; x_wconf 85' lang='lat'><strong>&#39;-.</strong></span> <span class='ocrx_word' id='word_1_263' title='bbox 922 1896 1065 1945; x_wconf 78' lang='lat' dir='ltr'><strong>terra</strong></span> <span class='ocrx_word' id='word_1_264' title='bbox 1095 1903 1266 1960; x_wconf 89' lang='lat' dir='ltr'><strong>super</strong></span> <span class='ocrx_word' id='word_1_265' title='bbox 1323 1883 1586 1943; x_wconf 79' lang='lat' dir='ltr'><strong>fenestras</strong></span> <span class='ocrx_word' id='word_1_266' title='bbox 1621 1887 1806 1958; x_wconf 87' lang='lat' dir='ltr'><strong>erevit,</strong></span> <span class='ocrx_word' id='word_1_267' title='bbox 1845 1889 1897 1944; x_wconf 85' lang='lat' dir='ltr'><strong>et</strong></span> 
     </span>
    </p>
   </div>
   <div class='ocr_carea' id='block_1_35' title="bbox 298 1984 1897 2058">
    <p class='ocr_par' dir='ltr' id='par_1_35' title="bbox 298 1984 1897 2058">
     <span class='ocr_line' id='line_1_35' title="bbox 298 1984 1897 2058; baseline -0.001 -15"><span class='ocrx_word' id='word_1_268' title='bbox 298 1989 480 2044; x_wconf 91' lang='lat' dir='ltr'><strong>lumen</strong></span> <span class='ocrx_word' id='word_1_269' title='bbox 513 1988 720 2044; x_wconf 88' lang='lat' dir='ltr'><strong>intrare</strong></span> <span class='ocrx_word' id='word_1_270' title='bbox 767 2003 876 2043; x_wconf 90' lang='lat' dir='ltr'><strong>non</strong></span> <span class='ocrx_word' id='word_1_271' title='bbox 909 1985 1057 2053; x_wconf 91' lang='lat' dir='ltr'><strong>sinit,</strong></span> <span class='ocrx_word' id='word_1_272' title='bbox 1101 1985 1226 2058; x_wconf 90' lang='lat' dir='ltr'><strong>quia</strong></span> <span class='ocrx_word' id='word_1_273' title='bbox 1257 1984 1527 2056; x_wconf 90' lang='lat' dir='ltr'><strong>cupiditas</strong></span> <span class='ocrx_word' id='word_1_274' title='bbox 1558 1993 1897 2041; x_wconf 85' lang='lat' dir='ltr'><strong>terrenarum</strong></span> 
     </span>
    </p>
   </div>
   <div class='ocr_carea' id='block_1_36' title="bbox 315 2073 1896 2138">
    <p class='ocr_par' dir='ltr' id='par_1_36' title="bbox 315 2073 1896 2138">
     <span class='ocr_line' id='line_1_36' title="bbox 315 2073 1896 2138; baseline -0.002 -5"><span class='ocrx_word' id='word_1_275' title='bbox 315 2091 505 2134; x_wconf 86' lang='lat' dir='ltr'><strong>rerum</strong></span> <span class='ocrx_word' id='word_1_276' title='bbox 554 2075 733 2132; x_wconf 85' lang='lat' dir='ltr'><strong>visum</strong></span> <span class='ocrx_word' id='word_1_277' title='bbox 763 2075 962 2132; x_wconf 89' lang='lat' dir='ltr'><strong>mentis</strong></span> <span class='ocrx_word' id='word_1_278' title='bbox 1005 2074 1342 2131; x_wconf 86' lang='lat' dir='ltr'><strong>sacerdotum</strong></span> <span class='ocrx_word' id='word_1_279' title='bbox 1393 2082 1661 2138; x_wconf 66' lang='lat' dir='ltr'><strong>excaecat;</strong></span> <span class='ocrx_word' id='word_1_280' title='bbox 1694 2080 1747 2130; x_wconf 90' lang='lat' dir='ltr'><strong>et</strong></span> <span class='ocrx_word' id='word_1_281' title='bbox 1773 2073 1896 2130; x_wconf 92' lang='lat' dir='ltr'><strong>ideo</strong></span> 
     </span>
    </p>
   </div>
   <div class='ocr_carea' id='block_1_37' title="bbox 293 2159 1892 2236">
    <p class='ocr_par' dir='ltr' id='par_1_37' title="bbox 293 2159 1892 2236">
     <span class='ocr_line' id='line_1_37' title="bbox 293 2159 1892 2236; baseline -0.002 -16"><span class='ocrx_word' id='word_1_282' title='bbox 293 2166 480 2222; x_wconf 89' lang='lat' dir='ltr'><strong>lumen</strong></span> <span class='ocrx_word' id='word_1_283' title='bbox 504 2166 706 2221; x_wconf 70' lang='lat' dir='ltr'><strong>divinas</strong></span> <span class='ocrx_word' id='word_1_284' title='bbox 734 2164 973 2220; x_wconf 68' lang='lat' dir='ltr'><strong>scientiae</strong></span> <span class='ocrx_word' id='word_1_285' title='bbox 1003 2181 1109 2236; x_wconf 88' lang='lat' dir='ltr'><strong>per</strong></span> <span class='ocrx_word' id='word_1_286' title='bbox 1134 2179 1230 2220; x_wconf 89' lang='lat' dir='ltr'><strong>eos</strong></span> <span class='ocrx_word' id='word_1_287' title='bbox 1257 2163 1480 2218; x_wconf 91' lang='lat' dir='ltr'><strong>minime</strong></span> <span class='ocrx_word' id='word_1_288' title='bbox 1510 2159 1564 2217; x_wconf 85' lang='lat' dir='ltr'><strong>in</strong></span> <span class='ocrx_word' id='word_1_289' title='bbox 1593 2161 1892 2219; x_wconf 88' lang='lat' dir='ltr'><strong>Ecclesiam</strong></span> 
     </span>
    </p>
   </div>
   <div class='ocr_carea' id='block_1_38' title="bbox 297 2251 1896 2325">
    <p class='ocr_par' dir='ltr' id='par_1_38' title="bbox 297 2251 1896 2325">
     <span class='ocr_line' id='line_1_38' title="bbox 297 2251 1896 2325; baseline -0.004 -13"><span class='ocrx_word' id='word_1_290' title='bbox 297 2254 501 2312; x_wconf 88' lang='lat' dir='ltr'><strong>radiat.</strong></span> <span class='ocrx_word' id='word_1_291' title='bbox 539 2255 708 2311; x_wconf 89' lang='lat' dir='ltr'><strong>Stella</strong></span> <span class='ocrx_word' id='word_1_292' title='bbox 736 2269 855 2325; x_wconf 68' lang='lat' dir='ltr'><strong>quae</strong></span> <span class='ocrx_word' id='word_1_293' title='bbox 884 2252 952 2308; x_wconf 92' lang='lat' dir='ltr'><strong>de</strong></span> <span class='ocrx_word' id='word_1_294' title='bbox 981 2252 1152 2310; x_wconf 87' lang='lat' dir='ltr'><strong>Jacob</strong></span> <span class='ocrx_word' id='word_1_295' title='bbox 1182 2260 1300 2308; x_wconf 89' lang='lat' dir='ltr'><strong>orta</strong></span> <span class='ocrx_word' id='word_1_296' title='bbox 1331 2251 1496 2317; x_wconf 74' lang='lat' dir='ltr'><strong>fulsit,</strong></span> <span class='ocrx_word' id='word_1_297' title='bbox 1538 2259 1622 2307; x_wconf 89' lang='lat' dir='ltr'><strong>est</strong></span> <span class='ocrx_word' id='word_1_298' title='bbox 1649 2251 1896 2308; x_wconf 87' lang='lat' dir='ltr'><strong>Christus</strong></span> 
     </span>
    </p>
   </div>
   <div class='ocr_carea' id='block_1_39' title="bbox 301 2339 1894 2417">
    <p class='ocr_par' dir='ltr' id='par_1_39' title="bbox 301 2339 1894 2417">
     <span class='ocr_line' id='line_1_39' title="bbox 301 2339 1894 2417; baseline -0.004 -17"><span class='ocrx_word' id='word_1_299' title='bbox 301 2343 395 2417; x_wconf 85' lang='lat' dir='ltr'><strong>qui</strong></span> <span class='ocrx_word' id='word_1_300' title='bbox 424 2343 490 2400; x_wconf 90' lang='lat' dir='ltr'><strong>de</strong></span> <span class='ocrx_word' id='word_1_301' title='bbox 521 2357 730 2417; x_wconf 90' lang='lat' dir='ltr'><strong>genere</strong></span> <span class='ocrx_word' id='word_1_302' title='bbox 759 2341 927 2398; x_wconf 87' lang='lat' dir='ltr'><strong>Israel</strong></span> <span class='ocrx_word' id='word_1_303' title='bbox 956 2339 1160 2397; x_wconf 91' lang='lat' dir='ltr'><strong>mundo</strong></span> <span class='ocrx_word' id='word_1_304' title='bbox 1188 2339 1385 2395; x_wconf 87' lang='lat' dir='ltr'><strong>illuxit.</strong></span> <span class='ocrx_word' id='word_1_305' title='bbox 1433 2339 1599 2409; x_wconf 88' lang='lat' dir='ltr'><strong>Cujus</strong></span> <span class='ocrx_word' id='word_1_306' title='bbox 1639 2340 1806 2395; x_wconf 89' lang='lat' dir='ltr'><strong>virtus</strong></span> <span class='ocrx_word' id='word_1_307' title='bbox 1837 2345 1894 2395; x_wconf 94' lang='lat' dir='ltr'><strong>ut</strong></span> 
     </span>
    </p>
   </div>
   <div class='ocr_carea' id='block_1_40' title="bbox 289 2426 1892 2502">
    <p class='ocr_par' dir='ltr' id='par_1_40' title="bbox 289 2426 1892 2502">
     <span class='ocr_line' id='line_1_40' title="bbox 289 2426 1892 2502; baseline -0.003 -14"><span class='ocrx_word' id='word_1_308' title='bbox 289 2432 571 2490; x_wconf 89' lang='lat' dir='ltr'><strong>unicornis</strong></span> <span class='ocrx_word' id='word_1_309' title='bbox 602 2430 723 2501; x_wconf 86' lang='lat' dir='ltr'><strong>fuit,</strong></span> <span class='ocrx_word' id='word_1_310' title='bbox 783 2429 877 2502; x_wconf 91' lang='lat' dir='ltr'><strong>qui</strong></span> <span class='ocrx_word' id='word_1_311' title='bbox 938 2428 1123 2485; x_wconf 88' lang='lat' dir='ltr'><strong>omnia</strong></span> <span class='ocrx_word' id='word_1_312' title='bbox 1161 2427 1432 2485; x_wconf 87' lang='lat' dir='ltr'><strong>obstantia</strong></span> <span class='ocrx_word' id='word_1_313' title='bbox 1474 2441 1641 2484; x_wconf 88' lang='lat' dir='ltr'><strong>cornu</strong></span> <span class='ocrx_word' id='word_1_314' title='bbox 1669 2426 1892 2500; x_wconf 90' lang='lat' dir='ltr'><strong>suppri-</strong></span> 
     </span>
    </p>
   </div>
   <div class='ocr_carea' id='block_1_41' title="bbox 289 2524 1892 2601">
    <p class='ocr_par' dir='ltr' id='par_1_41' title="bbox 289 2524 1892 2601">
     <span class='ocr_line' id='line_1_41' title="bbox 289 2524 1892 2601; baseline -0.003 -17"><span class='ocrx_word' id='word_1_315' title='bbox 289 2528 406 2585; x_wconf 88' lang='lat' dir='ltr'><strong>mit.</strong></span> <span class='ocrx_word' id='word_1_316' title='bbox 440 2529 521 2585; x_wconf 91' lang='lat' dir='ltr'><strong>De</strong></span> <span class='ocrx_word' id='word_1_317' title='bbox 551 2545 661 2601; x_wconf 91' lang='lat' dir='ltr'><strong>quo</strong></span> <span class='ocrx_word' id='word_1_318' title='bbox 693 2527 960 2585; x_wconf 86' lang='lat' dir='ltr'><strong>unicornu</strong></span> <span class='ocrx_word' id='word_1_319' title='bbox 989 2525 1120 2583; x_wconf 91' lang='lat' dir='ltr'><strong>dicit</strong></span> <span class='ocrx_word' id='word_1_320' title='bbox 1189 2524 1545 2599; x_wconf 79' lang='lat' dir='ltr'><strong>pbysiologus</strong></span> <span class='ocrx_word' id='word_1_321' title='bbox 1571 2526 1710 2582; x_wconf 90' lang='lat' dir='ltr'><strong>hanc</strong></span> <span class='ocrx_word' id='word_1_322' title='bbox 1731 2534 1892 2580; x_wconf 87' lang='lat' dir='ltr'><strong>natu-</strong></span> 
     </span>
    </p>
   </div>
   <div class='ocr_carea' id='block_1_42' title="bbox 289 2611 1893 2690">
    <p class='ocr_par' dir='ltr' id='par_1_42' title="bbox 289 2611 1893 2690">
     <span class='ocr_line' id='line_1_42' title="bbox 289 2611 1893 2690; baseline -0.004 -17"><span class='ocrx_word' id='word_1_323' title='bbox 289 2633 410 2673; x_wconf 90' lang='lat' dir='ltr'><strong>ram</strong></span> <span class='ocrx_word' id='word_1_324' title='bbox 439 2618 644 2673; x_wconf 87' lang='lat' dir='ltr'><strong>habere</strong></span> <span class='ocrx_word' id='word_1_325' title='bbox 668 2617 817 2690; x_wconf 91' lang='lat' dir='ltr'><strong>quod</strong></span> <span class='ocrx_word' id='word_1_326' title='bbox 847 2613 1124 2672; x_wconf 90' lang='lat' dir='ltr'><strong>unicornis</strong></span> <span class='ocrx_word' id='word_1_327' title='bbox 1158 2614 1248 2680; x_wconf 86' lang='lat' dir='ltr'><strong>sit,</strong></span> <span class='ocrx_word' id='word_1_328' title='bbox 1284 2622 1335 2670; x_wconf 92' lang='lat' dir='ltr'><strong>et</strong></span> <span class='ocrx_word' id='word_1_329' title='bbox 1366 2614 1509 2687; x_wconf 85' lang='lat' dir='ltr'><strong>quod</strong></span> <span class='ocrx_word' id='word_1_330' title='bbox 1536 2613 1603 2669; x_wconf 89' lang='lat' dir='ltr'><strong>sit</strong></span> <span class='ocrx_word' id='word_1_331' title='bbox 1633 2611 1893 2685; x_wconf 81' lang='lat' dir='ltr'><strong>pusillum</strong></span> 
     </span>
    </p>
   </div>
   <div class='ocr_carea' id='block_1_43' title="bbox 292 2699 1892 2776">
    <p class='ocr_par' dir='ltr' id='par_1_43' title="bbox 292 2699 1892 2776">
     <span class='ocr_line' id='line_1_43' title="bbox 292 2699 1892 2776; baseline -0.002 -14"><span class='ocrx_word' id='word_1_332' title='bbox 292 2707 510 2773; x_wconf 90' lang='lat' dir='ltr'><strong>animal,</strong></span> <span class='ocrx_word' id='word_1_333' title='bbox 558 2715 611 2763; x_wconf 92' lang='lat' dir='ltr'><strong>et</strong></span> <span class='ocrx_word' id='word_1_334' title='bbox 649 2707 807 2762; x_wconf 77' lang='lat' dir='ltr'><strong>haedo</strong></span> <span class='ocrx_word' id='word_1_335' title='bbox 839 2703 1050 2773; x_wconf 88' lang='lat' dir='ltr'><strong>similis,</strong></span> <span class='ocrx_word' id='word_1_336' title='bbox 1087 2703 1549 2776; x_wconf 87' lang='lat' dir='ltr'><strong>acerrimutnque:</strong></span> <span class='ocrx_word' id='word_1_337' title='bbox 1581 2709 1741 2775; x_wconf 83' lang='lat' dir='ltr'><strong>atque</strong></span> <span class='ocrx_word' id='word_1_338' title='bbox 1761 2699 1892 2759; x_wconf 84' lang='lat' dir='ltr'><strong>illud</strong></span> 
     </span>
    </p>
   </div>
   <div class='ocr_carea' id='block_1_44' title="bbox 297 2797 1893 2877">
    <p class='ocr_par' dir='ltr' id='par_1_44' title="bbox 297 2797 1893 2877">
     <span class='ocr_line' id='line_1_44' title="bbox 297 2797 1893 2877; baseline -0.002 -17"><span class='ocrx_word' id='word_1_339' title='bbox 297 2805 576 2877; x_wconf 78' lang='lat' dir='ltr'><strong>singulare</strong></span> <span class='ocrx_word' id='word_1_340' title='bbox 607 2817 780 2861; x_wconf 86' lang='lat' dir='ltr'><strong>cornu</strong></span> <span class='ocrx_word' id='word_1_341' title='bbox 809 2801 865 2858; x_wconf 87' lang='lat' dir='ltr'><strong>in</strong></span> <span class='ocrx_word' id='word_1_342' title='bbox 895 2801 1068 2874; x_wconf 88' lang='lat' dir='ltr'><strong>capite</strong></span> <span class='ocrx_word' id='word_1_343' title='bbox 1114 2797 1332 2868; x_wconf 89' lang='lat' dir='ltr'><strong>habeat,</strong></span> <span class='ocrx_word' id='word_1_344' title='bbox 1365 2809 1418 2857; x_wconf 90' lang='lat' dir='ltr'><strong>et</strong></span> <span class='ocrx_word' id='word_1_345' title='bbox 1447 2800 1628 2856; x_wconf 87' lang='lat' dir='ltr'><strong>nullus</strong></span> <span class='ocrx_word' id='word_1_346' title='bbox 1665 2809 1893 2857; x_wconf 88' lang='lat' dir='ltr'><strong>venator</strong></span> 
     </span>
    </p>
   </div>
   <div class='ocr_carea' id='block_1_45' title="bbox 295 2887 1891 2966">
    <p class='ocr_par' dir='ltr' id='par_1_45' title="bbox 295 2887 1891 2966">
     <span class='ocr_line' id='line_1_45' title="bbox 295 2887 1891 2966; baseline -0.004 -16"><span class='ocrx_word' id='word_1_347' title='bbox 295 2908 422 2950; x_wconf 90' lang='lat' dir='ltr'><strong>eum</strong></span> <span class='ocrx_word' id='word_1_348' title='bbox 454 2909 649 2966; x_wconf 86' lang='lat' dir='ltr'><strong>capere</strong></span> <span class='ocrx_word' id='word_1_349' title='bbox 678 2899 886 2964; x_wconf 89' lang='lat' dir='ltr'><strong>potest.</strong></span> <span class='ocrx_word' id='word_1_350' title='bbox 925 2887 1034 2948; x_wconf 84' lang='lat' dir='ltr'><strong>Sed</strong></span> <span class='ocrx_word' id='word_1_351' title='bbox 1079 2889 1184 2946; x_wconf 90' lang='lat' dir='ltr'><strong>hoc</strong></span> <span class='ocrx_word' id='word_1_352' title='bbox 1228 2898 1546 2962; x_wconf 89' lang='lat' dir='ltr'><strong>argumento</strong></span> <span class='ocrx_word' id='word_1_353' title='bbox 1573 2890 1790 2961; x_wconf 90' lang='lat' dir='ltr'><strong>capiunt</strong></span> <span class='ocrx_word' id='word_1_354' title='bbox 1820 2889 1891 2944; x_wconf 91' lang='lat' dir='ltr'><strong>il-</strong></span> 
     </span>
    </p>
   </div>
   <div class='ocr_carea' id='block_1_46' title="bbox 283 2975 1892 3053">
    <p class='ocr_par' dir='ltr' id='par_1_46' title="bbox 283 2975 1892 3053">
     <span class='ocr_line' id='line_1_46' title="bbox 283 2975 1892 3053; baseline -0.004 -14"><span class='ocrx_word' id='word_1_355' title='bbox 283 2982 398 3040; x_wconf 89' lang='lat' dir='ltr'><strong>lum</strong></span> <span class='ocrx_word' id='word_1_356' title='bbox 431 3002 443 3038; x_wconf 88' lang='lat'><strong>:</strong></span> <span class='ocrx_word' id='word_1_357' title='bbox 476 2983 680 3039; x_wconf 90' lang='lat' dir='ltr'><strong>ducunt</strong></span> <span class='ocrx_word' id='word_1_358' title='bbox 712 2979 952 3053; x_wconf 88' lang='lat' dir='ltr'><strong>puellam</strong></span> <span class='ocrx_word' id='word_1_359' title='bbox 985 2978 1259 3051; x_wconf 77' lang='lat' dir='ltr'><strong>virginem</strong></span> <span class='ocrx_word' id='word_1_360' title='bbox 1289 2977 1344 3034; x_wconf 90' lang='lat' dir='ltr'><strong>in</strong></span> <span class='ocrx_word' id='word_1_361' title='bbox 1399 2975 1551 3033; x_wconf 90' lang='lat' dir='ltr'><strong>illum</strong></span> <span class='ocrx_word' id='word_1_362' title='bbox 1587 2977 1768 3034; x_wconf 75' lang='lat' dir='ltr'><strong>locum</strong></span> <span class='ocrx_word' id='word_1_363' title='bbox 1799 2977 1892 3034; x_wconf 88' lang='lat' dir='ltr'><strong>ubi</strong></span> 
     </span>
    </p>
   </div>
   <div class='ocr_carea' id='block_1_47' title="bbox 283 3075 1887 3147">
    <p class='ocr_par' dir='ltr' id='par_1_47' title="bbox 283 3075 1887 3147">
     <span class='ocr_line' id='line_1_47' title="bbox 283 3075 1887 3147; baseline -0.004 -10"><span class='ocrx_word' id='word_1_364' title='bbox 283 3089 548 3147; x_wconf 83' lang='lat' dir='ltr'><strong>moratur,</strong></span> <span class='ocrx_word' id='word_1_365' title='bbox 583 3084 636 3135; x_wconf 90' lang='lat' dir='ltr'><strong>et</strong></span> <span class='ocrx_word' id='word_1_366' title='bbox 666 3077 946 3134; x_wconf 88' lang='lat' dir='ltr'><strong>dimittunt</strong></span> <span class='ocrx_word' id='word_1_367' title='bbox 971 3091 1093 3133; x_wconf 88' lang='lat' dir='ltr'><strong>eam</strong></span> <span class='ocrx_word' id='word_1_368' title='bbox 1117 3076 1194 3130; x_wconf 88' lang='lat' dir='ltr'><strong>ibi</strong></span> <span class='ocrx_word' id='word_1_369' title='bbox 1218 3075 1409 3132; x_wconf 89' lang='lat' dir='ltr'><strong>solam.</strong></span> <span class='ocrx_word' id='word_1_370' title='bbox 1432 3075 1529 3132; x_wconf 88' lang='lat' dir='ltr'><strong>Ille</strong></span> <span class='ocrx_word' id='word_1_371' title='bbox 1551 3083 1731 3131; x_wconf 89' lang='lat' dir='ltr'><strong>autem</strong></span> <span class='ocrx_word' id='word_1_372' title='bbox 1761 3089 1887 3132; x_wconf 84' lang='lat' dir='ltr'><strong>mox</strong></span> 
     </span>
    </p>
   </div>
   <div class='ocr_carea' id='block_1_48' title="bbox 2009 1883 3596 1962">
    <p class='ocr_par' dir='ltr' id='par_1_48' title="bbox 2009 1883 3596 1962">
     <span class='ocr_line' id='line_1_48' title="bbox 2009 1883 3596 1962; baseline 0.004 -24"><span class='ocrx_word' id='word_1_373' title='bbox 2009 1883 2238 1938; x_wconf 84' lang='lat' dir='ltr'><strong>condam</strong></span> <span class='ocrx_word' id='word_1_374' title='bbox 2268 1889 2444 1937; x_wconf 80' lang='lat' dir='ltr'><strong>autem</strong></span> <span class='ocrx_word' id='word_1_375' title='bbox 2476 1890 2724 1940; x_wconf 88' lang='lat' dir='ltr'><strong>naturam</strong></span> <span class='ocrx_word' id='word_1_376' title='bbox 2773 1899 2894 1940; x_wconf 91' lang='lat' dir='ltr'><strong>cum</strong></span> <span class='ocrx_word' id='word_1_377' title='bbox 2941 1889 3153 1942; x_wconf 85' lang='lat' dir='ltr'><strong>venerit</strong></span> <span class='ocrx_word' id='word_1_378' title='bbox 3181 1886 3370 1944; x_wconf 90' lang='lat' dir='ltr'><strong>bibere</strong></span> <span class='ocrx_word' id='word_1_379' title='bbox 3398 1903 3596 1962; x_wconf 87' lang='lat' dir='ltr'><strong>aquam</strong></span> 
     </span>
    </p>
   </div>
   <div class='ocr_carea' id='block_1_49' title="bbox 2011 1975 3598 2054">
    <p class='ocr_par' dir='ltr' id='par_1_49' title="bbox 2011 1975 3598 2054">
     <span class='ocr_line' id='line_1_49' title="bbox 2011 1975 3598 2054; baseline 0.005 -20"><span class='ocrx_word' id='word_1_380' title='bbox 2011 1980 2080 2034; x_wconf 90' lang='lat' dir='ltr'><strong>ad</strong></span> <span class='ocrx_word' id='word_1_381' title='bbox 2112 1975 2337 2049; x_wconf 82' lang='lat' dir='ltr'><strong>fontem,</strong></span> <span class='ocrx_word' id='word_1_382' title='bbox 2369 1997 2475 2036; x_wconf 94' lang='lat' dir='ltr'><strong>non</strong></span> <span class='ocrx_word' id='word_1_383' title='bbox 2507 1998 2694 2038; x_wconf 89' lang='lat' dir='ltr'><strong>secum</strong></span> <span class='ocrx_word' id='word_1_384' title='bbox 2723 1975 2881 2039; x_wconf 68' lang='lat' dir='ltr'><strong>aﬂ&#39;ert</strong></span> <span class='ocrx_word' id='word_1_385' title='bbox 2910 2000 3066 2039; x_wconf 92' lang='lat' dir='ltr'><strong>suum</strong></span> <span class='ocrx_word' id='word_1_386' title='bbox 3097 2001 3386 2054; x_wconf 90' lang='lat' dir='ltr'><strong>venenum,</strong></span> <span class='ocrx_word' id='word_1_387' title='bbox 3418 1984 3516 2044; x_wconf 89' lang='lat' dir='ltr'><strong>sed</strong></span> <span class='ocrx_word' id='word_1_388' title='bbox 3542 1987 3598 2042; x_wconf 85' lang='lat' dir='ltr'><strong>in</strong></span> 
     </span>
    </p>
   </div>
   <div class='ocr_carea' id='block_1_50' title="bbox 2007 2067 3599 2143">
    <p class='ocr_par' dir='ltr' id='par_1_50' title="bbox 2007 2067 3599 2143">
     <span class='ocr_line' id='line_1_50' title="bbox 2007 2067 3599 2143; baseline 0.004 -18"><span class='ocrx_word' id='word_1_389' title='bbox 2007 2067 2169 2125; x_wconf 88' lang='lat' dir='ltr'><strong>cubili</strong></span> <span class='ocrx_word' id='word_1_390' title='bbox 2199 2084 2299 2125; x_wconf 92' lang='lat' dir='ltr'><strong>suo</strong></span> <span class='ocrx_word' id='word_1_391' title='bbox 2330 2068 2572 2142; x_wconf 90' lang='lat' dir='ltr'><strong>deponit,</strong></span> <span class='ocrx_word' id='word_1_392' title='bbox 2605 2077 2656 2126; x_wconf 91' lang='lat' dir='ltr'><strong>et</strong></span> <span class='ocrx_word' id='word_1_393' title='bbox 2686 2069 2763 2127; x_wconf 92' lang='lat' dir='ltr'><strong>sic</strong></span> <span class='ocrx_word' id='word_1_394' title='bbox 2794 2085 2988 2143; x_wconf 88' lang='lat' dir='ltr'><strong>aquam</strong></span> <span class='ocrx_word' id='word_1_395' title='bbox 3013 2071 3166 2127; x_wconf 88' lang='lat' dir='ltr'><strong>bibit.</strong></span> <span class='ocrx_word' id='word_1_396' title='bbox 3196 2073 3437 2130; x_wconf 87' lang='lat' dir='ltr'><strong>Tertiam</strong></span> <span class='ocrx_word' id='word_1_397' title='bbox 3467 2090 3599 2132; x_wconf 84' lang='lat' dir='ltr'><strong>vero</strong></span> 
     </span>
    </p>
   </div>
   <div class='ocr_carea' id='block_1_51' title="bbox 2005 2157 3602 2232">
    <p class='ocr_par' dir='ltr' id='par_1_51' title="bbox 2005 2157 3602 2232">
     <span class='ocr_line' id='line_1_51' title="bbox 2005 2157 3602 2232; baseline 0.004 -20"><span class='ocrx_word' id='word_1_398' title='bbox 2005 2167 2274 2226; x_wconf 89' lang='lat' dir='ltr'><strong>naturam,</strong></span> <span class='ocrx_word' id='word_1_399' title='bbox 2308 2157 2353 2213; x_wconf 90' lang='lat' dir='ltr'><strong>si</strong></span> <span class='ocrx_word' id='word_1_400' title='bbox 2383 2157 2582 2214; x_wconf 90' lang='lat' dir='ltr'><strong>viderit</strong></span> <span class='ocrx_word' id='word_1_401' title='bbox 2613 2176 2842 2232; x_wconf 90' lang='lat' dir='ltr'><strong>serpens</strong></span> <span class='ocrx_word' id='word_1_402' title='bbox 2884 2159 3164 2218; x_wconf 83' lang='lat' dir='ltr'><strong>hominem</strong></span> <span class='ocrx_word' id='word_1_403' title='bbox 3193 2162 3418 2231; x_wconf 89' lang='lat' dir='ltr'><strong>nudum,</strong></span> <span class='ocrx_word' id='word_1_404' title='bbox 3451 2163 3602 2220; x_wconf 81' lang='lat' dir='ltr'><strong>timet.</strong></span> 
     </span>
    </p>
   </div>
   <div class='ocr_carea' id='block_1_52' title="bbox 2003 2243 3599 2316">
    <p class='ocr_par' dir='ltr' id='par_1_52' title="bbox 2003 2243 3599 2316">
     <span class='ocr_line' id='line_1_52' title="bbox 2003 2243 3599 2316; baseline 0.005 -18"><span class='ocrx_word' id='word_1_405' title='bbox 2003 2244 2162 2300; x_wconf 86' lang='lat' dir='ltr'><strong>valde</strong></span> <span class='ocrx_word' id='word_1_406' title='bbox 2195 2243 2459 2302; x_wconf 88' lang='lat' dir='ltr'><strong>accedere</strong></span> <span class='ocrx_word' id='word_1_407' title='bbox 2509 2246 2578 2302; x_wconf 91' lang='lat' dir='ltr'><strong>ad</strong></span> <span class='ocrx_word' id='word_1_408' title='bbox 2632 2264 2754 2302; x_wconf 82' lang='lat' dir='ltr'><strong>eum</strong></span> <span class='ocrx_word' id='word_1_409' title='bbox 2793 2263 2807 2316; x_wconf 87' lang='lat'><strong>;</strong></span> <span class='ocrx_word' id='word_1_410' title='bbox 2866 2247 2911 2303; x_wconf 88' lang='lat' dir='ltr'><strong>si</strong></span> <span class='ocrx_word' id='word_1_411' title='bbox 2958 2255 3139 2304; x_wconf 87' lang='lat' dir='ltr'><strong>autem</strong></span> <span class='ocrx_word' id='word_1_412' title='bbox 3185 2250 3433 2306; x_wconf 90' lang='lat' dir='ltr'><strong>vestitum</strong></span> <span class='ocrx_word' id='word_1_413' title='bbox 3466 2251 3599 2308; x_wconf 87' lang='lat' dir='ltr'><strong>vidit</strong></span> 
     </span>
    </p>
   </div>
   <div class='ocr_carea' id='block_1_53' title="bbox 2002 2331 3596 2412">
    <p class='ocr_par' dir='ltr' id='par_1_53' title="bbox 2002 2331 3596 2412">
     <span class='ocr_line' id='line_1_53' title="bbox 2002 2331 3596 2412; baseline 0.004 -24"><span class='ocrx_word' id='word_1_414' title='bbox 2002 2347 2114 2390; x_wconf 91' lang='lat' dir='ltr'><strong>non</strong></span> <span class='ocrx_word' id='word_1_415' title='bbox 2143 2331 2299 2391; x_wconf 86' lang='lat' dir='ltr'><strong>facile</strong></span> <span class='ocrx_word' id='word_1_416' title='bbox 2330 2331 2489 2406; x_wconf 88' lang='lat' dir='ltr'><strong>fugit.</strong></span> <span class='ocrx_word' id='word_1_417' title='bbox 2543 2335 2802 2404; x_wconf 85' lang='lat' dir='ltr'><strong>Quartam</strong></span> <span class='ocrx_word' id='word_1_418' title='bbox 2837 2352 3053 2408; x_wconf 86' lang='lat' dir='ltr'><strong>quoque</strong></span> <span class='ocrx_word' id='word_1_419' title='bbox 3083 2347 3330 2394; x_wconf 89' lang='lat' dir='ltr'><strong>naturam</strong></span> <span class='ocrx_word' id='word_1_420' title='bbox 3363 2355 3596 2412; x_wconf 83' lang='lat' dir='ltr'><strong>serpen-</strong></span> 
     </span>
    </p>
   </div>
   <div class='ocr_carea' id='block_1_54' title="bbox 2005 2430 3595 2503">
    <p class='ocr_par' dir='ltr' id='par_1_54' title="bbox 2005 2430 3595 2503">
     <span class='ocr_line' id='line_1_54' title="bbox 2005 2430 3595 2503; baseline 0.005 -18"><span class='ocrx_word' id='word_1_421' title='bbox 2005 2430 2092 2498; x_wconf 91' lang='lat' dir='ltr'><strong>tis,</strong></span> <span class='ocrx_word' id='word_1_422' title='bbox 2125 2430 2344 2503; x_wconf 91' lang='lat' dir='ltr'><strong>quando</strong></span> <span class='ocrx_word' id='word_1_423' title='bbox 2372 2431 2583 2486; x_wconf 87' lang='lat' dir='ltr'><strong>venerit</strong></span> <span class='ocrx_word' id='word_1_424' title='bbox 2628 2433 2791 2488; x_wconf 90' lang='lat' dir='ltr'><strong>homo</strong></span> <span class='ocrx_word' id='word_1_425' title='bbox 2820 2441 2874 2488; x_wconf 92' lang='lat' dir='ltr'><strong>et</strong></span> <span class='ocrx_word' id='word_1_426' title='bbox 2905 2433 3135 2490; x_wconf 88' lang='lat' dir='ltr'><strong>voluerit</strong></span> <span class='ocrx_word' id='word_1_427' title='bbox 3163 2450 3288 2491; x_wconf 89' lang='lat' dir='ltr'><strong>eum</strong></span> <span class='ocrx_word' id='word_1_428' title='bbox 3319 2435 3595 2503; x_wconf 89' lang='lat' dir='ltr'><strong>occidere,</strong></span> 
     </span>
    </p>
   </div>
   <div class='ocr_carea' id='block_1_55' title="bbox 2001 2519 3599 2595">
    <p class='ocr_par' dir='ltr' id='par_1_55' title="bbox 2001 2519 3599 2595">
     <span class='ocr_line' id='line_1_55' title="bbox 2001 2519 3599 2595; baseline 0.004 -22"><span class='ocrx_word' id='word_1_429' title='bbox 2001 2528 2172 2575; x_wconf 89' lang='lat' dir='ltr'><strong>totum</strong></span> <span class='ocrx_word' id='word_1_430' title='bbox 2207 2535 2409 2591; x_wconf 87' lang='lat' dir='ltr'><strong>corpus</strong></span> <span class='ocrx_word' id='word_1_431' title='bbox 2439 2520 2604 2576; x_wconf 90' lang='lat' dir='ltr'><strong>tradit</strong></span> <span class='ocrx_word' id='word_1_432' title='bbox 2631 2519 2702 2576; x_wconf 89' lang='lat' dir='ltr'><strong>ad</strong></span> <span class='ocrx_word' id='word_1_433' title='bbox 2731 2537 2971 2592; x_wconf 83' lang='lat' dir='ltr'><strong>poenam,</strong></span> <span class='ocrx_word' id='word_1_434' title='bbox 3011 2529 3174 2595; x_wconf 88' lang='lat' dir='ltr'><strong>caput</strong></span> <span class='ocrx_word' id='word_1_435' title='bbox 3210 2533 3392 2581; x_wconf 87' lang='lat' dir='ltr'><strong>autem</strong></span> <span class='ocrx_word' id='word_1_436' title='bbox 3422 2523 3599 2582; x_wconf 92' lang='lat' dir='ltr'><strong>solum</strong></span> 
     </span>
    </p>
   </div>
   <div class='ocr_carea' id='block_1_56' title="bbox 2001 2607 3600 2686">
    <p class='ocr_par' dir='ltr' id='par_1_56' title="bbox 2001 2607 3600 2686">
     <span class='ocr_line' id='line_1_56' title="bbox 2001 2607 3600 2686; baseline 0.005 -23"><span class='ocrx_word' id='word_1_437' title='bbox 2001 2607 2256 2664; x_wconf 89' lang='lat' dir='ltr'><strong>custodit.</strong></span> <span class='ocrx_word' id='word_1_438' title='bbox 2294 2609 2396 2663; x_wconf 87' lang='lat' dir='ltr'><strong>Per</strong></span> <span class='ocrx_word' id='word_1_439' title='bbox 2425 2608 2567 2664; x_wconf 91' lang='lat' dir='ltr'><strong>hunc</strong></span> <span class='ocrx_word' id='word_1_440' title='bbox 2598 2608 2781 2680; x_wconf 89' lang='lat' dir='ltr'><strong>itaque</strong></span> <span class='ocrx_word' id='word_1_441' title='bbox 2811 2619 3124 2682; x_wconf 89' lang='lat' dir='ltr'><strong>serpentem</strong></span> <span class='ocrx_word' id='word_1_442' title='bbox 3148 2612 3374 2684; x_wconf 90' lang='lat' dir='ltr'><strong>quilibet</strong></span> <span class='ocrx_word' id='word_1_443' title='bbox 3401 2629 3600 2686; x_wconf 78' lang='lat' dir='ltr'><strong>pecca-</strong></span> 
     </span>
    </p>
   </div>
   <div class='ocr_carea' id='block_1_57' title="bbox 2001 2703 3585 2783">
    <p class='ocr_par' dir='ltr' id='par_1_57' title="bbox 2001 2703 3585 2783">
     <span class='ocr_line' id='line_1_57' title="bbox 2001 2703 3585 2783; baseline 0.006 -23"><span class='ocrx_word' id='word_1_444' title='bbox 2001 2713 2088 2762; x_wconf 86' lang='lat' dir='ltr'><strong>tor</strong></span> <span class='ocrx_word' id='word_1_445' title='bbox 2140 2703 2460 2777; x_wconf 82' lang='lat' dir='ltr'><strong>designatur</strong></span> <span class='ocrx_word' id='word_1_446' title='bbox 2506 2705 2597 2778; x_wconf 91' lang='lat' dir='ltr'><strong>qui</strong></span> <span class='ocrx_word' id='word_1_447' title='bbox 2641 2708 2696 2760; x_wconf 92' lang='lat' dir='ltr'><strong>in</strong></span> <span class='ocrx_word' id='word_1_448' title='bbox 2735 2705 2918 2762; x_wconf 91' lang='lat' dir='ltr'><strong>multis</strong></span> <span class='ocrx_word' id='word_1_449' title='bbox 2968 2710 3183 2783; x_wconf 83' lang='lat' dir='ltr'><strong>ﬂagitiis</strong></span> <span class='ocrx_word' id='word_1_450' title='bbox 3225 2713 3585 2768; x_wconf 87' lang='lat' dir='ltr'><strong>inveteratur.</strong></span> 
     </span>
    </p>
   </div>
   <div class='ocr_carea' id='block_1_58' title="bbox 1999 2795 3594 2873">
    <p class='ocr_par' dir='ltr' id='par_1_58' title="bbox 1999 2795 3594 2873">
     <span class='ocr_line' id='line_1_58' title="bbox 1999 2795 3594 2873; baseline 0.006 -23"><span class='ocrx_word' id='word_1_451' title='bbox 1999 2795 2158 2850; x_wconf 87' lang='lat' dir='ltr'><strong>Hunc</strong></span> <span class='ocrx_word' id='word_1_452' title='bbox 2203 2802 2431 2866; x_wconf 89' lang='lat' dir='ltr'><strong>oportet,</strong></span> <span class='ocrx_word' id='word_1_453' title='bbox 2487 2804 2544 2849; x_wconf 89' lang='lat' dir='ltr'><strong>ut</strong></span> <span class='ocrx_word' id='word_1_454' title='bbox 2586 2795 2656 2850; x_wconf 91' lang='lat' dir='ltr'><strong>ad</strong></span> <span class='ocrx_word' id='word_1_455' title='bbox 2699 2805 2913 2866; x_wconf 78' lang='lat' dir='ltr'><strong>petram</strong></span> <span class='ocrx_word' id='word_1_456' title='bbox 2961 2797 3238 2854; x_wconf 87' lang='lat' dir='ltr'><strong>Christum</strong></span> <span class='ocrx_word' id='word_1_457' title='bbox 3274 2802 3594 2873; x_wconf 86' lang='lat' dir='ltr'><strong>quantocius</strong></span> 
     </span>
    </p>
   </div>
   <div class='ocr_carea' id='block_1_59' title="bbox 2000 2880 3596 2964">
    <p class='ocr_par' dir='ltr' id='par_1_59' title="bbox 2000 2880 3596 2964">
     <span class='ocr_line' id='line_1_59' title="bbox 2000 2880 3596 2964; baseline 0.004 -24"><span class='ocrx_word' id='word_1_458' title='bbox 2000 2880 2200 2951; x_wconf 87' lang='lat' dir='ltr'><strong>veniat,</strong></span> <span class='ocrx_word' id='word_1_459' title='bbox 2233 2890 2523 2955; x_wconf 81' lang='lat' dir='ltr'><strong>angustam</strong></span> <span class='ocrx_word' id='word_1_460' title='bbox 2551 2884 2700 2938; x_wconf 91' lang='lat' dir='ltr'><strong>viam</strong></span> <span class='ocrx_word' id='word_1_461' title='bbox 2732 2899 2853 2956; x_wconf 83' lang='lat' dir='ltr'><strong>quae</strong></span> <span class='ocrx_word' id='word_1_462' title='bbox 2901 2883 3049 2942; x_wconf 89' lang='lat' dir='ltr'><strong>ducit</strong></span> <span class='ocrx_word' id='word_1_463' title='bbox 3077 2887 3146 2943; x_wconf 88' lang='lat' dir='ltr'><strong>ad</strong></span> <span class='ocrx_word' id='word_1_464' title='bbox 3174 2889 3338 2944; x_wconf 89' lang='lat' dir='ltr'><strong>vitam</strong></span> <span class='ocrx_word' id='word_1_465' title='bbox 3370 2891 3596 2964; x_wconf 85' lang='lat' dir='ltr'><strong>accipiat</strong></span> 
     </span>
    </p>
   </div>
   <div class='ocr_carea' id='block_1_60' title="bbox 1999 2977 3593 3053">
    <p class='ocr_par' dir='ltr' id='par_1_60' title="bbox 1999 2977 3593 3053">
     <span class='ocr_line' id='line_1_60' title="bbox 1999 2977 3593 3053; baseline 0.004 -15"><span class='ocrx_word' id='word_1_466' title='bbox 1999 2977 2170 3038; x_wconf 86' lang='lat' dir='ltr'><strong>veteri</strong></span> <span class='ocrx_word' id='word_1_467' title='bbox 2203 2981 2379 3036; x_wconf 86' lang='lat' dir='ltr'><strong>tunica</strong></span> <span class='ocrx_word' id='word_1_468' title='bbox 2409 2980 2664 3039; x_wconf 89' lang='lat' dir='ltr'><strong>vitiorum</strong></span> <span class='ocrx_word' id='word_1_469' title='bbox 2696 2982 3050 3053; x_wconf 80' lang='lat' dir='ltr'><strong>exspolietur,</strong></span> <span class='ocrx_word' id='word_1_470' title='bbox 3085 2999 3228 3042; x_wconf 88' lang='lat' dir='ltr'><strong>nova</strong></span> <span class='ocrx_word' id='word_1_471' title='bbox 3257 2994 3406 3044; x_wconf 86' lang='lat' dir='ltr'><strong>veste</strong></span> <span class='ocrx_word' id='word_1_472' title='bbox 3436 2988 3593 3045; x_wconf 84' lang='lat' dir='ltr'><strong>virtu-</strong></span> 
     </span>
    </p>
   </div>
   <div class='ocr_carea' id='block_1_61' title="bbox 2002 3069 2534 3126">
    <p class='ocr_par' dir='ltr' id='par_1_61' title="bbox 2002 3069 2534 3126">
     <span class='ocr_line' id='line_1_61' title="bbox 2002 3069 2534 3126; baseline -0.002 -1"><span class='ocrx_word' id='word_1_473' title='bbox 2002 3075 2114 3125; x_wconf 89' lang='lat' dir='ltr'><strong>tum</strong></span> <span class='ocrx_word' id='word_1_474' title='bbox 2147 3069 2534 3126; x_wconf 89' lang='lat' dir='ltr'><strong>circumdetur.</strong></span> 
     </span>
    </p>
   </div>
   <div class='ocr_carea' id='block_1_62' title="bbox 283 3143 3590 3237">
    <p class='ocr_par' dir='ltr' id='par_1_62' title="bbox 283 3143 3590 3237">
     <span class='ocr_line' id='line_1_62' title="bbox 283 3143 3590 3237; baseline -0.001 -11"><span class='ocrx_word' id='word_1_475' title='bbox 283 3178 341 3226; x_wconf 92' lang='lat' dir='ltr'><strong>ut</strong></span> <span class='ocrx_word' id='word_1_476' title='bbox 367 3143 567 3225; x_wconf 85' lang='lat' dir='ltr'><strong>viderit</strong></span> <span class='ocrx_word' id='word_1_477' title='bbox 599 3182 739 3237; x_wconf 92' lang='lat' dir='ltr'><strong>eam,</strong></span> <span class='ocrx_word' id='word_1_478' title='bbox 771 3165 896 3222; x_wconf 86' lang='lat' dir='ltr'><strong>salit</strong></span> <span class='ocrx_word' id='word_1_479' title='bbox 923 3164 980 3220; x_wconf 89' lang='lat' dir='ltr'><strong>in</strong></span> <span class='ocrx_word' id='word_1_480' title='bbox 1001 3165 1179 3221; x_wconf 84' lang='lat' dir='ltr'><strong>sinum</strong></span> <span class='ocrx_word' id='word_1_481' title='bbox 1210 3163 1436 3237; x_wconf 87' lang='lat' dir='ltr'><strong>virginis</strong></span> <span class='ocrx_word' id='word_1_482' title='bbox 1469 3171 1523 3220; x_wconf 90' lang='lat' dir='ltr'><strong>et</strong></span> <span class='ocrx_word' id='word_1_483' title='bbox 1553 3164 1881 3234; x_wconf 83' lang='lat' dir='ltr'><strong>complecti-</strong></span> <span class='ocrx_word' id='word_1_484' title='bbox 1912 3143 1960 3206; x_wconf 60' lang='grc' dir='ltr'><strong>(ἶ</strong></span> <span class='ocrx_word' id='word_1_485' title='bbox 2061 3157 2235 3214; x_wconf 82' lang='lat' dir='ltr'><strong>Hodie</strong></span> <span class='ocrx_word' id='word_1_486' title='bbox 2288 3159 2474 3227; x_wconf 90' lang='lat' dir='ltr'><strong>etiam,</strong></span> <span class='ocrx_word' id='word_1_487' title='bbox 2526 3155 2884 3227; x_wconf 86' lang='lat' dir='ltr'><strong>dilectissimi,</strong></span> <span class='ocrx_word' id='word_1_488' title='bbox 2919 3157 3182 3218; x_wconf 89' lang='lat' dir='ltr'><strong>Dominus</strong></span> <span class='ocrx_word' id='word_1_489' title='bbox 3229 3162 3481 3222; x_wconf 85' lang='lat' dir='ltr'><strong>invitatus</strong></span> <span class='ocrx_word' id='word_1_490' title='bbox 3520 3163 3590 3224; x_wconf 88' lang='lat' dir='ltr'><strong>ad</strong></span> 
     </span>
    </p>
   </div>
   <div class='ocr_carea' id='block_1_63' title="bbox 283 3251 1883 3326">
    <p class='ocr_par' dir='ltr' id='par_1_63' title="bbox 283 3251 1883 3326">
     <span class='ocr_line' id='line_1_63' title="bbox 283 3251 1883 3326; baseline -0.004 -11"><span class='ocrx_word' id='word_1_491' title='bbox 283 3267 371 3315; x_wconf 89' lang='lat' dir='ltr'><strong>tur</strong></span> <span class='ocrx_word' id='word_1_492' title='bbox 398 3270 542 3322; x_wconf 86' lang='lat' dir='ltr'><strong>eam,</strong></span> <span class='ocrx_word' id='word_1_493' title='bbox 573 3256 748 3313; x_wconf 88' lang='lat' dir='ltr'><strong>donec</strong></span> <span class='ocrx_word' id='word_1_494' title='bbox 778 3253 1077 3322; x_wconf 90' lang='lat' dir='ltr'><strong>obdormit,</strong></span> <span class='ocrx_word' id='word_1_495' title='bbox 1111 3251 1299 3326; x_wconf 87' lang='lat' dir='ltr'><strong>sicque</strong></span> <span class='ocrx_word' id='word_1_496' title='bbox 1324 3252 1808 3325; x_wconf 86' lang='lat' dir='ltr'><strong>comprehenditur</strong></span> <span class='ocrx_word' id='word_1_497' title='bbox 1829 3261 1883 3310; x_wconf 87' lang='lat' dir='ltr'><strong>et</strong></span> 
     </span>
    </p>
   </div>
   <div class='ocr_carea' id='block_1_64' title="bbox 281 3341 1878 3420">
    <p class='ocr_par' dir='ltr' id='par_1_64' title="bbox 281 3341 1878 3420">
     <span class='ocr_line' id='line_1_64' title="bbox 281 3341 1878 3420; baseline -0.003 -17"><span class='ocrx_word' id='word_1_498' title='bbox 281 3347 602 3420; x_wconf 86' lang='lat' dir='ltr'><strong>perducitur</strong></span> <span class='ocrx_word' id='word_1_499' title='bbox 624 3345 696 3401; x_wconf 86' lang='lat' dir='ltr'><strong>ad</strong></span> <span class='ocrx_word' id='word_1_500' title='bbox 723 3344 988 3417; x_wconf 87' lang='lat' dir='ltr'><strong>palatium</strong></span> <span class='ocrx_word' id='word_1_501' title='bbox 1020 3343 1195 3414; x_wconf 87' lang='lat' dir='ltr'><strong>regis.</strong></span> <span class='ocrx_word' id='word_1_502' title='bbox 1235 3341 1390 3399; x_wconf 87' lang='lat' dir='ltr'><strong>Hunc</strong></span> <span class='ocrx_word' id='word_1_503' title='bbox 1419 3358 1520 3414; x_wconf 89' lang='lat' dir='ltr'><strong>per</strong></span> <span class='ocrx_word' id='word_1_504' title='bbox 1555 3342 1878 3398; x_wconf 86' lang='lat' dir='ltr'><strong>rhinocero-</strong></span> 
     </span>
    </p>
   </div>
   <div class='ocr_carea' id='block_1_65' title="bbox 279 3439 1878 3514">
    <p class='ocr_par' dir='ltr' id='par_1_65' title="bbox 279 3439 1878 3514">
     <span class='ocr_line' id='line_1_65' title="bbox 279 3439 1878 3514; baseline -0.004 -14"><span class='ocrx_word' id='word_1_505' title='bbox 279 3454 388 3501; x_wconf 89' lang='lat' dir='ltr'><strong>tem</strong></span> <span class='ocrx_word' id='word_1_506' title='bbox 412 3443 660 3500; x_wconf 87' lang='lat' dir='ltr'><strong>Christus</strong></span> <span class='ocrx_word' id='word_1_507' title='bbox 679 3441 1021 3514; x_wconf 84' lang='lat' dir='ltr'><strong>designatur,</strong></span> <span class='ocrx_word' id='word_1_508' title='bbox 1038 3439 1128 3512; x_wconf 90' lang='lat' dir='ltr'><strong>qui</strong></span> <span class='ocrx_word' id='word_1_509' title='bbox 1151 3439 1484 3511; x_wconf 90' lang='lat' dir='ltr'><strong>principatus</strong></span> <span class='ocrx_word' id='word_1_510' title='bbox 1506 3447 1557 3495; x_wconf 92' lang='lat' dir='ltr'><strong>et</strong></span> <span class='ocrx_word' id='word_1_511' title='bbox 1578 3445 1878 3511; x_wconf 87' lang='lat' dir='ltr'><strong>potestates</strong></span> 
     </span>
    </p>
   </div>
   <div class='ocr_carea' id='block_1_66' title="bbox 278 3525 1876 3600">
    <p class='ocr_par' dir='ltr' id='par_1_66' title="bbox 278 3525 1876 3600">
     <span class='ocr_line' id='line_1_66' title="bbox 278 3525 1876 3600; baseline -0.005 -10"><span class='ocrx_word' id='word_1_512' title='bbox 278 3531 469 3590; x_wconf 81' lang='lat' dir='ltr'><strong>mundi</strong></span> <span class='ocrx_word' id='word_1_513' title='bbox 525 3531 785 3590; x_wconf 87' lang='lat' dir='ltr'><strong>cornibus</strong></span> <span class='ocrx_word' id='word_1_514' title='bbox 843 3528 1025 3588; x_wconf 85' lang='lat' dir='ltr'><strong>crucis</strong></span> <span class='ocrx_word' id='word_1_515' title='bbox 1102 3527 1430 3600; x_wconf 88' lang='lat' dir='ltr'><strong>perdomuit,</strong></span> <span class='ocrx_word' id='word_1_516' title='bbox 1483 3536 1536 3584; x_wconf 92' lang='lat' dir='ltr'><strong>et</strong></span> <span class='ocrx_word' id='word_1_517' title='bbox 1556 3525 1876 3597; x_wconf 88' lang='lat' dir='ltr'><strong>jamdudum</strong></span> 
     </span>
    </p>
   </div>
   <div class='ocr_carea' id='block_1_67' title="bbox 281 3614 1877 3696">
    <p class='ocr_par' dir='ltr' id='par_1_67' title="bbox 281 3614 1877 3696">
     <span class='ocr_line' id='line_1_67' title="bbox 281 3614 1877 3696; baseline -0.006 -16"><span class='ocrx_word' id='word_1_518' title='bbox 281 3629 476 3680; x_wconf 89' lang='lat' dir='ltr'><strong>cuncta</strong></span> <span class='ocrx_word' id='word_1_519' title='bbox 505 3637 679 3696; x_wconf 85' lang='lat' dir='ltr'><strong>regna</strong></span> <span class='ocrx_word' id='word_1_520' title='bbox 709 3635 808 3675; x_wconf 86' lang='lat' dir='ltr'><strong>suo</strong></span> <span class='ocrx_word' id='word_1_521' title='bbox 856 3615 1089 3689; x_wconf 89' lang='lat' dir='ltr'><strong>imperio</strong></span> <span class='ocrx_word' id='word_1_522' title='bbox 1132 3614 1401 3671; x_wconf 91' lang='lat' dir='ltr'><strong>subdidit.</strong></span> <span class='ocrx_word' id='word_1_523' title='bbox 1440 3614 1640 3671; x_wconf 63' lang='lat' dir='ltr'><strong>Puella</strong></span> <span class='ocrx_word' id='word_1_524' title='bbox 1669 3619 1877 3671; x_wconf 77' lang='lat' dir='ltr'><strong>omatze</strong></span> 
     </span>
    </p>
   </div>
   <div class='ocr_carea' id='block_1_68' title="bbox 274 3711 1876 3793">
    <p class='ocr_par' dir='ltr' id='par_1_68' title="bbox 274 3711 1876 3793">
     <span class='ocr_line' id='line_1_68' title="bbox 274 3711 1876 3793; baseline -0.006 -16"><span class='ocrx_word' id='word_1_525' title='bbox 274 3735 396 3778; x_wconf 91' lang='lat' dir='ltr'><strong>cum</strong></span> <span class='ocrx_word' id='word_1_526' title='bbox 422 3719 616 3793; x_wconf 87' lang='lat' dir='ltr'><strong>quibus</strong></span> <span class='ocrx_word' id='word_1_527' title='bbox 638 3717 868 3791; x_wconf 89' lang='lat' dir='ltr'><strong>populus</strong></span> <span class='ocrx_word' id='word_1_528' title='bbox 889 3715 1210 3782; x_wconf 79' lang='lat' dir='ltr'><strong>fornicatur,</strong></span> <span class='ocrx_word' id='word_1_529' title='bbox 1238 3721 1288 3769; x_wconf 94' lang='lat' dir='ltr'><strong>et</strong></span> <span class='ocrx_word' id='word_1_530' title='bbox 1320 3711 1389 3768; x_wconf 87' lang='lat' dir='ltr'><strong>ad</strong></span> <span class='ocrx_word' id='word_1_531' title='bbox 1412 3711 1771 3769; x_wconf 89' lang='lat' dir='ltr'><strong>idololatriam</strong></span> <span class='ocrx_word' id='word_1_532' title='bbox 1792 3711 1876 3768; x_wconf 90' lang='lat' dir='ltr'><strong>in-</strong></span> 
     </span>
    </p>
   </div>
   <div class='ocr_carea' id='block_1_69' title="bbox 273 3809 1876 3889">
    <p class='ocr_par' dir='ltr' id='par_1_69' title="bbox 273 3809 1876 3889">
     <span class='ocr_line' id='line_1_69' title="bbox 273 3809 1876 3889; baseline -0.004 -14"><span class='ocrx_word' id='word_1_533' title='bbox 273 3817 528 3885; x_wconf 87' lang='lat' dir='ltr'><strong>clinatur,</strong></span> <span class='ocrx_word' id='word_1_534' title='bbox 554 3823 679 3873; x_wconf 89' lang='lat' dir='ltr'><strong>sunt</strong></span> <span class='ocrx_word' id='word_1_535' title='bbox 705 3831 923 3889; x_wconf 82' lang='lat' dir='ltr'><strong>pompae</strong></span> <span class='ocrx_word' id='word_1_536' title='bbox 943 3820 996 3869; x_wconf 90' lang='lat' dir='ltr'><strong>et</strong></span> <span class='ocrx_word' id='word_1_537' title='bbox 1015 3809 1293 3869; x_wconf 67' lang='lat' dir='ltr'><strong>illecebrae</strong></span> <span class='ocrx_word' id='word_1_538' title='bbox 1330 3811 1538 3878; x_wconf 90' lang='lat' dir='ltr'><strong>mundi,</strong></span> <span class='ocrx_word' id='word_1_539' title='bbox 1565 3809 1759 3884; x_wconf 86' lang='lat' dir='ltr'><strong>quibus</strong></span> <span class='ocrx_word' id='word_1_540' title='bbox 1777 3827 1876 3884; x_wconf 89' lang='lat' dir='ltr'><strong>po-</strong></span> 
     </span>
    </p>
   </div>
   <div class='ocr_carea' id='block_1_70' title="bbox 271 3897 1871 3982">
    <p class='ocr_par' dir='ltr' id='par_1_70' title="bbox 271 3897 1871 3982">
     <span class='ocr_line' id='line_1_70' title="bbox 271 3897 1871 3982; baseline -0.006 -17"><span class='ocrx_word' id='word_1_541' title='bbox 271 3908 433 3982; x_wconf 90' lang='lat' dir='ltr'><strong>pulus</strong></span> <span class='ocrx_word' id='word_1_542' title='bbox 453 3905 716 3974; x_wconf 88' lang='lat' dir='ltr'><strong>irretitur,</strong></span> <span class='ocrx_word' id='word_1_543' title='bbox 742 3913 794 3960; x_wconf 93' lang='lat' dir='ltr'><strong>et</strong></span> <span class='ocrx_word' id='word_1_544' title='bbox 812 3901 1084 3960; x_wconf 92' lang='lat' dir='ltr'><strong>diabolico</strong></span> <span class='ocrx_word' id='word_1_545' title='bbox 1123 3897 1291 3958; x_wconf 91' lang='lat' dir='ltr'><strong>cultui</strong></span> <span class='ocrx_word' id='word_1_546' title='bbox 1323 3899 1626 3970; x_wconf 88' lang='lat' dir='ltr'><strong>subjicitur.</strong></span> <span class='ocrx_word' id='word_1_547' title='bbox 1650 3897 1871 3958; x_wconf 86' lang='lat' dir='ltr'><strong>Balaam</strong></span> 
     </span>
    </p>
   </div>
   <div class='ocr_carea' id='block_1_71' title="bbox 272 3997 1869 4078">
    <p class='ocr_par' dir='ltr' id='par_1_71' title="bbox 272 3997 1869 4078">
     <span class='ocr_line' id='line_1_71' title="bbox 272 3997 1869 4078; baseline -0.006 -16"><span class='ocrx_word' id='word_1_548' title='bbox 272 4007 454 4062; x_wconf 91' lang='lat' dir='ltr'><strong>interit</strong></span> <span class='ocrx_word' id='word_1_549' title='bbox 503 4002 710 4078; x_wconf 86' lang='lat' dir='ltr'><strong>gladio,</strong></span> <span class='ocrx_word' id='word_1_550' title='bbox 769 3999 901 4073; x_wconf 88' lang='lat' dir='ltr'><strong>quia</strong></span> <span class='ocrx_word' id='word_1_551' title='bbox 956 3997 1312 4056; x_wconf 90' lang='lat' dir='ltr'><strong>sacerdotalis</strong></span> <span class='ocrx_word' id='word_1_552' title='bbox 1354 3998 1510 4066; x_wconf 89' lang='lat' dir='ltr'><strong>ordo,</strong></span> <span class='ocrx_word' id='word_1_553' title='bbox 1556 3997 1661 4053; x_wconf 89' lang='lat' dir='ltr'><strong>dux</strong></span> <span class='ocrx_word' id='word_1_554' title='bbox 1691 4013 1869 4054; x_wconf 72' lang='lat' dir='ltr'><strong>czecus</strong></span> 
     </span>
    </p>
   </div>
   <div class='ocr_carea' id='block_1_72' title="bbox 282 4095 1864 4174">
    <p class='ocr_par' dir='ltr' id='par_1_72' title="bbox 282 4095 1864 4174">
     <span class='ocr_line' id='line_1_72' title="bbox 282 4095 1864 4174; baseline -0.009 -10"><span class='ocrx_word' id='word_1_555' title='bbox 282 4119 552 4163; x_wconf 62' lang='lat' dir='ltr'><strong>caecorum</strong></span> <span class='ocrx_word' id='word_1_556' title='bbox 583 4100 725 4174; x_wconf 91' lang='lat' dir='ltr'><strong>perit</strong></span> <span class='ocrx_word' id='word_1_557' title='bbox 751 4099 935 4155; x_wconf 89' lang='lat' dir='ltr'><strong>divino</strong></span> <span class='ocrx_word' id='word_1_558' title='bbox 960 4095 1192 4168; x_wconf 89' lang='lat' dir='ltr'><strong>judicio.</strong></span> <span class='ocrx_word' id='word_1_559' title='bbox 1222 4096 1452 4152; x_wconf 91' lang='lat' dir='ltr'><strong>Demum</strong></span> <span class='ocrx_word' id='word_1_560' title='bbox 1484 4112 1578 4152; x_wconf 87' lang='lat' dir='ltr'><strong>rex</strong></span> <span class='ocrx_word' id='word_1_561' title='bbox 1610 4111 1734 4151; x_wconf 91' lang='lat' dir='ltr'><strong>cum</strong></span> <span class='ocrx_word' id='word_1_562' title='bbox 1763 4111 1864 4168; x_wconf 93' lang='lat' dir='ltr'><strong>po-</strong></span> 
     </span>
    </p>
   </div>
   <div class='ocr_carea' id='block_1_73' title="bbox 275 4191 1868 4274">
    <p class='ocr_par' dir='ltr' id='par_1_73' title="bbox 275 4191 1868 4274">
     <span class='ocr_line' id='line_1_73' title="bbox 275 4191 1868 4274; baseline -0.008 -15"><span class='ocrx_word' id='word_1_563' title='bbox 275 4200 407 4274; x_wconf 88' lang='lat' dir='ltr'><strong>pulo</strong></span> <span class='ocrx_word' id='word_1_564' title='bbox 430 4198 840 4266; x_wconf 80' lang='lat' dir='ltr'><strong>exterminatur,</strong></span> <span class='ocrx_word' id='word_1_565' title='bbox 871 4203 925 4252; x_wconf 91' lang='lat' dir='ltr'><strong>et</strong></span> <span class='ocrx_word' id='word_1_566' title='bbox 944 4193 1100 4267; x_wconf 88' lang='lat' dir='ltr'><strong>regio</strong></span> <span class='ocrx_word' id='word_1_567' title='bbox 1121 4200 1518 4260; x_wconf 88' lang='lat' dir='ltr'><strong>concrematur,</strong></span> <span class='ocrx_word' id='word_1_568' title='bbox 1543 4191 1670 4265; x_wconf 89' lang='lat' dir='ltr'><strong>quia</strong></span> <span class='ocrx_word' id='word_1_569' title='bbox 1690 4191 1760 4247; x_wconf 92' lang='lat' dir='ltr'><strong>ad</strong></span> <span class='ocrx_word' id='word_1_570' title='bbox 1781 4191 1868 4247; x_wconf 93' lang='lat' dir='ltr'><strong>ul-</strong></span> 
     </span>
    </p>
   </div>
   <div class='ocr_carea' id='block_1_74' title="bbox 267 4288 1865 4355">
    <p class='ocr_par' dir='ltr' id='par_1_74' title="bbox 267 4288 1865 4355">
     <span class='ocr_line' id='line_1_74' title="bbox 267 4288 1865 4355; baseline -0.007 0"><span class='ocrx_word' id='word_1_571' title='bbox 267 4299 461 4355; x_wconf 88' lang='lat' dir='ltr'><strong>timum</strong></span> <span class='ocrx_word' id='word_1_572' title='bbox 484 4295 742 4352; x_wconf 82' lang='lat' dir='ltr'><strong>diabolus</strong></span> <span class='ocrx_word' id='word_1_573' title='bbox 774 4308 896 4349; x_wconf 89' lang='lat' dir='ltr'><strong>cum</strong></span> <span class='ocrx_word' id='word_1_574' title='bbox 927 4289 1178 4346; x_wconf 87' lang='lat' dir='ltr'><strong>omnibus</strong></span> <span class='ocrx_word' id='word_1_575' title='bbox 1207 4289 1469 4346; x_wconf 89' lang='lat' dir='ltr'><strong>membris</strong></span> <span class='ocrx_word' id='word_1_576' title='bbox 1499 4289 1612 4344; x_wconf 89' lang='lat' dir='ltr'><strong>suis</strong></span> <span class='ocrx_word' id='word_1_577' title='bbox 1639 4288 1865 4344; x_wconf 89' lang='lat' dir='ltr'><strong>damna-</strong></span> 
     </span>
    </p>
   </div>
   <div class='ocr_carea' id='block_1_75' title="bbox 265 4383 1960 4463">
    <p class='ocr_par' dir='ltr' id='par_1_75' title="bbox 265 4383 1960 4463">
     <span class='ocr_line' id='line_1_75' title="bbox 265 4383 1960 4463; baseline -0.007 -12"><span class='ocrx_word' id='word_1_578' title='bbox 265 4395 430 4463; x_wconf 87' lang='lat' dir='ltr'><strong>bitur,</strong></span> <span class='ocrx_word' id='word_1_579' title='bbox 454 4401 508 4450; x_wconf 92' lang='lat' dir='ltr'><strong>et</strong></span> <span class='ocrx_word' id='word_1_580' title='bbox 534 4393 620 4448; x_wconf 88' lang='lat' dir='ltr'><strong>hic</strong></span> <span class='ocrx_word' id='word_1_581' title='bbox 652 4389 888 4446; x_wconf 90' lang='lat' dir='ltr'><strong>mundus</strong></span> <span class='ocrx_word' id='word_1_582' title='bbox 933 4403 1092 4460; x_wconf 84' lang='lat' dir='ltr'><strong>quem</strong></span> <span class='ocrx_word' id='word_1_583' title='bbox 1141 4402 1246 4459; x_wconf 93' lang='lat' dir='ltr'><strong>pro</strong></span> <span class='ocrx_word' id='word_1_584' title='bbox 1274 4386 1450 4458; x_wconf 85' lang='lat' dir='ltr'><strong>patria</strong></span> <span class='ocrx_word' id='word_1_585' title='bbox 1481 4383 1800 4455; x_wconf 87' lang='lat' dir='ltr'><strong>dilexerant,</strong></span> <span class='ocrx_word' id='word_1_586' title='bbox 1833 4401 1863 4440; x_wconf 91' lang='lat' dir='ltr'><strong>a</strong></span> <span class='ocrx_word' id='word_1_587' title='bbox 1943 4442 1960 4460; x_wconf 75' lang='lat'><em>_</em></span> 
     </span>
    </p>
   </div>
   <div class='ocr_carea' id='block_1_76' title="bbox 264 4479 820 4540">
    <p class='ocr_par' dir='ltr' id='par_1_76' title="bbox 264 4479 820 4540">
     <span class='ocr_line' id='line_1_76' title="bbox 264 4479 820 4540; baseline -0.013 0"><span class='ocrx_word' id='word_1_588' title='bbox 264 4486 489 4540; x_wconf 84' lang='lat' dir='ltr'><strong>flamma</strong></span> <span class='ocrx_word' id='word_1_589' title='bbox 515 4479 820 4538; x_wconf 88' lang='lat' dir='ltr'><strong>vorabitur.</strong></span> 
     </span>
    </p>
   </div>
   <div class='ocr_carea' id='block_1_77' title="bbox 337 4562 1859 4638">
    <p class='ocr_par' dir='ltr' id='par_1_77' title="bbox 337 4562 1859 4638">
     <span class='ocr_line' id='line_1_77' title="bbox 337 4562 1859 4638; baseline -0.009 -8"><span class='ocrx_word' id='word_1_590' title='bbox 337 4573 512 4630; x_wconf 81' lang='lat' dir='ltr'><strong>Hodie</strong></span> <span class='ocrx_word' id='word_1_591' title='bbox 569 4570 750 4638; x_wconf 87' lang='lat' dir='ltr'><strong>etiam,</strong></span> <span class='ocrx_word' id='word_1_592' title='bbox 799 4563 1159 4633; x_wconf 88' lang='lat' dir='ltr'><strong>dilectissimi,</strong></span> <span class='ocrx_word' id='word_1_593' title='bbox 1211 4562 1459 4620; x_wconf 87' lang='lat' dir='ltr'><strong>Christus</strong></span> <span class='ocrx_word' id='word_1_594' title='bbox 1515 4580 1544 4618; x_wconf 90' lang='lat' dir='ltr'><strong>a</strong></span> <span class='ocrx_word' id='word_1_595' title='bbox 1573 4565 1779 4620; x_wconf 85' lang='lat' dir='ltr'><strong>Joanne</strong></span> <span class='ocrx_word' id='word_1_596' title='bbox 1802 4562 1859 4618; x_wconf 90' lang='lat' dir='ltr'><strong>in</strong></span> 
     </span>
    </p>
   </div>
   <div class='ocr_carea' id='block_1_78' title="bbox 263 4651 1858 4733">
    <p class='ocr_par' dir='ltr' id='par_1_78' title="bbox 263 4651 1858 4733">
     <span class='ocr_line' id='line_1_78' title="bbox 263 4651 1858 4733; baseline -0.007 -14"><span class='ocrx_word' id='word_1_597' title='bbox 263 4662 504 4719; x_wconf 78' lang='lat' dir='ltr'><strong>Iordane</strong></span> <span class='ocrx_word' id='word_1_598' title='bbox 529 4667 653 4733; x_wconf 87' lang='lat' dir='ltr'><strong>post</strong></span> <span class='ocrx_word' id='word_1_599' title='bbox 688 4671 805 4712; x_wconf 83' lang='lat' dir='ltr'><strong>xxx</strong></span> <span class='ocrx_word' id='word_1_600' title='bbox 836 4670 1007 4710; x_wconf 89' lang='lat' dir='ltr'><strong>annos</strong></span> <span class='ocrx_word' id='word_1_601' title='bbox 1037 4651 1350 4726; x_wconf 86' lang='lat' dir='ltr'><strong>baptizatur,</strong></span> <span class='ocrx_word' id='word_1_602' title='bbox 1383 4661 1437 4708; x_wconf 90' lang='lat' dir='ltr'><strong>et</strong></span> <span class='ocrx_word' id='word_1_603' title='bbox 1466 4652 1663 4709; x_wconf 72' lang='lat' dir='ltr'><strong>coelum</strong></span> <span class='ocrx_word' id='word_1_604' title='bbox 1693 4652 1746 4709; x_wconf 88' lang='lat' dir='ltr'><strong>ei</strong></span> <span class='ocrx_word' id='word_1_605' title='bbox 1777 4670 1858 4709; x_wconf 90' lang='lat' dir='ltr'><strong>re-</strong></span> 
     </span>
    </p>
   </div>
   <div class='ocr_carea' id='block_1_79' title="bbox 263 4741 1858 4819">
    <p class='ocr_par' dir='ltr' id='par_1_79' title="bbox 263 4741 1858 4819">
     <span class='ocr_line' id='line_1_79' title="bbox 263 4741 1858 4819; baseline -0.007 -10"><span class='ocrx_word' id='word_1_606' title='bbox 263 4759 494 4818; x_wconf 78' lang='lat' dir='ltr'><strong>seratur,</strong></span> <span class='ocrx_word' id='word_1_607' title='bbox 521 4758 574 4806; x_wconf 91' lang='lat' dir='ltr'><strong>et</strong></span> <span class='ocrx_word' id='word_1_608' title='bbox 603 4745 844 4819; x_wconf 90' lang='lat' dir='ltr'><strong>Spiritus</strong></span> <span class='ocrx_word' id='word_1_609' title='bbox 874 4749 1092 4799; x_wconf 85' lang='lat' dir='ltr'><strong>sanctus</strong></span> <span class='ocrx_word' id='word_1_610' title='bbox 1121 4742 1178 4798; x_wconf 90' lang='lat' dir='ltr'><strong>in</strong></span> <span class='ocrx_word' id='word_1_611' title='bbox 1209 4741 1457 4798; x_wconf 89' lang='lat' dir='ltr'><strong>columba</strong></span> <span class='ocrx_word' id='word_1_612' title='bbox 1489 4742 1672 4815; x_wconf 91' lang='lat' dir='ltr'><strong>specie</strong></span> <span class='ocrx_word' id='word_1_613' title='bbox 1690 4757 1858 4814; x_wconf 90' lang='lat' dir='ltr'><strong>super</strong></span> 
     </span>
    </p>
   </div>
   <div class='ocr_carea' id='block_1_80' title="bbox 261 4837 1857 4915">
    <p class='ocr_par' dir='ltr' id='par_1_80' title="bbox 261 4837 1857 4915">
     <span class='ocr_line' id='line_1_80' title="bbox 261 4837 1857 4915; baseline -0.005 -9"><span class='ocrx_word' id='word_1_614' title='bbox 261 4867 387 4906; x_wconf 89' lang='lat' dir='ltr'><strong>eum</strong></span> <span class='ocrx_word' id='word_1_615' title='bbox 417 4846 1144 4915; x_wconf 84' lang='lat' dir='ltr'><strong>descendisse_memoratur,</strong></span> <span class='ocrx_word' id='word_1_616' title='bbox 1164 4849 1214 4897; x_wconf 91' lang='lat' dir='ltr'><strong>et</strong></span> <span class='ocrx_word' id='word_1_617' title='bbox 1233 4849 1458 4914; x_wconf 89' lang='lat' dir='ltr'><strong>paterna</strong></span> <span class='ocrx_word' id='word_1_618' title='bbox 1474 4857 1574 4898; x_wconf 83' lang='lat' dir='ltr'><strong>vox</strong></span> <span class='ocrx_word' id='word_1_619' title='bbox 1597 4837 1857 4898; x_wconf 89' lang='lat' dir='ltr'><strong>dilectum</strong></span> 
     </span>
    </p>
   </div>
   <div class='ocr_carea' id='block_1_81' title="bbox 259 4937 1852 5019">
    <p class='ocr_par' dir='ltr' id='par_1_81' title="bbox 259 4937 1852 5019">
     <span class='ocr_line' id='line_1_81' title="bbox 259 4937 1852 5019; baseline -0.004 -15"><span class='ocrx_word' id='word_1_620' title='bbox 259 4947 432 5004; x_wconf 86' lang='lat' dir='ltr'><strong>ﬁlium</strong></span> <span class='ocrx_word' id='word_1_621' title='bbox 461 4951 795 5019; x_wconf 78' lang='lat' dir='ltr'><strong>protestetur</strong></span> <span class='ocrx_word' id='word_1_622' title='bbox 823 4939 1046 5012; x_wconf 74' lang='lat' dir='ltr'><strong>(Matth.</strong></span> <span class='ocrx_word' id='word_1_623' title='bbox 1078 4939 1490 5010; x_wconf 87' lang='lat' dir='ltr'><strong>ttt).Dominus,</strong></span> <span class='ocrx_word' id='word_1_624' title='bbox 1523 4937 1852 5009; x_wconf 91' lang='lat' dir='ltr'><strong>charissimi,</strong></span> 
     </span>
    </p>
   </div>
   <div class='ocr_carea' id='block_1_82' title="bbox 1860 5067 1928 5080">
    <p class='ocr_par' dir='ltr' id='par_1_82' title="bbox 1860 5067 1928 5080">
     <span class='ocr_line' id='line_1_82' title="bbox 1860 5067 1928 5080; baseline 0 0"><span class='ocrx_word' id='word_1_625' title='bbox 1860 5067 1928 5080; x_wconf 60' lang='grc'><em>*</em></span> 
     </span>
    </p>
   </div>
   <div class='ocr_carea' id='block_1_83' title="bbox 1990 3254 3587 3328">
    <p class='ocr_par' dir='ltr' id='par_1_83' title="bbox 1990 3254 3587 3328">
     <span class='ocr_line' id='line_1_83' title="bbox 1990 3254 3587 3328; baseline 0.007 -19"><span class='ocrx_word' id='word_1_626' title='bbox 1990 3254 2208 3327; x_wconf 89' lang='lat' dir='ltr'><strong>nuptias</strong></span> <span class='ocrx_word' id='word_1_627' title='bbox 2240 3263 2363 3326; x_wconf 88' lang='lat' dir='ltr'><strong>post</strong></span> <span class='ocrx_word' id='word_1_628' title='bbox 2389 3270 2587 3310; x_wconf 89' lang='lat' dir='ltr'><strong>annum</strong></span> <span class='ocrx_word' id='word_1_629' title='bbox 2611 3254 2866 3328; x_wconf 91' lang='lat' dir='ltr'><strong>baptismi</strong></span> <span class='ocrx_word' id='word_1_630' title='bbox 2887 3255 2993 3325; x_wconf 92' lang='lat' dir='ltr'><strong>sui,</strong></span> <span class='ocrx_word' id='word_1_631' title='bbox 3017 3259 3280 3318; x_wconf 88' lang='lat' dir='ltr'><strong>convivas</strong></span> <span class='ocrx_word' id='word_1_632' title='bbox 3323 3260 3587 3320; x_wconf 85' lang='lat' dir='ltr'><strong>exhilara-</strong></span> 
     </span>
    </p>
   </div>
   <div class='ocr_carea' id='block_1_84' title="bbox 1989 3341 3587 3422">
    <p class='ocr_par' dir='ltr' id='par_1_84' title="bbox 1989 3341 3587 3422">
     <span class='ocr_line' id='line_1_84' title="bbox 1989 3341 3587 3422; baseline 0.006 -24"><span class='ocrx_word' id='word_1_633' title='bbox 1989 3343 2090 3410; x_wconf 81' lang='lat' dir='ltr'><strong>vit,</strong></span> <span class='ocrx_word' id='word_1_634' title='bbox 2123 3344 2250 3399; x_wconf 90' lang='lat' dir='ltr'><strong>dum</strong></span> <span class='ocrx_word' id='word_1_635' title='bbox 2282 3341 2569 3400; x_wconf 82' lang='lat' dir='ltr'><strong>deficiente</strong></span> <span class='ocrx_word' id='word_1_636' title='bbox 2597 3344 2724 3401; x_wconf 89' lang='lat' dir='ltr'><strong>vino</strong></span> <span class='ocrx_word' id='word_1_637' title='bbox 2755 3360 2849 3401; x_wconf 85' lang='lat' dir='ltr'><strong>sex</strong></span> <span class='ocrx_word' id='word_1_638' title='bbox 2881 3345 3104 3418; x_wconf 79' lang='lat' dir='ltr'><strong>hydrias</strong></span> <span class='ocrx_word' id='word_1_639' title='bbox 3133 3365 3289 3422; x_wconf 67' lang='lat' dir='ltr'><strong>aquae</strong></span> <span class='ocrx_word' id='word_1_640' title='bbox 3321 3349 3375 3406; x_wconf 87' lang='lat' dir='ltr'><strong>in</strong></span> <span class='ocrx_word' id='word_1_641' title='bbox 3405 3352 3587 3408; x_wconf 87' lang='lat' dir='ltr'><strong>vinum</strong></span> 
     </span>
    </p>
   </div>
   <div class='ocr_carea' id='block_1_85' title="bbox 1988 3432 3587 3514">
    <p class='ocr_par' dir='ltr' id='par_1_85' title="bbox 1988 3432 3587 3514">
     <span class='ocr_line' id='line_1_85' title="bbox 1988 3432 3587 3514; baseline 0.006 -24"><span class='ocrx_word' id='word_1_642' title='bbox 1988 3433 2336 3490; x_wconf 84' lang='lat' dir='ltr'><strong>commutavit</strong></span> <span class='ocrx_word' id='word_1_643' title='bbox 2368 3432 2550 3504; x_wconf 85' lang='lat' dir='ltr'><strong>(Joan.</strong></span> <span class='ocrx_word' id='word_1_644' title='bbox 2586 3436 2676 3505; x_wconf 85' lang='grc' dir='ltr'>ιι).</span> <span class='ocrx_word' id='word_1_645' title='bbox 2717 3433 2795 3490; x_wconf 89' lang='lat' dir='ltr'><strong>De</strong></span> <span class='ocrx_word' id='word_1_646' title='bbox 2825 3434 2930 3491; x_wconf 91' lang='lat' dir='ltr'><strong>hoc</strong></span> <span class='ocrx_word' id='word_1_647' title='bbox 2960 3433 3085 3493; x_wconf 89' lang='lat' dir='ltr'><strong>vino</strong></span> <span class='ocrx_word' id='word_1_648' title='bbox 3113 3452 3217 3494; x_wconf 86' lang='lat' dir='ltr'><strong>nos</strong></span> <span class='ocrx_word' id='word_1_649' title='bbox 3248 3455 3462 3513; x_wconf 87' lang='lat' dir='ltr'><strong>quoque</strong></span> <span class='ocrx_word' id='word_1_650' title='bbox 3489 3458 3587 3514; x_wconf 49' lang='lat' dir='ltr'><strong>po.</strong></span> 
     </span>
    </p>
   </div>
   <div class='ocr_carea' id='block_1_86' title="bbox 1987 3529 3585 3608">
    <p class='ocr_par' dir='ltr' id='par_1_86' title="bbox 1987 3529 3585 3608">
     <span class='ocr_line' id='line_1_86' title="bbox 1987 3529 3585 3608; baseline 0.006 -22"><span class='ocrx_word' id='word_1_651' title='bbox 1987 3538 2081 3598; x_wconf 89' lang='lat' dir='ltr'><strong>tat,</strong></span> <span class='ocrx_word' id='word_1_652' title='bbox 2115 3529 2240 3587; x_wconf 91' lang='lat' dir='ltr'><strong>dum</strong></span> <span class='ocrx_word' id='word_1_653' title='bbox 2271 3531 2390 3588; x_wconf 64' lang='lat' dir='ltr'><strong>haec</strong></span> <span class='ocrx_word' id='word_1_654' title='bbox 2413 3548 2513 3587; x_wconf 90' lang='lat' dir='ltr'><strong>nos</strong></span> <span class='ocrx_word' id='word_1_655' title='bbox 2544 3531 2859 3604; x_wconf 78' lang='lat' dir='ltr'><strong>spiritaliter</strong></span> <span class='ocrx_word' id='word_1_656' title='bbox 2877 3531 3185 3608; x_wconf 86' lang='lat' dir='ltr'><strong>intelligere</strong></span> <span class='ocrx_word' id='word_1_657' title='bbox 3207 3535 3393 3595; x_wconf 91' lang='lat' dir='ltr'><strong>donat.</strong></span> <span class='ocrx_word' id='word_1_658' title='bbox 3416 3541 3585 3596; x_wconf 89' lang='lat' dir='ltr'><strong>Istum</strong></span> 
     </span>
    </p>
   </div>
   <div class='ocr_carea' id='block_1_87' title="bbox 1985 3628 3584 3704">
    <p class='ocr_par' dir='ltr' id='par_1_87' title="bbox 1985 3628 3584 3704">
     <span class='ocr_line' id='line_1_87' title="bbox 1985 3628 3584 3704; baseline 0.009 -22"><span class='ocrx_word' id='word_1_659' title='bbox 1985 3629 2128 3684; x_wconf 92' lang='lat' dir='ltr'><strong>diem</strong></span> <span class='ocrx_word' id='word_1_660' title='bbox 2164 3628 2322 3684; x_wconf 87' lang='lat' dir='ltr'><strong>etiam</strong></span> <span class='ocrx_word' id='word_1_661' title='bbox 2355 3629 2588 3702; x_wconf 87' lang='lat' dir='ltr'><strong>gentiles</strong></span> <span class='ocrx_word' id='word_1_662' title='bbox 2611 3628 2739 3686; x_wconf 90' lang='lat' dir='ltr'><strong>olim</strong></span> <span class='ocrx_word' id='word_1_663' title='bbox 2763 3629 3033 3687; x_wconf 89' lang='lat' dir='ltr'><strong>celebrem</strong></span> <span class='ocrx_word' id='word_1_664' title='bbox 3063 3632 3355 3704; x_wconf 89' lang='lat' dir='ltr'><strong>ducebant,</strong></span> <span class='ocrx_word' id='word_1_665' title='bbox 3382 3637 3451 3694; x_wconf 93' lang='lat' dir='ltr'><strong>ob</strong></span> <span class='ocrx_word' id='word_1_666' title='bbox 3484 3638 3584 3695; x_wconf 88' lang='lat' dir='ltr'><strong>tri-</strong></span> 
     </span>
    </p>
   </div>
   <div class='ocr_carea' id='block_1_88' title="bbox 1981 3718 3581 3797">
    <p class='ocr_par' dir='ltr' id='par_1_88' title="bbox 1981 3718 3581 3797">
     <span class='ocr_line' id='line_1_88' title="bbox 1981 3718 3581 3797; baseline 0.008 -24"><span class='ocrx_word' id='word_1_667' title='bbox 1981 3735 2111 3774; x_wconf 91' lang='lat' dir='ltr'><strong>num</strong></span> <span class='ocrx_word' id='word_1_668' title='bbox 2149 3718 2487 3789; x_wconf 89' lang='lat' dir='ltr'><strong>triumphum</strong></span> <span class='ocrx_word' id='word_1_669' title='bbox 2526 3735 2686 3791; x_wconf 86' lang='lat' dir='ltr'><strong>quem</strong></span> <span class='ocrx_word' id='word_1_670' title='bbox 2733 3719 2894 3775; x_wconf 89' lang='lat' dir='ltr'><strong>hodie</strong></span> <span class='ocrx_word' id='word_1_671' title='bbox 2924 3719 3154 3777; x_wconf 85' lang='lat' dir='ltr'><strong>Romani</strong></span> <span class='ocrx_word' id='word_1_672' title='bbox 3183 3725 3430 3797; x_wconf 83' lang='lat' dir='ltr'><strong>Augusto</strong></span> <span class='ocrx_word' id='word_1_673' title='bbox 3459 3729 3581 3786; x_wconf 72' lang='lat' dir='ltr'><strong>Ca:-</strong></span> 
     </span>
    </p>
   </div>
   <div class='ocr_carea' id='block_1_89' title="bbox 1985 3813 3581 3891">
    <p class='ocr_par' dir='ltr' id='par_1_89' title="bbox 1985 3813 3581 3891">
     <span class='ocr_line' id='line_1_89' title="bbox 1985 3813 3581 3891; baseline 0.008 -22"><span class='ocrx_word' id='word_1_674' title='bbox 1985 3813 2096 3870; x_wconf 91' lang='lat' dir='ltr'><strong>sari</strong></span> <span class='ocrx_word' id='word_1_675' title='bbox 2130 3813 2479 3882; x_wconf 86' lang='lat' dir='ltr'><strong>exhibebant,</strong></span> <span class='ocrx_word' id='word_1_676' title='bbox 2527 3832 2593 3872; x_wconf 91' lang='lat' dir='ltr'><strong>eo</strong></span> <span class='ocrx_word' id='word_1_677' title='bbox 2647 3816 2794 3888; x_wconf 90' lang='lat' dir='ltr'><strong>quod</strong></span> <span class='ocrx_word' id='word_1_678' title='bbox 2852 3815 2955 3871; x_wconf 88' lang='lat' dir='ltr'><strong>tria</strong></span> <span class='ocrx_word' id='word_1_679' title='bbox 2985 3833 3176 3891; x_wconf 89' lang='lat' dir='ltr'><strong>regna,</strong></span> <span class='ocrx_word' id='word_1_680' title='bbox 3211 3820 3413 3878; x_wconf 91' lang='lat' dir='ltr'><strong>scilicet</strong></span> <span class='ocrx_word' id='word_1_681' title='bbox 3442 3824 3581 3881; x_wconf 86' lang='lat' dir='ltr'><strong>Par-</strong></span> 
     </span>
    </p>
   </div>
   <div class='ocr_carea' id='block_1_90' title="bbox 1982 3902 3579 3979">
    <p class='ocr_par' dir='ltr' id='par_1_90' title="bbox 1982 3902 3579 3979">
     <span class='ocr_line' id='line_1_90' title="bbox 1982 3902 3579 3979; baseline 0.008 -20"><span class='ocrx_word' id='word_1_682' title='bbox 1982 3903 2174 3970; x_wconf 89' lang='lat' dir='ltr'><strong>thiam,</strong></span> <span class='ocrx_word' id='word_1_683' title='bbox 2236 3902 2550 3975; x_wconf 61' lang='lat' dir='ltr'><strong>AZgj&#39;ptum</strong></span> <span class='ocrx_word' id='word_1_684' title='bbox 2610 3912 2663 3960; x_wconf 86' lang='lat' dir='ltr'><strong>et</strong></span> <span class='ocrx_word' id='word_1_685' title='bbox 2720 3903 2952 3960; x_wconf 88' lang='lat' dir='ltr'><strong>mediam</strong></span> <span class='ocrx_word' id='word_1_686' title='bbox 2979 3905 3300 3979; x_wconf 86' lang='lat' dir='ltr'><strong>devincens,</strong></span> <span class='ocrx_word' id='word_1_687' title='bbox 3335 3909 3579 3972; x_wconf 83' lang='lat' dir='ltr'><strong>Romano</strong></span> 
     </span>
    </p>
   </div>
   <div class='ocr_carea' id='block_1_91' title="bbox 1980 3999 3578 4074">
    <p class='ocr_par' dir='ltr' id='par_1_91' title="bbox 1980 3999 3578 4074">
     <span class='ocr_line' id='line_1_91' title="bbox 1980 3999 3578 4074; baseline 0.008 -19"><span class='ocrx_word' id='word_1_688' title='bbox 1980 4000 2217 4072; x_wconf 88' lang='lat' dir='ltr'><strong>imperio</strong></span> <span class='ocrx_word' id='word_1_689' title='bbox 2247 3999 2667 4074; x_wconf 90' lang='lat' dir='ltr'><strong>subjugaverat.</strong></span> <span class='ocrx_word' id='word_1_690' title='bbox 2689 4003 2842 4058; x_wconf 87' lang='lat' dir='ltr'><strong>Hunc</strong></span> <span class='ocrx_word' id='word_1_691' title='bbox 2863 4001 3212 4061; x_wconf 85' lang='lat' dir='ltr'><strong>nihilominus</strong></span> <span class='ocrx_word' id='word_1_692' title='bbox 3233 4007 3477 4065; x_wconf 87' lang='lat' dir='ltr'><strong>Ecclesia</strong></span> <span class='ocrx_word' id='word_1_693' title='bbox 3506 4012 3578 4067; x_wconf 89' lang='lat' dir='ltr'><strong>ob</strong></span> 
     </span>
    </p>
   </div>
   <div class='ocr_carea' id='block_1_92' title="bbox 1981 4090 3569 4164">
    <p class='ocr_par' dir='ltr' id='par_1_92' title="bbox 1981 4090 3569 4164">
     <span class='ocr_line' id='line_1_92' title="bbox 1981 4090 3569 4164; baseline 0.008 -21"><span class='ocrx_word' id='word_1_694' title='bbox 1981 4097 2097 4145; x_wconf 89' lang='lat' dir='ltr'><strong>tres</strong></span> <span class='ocrx_word' id='word_1_695' title='bbox 2130 4105 2327 4146; x_wconf 89' lang='lat' dir='ltr'><strong>causas</strong></span> <span class='ocrx_word' id='word_1_696' title='bbox 2360 4090 2658 4145; x_wconf 80' lang='lat' dir='ltr'><strong>solemnem</strong></span> <span class='ocrx_word' id='word_1_697' title='bbox 2683 4090 2909 4160; x_wconf 89' lang='lat' dir='ltr'><strong>judicat,</strong></span> <span class='ocrx_word' id='word_1_698' title='bbox 2942 4100 2995 4147; x_wconf 90' lang='lat' dir='ltr'><strong>et</strong></span> <span class='ocrx_word' id='word_1_699' title='bbox 3025 4095 3142 4164; x_wconf 86' lang='lat' dir='ltr'><strong>regi</strong></span> <span class='ocrx_word' id='word_1_700' title='bbox 3170 4096 3416 4152; x_wconf 89' lang='lat' dir='ltr'><strong>omnium</strong></span> <span class='ocrx_word' id='word_1_701' title='bbox 3447 4115 3569 4156; x_wconf 90' lang='lat' dir='ltr'><strong>cum</strong></span> 
     </span>
    </p>
   </div>
   <div class='ocr_carea' id='block_1_93' title="bbox 1987 4185 3569 4264">
    <p class='ocr_par' dir='ltr' id='par_1_93' title="bbox 1987 4185 3569 4264">
     <span class='ocr_line' id='line_1_93' title="bbox 1987 4185 3569 4264; baseline 0.008 -23"><span class='ocrx_word' id='word_1_702' title='bbox 1987 4186 2300 4258; x_wconf 88' lang='lat' dir='ltr'><strong>triumphali</strong></span> <span class='ocrx_word' id='word_1_703' title='bbox 2331 4185 2489 4242; x_wconf 90' lang='lat' dir='ltr'><strong>laude</strong></span> <span class='ocrx_word' id='word_1_704' title='bbox 2517 4186 2732 4258; x_wconf 89' lang='lat' dir='ltr'><strong>jubilat,</strong></span> <span class='ocrx_word' id='word_1_705' title='bbox 2777 4188 2921 4260; x_wconf 93' lang='lat' dir='ltr'><strong>quod</strong></span> <span class='ocrx_word' id='word_1_706' title='bbox 2953 4189 3205 4246; x_wconf 88' lang='lat' dir='ltr'><strong>videlicet</strong></span> <span class='ocrx_word' id='word_1_707' title='bbox 3246 4199 3355 4249; x_wconf 89' lang='lat' dir='ltr'><strong>tres</strong></span> <span class='ocrx_word' id='word_1_708' title='bbox 3382 4205 3569 4264; x_wconf 89' lang='lat' dir='ltr'><strong>partes</strong></span> 
     </span>
    </p>
   </div>
   <div class='ocr_carea' id='block_1_94' title="bbox 1984 4272 3574 4350">
    <p class='ocr_par' dir='ltr' id='par_1_94' title="bbox 1984 4272 3574 4350">
     <span class='ocr_line' id='line_1_94' title="bbox 1984 4272 3574 4350; baseline 0.009 -21"><span class='ocrx_word' id='word_1_709' title='bbox 1984 4272 2196 4343; x_wconf 90' lang='lat' dir='ltr'><strong>mundi,</strong></span> <span class='ocrx_word' id='word_1_710' title='bbox 2247 4273 2414 4330; x_wconf 90' lang='lat' dir='ltr'><strong>hodie</strong></span> <span class='ocrx_word' id='word_1_711' title='bbox 2470 4291 2572 4345; x_wconf 90' lang='lat' dir='ltr'><strong>per</strong></span> <span class='ocrx_word' id='word_1_712' title='bbox 2624 4283 2735 4331; x_wconf 86' lang='lat' dir='ltr'><strong>tres</strong></span> <span class='ocrx_word' id='word_1_713' title='bbox 2764 4275 2959 4349; x_wconf 83' lang='lat' dir='ltr'><strong>Magos</strong></span> <span class='ocrx_word' id='word_1_714' title='bbox 2989 4287 3207 4350; x_wconf 88' lang='lat' dir='ltr'><strong>sceptro</strong></span> <span class='ocrx_word' id='word_1_715' title='bbox 3237 4281 3320 4337; x_wconf 91' lang='lat' dir='ltr'><strong>sui</strong></span> <span class='ocrx_word' id='word_1_716' title='bbox 3349 4282 3574 4344; x_wconf 90' lang='lat' dir='ltr'><strong>dominii</strong></span> 
     </span>
    </p>
   </div>
   <div class='ocr_carea' id='block_1_95' title="bbox 1978 4361 3570 4444">
    <p class='ocr_par' dir='ltr' id='par_1_95' title="bbox 1978 4361 3570 4444">
     <span class='ocr_line' id='line_1_95' title="bbox 1978 4361 3570 4444; baseline 0.009 -25"><span class='ocrx_word' id='word_1_717' title='bbox 1978 4361 2239 4430; x_wconf 91' lang='lat' dir='ltr'><strong>subdidit,</strong></span> <span class='ocrx_word' id='word_1_718' title='bbox 2294 4369 2347 4418; x_wconf 91' lang='lat' dir='ltr'><strong>et</strong></span> <span class='ocrx_word' id='word_1_719' title='bbox 2395 4363 2625 4419; x_wconf 90' lang='lat' dir='ltr'><strong>crimina</strong></span> <span class='ocrx_word' id='word_1_720' title='bbox 2666 4369 2854 4421; x_wconf 89' lang='lat' dir='ltr'><strong>nostra</strong></span> <span class='ocrx_word' id='word_1_721' title='bbox 2898 4365 2952 4420; x_wconf 91' lang='lat' dir='ltr'><strong>in</strong></span> <span class='ocrx_word' id='word_1_722' title='bbox 3000 4367 3238 4426; x_wconf 85' lang='lat' dir='ltr'><strong>Jordane</strong></span> <span class='ocrx_word' id='word_1_723' title='bbox 3281 4370 3471 4444; x_wconf 88' lang='lat' dir='ltr'><strong>abluit,</strong></span> <span class='ocrx_word' id='word_1_724' title='bbox 3517 4385 3570 4434; x_wconf 90' lang='lat' dir='ltr'><strong>et</strong></span> 
     </span>
    </p>
   </div>
   <div class='ocr_carea' id='block_1_96' title="bbox 1973 4459 3572 4540">
    <p class='ocr_par' dir='ltr' id='par_1_96' title="bbox 1973 4459 3572 4540">
     <span class='ocr_line' id='line_1_96' title="bbox 1973 4459 3572 4540; baseline 0.01 -25"><span class='ocrx_word' id='word_1_725' title='bbox 1973 4476 2169 4533; x_wconf 90' lang='lat' dir='ltr'><strong>aquam</strong></span> <span class='ocrx_word' id='word_1_726' title='bbox 2199 4459 2338 4534; x_wconf 90' lang='lat' dir='ltr'><strong>legis</strong></span> <span class='ocrx_word' id='word_1_727' title='bbox 2366 4459 2529 4518; x_wconf 87' lang='lat' dir='ltr'><strong>hodie</strong></span> <span class='ocrx_word' id='word_1_728' title='bbox 2559 4461 2612 4516; x_wconf 91' lang='lat' dir='ltr'><strong>in</strong></span> <span class='ocrx_word' id='word_1_729' title='bbox 2644 4462 2826 4519; x_wconf 79' lang='lat' dir='ltr'><strong>vinum</strong></span> <span class='ocrx_word' id='word_1_730' title='bbox 2856 4463 3049 4537; x_wconf 84' lang='lat' dir='ltr'><strong>gratiae</strong></span> <span class='ocrx_word' id='word_1_731' title='bbox 3069 4465 3136 4521; x_wconf 86' lang='lat' dir='ltr'><strong>ad</strong></span> <span class='ocrx_word' id='word_1_732' title='bbox 3166 4466 3438 4540; x_wconf 88' lang='lat' dir='ltr'><strong>spiritales</strong></span> <span class='ocrx_word' id='word_1_733' title='bbox 3464 4490 3572 4532; x_wconf 91' lang='lat' dir='ltr'><strong>nu-</strong></span> 
     </span>
    </p>
   </div>
   <div class='ocr_carea' id='block_1_97' title="bbox 1974 4549 3567 4628">
    <p class='ocr_par' dir='ltr' id='par_1_97' title="bbox 1974 4549 3567 4628">
     <span class='ocr_line' id='line_1_97' title="bbox 1974 4549 3567 4628; baseline 0.011 -24"><span class='ocrx_word' id='word_1_734' title='bbox 1974 4550 2121 4622; x_wconf 81' lang='lat' dir='ltr'><strong>ptias</strong></span> <span class='ocrx_word' id='word_1_735' title='bbox 2154 4549 2455 4606; x_wconf 89' lang='lat' dir='ltr'><strong>transtulit.</strong></span> <span class='ocrx_word' id='word_1_736' title='bbox 2497 4549 2666 4621; x_wconf 88' lang='lat' dir='ltr'><strong>Hujus</strong></span> <span class='ocrx_word' id='word_1_737' title='bbox 2696 4551 2949 4626; x_wconf 90' lang='lat' dir='ltr'><strong>imperio,</strong></span> <span class='ocrx_word' id='word_1_738' title='bbox 2981 4553 3304 4628; x_wconf 88' lang='lat' dir='ltr'><strong>charissimi,</strong></span> <span class='ocrx_word' id='word_1_739' title='bbox 3337 4577 3434 4617; x_wconf 91' lang='lat' dir='ltr'><strong>vos</strong></span> <span class='ocrx_word' id='word_1_740' title='bbox 3457 4571 3567 4621; x_wconf 89' lang='lat' dir='ltr'><strong>tota</strong></span> 
     </span>
    </p>
   </div>
   <div class='ocr_carea' id='block_1_98' title="bbox 1971 4647 3563 4718">
    <p class='ocr_par' dir='ltr' id='par_1_98' title="bbox 1971 4647 3563 4718">
     <span class='ocr_line' id='line_1_98' title="bbox 1971 4647 3563 4718; baseline 0.008 -15"><span class='ocrx_word' id='word_1_741' title='bbox 1971 4655 2154 4704; x_wconf 90' lang='lat' dir='ltr'><strong>mente</strong></span> <span class='ocrx_word' id='word_1_742' title='bbox 2177 4656 2230 4704; x_wconf 91' lang='lat' dir='ltr'><strong>et</strong></span> <span class='ocrx_word' id='word_1_743' title='bbox 2249 4647 2413 4704; x_wconf 88' lang='lat' dir='ltr'><strong>corde</strong></span> <span class='ocrx_word' id='word_1_744' title='bbox 2437 4647 2672 4718; x_wconf 90' lang='lat' dir='ltr'><strong>subdite,</strong></span> <span class='ocrx_word' id='word_1_745' title='bbox 2693 4649 2940 4706; x_wconf 88' lang='lat' dir='ltr'><strong>debitum</strong></span> <span class='ocrx_word' id='word_1_746' title='bbox 2961 4653 3245 4710; x_wconf 78' lang='lat' dir='ltr'><strong>servitium</strong></span> <span class='ocrx_word' id='word_1_747' title='bbox 3268 4659 3415 4714; x_wconf 92' lang='lat' dir='ltr'><strong>omni</strong></span> <span class='ocrx_word' id='word_1_748' title='bbox 3437 4668 3563 4716; x_wconf 85' lang='lat' dir='ltr'><strong>tem-</strong></span> 
     </span>
    </p>
   </div>
   <div class='ocr_carea' id='block_1_99' title="bbox 1965 4745 3558 4828">
    <p class='ocr_par' dir='ltr' id='par_1_99' title="bbox 1965 4745 3558 4828">
     <span class='ocr_line' id='line_1_99' title="bbox 1965 4745 3558 4828; baseline 0.006 -26"><span class='ocrx_word' id='word_1_749' title='bbox 1965 4763 2108 4820; x_wconf 89' lang='lat' dir='ltr'><strong>pore</strong></span> <span class='ocrx_word' id='word_1_750' title='bbox 2130 4749 2177 4804; x_wconf 92' lang='lat' dir='ltr'><strong>ei</strong></span> <span class='ocrx_word' id='word_1_751' title='bbox 2198 4745 2512 4819; x_wconf 87' lang='lat' dir='ltr'><strong>persolvite,</strong></span> <span class='ocrx_word' id='word_1_752' title='bbox 2532 4756 2589 4802; x_wconf 89' lang='lat' dir='ltr'><strong>ut</strong></span> <span class='ocrx_word' id='word_1_753' title='bbox 2610 4757 2733 4819; x_wconf 89' lang='lat' dir='ltr'><strong>post</strong></span> <span class='ocrx_word' id='word_1_754' title='bbox 2753 4747 2908 4820; x_wconf 91' lang='lat' dir='ltr'><strong>hujus</strong></span> <span class='ocrx_word' id='word_1_755' title='bbox 2930 4749 3142 4807; x_wconf 62' lang='lat' dir='ltr'><strong>miserae</strong></span> <span class='ocrx_word' id='word_1_756' title='bbox 3162 4753 3558 4828; x_wconf 81' lang='lat' dir='ltr'><strong>vitaeinOpiam,</strong></span> 
     </span>
    </p>
   </div>
   <div class='ocr_carea' id='block_1_100' title="bbox 1961 4844 3558 4924">
    <p class='ocr_par' dir='ltr' id='par_1_100' title="bbox 1961 4844 3558 4924">
     <span class='ocr_line' id='line_1_100' title="bbox 1961 4844 3558 4924; baseline 0.006 -22"><span class='ocrx_word' id='word_1_757' title='bbox 1961 4844 2278 4919; x_wconf 89' lang='lat' dir='ltr'><strong>percipiatis</strong></span> <span class='ocrx_word' id='word_1_758' title='bbox 2308 4845 2376 4902; x_wconf 87' lang='lat' dir='ltr'><strong>ab</strong></span> <span class='ocrx_word' id='word_1_759' title='bbox 2417 4844 2513 4900; x_wconf 91' lang='lat' dir='ltr'><strong>illo</strong></span> <span class='ocrx_word' id='word_1_760' title='bbox 2543 4845 2764 4902; x_wconf 88' lang='lat' dir='ltr'><strong>divitias</strong></span> <span class='ocrx_word' id='word_1_761' title='bbox 2810 4855 2863 4904; x_wconf 91' lang='lat' dir='ltr'><strong>et</strong></span> <span class='ocrx_word' id='word_1_762' title='bbox 2908 4846 3141 4922; x_wconf 89' lang='lat' dir='ltr'><strong>gloriam</strong></span> <span class='ocrx_word' id='word_1_763' title='bbox 3173 4868 3336 4924; x_wconf 92' lang='lat' dir='ltr'><strong>quam</strong></span> <span class='ocrx_word' id='word_1_764' title='bbox 3366 4856 3558 4912; x_wconf 75' lang='lat' dir='ltr'><strong>oculus</strong></span> 
     </span>
    </p>
   </div>
   <div class='ocr_carea' id='block_1_101' title="bbox 1959 4941 2592 5014">
    <p class='ocr_par' dir='ltr' id='par_1_101' title="bbox 1959 4941 2592 5014">
     <span class='ocr_line' id='line_1_101' title="bbox 1959 4941 2592 5014; baseline 0.002 -16"><span class='ocrx_word' id='word_1_765' title='bbox 1959 4959 2074 5000; x_wconf 88' lang='lat' dir='ltr'><strong>non</strong></span> <span class='ocrx_word' id='word_1_766' title='bbox 2105 4941 2239 5000; x_wconf 90' lang='lat' dir='ltr'><strong>vidit</strong></span> <span class='ocrx_word' id='word_1_767' title='bbox 2269 4943 2318 5014; x_wconf 91' lang='lat' dir='ltr'><strong>(I</strong></span> <span class='ocrx_word' id='word_1_768' title='bbox 2348 4941 2478 5000; x_wconf 90' lang='lat' dir='ltr'><strong>Cor.</strong></span> <span class='ocrx_word' id='word_1_769' title='bbox 2511 4944 2592 5012; x_wconf 86' lang='lat' dir='ltr'><strong>tt).</strong></span> 
     </span>
    </p>
   </div>
   <div class='ocr_carea' id='block_1_102' title="bbox 703 5212 3073 5332">
    <p class='ocr_par' dir='ltr' id='par_1_102' title="bbox 703 5212 3073 5332">
     <span class='ocr_line' id='line_1_102' title="bbox 703 5212 3073 5332; baseline 0.003 -6"><span class='ocrx_word' id='word_1_770' title='bbox 703 5215 1318 5328; x_wconf 86' lang='lat' dir='ltr'><strong>DOMINICA</strong></span> <span class='ocrx_word' id='word_1_771' title='bbox 1394 5212 1779 5330; x_wconf 82' lang='lat' dir='ltr'><strong>PRIMA</strong></span> <span class='ocrx_word' id='word_1_772' title='bbox 1855 5217 2187 5328; x_wconf 89' lang='lat' dir='ltr'><strong>POST</strong></span> <span class='ocrx_word' id='word_1_773' title='bbox 2264 5226 3073 5332; x_wconf 82' lang='lat' dir='ltr'><strong>EPIPHANIAM.</strong></span> 
     </span>
    </p>
   </div>
   <div class='ocr_carea' id='block_1_103' title="bbox 331 5433 1846 5503">
    <p class='ocr_par' dir='ltr' id='par_1_103' title="bbox 331 5433 1846 5503">
     <span class='ocr_line' id='line_1_103' title="bbox 331 5433 1846 5503; baseline -0.005 -6"><span class='ocrx_word' id='word_1_774' title='bbox 331 5462 348 5490; x_wconf 79' lang='grc' dir='ltr'><strong>ι</strong></span> <span class='ocrx_word' id='word_1_775' title='bbox 382 5442 515 5497; x_wconf 87' lang='lat' dir='ltr'><strong>Cum</strong></span> <span class='ocrx_word' id='word_1_776' title='bbox 531 5440 705 5498; x_wconf 81' lang='lat' dir='ltr'><strong>factus</strong></span> <span class='ocrx_word' id='word_1_777' title='bbox 721 5447 870 5497; x_wconf 87' lang='lat' dir='ltr'><strong>esset</strong></span> <span class='ocrx_word' id='word_1_778' title='bbox 883 5440 911 5494; x_wconf 76' lang='grc' dir='ltr'><strong>,Ι</strong></span> <span class='ocrx_word' id='word_1_779' title='bbox 916 5455 1042 5496; x_wconf 91' lang='lat' dir='ltr'><strong>esus</strong></span> <span class='ocrx_word' id='word_1_780' title='bbox 1054 5452 1320 5495; x_wconf 88' lang='lat' dir='ltr'><strong>annorum</strong></span> <span class='ocrx_word' id='word_1_781' title='bbox 1333 5433 1646 5503; x_wconf 87' lang='lat' dir='ltr'><strong>duodecim,</strong></span> <span class='ocrx_word' id='word_1_782' title='bbox 1662 5449 1846 5492; x_wconf 87' lang='lat' dir='ltr'><strong>ascen-</strong></span> 
     </span>
    </p>
   </div>
   <div class='ocr_carea' id='block_1_104' title="bbox 249 5532 1842 5606">
    <p class='ocr_par' dir='ltr' id='par_1_104' title="bbox 249 5532 1842 5606">
     <span class='ocr_line' id='line_1_104' title="bbox 249 5532 1842 5606; baseline -0.005 -13"><span class='ocrx_word' id='word_1_783' title='bbox 249 5535 510 5594; x_wconf 86' lang='lat' dir='ltr'><strong>dentibus</strong></span> <span class='ocrx_word' id='word_1_784' title='bbox 538 5536 648 5594; x_wconf 84' lang='lat' dir='ltr'><strong>illis</strong></span> <span class='ocrx_word' id='word_1_785' title='bbox 682 5535 738 5590; x_wconf 86' lang='lat' dir='ltr'><strong>in</strong></span> <span class='ocrx_word' id='word_1_786' title='bbox 782 5532 1222 5606; x_wconf 73' lang='lat' dir='ltr'><strong>Hierosolymam</strong></span> <span class='ocrx_word' id='word_1_787' title='bbox 1269 5532 1575 5588; x_wconf 86' lang='lat' dir='ltr'><strong>secundum</strong></span> <span class='ocrx_word' id='word_1_788' title='bbox 1603 5545 1842 5588; x_wconf 89' lang='lat' dir='ltr'><strong>consue-</strong></span> 
     </span>
    </p>
   </div>
   <div class='ocr_carea' id='block_1_105' title="bbox 250 5617 1844 5695">
    <p class='ocr_par' dir='ltr' id='par_1_105' title="bbox 250 5617 1844 5695">
     <span class='ocr_line' id='line_1_105' title="bbox 250 5617 1844 5695; baseline -0.004 -15"><span class='ocrx_word' id='word_1_789' title='bbox 250 5625 499 5682; x_wconf 85' lang='lat' dir='ltr'><strong>tudinem</strong></span> <span class='ocrx_word' id='word_1_790' title='bbox 517 5625 628 5682; x_wconf 88' lang='lat' dir='ltr'><strong>diei</strong></span> <span class='ocrx_word' id='word_1_791' title='bbox 642 5623 787 5691; x_wconf 79' lang='lat' dir='ltr'><strong>festi,</strong></span> <span class='ocrx_word' id='word_1_792' title='bbox 810 5621 1314 5695; x_wconf 84' lang='lat' dir='ltr'><strong>consummatisque</strong></span> <span class='ocrx_word' id='word_1_793' title='bbox 1331 5620 1547 5691; x_wconf 87' lang='lat' dir='ltr'><strong>diebus,</strong></span> <span class='ocrx_word' id='word_1_794' title='bbox 1567 5635 1699 5678; x_wconf 88' lang='lat' dir='ltr'><strong>cum</strong></span> <span class='ocrx_word' id='word_1_795' title='bbox 1710 5617 1844 5676; x_wconf 82' lang='lat' dir='ltr'><strong>redi-</strong></span> 
     </span>
    </p>
   </div>
   <div class='ocr_carea' id='block_1_106' title="bbox 253 5719 1844 5794">
    <p class='ocr_par' dir='ltr' id='par_1_106' title="bbox 253 5719 1844 5794">
     <span class='ocr_line' id='line_1_106' title="bbox 253 5719 1844 5794; baseline -0.004 -16"><span class='ocrx_word' id='word_1_796' title='bbox 253 5731 392 5790; x_wconf 80' lang='lat' dir='ltr'><strong>rent,</strong></span> <span class='ocrx_word' id='word_1_797' title='bbox 425 5723 686 5779; x_wconf 78' lang='lat' dir='ltr'><strong>remansit</strong></span> <span class='ocrx_word' id='word_1_798' title='bbox 707 5737 842 5793; x_wconf 82' lang='lat' dir='ltr'><strong>puer</strong></span> <span class='ocrx_word' id='word_1_799' title='bbox 868 5723 1026 5777; x_wconf 81' lang='lat' dir='ltr'><strong>Jesus</strong></span> <span class='ocrx_word' id='word_1_800' title='bbox 1055 5721 1111 5775; x_wconf 89' lang='lat' dir='ltr'><strong>in</strong></span> <span class='ocrx_word' id='word_1_801' title='bbox 1139 5719 1504 5787; x_wconf 78' lang='lat' dir='ltr'><strong>Hierusalem,</strong></span> <span class='ocrx_word' id='word_1_802' title='bbox 1529 5725 1590 5794; x_wconf 30' lang='lat' dir='ltr'><strong>(et</strong></span> <span class='ocrx_word' id='word_1_803' title='bbox 1609 5732 1715 5773; x_wconf 91' lang='lat' dir='ltr'><strong>non</strong></span> <span class='ocrx_word' id='word_1_804' title='bbox 1747 5732 1844 5772; x_wconf 87' lang='lat' dir='ltr'><strong>co-</strong></span> 
     </span>
    </p>
   </div>
   <div class='ocr_carea' id='block_1_107' title="bbox 253 5806 1847 5884">
    <p class='ocr_par' dir='ltr' id='par_1_107' title="bbox 253 5806 1847 5884">
     <span class='ocr_line' id='line_1_107' title="bbox 253 5806 1847 5884; baseline -0.005 -15"><span class='ocrx_word' id='word_1_805' title='bbox 253 5819 568 5884; x_wconf 76' lang='lat' dir='ltr'><strong>gnoverunt</strong></span> <span class='ocrx_word' id='word_1_806' title='bbox 594 5818 856 5884; x_wconf 85' lang='lat' dir='ltr'><strong>parentes</strong></span> <span class='ocrx_word' id='word_1_807' title='bbox 887 5809 1008 5879; x_wconf 84' lang='lat' dir='ltr'><strong>ejus</strong></span> <span class='ocrx_word' id='word_1_808' title='bbox 1033 5808 1198 5879; x_wconf 85' lang='lat' dir='ltr'><strong>(Luc.</strong></span> <span class='ocrx_word' id='word_1_809' title='bbox 1237 5810 1320 5878; x_wconf 86' lang='grc' dir='ltr'>ιι).</span> <span class='ocrx_word' id='word_1_810' title='bbox 1359 5833 1380 5857; x_wconf 81' lang='grc' dir='ltr'><strong><em>υ</em></strong></span> <span class='ocrx_word' id='word_1_811' title='bbox 1417 5806 1520 5863; x_wconf 85' lang='lat' dir='ltr'><strong>Ubi</strong></span> <span class='ocrx_word' id='word_1_812' title='bbox 1537 5807 1604 5861; x_wconf 90' lang='lat' dir='ltr'><strong>ad</strong></span> <span class='ocrx_word' id='word_1_813' title='bbox 1633 5813 1847 5862; x_wconf 86' lang='lat' dir='ltr'><strong>aetatem</strong></span> 
     </span>
    </p>
   </div>
   <div class='ocr_carea' id='block_1_108' title="bbox 1950 5429 3546 5520">
    <p class='ocr_par' dir='ltr' id='par_1_108' title="bbox 1950 5429 3546 5520">
     <span class='ocr_line' id='line_1_108' title="bbox 1950 5429 3546 5520; baseline 0.022 -34"><span class='ocrx_word' id='word_1_814' title='bbox 1950 5429 2296 5488; x_wconf 89' lang='lat' dir='ltr'><strong>duodennem</strong></span> <span class='ocrx_word' id='word_1_815' title='bbox 2316 5433 2480 5496; x_wconf 88' lang='lat' dir='ltr'><strong>venit.</strong></span> <span class='ocrx_word' id='word_1_816' title='bbox 2500 5436 2663 5508; x_wconf 85' lang='lat' dir='ltr'><strong>coepit</strong></span> <span class='ocrx_word' id='word_1_817' title='bbox 2683 5442 2897 5512; x_wconf 87' lang='lat' dir='ltr'><strong>aperire</strong></span> <span class='ocrx_word' id='word_1_818' title='bbox 2919 5447 3054 5518; x_wconf 90' lang='lat' dir='ltr'><strong>quid</strong></span> <span class='ocrx_word' id='word_1_819' title='bbox 3081 5449 3438 5516; x_wconf 69' lang='lat' dir='ltr'><strong>Patricmlesti</strong></span> <span class='ocrx_word' id='word_1_820' title='bbox 3457 5459 3546 5520; x_wconf 35' lang='lat' dir='ltr'><strong>de.</strong></span> 
     </span>
    </p>
   </div>
   <div class='ocr_carea' id='block_1_109' title="bbox 1952 5521 3546 5624">
    <p class='ocr_par' dir='ltr' id='par_1_109' title="bbox 1952 5521 3546 5624">
     <span class='ocr_line' id='line_1_109' title="bbox 1952 5521 3546 5624; baseline 0.02 -51"><span class='ocrx_word' id='word_1_821' title='bbox 1952 5521 2122 5587; x_wconf 90' lang='lat' dir='ltr'><strong>beret,</strong></span> <span class='ocrx_word' id='word_1_822' title='bbox 2146 5521 2275 5594; x_wconf 90' lang='lat' dir='ltr'><strong>quid</strong></span> <span class='ocrx_word' id='word_1_823' title='bbox 2297 5528 2529 5624; x_wconf 76' lang='lat' dir='ltr'><strong>terrente</strong></span> <span class='ocrx_word' id='word_1_824' title='bbox 2550 5525 2730 5582; x_wconf 88' lang='lat' dir='ltr'><strong>matri.</strong></span> <span class='ocrx_word' id='word_1_825' title='bbox 2756 5527 2906 5590; x_wconf 67' lang='lat' dir='ltr'><strong>zEtaa</strong></span> <span class='ocrx_word' id='word_1_826' title='bbox 2928 5544 3108 5594; x_wconf 90' lang='lat' dir='ltr'><strong>autem</strong></span> <span class='ocrx_word' id='word_1_827' title='bbox 3133 5539 3442 5604; x_wconf 89' lang='lat' dir='ltr'><strong>duodennis</strong></span> <span class='ocrx_word' id='word_1_828' title='bbox 3458 5558 3546 5624; x_wconf 84' lang='lat' dir='ltr'><strong>ty-</strong></span> 
     </span>
    </p>
   </div>
   <div class='ocr_carea' id='block_1_110' title="bbox 1953 5617 3546 5711">
    <p class='ocr_par' dir='ltr' id='par_1_110' title="bbox 1953 5617 3546 5711">
     <span class='ocr_line' id='line_1_110' title="bbox 1953 5617 3546 5711; baseline 0.021 -40"><span class='ocrx_word' id='word_1_829' title='bbox 1953 5634 2056 5690; x_wconf 91' lang='lat' dir='ltr'><strong>pus</strong></span> <span class='ocrx_word' id='word_1_830' title='bbox 2090 5627 2202 5675; x_wconf 91' lang='lat' dir='ltr'><strong>erat</strong></span> <span class='ocrx_word' id='word_1_831' title='bbox 2232 5617 2520 5679; x_wconf 90' lang='lat' dir='ltr'><strong>duodecim</strong></span> <span class='ocrx_word' id='word_1_832' title='bbox 2551 5627 2945 5701; x_wconf 88' lang='lat' dir='ltr'><strong>apostolorum,</strong></span> <span class='ocrx_word' id='word_1_833' title='bbox 2985 5651 3088 5706; x_wconf 87' lang='lat' dir='ltr'><strong>per</strong></span> <span class='ocrx_word' id='word_1_834' title='bbox 3123 5654 3260 5711; x_wconf 88' lang='lat' dir='ltr'><strong>quos</strong></span> <span class='ocrx_word' id='word_1_835' title='bbox 3288 5617 3546 5704; x_wconf 70' lang='lat' dir='ltr'><strong>divinitas</strong></span> 
     </span>
    </p>
   </div>
   <div class='ocr_carea' id='block_1_111' title="bbox 1962 5716 3547 5801">
    <p class='ocr_par' dir='ltr' id='par_1_111' title="bbox 1962 5716 3547 5801">
     <span class='ocr_line' id='line_1_111' title="bbox 1962 5716 3547 5801; baseline 0.018 -29"><span class='ocrx_word' id='word_1_836' title='bbox 1962 5724 2013 5772; x_wconf 90' lang='lat' dir='ltr'><strong>et</strong></span> <span class='ocrx_word' id='word_1_837' title='bbox 2043 5716 2349 5773; x_wconf 86' lang='lat' dir='ltr'><strong>humanitas</strong></span> <span class='ocrx_word' id='word_1_838' title='bbox 2376 5720 2493 5790; x_wconf 81' lang='lat' dir='ltr'><strong>ejus</strong></span> <span class='ocrx_word' id='word_1_839' title='bbox 2532 5731 2647 5778; x_wconf 88' lang='lat' dir='ltr'><strong>erat</strong></span> <span class='ocrx_word' id='word_1_840' title='bbox 2688 5740 2788 5796; x_wconf 87' lang='lat' dir='ltr'><strong>per</strong></span> <span class='ocrx_word' id='word_1_841' title='bbox 2815 5729 3007 5786; x_wconf 89' lang='lat' dir='ltr'><strong>orbem</strong></span> <span class='ocrx_word' id='word_1_842' title='bbox 3048 5735 3364 5796; x_wconf 85' lang='lat' dir='ltr'><strong>nuntianda.</strong></span> <span class='ocrx_word' id='word_1_843' title='bbox 3395 5743 3547 5801; x_wconf 68' lang='lat' dir='ltr'><strong>1Etas</strong></span> 
     </span>
    </p>
   </div>
   <div class='ocr_carea' id='block_1_112' title="bbox 1964 5805 3542 5893">
    <p class='ocr_par' dir='ltr' id='par_1_112' title="bbox 1964 5805 3542 5893">
     <span class='ocr_line' id='line_1_112' title="bbox 1964 5805 3542 5893; baseline 0.018 -33"><span class='ocrx_word' id='word_1_844' title='bbox 1964 5805 2269 5864; x_wconf 89' lang='lat' dir='ltr'><strong>duodennis</strong></span> <span class='ocrx_word' id='word_1_845' title='bbox 2299 5814 2460 5880; x_wconf 79' lang='lat' dir='ltr'><strong>typus</strong></span> <span class='ocrx_word' id='word_1_846' title='bbox 2489 5819 2611 5869; x_wconf 88' lang='lat' dir='ltr'><strong>erat</strong></span> <span class='ocrx_word' id='word_1_847' title='bbox 2639 5813 2923 5876; x_wconf 88' lang='lat' dir='ltr'><strong>duodecim</strong></span> <span class='ocrx_word' id='word_1_848' title='bbox 2965 5822 3200 5893; x_wconf 84' lang='lat' dir='ltr'><strong>gradum</strong></span> <span class='ocrx_word' id='word_1_849' title='bbox 3229 5827 3542 5888; x_wconf 86' lang='lat' dir='ltr'><strong>humilitatis</strong></span> 
     </span>
    </p>
   </div>
  </div>
