4010 6074
443 277 549 330 815

1572 254 1914 312 \VERNERI
1949 255 2233 312 ABBATIS
2272 256 2329 310 S.
2364 253 2585 310 BLASII

3647 243 3752 297 816

445 399 504 454 in
522 391 888 452 ascendendo.
925 387 1148 444 Primus
1169 385 1356 456 itaque
1391 380 1598 454 gradus
1616 380 1934 436 humilitatis
1957 387 2040 436 est
2070 379 2126 440 A
2155 377 2356 433 docere
2407 375 2608 431 audeat
2645 372 3042 444 (Amanosws.)
3065 371 3193 428 Post
3209 367 3454 423 triduum
3474 365 3757 436 reperitur

448 485 615 543 corde
644 491 698 539 et
723 495 960 552 corpore
989 491 1204 548 semper
1232 470 1589 528 humilitatem
1611 469 1924 532 ostendere,
1952 469 2050 524 de-

450 574 570 630 ﬁxis
599 573 655 628 in
685 579 885 627 terram
913 565 1296 638 conspectibus
1320 579 1333 624 ;
1374 559 1644 616 secundus
1668 603 1681 623 ,
1711 566 1768 613 ut
1797 573 1970 630 pauca
2001 565 2055 614 et

451 659 804 719 rationabilia
833 658 1005 714 verba
1035 656 1324 726 loquatur,
1371 666 1481 706 non
1521 651 1574 702 in
1603 648 1842 704 clamosa
1874 663 2011 703 voce
2037 661 2050 716 ;

454 751 670 817 tertius,
704 749 750 804 si
779 763 887 802 non
935 744 1108 800 facilis
1147 750 1239 798 aut
1290 746 1580 812 promptus
1627 736 1788 792 fuerit
1818 737 1871 790 in
1904 737 2051 810 risu;

458 855 703 922 quartus,
763 843 1110 900 taciturnitas
1184 855 1360 910 usque
1418 836 1488 890 ad
1557 834 2052 906 interrogationes;

466 939 708 1011 quintus,
740 943 923 990 tenere
953 929 1100 1002 quod
1130 926 1437 984 communis
1466 925 1659 996 regula
1689 924 1890 990 habet;
1922 939 2055 979 sex-

462 1037 569 1094 tus,
617 1023 847 1081 credere
886 1029 939 1076 et
978 1017 1334 1091 pronuntiare
1377 1031 1436 1070 se
1465 1013 1717 1068 omnibus
1759 1012 2056 1077 viliorem;

461 1123 746 1196 septimus,
769 1118 840 1175 ad
868 1116 1048 1174 omnia
1069 1114 1351 1185 indignum
1373 1120 1426 1168 et
1446 1111 1692 1168 inutilem
1723 1126 1782 1166 se
1809 1109 2058 1166 confiteri

473 1213 714 1280 debere;
746 1216 969 1264 octavus
1007 1202 1278 1260 confessio
1305 1208 1693 1272 peccatorum;
1721 1214 1919 1265 nonus,
1957 1213 2058 1269 pro

473 1297 786 1359 obedientia
812 1295 866 1350 in
896 1292 1047 1349 duris
1075 1299 1128 1347 et
1157 1290 1371 1362 aSperis
1411 1289 1724 1361 patientiam
1763 1285 2057 1358 amplecti;

469 1389 716 1447 decimus
743 1382 906 1441 omni
940 1379 1253 1437 obedientia
1297 1378 1457 1433 subdi
1507 1376 1758 1433 omnibus
1786 1394 1799 1439 ;
1826 1374 2062 1430 undeci-

469 1504 614 1554 mus,
633 1481 917 1557 propriam
936 1495 1048 1535 non
1072 1492 1258 1533 amare
1287 1476 1657 1541 voluntatem;
1684 1472 2060 1539 duodecimus,

474 1578 673 1633 timore
701 1569 920 1627 Domini
949 1567 1221 1624 custodire
1242 1582 1302 1621 se
1331 1565 1480 1620 omni
1506 1565 1640 1619 hora
1663 1563 1730 1616 ab
1760 1561 1909 1618 omni
1938 1576 2058 1632 pec-

473 1674 617 1724 cato.
664 1663 785 1716 Duo
833 1657 994 1730 primi
1046 1658 1238 1711 horum
1287 1654 1551 1726 graduum
1583 1659 1743 1707 extra
1770 1651 2066 1706 claustrum

2160 467 2216 521 in
2246 465 2447 536 templo
2476 464 2613 518 dans
2638 462 2920 532 judicium,
2956 460 3084 532 quia
3129 465 3254 530 post
3283 457 3524 513 triduum
3554 454 3755 508 trium-

2161 554 2338 625 phalis
2393 551 2669 625 passionis
2733 558 3042 621 resurgeret
3095 548 3187 620 qui
3234 553 3477 602 mortuus
3554 542 3758 598 crede-

2162 641 2318 697 batur
2329 683 2342 694 .

2241 739 2597 811 «Stupebant
2651 740 2829 793 autem
2887 751 3076 792 omnes
3123 734 3215 807 qui
3267 749 3390 789 eum
3440 729 3758 796 audiebant,

2164 845 2331 900 super
2359 828 2646 900 prudentia
2667 835 2718 882 et
2749 825 3034 898 responsis
3063 825 3198 894 ejus.
3224 824 3291 878 Et
3319 821 3571 876 videntes
3602 818 3750 872 admi

2163 917 2269 973 rati
2299 926 2448 972 sunt.
2490 941 2511 965 ι»
2545 919 2625 972 Eo
2655 916 2890 986 amplius
2938 913 3230 984 stupebant
3273 926 3439 982 super
3468 907 3765 980 prudentia

2164 1014 2608 1086 responsionum,
2644 1028 2753 1085 quo
2783 1011 3111 1084 paucitatem
3153 1007 3413 1064 videbant
3453 1019 3757 1060 annorum.

2165 1104 2414 1159 Divinam
2445 1101 2766 1173 sapientiam
2795 1101 2980 1172 lingua
3009 1097 3297 1170 prodebat,
3332 1094 3435 1151 sed
3463 1093 3769 1150 inﬁrmita-

2176 1206 2284 1255 tem
2314 1199 2608 1253 humanam
2637 1205 2771 1252 aetas
2802 1194 3191 1266 praetendebat.

2246 1311 2266 1336 «
2301 1287 2371 1341 Et
2401 1286 2534 1342 dixit
2561 1293 2738 1341 mater
2770 1285 2888 1354 ejus
2916 1284 2987 1339 ad
3012 1283 3163 1338 illum
3200 1299 3212 1336 :
3262 1280 3384 1348 Fili,
3433 1279 3564 1352 quid
3591 1275 3771 1335 fecisti

2167 1376 2326 1432 nobis
2347 1376 2468 1432 sic‘?
2498 1376 2646 1431 Ecce
2675 1381 2828 1446 pater
2856 1381 2981 1428 tuus
3000 1380 3054 1428 et
3073 1388 3177 1444 ego
3206 1371 3458 1426 dolentes
3489 1368 3775 1441 quaereba-

2169 1490 2304 1528 mus
2334 1481 2403 1527 te.
2434 1472 2504 1526 Et
2534 1472 2606 1528 ait
2634 1471 2703 1525 ad
2732 1470 2854 1526 illos
2888 1487 2900 1524 :
2947 1469 3090 1539 Quid
3120 1477 3209 1524 est
3238 1468 3383 1540 quod
3423 1483 3513 1522 me
3551 1483 3771 1538 quare-

2172 1562 2314 1617 batis
2332 1564 2360 1614 ‘?
2389 1561 2734 1616 Nesciebatis
2757 1560 2881 1631 quia
2910 1558 2964 1613 in
3007 1557 3093 1612 his
3146 1573 3269 1629 qua
3300 1555 3479 1612 Patris
3511 1555 3620 1610 mei
3648 1562 3774 1609 sunt

2171 1658 2392 1723 oportet
2420 1667 2508 1706 me
2544 1665 2688 1704 esse.
2727 1673 2746 1696 υ
2783 1649 2906 1704 Non
2955 1645 3101 1719 quod
3149 1661 3247 1702 eos
3291 1645 3384 1717 qui
3414 1645 3571 1716 quasi
3601 1643 3775 1697 ﬁlium

468 1749 789 1811 monasterii
845 1743 1179 1802 ascendendi
1231 1751 1374 1808 sunt,
1436 1750 1494 1796 ut
1549 1741 1771 1796 demum
1821 1739 1876 1793 in
1903 1731 2143 1793 tertioB
2179 1755 2431 1818 qum-um
2486 1747 2779 1817 vituperat,
2838 1745 2935 1799 sed
2984 1742 3131 1817 cogit
3161 1758 3258 1797 eos
3300 1744 3543 1796 attollere
3573 1739 3775 1794 meum

474 1842 653 1918 gradu
681 1836 942 1894 subdatur
989 1831 1184 1902 majori
1230 1831 1324 1904 qui
1357 1830 1620 1886 ascendit.
1655 1829 1750 1883 His
1780 1826 2070 1883 duodecim

475 1938 745 2016 gradibus
789 1935 846 1990 in
891 1931 1220 1989 ascensione
1266 1933 1615 2000 opponuntur
1656 1926 1754 1981 alii
1782 1922 2070 1980 duodecim

471 2012 746 2102 superbiae
775 2024 831 2079 in
862 2019 1253 2078 descensione.
1291 2018 1505 2072 Primus
1535 2016 1721 2088 itaque
1741 2012 1950 2086 gradus
1978 2029 2071 2067 su-

471 2099 678 2193 perbiae
722 2113 780 2170 in
822 2108 1213 2168 descendendo
1247 2114 1331 2162 est
1375 2105 1680 2171 curiositas,
1728 2119 1850 2160 cum
1897 2099 2071 2157 oculis

477 2205 801 2276 caeterisque
832 2201 1084 2257 sensibus
1116 2203 1352 2268 vagatur
1381 2195 1436 2249 in
1463 2211 1524 2250 ea
1546 2210 1666 2265 quae
1694 2192 1763 2247 ad
1795 2207 1854 2246 se
1881 2206 1991 2245 non
2019 2206 2072 2244 a-

480 2309 685 2376 tinent;
710 2299 1010 2364 secundus,
1036 2296 1228 2352 levitas
1261 2291 1480 2358 mentis,
1509 2307 1630 2362 quae
1661 2305 1759 2361 per
1788 2289 1964 2346 verba
1982 2287 2070 2341 in-

485 2396 733 2451 discrete
753 2393 873 2448 laeta
897 2387 982 2444 vel
1011 2385 1186 2440 tristia
1208 2389 1489 2446 notantur;
1522 2379 1729 2446 tertius,
1763 2379 1944 2451 inepta
1972 2377 2070 2432 la:—

474 2491 614 2557 titia,
657 2504 780 2562 qua:
829 2502 931 2558 per
979 2482 1294 2538 facilitatem
1341 2479 1482 2533 risus
1527 2485 1781 2543 notatur;
1822 2482 2066 2548 quartus,

468 2579 750 2652 jactantia,
784 2591 906 2648 quae
954 2573 1010 2626 in
1047 2567 1397 2640 multiloquio
1442 2564 1797 2634 diffunditur;
1832 2564 2067 2636 quintus,

470 2666 827 2744 singularitas
865 2662 1093 2735 privata,
1139 2658 1399 2714 affectare
1445 2672 1567 2711 cum
1597 2654 1810 2726 gloria;
1860 2661 2067 2718 sextus,

470 2773 803 2841 arroganter
831 2761 1058 2819 credere
1090 2775 1149 2814 se
1180 2755 1430 2813 omnibus
1472 2751 1804 2808 sanctiorem
1833 2769 1848 2818 ;
1896 2750 2071 2821 septi-

465 2875 610 2923 mus,
642 2851 995 2928 praesumptio
1047 2848 1118 2904 ad
1165 2846 1348 2904 omnia
1380 2859 1440 2899 se
1469 2843 1723 2914 ingerere
1759 2858 1773 2906 ;
1820 2846 2069 2910 octavus,

468 2945 717 3006 defensio
755 2948 1158 3014 peccatorum;
1219 2951 1416 3000 nonus,
1482 2931 1733 2986 simulata
1775 2927 2067 2988 confessio,

471 3063 595 3119 quae
617 3059 720 3116 per
749 3040 887 3095 dura
936 3045 990 3092 et
1044 3049 1241 3106 aspera
1295 3032 1532 3101 injuncta
1584 3028 1886 3100 probatur;
1918 3025 2074 3080 deci-

2178 1836 2367 1893 oculos
2421 1835 2491 1890 ad
2548 1833 2903 1906 quaerendum
2949 1833 3078 1903 quid
3121 1831 3320 1887 debeat
3367 1837 3572 1885 aeterno
3604 1827 3774 1893 Patri,

2179 1935 2473 1992 ostendens
2506 1942 2557 1990 et
2585 1933 2846 2004 templum
2901 1940 2951 1987 et
3007 1935 3192 1987 omnia
3238 1948 3360 2002 quae
3391 1931 3574 1986 Patris
3622 1938 3774 1997 sunt,

2177 2041 2288 2080 non
2317 2025 2496 2079 minus
2527 2024 2597 2078 ad
2628 2040 2688 2078 se
2713 2038 2873 2095 quam
2893 2021 2960 2076 ad
2985 2022 3202 2076 Patrem
3221 2021 3521 2091 pertinere,
3547 2035 3779 2092 quorum

2178 2129 2287 2170 una
2317 2113 2572 2182 majestas
2601 2121 2702 2168 est.

2258 2226 2279 2250 ‹‹
2314 2203 2383 2256 Et
2412 2201 2515 2273 ipsi
2544 2217 2654 2256 non
2683 2201 3067 2258 intellexerant
3116 2199 3342 2256 verbum
3389 2199 3538 2270 quod
3566 2199 3780 2254 locutus

2181 2299 2263 2347 est
2295 2290 2364 2346 ad
2394 2291 2549 2346 illos.
2589 2293 2657 2346 Et
2686 2291 3108 2347 descenditcum
3141 2288 3220 2344 eis
3237 2297 3289 2343 et
3311 2289 3459 2344 venit
3483 2287 3778 2353 Nazareth,

2179 2397 2233 2445 et
2261 2396 2377 2444 erat
2403 2389 2615 2444 subitus
2645 2387 2773 2443 illis.
2814 2412 2834 2436 »
2868 2388 3012 2457 Quid
3063 2387 3131 2442 de
3163 2401 3261 2440 sua
3287 2385 3570 2440 divinitate
3599 2383 3783 2456 loqui-

2178 2486 2266 2532 tur
2295 2494 2406 2532 non
2436 2478 2748 2548 intelligunt
2794 2485 3077 2547 parentes,
3109 2483 3162 2530 et
3192 2484 3372 2529 tamen
3415 2473 3537 2543 ipse
3568 2475 3784 2530 conde-

2179 2567 2412 2635 scendit,
2445 2575 2499 2622 et
2528 2567 2778 2622 subditur
2806 2567 2914 2620 illis
2940 2575 2998 2621 ut
3025 2566 3250 2638 impleat
3269 2566 3504 2622 ofﬁcium
3537 2563 3780 2635 pietatis.

2181 2655 2455 2724 Quantum
2513 2671 2644 2727 ergo
2702 2655 2967 2710 debemus
3033 2655 3259 2710 obedire
3321 2656 3460 2722 Deo,
3519 2653 3782 2725 quoniam

2180 2744 2396 2816 quidem
2428 2752 2480 2800 et
2509 2743 2626 2815 ipse
2655 2745 2809 2799 Deus
2839 2743 3022 2799 obedit
3051 2743 3382 2800 hominibus.

2252 2871 2274 2894 (‹
2306 2847 2375 2900 Et
2405 2852 2580 2900 mater
2607 2845 2725 2913 ejus
2764 2842 3126 2898 conservabat
3164 2842 3344 2897 omnia
3380 2841 3548 2898 verba
3576 2842 3699 2898 haec
3728 2840 3783 2895 in

2181 2935 2346 2992 corde
2375 2949 2503 2989 suo.
2549 2956 2569 2983 ››
2607 2931 2805 2988 Omnia
2833 2947 2956 3002 qua
2993 2931 3061 2986 de
3108 2931 3342 2986 Domino
3371 2931 3515 2987 vela
3544 2931 3784 2986 Domine

2182 3024 2325 3080 dicta
2354 3023 2441 3078 vel
2473 3022 2618 3078 facta
2648 3021 2926 3092 cognovit,
2958 3018 3072 3074 sive
3103 3019 3371 3076 intellecta
3400 3019 3518 3076 sive
3547 3035 3665 3075 non
3693 3019 3782 3074 in-

466 3092 874 3201 musfrebellio
903 3127 958 3180 in
1003 3092 1426 3196 magistrum'et
1452 3092 1684 3186 fratres;
1715 3115 2063 3181 undecimus,
2104 3092 2153 3154 C
2185 3112 2402 3168 tellecta
2432 3112 2488 3165 in
2516 3110 2790 3166 memoria
2833 3106 3167 3164 recondebat
3207 3108 3299 3180 pia
3340 3116 3518 3162 mater
3541 3116 3600 3162 ut
3632 3116 3782 3162 tem-

466 3225 694 3282 libertas
744 3215 1052 3290 peccandi;
1103 3209 1482 3274 duodecimus,
1547 3204 1885 3263 consuetudo
1925 3219 2063 3275 pec-

469 3320 652 3379 candi.
684 3318 804 3373 Duo
836 3313 930 3370 isti
980 3310 1156 3366 ultimi
1199 3307 1472 3380 superbiae
1511 3305 1715 3378 gradus
1744 3303 1886 3357 intra
1915 3301 2067 3357 clau-

477 3419 648 3467 strum
705 3401 970 3461 descendi
1013 3416 1124 3455 non
1177 3403 1430 3469 possunt.
1489 3393 1806 3450 Notandum
1845 3406 2068 3463 quoque

473 3497 622 3571 quod
650 3495 707 3549 in
751 3499 963 3564 septem
1013 3485 1388 3559 superioribus
1434 3491 1690 3538 notantur
1727 3487 2070 3550 contemptus

471 3567 706 3643 fratrum
731 3601 745 3648 ;
775 3581 831 3635 in
861 3585 1095 3652 quatuor
1125 3573 1478 3646 sequentibus
1524 3578 1866 3640 contemptus
1894 3567 2070 3639 magi-

473 3675 576 3731 stri
600 3693 613 3740 ;
639 3672 694 3726 in
724 3669 938 3726 duobus
969 3664 1062 3738 qui
1092 3671 1298 3719 restant
1325 3667 1668 3730 contemptus
1707 3657 1830 3713 Dei.
1878 3656 1987 3712 Sed
2015 3663 2072 3710 ut

473 3773 548 3830 ad
593 3767 938 3826 duodennem
997 3767 1215 3815 {etatem
1265 3755 1469 3812 Christi
1523 3754 1614 3826 qui
1669 3757 1860 3808 horum
1914 3760 2072 3823 typus

477 3867 591 3918 erat
620 3856 926 3922 redeamus,
963 3858 1107 3906 recte
1136 3848 1189 3902 in
1219 3848 1325 3901 hoc
1354 3843 1692 3899 duodenario
1733 3857 1963 3896 numero
1987 3842 2075 3910 ju-

475 3961 578 4015 bar
604 3949 961 4029 perfectionis
992 3949 1111 4016 ejus
1158 3943 1348 4015 incipit
1393 3940 1680 3997 declarari.
1711 3939 1991 3995 Remansit
2018 3937 2073 3991 in

479 4043 820 4104 Hierusalem
875 4039 995 4095 sine
1051 4032 1388 4108 parentibus,
1445 4037 1503 4086 ut
1559 4044 1660 4085 nos
1688 4029 1988 4084 instrueret
2015 4041 2075 4082 se

477 4148 661 4204 Deum
692 4136 953 4197 habuisse
982 4135 1220 4200 Patrem,
1259 4137 1556 4201 antequam
1585 4125 1819 4181 mundus
1847 4123 2027 4180 fieret.

558 4259 579 4282 α
615 4228 1010 4288 Existimantes
1039 4221 1190 4276 illum
1217 4226 1402 4274 autem
1433 4232 1556 4273 esse
1585 4214 1641 4270 in
1670 4213 1943 4282 comitatu,
1975 4229 2077 4269 ve-

479 4329 674 4382 nerunt
703 4319 801 4372 iter
833 4313 943 4370 diei
984 4318 1038 4366 et
1078 4307 1427 4380 requirebant
1469 4321 1593 4360 eum
1642 4303 1782 4359 inter
1811 4308 2078 4374 cognatos

485 4427 543 4479 et
568 4425 746 4474 notos.
778 4412 849 4466 Et
877 4425 989 4465 non
1021 4405 1358 4462 invenientes
1381 4401 1625 4474 regressi
1655 4407 1778 4456 sunt
1805 4400 1860 4454 in
1891 4398 2080 4454 Hieru-

485 4509 657 4567 salem
685 4500 1030 4573 requirentes
1060 4510 1206 4550 eum.
1253 4516 1273 4540 η
1309 4492 1365 4546 Si
1396 4490 1514 4562 quis
1563 4496 1771 4559 quaerat
1801 4487 2073 4560 quomodo

481 4609 742 4683 parentes
771 4596 1111 4668 reliquerunt
1136 4606 1259 4646 eum
1291 4595 1441 4642 tanta
1494 4602 1628 4643 cura
1656 4585 1941 4651 nutritum,
1975 4601 2070 4639 re—

487 4680 823 4780 spondemus
844 4692 966 4765 quia
982 4689 1106 4744 ﬁliis
1128 4686 1297 4742 Israel
1313 4701 1432 4741 mos
1452 4684 1548 4740 fuit
1567 4691 1624 4739 ut
1645 4682 1974 4754 temporibus
1998 4680 2074 4736 fe-

487 4779 608 4870 stis,
639 4796 726 4856 vel
754 4789 1175 4860 Hierosolyman
1207 4784 1479 4853 euntibus,
1511 4781 1604 4838 vel
1633 4782 1758 4837 inde
1789 4779 2074 4836 redeunti-

487 4906 612 4973 bus,
645 4905 896 4955 seorsum
945 4886 1066 4957 viri,
1117 4901 1366 4942 seorsum
1409 4881 1732 4937 incederent
1759 4879 1993 4948 femina),
2027 4885 2079 4933 et

488 4998 644 5074 pueri
674 5009 798 5053 cum
832 4986 1070 5063 quolibet
1096 4990 1321 5057 parente
1368 4980 1533 5036 irent.
1580 4978 1816 5050 Ideoque
1853 4975 2077 5031 Mariam

487 5107 544 5155 et
583 5094 790 5164 Joseph
828 5087 1074 5146 vicissim
1122 5091 1344 5156 putasse
1385 5080 1574 5137 Iesum
1617 5091 1741 5133 cum
1772 5074 1944 5131 altero
1972 5089 2075 5146 pa-

488 5201 646 5250 rente
673 5205 796 5246 esse
826 5186 882 5242 in
911 5180 1252 5240 reversione.

566 5313 589 5338 «ι
622 5289 694 5344 Et
720 5285 920 5342 factum
957 5287 1040 5337 est
1068 5285 1190 5351 post
1232 5273 1474 5332 triduum
1504 5272 1827 5331 invenerunt
1845 5270 1997 5326 illum
2023 5269 2080 5324 in

485 5385 711 5459 templo,
744 5381 1020 5438 sedentem
1048 5377 1104 5431 in
1131 5374 1312 5430 medio
1343 5373 1646 5437 doctorum,
1679 5368 1995 5426 audientem
2022 5366 2084 5421 il-

481 5486 572 5544 los
592 5488 649 5542 et
674 5481 1126 5548 interrogantem.
1170 5493 1193 5523 ι
1227 5468 1395 5540 Quasi
1428 5469 1548 5526 fons
1593 5464 1871 5540 sapientia
1902 5463 2082 5521 docto-

481 5588 605 5632 rum
633 5568 846 5627 medius
869 5562 1132 5630 sedebat;
1167 5559 1264 5614 sed
1295 5555 1453 5631 quasi
1493 5554 1773 5628 exemplar
1795 5552 2080 5609 humilita-

482 5665 558 5723 tis
587 5662 740 5736 prius
765 5657 1067 5724 interrogat
1099 5655 1153 5703 et
1183 5647 1332 5702 audit
1363 5661 1526 5717 quam
1555 5645 1910 5736 instruatzne
1940 5656 2078 5715 par-

483 5727 606 5814 vuli
626 5766 657 5809 a
687 5742 996 5806 senioribus
1041 5734 1231 5794 doceri
1259 5733 1606 5803 erubescant,
1654 5739 1706 5789 et
1731 5727 2077 5790 neinﬁrmus

2180 3225 2316 3280 pore
2347 3224 2447 3264 suo
2476 3208 2736 3264 universa
2767 3217 2932 3278 prout
2959 3214 3119 3281 gesta
3155 3213 3313 3261 erant
3340 3205 3699 3277 intelligeret,
3727 3213 3784 3262 et

2177 3298 2548 3371 quaerentibus
2575 3296 2898 3368 explicaret.

2259 3411 2279 3434 «
2312 3387 2382 3442 Et
2408 3388 2570 3442 Jesus
2598 3384 2927 3457 proﬁciebat
2953 3392 3110 3440 mtate
3140 3391 3195 3439 et
3223 3383 3403 3457 gratia
3420 3382 3564 3454 apud
3591 3381 3778 3439 Deum

2178 3495 2232 3543 et
2258 3484 2528 3541 homines.
2564 3506 2586 3532 ιι
2621 3482 2893 3554 Sapientia
2916 3482 3152 3554 pertinet
3173 3480 3239 3536 ad
3257 3481 3526 3545 animam,
3545 3487 3688 3535 aetas
3708 3479 3778 3535 ad

2179 3591 2398 3646 corpus,
2437 3571 2611 3644 gratia
2661 3572 2728 3626 ad
2774 3571 3059 3641 utriusque
3105 3569 3361 3624 salutem.
3388 3570 3565 3624 xEtate
3591 3568 3777 3638 itaque

2179 3661 2524 3735 proﬁciebat,
2568 3659 2706 3715 sicut
2743 3657 2928 3714 carnis
2967 3666 3050 3713 est
3088 3656 3428 3712 incrementa
3458 3655 3774 3726 suscipere:

2180 3775 2350 3833 porro
2374 3759 2529 3828 juxta
2589 3757 2734 3828 quod
2793 3765 2950 3813 aetate
3001 3753 3342 3827 proﬁciebat,
3392 3753 3541 3807 dona
3581 3753 3779 3824 gratiae

2183 3865 2304 3921 quae
2334 3847 2438 3902 sibi
2468 3847 2678 3901 inerant
2707 3853 2760 3901 et
2799 3844 3078 3917 sapientiae
3105 3843 3290 3914 magis
3317 3858 3379 3896 ac
3408 3840 3592 3913 magis
3619 3849 3781 3912 pate—

2183 3937 2420 3994 faciebat
2467 3934 2798 4004 hominibus,
2858 3934 3006 4006 quod
3059 3940 3178 3988 erat
3221 3930 3490 4002 sapientia
3518 3937 3572 3985 et
3600 3930 3780 4000 gratia

2183 4025 2453 4098 proﬁcere
2484 4039 2595 4079 non
2615 4024 2668 4078 in
2701 4040 2780 4092 se,
2812 4023 2911 4077 sed
2941 4024 2997 4076 in
3019 4020 3176 4086 aliis;
3210 4019 3351 4090 apud
3382 4019 3558 4073 Deum
3587 4025 3641 4072 et
3669 4018 3778 4072 ho-

2184 4119 2379 4189 mines,
2412 4118 2466 4173 id
2494 4118 2668 4174 estad
2697 4118 2959 4173 honorem
2991 4115 3089 4172 Dei
3120 4122 3172 4170 et
3201 4113 3432 4168 salutem
3459 4111 3771 4168 hominum.

2186 4211 2246 4264 In
2277 4225 2336 4264 se
2366 4215 2548 4263 autem
2601 4221 2945 4277 nequaquam
2995 4220 3095 4275 per
3143 4201 3428 4257 intervalla
3472 4209 3778 4271 temporum

2187 4305 2504 4377 proﬁciebat
2537 4303 2805 4375 sapientia
2833 4301 2917 4357 vel
2948 4300 3142 4374 gratia,
3179 4299 3305 4371 quia
3325 4298 3395 4353 ab
3422 4297 3561 4353 hora
3590 4311 3783 4352 conce-

2187 4405 2386 4476 ptionis
2413 4404 2608 4476 plenus
2638 4401 2736 4456 fuit
2766 4400 2955 4473 gratiae
2973 4403 3025 4455 et
3045 4397 3316 4454 veritatis.
3353 4396 3495 4451 Nota
3523 4395 3782 4450 doctores

2185 4493 2544 4550 communiter
2610 4489 2880 4545 aﬁirmare
2937 4488 3174 4542 animam
3230 4484 3427 4540 Christi
3464 4484 3656 4539 Verbo
3685 4481 3779 4536 Dei

2182 4592 2388 4647 unitam
2445 4607 2587 4657 esse,
2646 4588 2782 4644 etin
2839 4594 3042 4642 tantum
3105 4583 3383 4655 sapientia:
3438 4590 3492 4637 et
3519 4580 3781 4637 bonitatis

2183 4680 2511 4750 suscepisse,
2545 4685 2804 4749 quantum
2835 4673 3097 4747 possibile
3127 4671 3227 4728 fuit
3255 4678 3570 4727 creaturam
3599 4670 3779 4724 susci-

2183 4793 2335 4848 pere.
2365 4777 2425 4829 In
2454 4792 2517 4830 ea
2542 4775 2706 4841 enim,
2744 4781 2802 4828 ut
2840 4771 3135 4844 Apostolus
3173 4769 3265 4833 ait,
3290 4775 3628 4822 suntomnes
3656 4767 3781 4820 the-

2184 4873 2332 4929 sauri
2361 4871 2638 4944 sapientiae
2669 4879 2721 4927 et
2764 4869 3022 4935 scientia),
3074 4867 3130 4922 in
3175 4881 3240 4922 ea
3287 4864 3465 4920 omnis
3497 4861 3780 4934 plenitudo

2185 4970 2484 5026 divinitatis
2510 4967 2773 5024 inhabitat
2819 4967 3051 5038 (Coloss.
3108 4964 3189 5033 ιι).
3241 4962 3378 5017 Aliis
3429 4958 3667 5031 Spiritus
3711 4956 3780 5012 ad

2186 5083 2499 5125 mensuram
2521 5068 2677 5122 datur
2731 5064 2955 5138 (Ephes.
3021 5063 3117 5132 iv),
3180 5059 3278 5115 sed
3327 5058 3568 5124 Christo,
3624 5063 3683 5110 ut
3710 5055 3784 5108 ait

2187 5167 2426 5224 Joannes
2455 5164 2816 5238 evungelista,
2875 5162 3030 5216 datus
3088 5165 3169 5216 est
3224 5172 3335 5212 non
3365 5154 3437 5210 ad
3466 5167 3780 5210 mensuram

2188 5265 2376 5335 (Ioan.
2416 5267 2519 5333 Ill).
2548 5261 2702 5318 Multi
2731 5275 2866 5332 ergo
2883 5263 3153 5321 asserunt,
3186 5262 3242 5309 ut
3271 5252 3539 5309 Aleuinus
3571 5250 3780 5305 inlibro

2186 5363 2268 5418 De
2294 5361 2554 5416 Trinitate
2596 5358 2666 5414 ad
2712 5356 2986 5422 Carolum,
3033 5353 3272 5410 animam
3318 5349 3525 5406 Christi
3575 5355 3778 5403 tantam

2189 5449 2470 5507 scientiam
2499 5449 2567 5504 de
2596 5447 2848 5504 omnibus
2875 5445 3094 5512 habere,
3118 5447 3371 5514 quantam
3401 5438 3658 5494 divinitas
3687 5437 3781 5491 ha-

2190 5541 2301 5607 bet,
2333 5538 2407 5594 ita
2461 5536 2668 5594 scilicet
2715 5534 2861 5608 quod
2915 5531 3168 5588 divinitas
3197 5545 3231 5585 a
3255 5545 3337 5596 se,
3369 5543 3480 5582 non
3535 5527 3604 5581 ab
3633 5525 3766 5579 alio.

2192 5627 2426 5699 Sapiens
2482 5632 2563 5682 est
2618 5640 2716 5697 per
2780 5629 3048 5686 naturam,
3107 5620 3290 5674 anima
3327 5631 3462 5674 vero
3509 5613 3716 5670 Christi
3745 5626 3777 5665 a

2192 5725 2469 5785 divinitate
2492 5739 2591 5797 per
2619 5720 2880 5796 gratiam.
2917 5717 3054 5777 Aliis
3081 5730 3217 5775 vero
3245 5730 3357 5773 non
3385 5712 3606 5773 videtur
3634 5707 3776 5782 quod
