4062 6074
323 280 430 335 81⁵7

1246 273 1828 336 DEFLORATIONES
1869 277 1975 338 SS.
2020 279 2331 340 PATRUM.
2364 312 2433 325 —-
2461 283 2588 342 LIB.
2619 286 2669 341 Ι.

3511 301 3617 356 818

320 403 507 474 aliqua
536 408 786 458 creatura
817 416 994 474 capax
1024 401 1196 474 possit
1218 417 1342 457 esse
1369 403 1530 458 totius
1569 402 1768 460 divina:
1815 419 1914 461 co-
1943 408 2000 468 Α
2029 421 2130 462 sua
2159 405 2381 478 plenam
2410 416 2464 464 et
2492 410 2790 481 perfectam
2820 427 3042 486 semper
3060 415 3264 488 habuit,
3291 426 3344 477 et
3363 419 3420 477 in
3433 421 3627 482 huma-

320 500 604 575 gnitionis,
636 499 723 556 vel
753 500 918 554 totius
940 499 1138 556 divinae
1159 499 1435 566 bonitatis,
1460 500 1596 556 sicut
1617 515 1720 557 nec
1743 501 1918 555 omni-

318 590 595 662 potentiae.
620 589 834 646 Ducunt
873 604 1108 660 namque
1139 604 1236 659 pro
1267 589 1666 644 inconvenienti
1709 599 1918 646 creatu-

317 694 440 734 ram
472 679 634 734 etiam
667 680 769 733 hoc
801 679 965 734 modo
994 677 1268 748 puriﬁcari
1297 677 1561 744 Creatori,
1592 686 1649 733 ut
1678 678 1745 732 ab
1797 678 1916 750 ipso

316 785 521 831 tantam
552 775 838 831 scientiam
869 774 1066 830 habeat
1097 783 1359 846 quantum
1391 782 1447 828 et
1487 774 1604 846 ipse
1650 774 1904 832 Creator.

314 893 392 948 De
422 907 482 947 eo
511 893 656 964 quod
690 892 920 947 Verbum
945 909 1072 948 cum
1102 907 1274 948 carne
1295 891 1635 947 rationalem
1657 891 1912 945 animam

385 981 648 1052 sumpsit,
674 983 730 1035 et
752 981 936 1053 qua-lis
965 982 1080 1050 fuit
1101 979 1298 1034 (mima
1318 979 1422 1034 illa
1444 980 1506 1034 in
1526 979 1830 1050 sapientia,
1854 982 1913 1035 et

383 1070 614 1134 virtute,
647 1073 703 1124 et
723 1069 964 1137 justitia
994 1072 1048 1124 et
1082 1069 1366 1125 bonitate.

383 1191 619 1261 Quidam
641 1192 872 1248 haretici
893 1191 1117 1247 fuerunt
1137 1193 1226 1264 qui
1249 1195 1581 1264 putaverunt
1600 1191 1656 1246 in
1689 1190 1910 1248 Christo

308 1303 435 1346 cum
465 1305 630 1346 carne
661 1305 694 1344 a
726 1289 906 1345 Verbo
936 1287 1267 1344 rationalem
1296 1289 1533 1343 animam
1564 1296 1908 1358 assumptum

305 1394 418 1434 non
455 1378 624 1434 fuisse
655 1420 670 1444 ,
712 1379 812 1432 sed
843 1378 1017 1432 solam
1057 1392 1280 1433 carnem
1333 1378 1512 1433 Verbo
1571 1377 1795 1443 unitam,
1855 1385 1909 1432 et

305 1467 484 1538 ipsam
516 1467 855 1522 divinitatem
882 1466 1070 1532 Verbi,
1103 1481 1271 1522 carne
1313 1466 1434 1523 loco
1481 1466 1677 1522 anima
1727 1464 1906 1521 viviﬁ-

307 1577 465 1619 casse
499 1605 514 1622 .
574 1563 938 1634 eamdemque
995 1562 1333 1618 divinitatem
1390 1563 1458 1616 ab
1511 1562 1628 1633 ipsa
1683 1576 1854 1616 carne
1884 1602 1900 1630 ,

309 1651 528 1723 quando
559 1651 615 1705 in
643 1666 805 1708 cruce
834 1659 1050 1708 mortua
1078 1659 1162 1706 est
1205 1651 1526 1716 recessisse,
1574 1665 1903 1721 rursumque

303 1741 373 1795 ad
392 1740 848 1812 ipsam,-quando
888 1740 1216 1796 resuscitata
1253 1747 1358 1806 est,
1415 1737 1796 1794 viviﬁcandam
1847 1746 1982 1824 etB

305 1837 745 1893 resuscitandam
773 1837 1011 1892 redisse.
1050 1836 1159 1892 Sed
1187 1836 1454 1892 catholica
1479 1835 1614 1892 ﬁdes
1635 1835 1797 1890 habet
1813 1842 1900 1890 to-

300 1933 436 1992 tum,
471 1926 618 1996 quod
648 1925 884 1980 hominis
921 1933 1040 1980 erat
1068 1933 1294 1996 propter
1319 1924 1556 1995 culpam,
1589 1925 1765 1978 Deum
1805 1937 1902 1978 as-

303 2014 610 2084 sumpsisse
643 2033 656 2068 :
681 2015 811 2086 quia
838 2031 941 2070 nec
970 2013 1134 2069 aliter
1161 2031 1327 2069 verus
1356 2015 1520 2068 homo
1549 2029 1672 2068 esse
1700 2012 1901 2084 potuis-

303 2121 406 2177 set,
435 2111 544 2166 nisi
567 2119 739 2167 totum
771 2113 916 2184 quod
946 2113 1018 2167 ad
1047 2111 1422 2167 diversitatem
1455 2111 1707 2166 humanae
1734 2117 1899 2164 natu-

301 2216 380 2255 ras
409 2201 712 2271 pertinebat
743 2200 1156 2272 assumpsisset.
1186 2201 1413 2271 Accepit
1431 2215 1566 2272 ergo
1591 2213 1717 2255 cum
1731 2212 1899 2254 carne

308 2297 364 2344 et
390 2289 444 2343 in
472 2304 638 2344 carne
675 2289 857 2358 ipsam
890 2289 1123 2344 animam
1161 2289 1507 2356 rationalem,
1543 2303 1664 2360 qua:
1691 2295 1743 2342 et
1772 2303 1898 2343 car-

302 2393 437 2432 nem
479 2378 654 2447 ipsam
692 2386 930 2450 regeret,
973 2385 1028 2432 et
1082 2377 1426 2433 sensiticaret
1479 2377 1549 2431 ad
1605 2377 1790 2445 vitam,
1845 2383 1898 2432 et

301 2477 605 2532 secundum
644 2475 873 2531 liberam
929 2476 1262 2531 voluntatem
1322 2484 1608 2547 peccatum
1663 2490 1896 2545 respue-

302 2568 408 2630 ret,
450 2574 501 2620 et
541 2572 783 2620 sectaret
814 2565 1098 2633 justitiam.
1141 2565 1240 2620 Cui
1277 2573 1330 2620 et
1371 2567 1478 2621 hoc
1516 2581 1580 2620 ex
1639 2564 1900 2619 societate

305 2653 604 2708 divinitatis
633 2653 887 2708 collatum
918 2662 1019 2721 est,
1051 2661 1107 2709 ut
1138 2663 1439 2726 spontanea
1467 2653 1691 2725 quidem
1730 2651 1899 2706 liber-

304 2756 412 2804 tate
443 2749 644 2805 bonum
677 2749 902 2818 faceret,
932 2751 1028 2806 sed
1059 2751 1128 2806 ad
1158 2751 1361 2806 malum
1394 2750 1699 2806 faciendum
1749 2751 1900 2807 nulla

302 2853 531 2909 prorsus
559 2839 886 2895 necessitate
916 2840 1003 2896 vel
1031 2839 1354 2894 inﬁrmitate
1383 2840 1660 2896 declinare
1682 2840 1898 2912 potuis-

305 2935 416 2982 set.
456 2927 599 2983 Dicit
645 2927 846 3000 quippe
890 2929 1082 2983 beatus
1130 2928 1509 3000 Augustinus:
1561 2930 1643 2984 De
1691 2928 1900 3001 Spiritu

302 3032 497 3080 sancto
519 3032 570 3080 et
596 3025 818 3098 Virgine
836 3026 1005 3080 Maria
1035 3027 1133 3081 Dei
1157 3025 1326 3080 Filius
1365 3025 1556 3081 unicus
1589 3033 1751 3080 natus
1793 3033 1896 3092 est,

306 3129 417 3210 non
449 3113 638 3168 carnis
665 3113 942 3184 cupidine,
975 3115 1075 3169 sed
1103 3113 1222 3169 solo
1244 3114 1342 3169 Dei
1365 3130 1608 3170 munere.
1629 3115 1828 3170 Libera
1847 3115 1903 3168 in
1931 3118 1980 3181 C,
2009 3142 2242 3198 hominis
2305 3113 2502 3210 homo"
2556 3143 2638 3200 sic
2701 3152 2754 3199 et

304 3201 402 3258 illo
431 3203 680 3258 voluntas
709 3212 847 3269 erat,
880 3217 944 3258 ac
973 3210 1123 3258 tanto
1152 3203 1327 3274 magis
1357 3211 1492 3270 erat,
1525 3203 1745 3274 quando
1779 3218 1901 3258 ma-

305 3299 393 3371 gis
424 3300 634 3356 servire
663 3307 892 3370 peccato
921 3314 1029 3356 non
1060 3307 1300 3370 poterat.
1339 3300 1502 3354 Multa
1536 3308 1714 3355 autem
1759 3315 1900 3371 que-

309 3393 503 3443 rentur
526 3387 596 3442 de
626 3387 715 3442 illa
745 3387 928 3442 anima
957 3387 1235 3453 rationali,
1268 3405 1298 3443 e
1348 3388 1546 3460 quibus
1603 3404 1772 3443 unum
1821 3395 1904 3443 est

304 3484 483 3531 utrum
515 3475 770 3532 videlicet
800 3476 1068 3548 aequalem
1116 3492 1241 3532 cum
1286 3477 1572 3533 divinitate
1619 3477 1902 3534 scientiam

304 3573 609 3638 habuerit;
652 3574 721 3629 de
779 3590 886 3646 qua
951 3575 1253 3646 quaestione
1320 3574 1375 3628 in
1442 3574 1554 3630 alio
1617 3573 1900 3645 opusculo,

306 3663 452 3734 quod
484 3663 566 3718 De
621 3663 803 3716 anima
860 3662 1062 3716 Christi
1117 3661 1436 3727 inlitulutur,
1494 3663 1758 3734 prolixius
1812 3661 1902 3716 di-

305 3752 572 3822 sputavit.
619 3751 720 3806 Hic
758 3767 891 3807 vero
930 3753 1036 3807 hoc
1074 3751 1251 3806 solum
1288 3766 1725 3807 commemorare
1781 3749 1902 3804 suf-

304 3846 439 3911 ﬁcit,
473 3847 595 3918 quia
630 3847 830 3904 eadem
859 3847 1040 3902 anima
1069 3847 1208 3902 sicut
1242 3847 1462 3917 plenam
1503 3853 1556 3902 et
1604 3845 1903 3917 perfectam

303 3935 405 3990 Dei
435 3935 754 4006 sapientiam
785 3935 993 3990 unitam
1024 3935 1230 3999 habuit,
1263 3935 1336 3989 ita
1367 3935 1527 4006 plene
1557 3943 1609 3989 et
1657 3935 1902 4004 perfecte

303 4039 377 4079 ex
445 4025 569 4094 ipsa
633 4032 687 4078 et
750 4039 851 4095 per
915 4024 1092 4094 ipsam
1151 4024 1472 4094 sapientiam
1529 4023 1750 4094 sapiens
1780 4023 1900 4089 fuit,

302 4136 407 4176 nec
474 4129 659 4176 tamen
716 4120 822 4190 ipsi
881 4119 1165 4190 sapientia:
1220 4130 1410 4175 natura
1467 4119 1696 4191 aequalis
1752 4119 1899 4175 fuit:

305 4210 434 4282 quia
457 4209 625 4280 longe
656 4209 801 4264 aliud
832 4217 916 4264 est
963 4209 1232 4280 sapientia
1279 4224 1499 4279 sapere,
1549 4219 1711 4279 atque
1757 4208 1904 4262 aliud

305 4299 630 4370 sapientiam
663 4314 815 4353 esse.
857 4299 932 4352 Ex
982 4313 1088 4368 quo
1142 4298 1286 4352 enim
1338 4297 1651 4352 humanitati
1699 4295 1900 4350 divini-

302 4401 391 4448 tas
449 4394 739 4462 conjuncta
795 4401 897 4459 est,
957 4409 1020 4448 ex
1079 4394 1200 4463 ipsa
1253 4393 1541 4448 divinitate
1594 4391 1901 4446 humanitas

303 4490 531 4553 accepta
568 4498 670 4552 per
713 4483 968 4554 gratiam,
999 4490 1166 4536 totum
1210 4481 1352 4553 quod
1403 4480 1656 4536 divinitas
1706 4480 1895 4534 habuit
1924 4465 1977 4524 Ι)

303 4587 404 4642 per
444 4578 716 4634 naturam,
758 4571 833 4624 ita
887 4578 945 4624 ut
1001 4570 1302 4625 secundum
1361 4570 1512 4624 illam
1567 4567 1896 4624 ineffabilem

299 4667 558 4723 unionem
588 4677 642 4722 et
672 4667 768 4722 Dei
800 4675 947 4722 esset
977 4667 1031 4721 in
1057 4667 1393 4722 humanitate
1429 4682 1528 4721 sua
1559 4674 1728 4722 totum
1752 4667 1898 4738 quod

301 4756 600 4811 divinitatis
627 4765 757 4810 erat.
792 4756 880 4811 Sic
903 4772 1040 4828 ergo
1063 4755 1455 4810 humanitatem
1486 4755 1676 4821 Verbi,
1704 4755 1756 4808 in
1779 4754 1899 4808 ani-

301 4861 390 4899 ma
420 4844 691 4911 rationali,
723 4860 755 4899 a
785 4845 960 4914 prima
991 4844 1348 4914 conceptione
1376 4858 1477 4897 sua
1522 4858 1587 4898 ex
1636 4840 1902 4897 ineffabili

301 4943 502 4998 unione
561 4942 858 4998 divinitatis
915 4942 1129 5013 plenam
1197 4949 1251 4996 et
1313 4940 1612 5011 perfectam
1677 4940 1898 5010 sapien-

303 5031 453 5096 tiam,
487 5039 540 5086 et
569 5031 890 5102 potentiam,
925 5036 979 5086 et
1009 5031 1284 5096 virtutem,
1319 5039 1370 5083 et
1401 5029 1694 5084 bonitatem
1737 5044 1901 5083 acce-

305 5120 452 5192 pisse
481 5121 756 5175 credimus
790 5139 804 5186 ;
837 5128 891 5174 et
921 5119 1092 5190 ipsam
1125 5119 1268 5173 sicut
1297 5117 1352 5172 in
1382 5117 1582 5172 unione
1609 5116 1903 5171 divinitatis

303 5217 768 5288 inseparabiliter,
805 5216 885 5272 sic
924 5215 979 5269 in
1008 5216 1127 5286 ipsa
1160 5233 1280 5287 qua:
1329 5230 1396 5269 ex
1450 5215 1649 5270 unione
1703 5213 1902 5270 divini-

306 5307 429 5361 tatis
461 5314 576 5359 erat
606 5305 943 5375 plenitudine
973 5304 1184 5357 virtutis
1217 5302 1732 5358 incommutabiliter
1780 5319 1905 5373 per-

306 5394 580 5448 mansisse
604 5394 953 5449 confitemur.
976 5393 1164 5464 Neque
1188 5393 1331 5446 enim
1351 5392 1553 5446 idcirco
1575 5392 1720 5446 Deus
1742 5391 1904 5446 homo

303 5482 446 5537 inter
477 5482 726 5536 homines
755 5481 1069 5536 conversari
1102 5480 1290 5547 voluit,
1330 5489 1388 5534 ut
1421 5478 1574 5551 quasi
1606 5496 1704 5550 per
1731 5480 1906 5533 inter-

306 5570 446 5626 valla
478 5579 784 5640 temporum
810 5568 1074 5640 sapientia
1093 5576 1185 5622 aut
1207 5571 1404 5623 virtute
1434 5568 1751 5638 proﬁciens,
1784 5583 1906 5622 me-

307 5659 475 5714 ritum
506 5667 866 5730 compararet,
899 5666 950 5713 et
981 5657 1164 5728 seipso
1195 5657 1389 5711 melior
1419 5657 1598 5723 tieret,
1631 5656 1727 5711 sed
1759 5663 1815 5710 ut
1843 5672 1910 5710 ea

313 5746 590 5821 sapientia
619 5755 670 5804 et
719 5745 980 5812 bonitate,
1032 5757 1198 5816 quam
1244 5745 1362 5819 ipse
1414 5742 1583 5801 etiam
1628 5741 1909 5801 divinitate

2026 497 2192 552 nitate
2223 514 2318 552 sua
2347 497 2563 568 plenam
2593 508 2647 555 et
2674 501 2976 572 perfectam
3006 508 3178 563 semel
3210 517 3262 565 et
3279 510 3439 567 simul
3459 529 3624 570 acce-

2024 585 2123 656 pit,
2156 585 2624 657 dispensationem
2655 590 2841 647 salutis
2871 595 3127 653 humana:
3158 600 3457 656 secundum
3486 601 3622 659 inef-

2023 681 2248 739 fabilem
2321 686 2720 744 ordinationem
2794 706 2950 747 suam
3042 697 3365 768 compleret.
3462 699 3620 769 Qua-

2023 780 2244 843 propter
2280 773 2335 828 id
2378 776 2524 846 quod
2561 777 2692 833 dicit
2731 782 3084 854 evangelista,
3127 785 3248 856 quia
3299 786 3620 859 proficiebat

2023 861 2181 916 Jesus
2219 869 2398 930 astate,
2441 865 2705 937 sapientia
2743 873 2800 924 et
2835 871 3029 942 gratia,
3080 888 3190 928 non
3231 873 3306 930 ita
3352 877 3618 949 accipitur

2023 951 2179 1022 quasi
2210 952 2510 1023 semetipso
2542 955 2736 1011 melior
2767 957 2941 1014 factus
2972 959 3058 1024 sit,
3091 963 3188 1017 sed
3219 964 3347 1034 quia
3375 965 3616 1023 homini-

2021 1046 2124 1104 bus
2157 1063 2321 1121 quam
2351 1049 2468 1120 ipse
2502 1050 2760 1120 habebat,
2797 1054 2896 1110 sed
2943 1055 3142 1113 latebat
3184 1059 3507 1130 sapientiam
3556 1072 3613 1120 et

2017 1136 2275 1210 gratiam,
2317 1140 2479 1208 prout
2517 1139 2660 1194 ratio
2699 1149 3009 1213 temporum
3048 1147 3372 1216 postulabat,
3406 1166 3614 1223 magna

2017 1241 2237 1296 semper
2263 1236 2329 1281 ac
2361 1227 2536 1297 magis
2579 1229 2790 1299 aperuit
2824 1249 2836 1285 :
2888 1231 2963 1287 ita
3005 1235 3149 1304 apud
3193 1237 3444 1294 homines
3484 1239 3610 1310 ipso

2016 1314 2356 1386 proficiebat,
2390 1317 2606 1387 quando
2637 1319 2882 1375 homines
2913 1320 3016 1392 ipsi
3045 1321 3100 1376 in
3130 1324 3249 1393 ejus
3296 1327 3610 1399 cognitione

2014 1414 2387 1486 profecerunt.
2419 1415 2578 1486 Apud
2606 1416 2788 1488 ipsum
2820 1426 2998 1474 autem
3027 1422 3324 1491 profecitin
3347 1439 3412 1480 eo
3434 1426 3604 1496 quod,

2012 1501 2142 1556 dum
2206 1519 2266 1557 se
2332 1503 2594 1573 sapientia
2662 1514 2714 1561 et
2765 1508 2941 1578 gratia
3001 1509 3102 1566 Dei
3158 1511 3375 1581 plenum
3421 1521 3606 1568 osten-

2010 1589 2182 1659 deret,
2215 1605 2310 1646 eos
2341 1592 2410 1646 ad
2439 1591 2655 1648 laudem
2687 1595 2790 1650 Dei
2821 1597 3020 1665 Patris,
3049 1613 3082 1652 a
3111 1613 3225 1670 quo
3254 1600 3360 1656 hoc
3387 1617 3509 1658 esse
3531 1610 3605 1660 te-

2010 1679 2270 1747 stabatur,
2302 1681 2480 1754 magis
2508 1698 2728 1755 semper
2755 1700 2819 1741 ac
2846 1687 3022 1758 magis
3049 1689 3388 1759 provocavit.

2058 1870 2229 1926 ITEM
2267 1870 2642 1931 EXPOSITIO
2681 1875 2776 1931 DE
2813 1873 3064 1934 EODEM
3101 1877 3541 1940 EVANGELIO.

2083 2070 2106 2096 υ
2151 2048 2286 2104 Cum
2353 2049 2525 2106 factus
2587 2059 2738 2108 esset
2802 2053 2967 2109 Jesus
3033 2070 3302 2112 annorum
3384 2058 3601 2116 duode-

2008 2135 2134 2203 cim,
2169 2144 2273 2192 etc.
2311 2139 2464 2207 (Luc.
2501 2141 2584 2206 ti).
2624 2164 2646 2188 ι»
2682 2141 2834 2197 Sicut
2870 2144 3112 2200 mundus
3148 2143 3252 2200 iste
3307 2145 3602 2216 dupliciter

2006 2225 2176 2281 servit
2203 2226 2408 2282 homini
2439 2229 2508 2283 ad
2541 2231 2996 2288 sustentationem
3018 2233 3218 2301 carnis,
3249 2240 3302 2290 et
3329 2234 3398 2290 ad
3415 2236 3601 2292 erudi-

2004 2323 2208 2379 tionem
2237 2324 2454 2394 mentis,
2487 2325 2566 2382 sic
2593 2327 2843 2383 Verbum
2875 2344 3006 2384 caro
3035 2328 3258 2399 factum,
3290 2332 3600 2389 remedium

2004 2419 2226 2484 praestat
2253 2421 2308 2468 et
2333 2415 2668 2486 exemplum.
2722 2416 3049 2473 Remedium
3079 2420 3133 2474 in
3165 2435 3231 2475 eo
3260 2421 3406 2492 quod
3435 2422 3600 2478 obla-

2006 2509 2121 2558 tum
2159 2509 2243 2558 est
2280 2503 2351 2558 ad
2390 2505 2847 2576 redemptionem,
2879 2508 3190 2579 exemplum
3240 2509 3294 2563 in
3351 2525 3418 2566 eo
3453 2512 3602 2583 quod

2007 2598 2292 2663 operatum
2323 2601 2407 2648 est
2436 2593 2510 2649 ad
2537 2593 2914 2652 imitationem.
2947 2598 3266 2654 Remedium
3295 2599 3351 2654 in
3367 2614 3433 2655 eo
3455 2593 3604 2672 quod

2007 2689 2209 2744 factum
2248 2697 2329 2746 est
2364 2735 2376 2756 ,
2419 2692 2730 2762 exemplum
2769 2692 2828 2747 in
2866 2710 2932 2750 eo
2971 2695 3114 2764 quod
3189 2695 3316 2751 fecit
3371 2695 3602 2755 imitatio

2007 2778 2172 2847 ejus,
2215 2779 2513 2835 similitudo
2574 2782 2712 2850 ejus.
2757 2805 2779 2830 α
2842 2782 2966 2838 Vidi
3021 2783 3296 2839 civitatem
3353 2793 3602 2842 sanctam

2006 2866 2347 2924 Hierusalem
2387 2883 2590 2924 novam
2627 2869 3051 2926 descendentem
3089 2872 3158 2927 de
3197 2872 3341 2928 coelo
3396 2873 3594 2947 (Apoc.

2006 2958 2140 3024 ni).
2180 2975 2200 3009 ι
2237 2957 2317 3013 De
2346 2957 2487 3012 ccelo
2516 2957 2819 3029 descendit,
2853 2967 2907 3014 et
2935 2959 3206 3016 fabricata
3237 2968 3320 3016 est
3370 2970 3592 3018 terram.

2007 3053 2089 3108 De
2126 3053 2267 3110 carlo
2306 3055 2503 3122 forma,
2545 3055 2612 3110 de
2651 3062 2802 3111 terra
2864 3056 3120 3112 materia.
3203 3058 3353 3114 Sicut
3425 3058 3606 3115 forma.

2819 3144 2992 3200 forma
3078 3146 3279 3202 Christi
3360 3146 3604 3202 Christus

2009 3231 2304 3286 Induimini
2327 3231 2619 3286 Dominum
2639 3233 2828 3288 Jesum
2866 3233 3141 3289 Christum
3179 3234 3410 3290 formam
3443 3235 3605 3291 Chri-

2009 3319 2097 3387 sti,
2141 3319 2438 3392 imaginem
2477 3319 2698 3374 Christi.
2749 3322 2876 3392 Ipsa
2931 3321 3114 3395 imago
3162 3322 3280 3394 ipsa
3335 3331 3420 3378 est
3474 3322 3605 3378 imi-

2008 3416 2164 3470 tatio.
2208 3415 2414 3471 Idcirco
2444 3415 2623 3471 factus
2661 3424 2744 3472 est
2781 3417 2878 3472 tibi
2915 3418 3251 3489 exemplum,
3305 3427 3363 3475 ut
3417 3427 3475 3476 tu
3531 3421 3605 3476 il-

2009 3503 2121 3558 lum
2161 3504 2425 3560 imitando
2456 3505 2736 3562 indueres.
2769 3507 2920 3562 Fecit
2951 3509 3328 3578 corporaliter,
3350 3517 3408 3564 tu
3434 3509 3604 3581 spiri-

2009 3592 2228 3649 tualiter
2258 3593 2508 3650 imitare.
2552 3617 2574 3642 α
2608 3595 2671 3649 Et
2695 3595 2779 3651 sic
2807 3596 3194 3668 cognovimus,
3223 3597 3420 3670 inquit,
3439 3598 3604 3654 Chri-

2009 3690 2152 3737 stum
2181 3683 2483 3738 secundum
2512 3699 2752 3750 carnem,
2785 3685 2886 3740 sed
2927 3701 3072 3742 nunc
3111 3687 3226 3755 jam
3274 3701 3384 3743 non
3441 3688 3605 3746 novi-

2009 3788 2131 3826 mus
2159 3772 2235 3839 (ΙΙ
2263 3772 2384 3828 Cor.
2417 3774 2495 3841 v).
2534 3795 2555 3818 η
2609 3774 2670 3826 In
2713 3773 2966 3845 exemplo
3018 3775 3326 3831 secundum
3381 3792 3606 3833 carnem

2008 3859 2390 3931 cognovimus,
2424 3859 2479 3914 in
2526 3859 2825 3916 imitatione
2868 3861 3175 3917 secundum
3223 3878 3445 3920 carnem
3485 3865 3605 3934 jam

2007 3973 2117 4012 non
2149 3957 2416 4012 novimus.
2451 3957 2762 4013 Secundum
2793 3973 3008 4014 carnem
3027 3959 3283 4015 Christus
3312 3969 3473 4016 natus
3519 3971 3606 4018 est

2007 4045 2060 4100 in
2089 4045 2316 4112 mundo,
2353 4047 2656 4101 secundum
2699 4046 2950 4117 spiritum
2998 4047 3204 4102 veritas
3245 4049 3489 4105 nascitur
3543 4050 3604 4104 in

2006 4134 2173 4190 corde
2196 4141 2304 4188 tuo.
2321 4134 2566 4188 Christus
2587 4134 2642 4188 in
2663 4135 2853 4190 Judma
2878 4135 3119 4189 nascitur
3139 4136 3207 4190 de
3247 4136 3494 4209 Virgine,
3545 4146 3602 4194 et

2007 4222 2211 4277 veritas
2245 4223 2484 4276 nascitur
2512 4223 2567 4276 in
2595 4222 2941 4278 confessione
2971 4223 3040 4279 de
3069 4223 3324 4295 puritate.
3362 4246 3385 4275 ι
3437 4224 3600 4280 Veri-

2007 4326 2088 4372 tas
2117 4317 2185 4372 de
2216 4327 2354 4371 terra
2384 4327 2506 4372 orta
2536 4326 2638 4381 est,
2673 4326 2724 4373 et
2764 4319 2972 4388 justitia
3017 4321 3085 4377 de
3133 4322 3272 4378 coelo
3317 4323 3602 4395 prospexit

2007 4407 2190 4478 (Psal.
2225 4407 2465 4474 LXXXIV).
2516 4430 2535 4455 υ
2594 4407 2823 4476 Quando
2866 4409 3145 4467 confiteris
3200 4419 3424 4483 peccata
3487 4419 3596 4480 tua,

2010 4494 2208 4552 veritas
2239 4495 2306 4550 de
2337 4503 2484 4550 terra
2515 4495 2723 4562 oritur;
2751 4499 2970 4569 quando
2992 4515 3119 4556 vero
3139 4499 3414 4556 conﬁtenti
3440 4501 3602 4574 igno-

2007 4593 2109 4648 scit
2138 4593 2311 4659 Deus,
2341 4592 2554 4661 justitia
2581 4595 2801 4665 respicit
2830 4595 2900 4651 de
2930 4596 3094 4652 coelo.
3161 4597 3252 4652 Vis
3307 4604 3490 4653 autem
3541 4605 3602 4652 ut

2005 4682 2155 4737 Deus
2189 4691 2365 4738 tecum
2397 4682 2463 4736 sit
2491 4685 2519 4736 ‘?
2547 4681 2806 4739 conﬁtere
2837 4684 2966 4756 quid
2997 4701 3076 4740 es.
3109 4686 3243 4740 Cum
3273 4701 3436 4742 verax
3478 4702 3605 4742 esse

2008 4771 2268 4842 coeperis,
2299 4771 2502 4826 veritas
2531 4779 2707 4826 tecum
2739 4789 2862 4829 esse
2891 4773 3128 4844 incipiet.
3161 4773 3260 4830 Dic
3279 4773 3457 4829 malus
3478 4790 3602 4828 sum

2009 4861 2027 4921 (
2035 4861 2199 4915 breve
2231 4860 2478 4926 verbum,
2513 4860 2613 4916 sed
2645 4864 2880 4931 verum),
2911 4862 3119 4917 veritas
3149 4869 3200 4917 te
3228 4877 3482 4918 veracem
3511 4861 3600 4918 fa-

2009 4948 2132 5004 ciet.
2167 4948 2223 5004 Si
2252 4949 2458 5003 veritas
2487 4957 2666 5004 tecum
2698 4958 2802 5016 est,
2837 4951 2984 5004 Deus
3014 4958 3192 5004 tecum
3223 4957 3323 5018 est,
3345 4950 3469 5022 quia
3498 4966 3603 5008 ve-

2011 5036 2144 5091 ritas
2167 5044 2250 5091 est
2281 5037 2445 5092 Deus.
2469 5038 2614 5093 Ecce
2637 5037 2910 5109 quomodo
2931 5037 2986 5091 in
3026 5037 3214 5092 Iudaea
3255 5038 3514 5105 nascitur,
3544 5038 3602 5093 id

2013 5133 2096 5181 est
2126 5125 2177 5179 in
2193 5125 2558 5193 confessione,
2592 5125 2810 5182 veritas.
2841 5125 3012 5180 Mater
3041 5123 3222 5198 virgo,
3266 5126 3476 5198 puritas
3518 5135 3603 5184 est

2012 5213 2238 5281 cordis;
2270 5230 2394 5270 cum
2423 5215 2590 5270 corde
2619 5213 2800 5270 credis
2847 5215 2993 5286 quod
3043 5229 3140 5270 ore
3187 5214 3486 5271 confiteris.
3539 5219 3602 5272 In

2013 5302 2361 5358 confessione
2393 5303 2636 5358 criminis
2666 5303 2876 5374 puritas
2907 5310 2988 5358 est
3018 5301 3136 5358 sine
3165 5303 3399 5360 macula.
3430 5303 3488 5359 Si
3511 5305 3606 5362 bo-

2014 5407 2142 5446 num
2173 5407 2280 5446 non
2314 5391 2562 5457 simulas,
2596 5407 2706 5446 non
2736 5391 2906 5445 habes
2924 5407 3112 5464 rugam
3139 5410 3152 5458 ;
3178 5392 3223 5446 si
3242 5392 3440 5447 malum
3461 5394 3602 5463 odis,

2015 5495 2124 5534 non
2157 5479 2324 5533 habes
2354 5480 2619 5534 maculam
2652 5479 2877 5551 (Ephes.
2915 5481 3000 5550 v).
3055 5480 3146 5536 Sic
3191 5481 3397 5536 veritas
3444 5481 3499 5536 in
3555 5490 3608 5537 te

2016 5567 2292 5622 desiderio
2323 5567 2644 5638 concipitur,
2677 5584 2846 5639 opere
2889 5569 3150 5636 nascitur,
3201 5569 3380 5625 studio
3427 5569 3606 5625 nutri—

2016 5663 2125 5720 tur,
2142 5663 2198 5709 ut
2212 5655 2634 5726 proﬁciataetate
2655 5655 2708 5710 in
2728 5671 3029 5729 progressu
3047 5657 3332 5728 temporis,
3347 5658 3612 5729 sapientia

2020 5742 2079 5799 in
2107 5750 2402 5817 augmento
2431 5741 2778 5817 cognitionis,
2810 5743 2985 5817 gratia
3013 5743 3068 5802 in
3088 5745 3425 5804 incremento
3443 5743 3614 5804 virtu-
