4010 6074
464 245 568 302 819

1596 232 1929 292 WERNERI
1969 229 2253 296 ΛΒΒΑΤΙΞ
2292 229 2356 287 S.
2401 227 2621 288 BLASII

3658 225 3762 282 820

463 366 532 430 tis
561 381 574 420 :
606 363 749 442 apud
777 361 1026 427 homines.
1047 360 1100 426 in
1131 359 1294 432 fama,
1317 357 1462 436 apud
1482 358 1652 420 Deum
1689 358 1742 416 in
1767 355 2057 420 conscien-
2085 363 2137 430 Α
2170 352 2312 428 Quot
2349 351 2602 442 noctibus
2639 351 2868 424 recedit,
2912 359 2991 412 tot
3043 351 3244 442 diebus
3299 350 3487 442 redit:
3519 349 3764 442 Abeunti

463 455 570 528 tia;
605 451 750 530 apud
780 449 1028 512 homines
1061 457 1117 512 ut
1146 456 1536 532 cognoscatur.
1587 447 1732 520 apud
1779 447 1953 507 Deum
1998 454 2056 508 ut

461 539 820 624 gloriﬁcatur.
887 537 1170 600 Duodeciu
1230 553 1501 598 annorum
1584 537 1638 598 in
1722 536 2054 598 Hierusalem

467 637 739 706 ascendit,
765 635 888 712 quia
907 642 1029 712 post
1050 634 1438 706 perfectionem
1459 633 1642 706 operis
1657 639 1711 692 et
1729 632 2056 706 duplicatum

463 727 720 784 virtutem
753 724 1030 786 charitatis
1060 723 1128 782 ad
1159 739 1347 796 pacem
1378 721 1853 794 contemplationis
1883 718 2055 794 proii-

465 816 557 874 cit.
590 816 845 874 Parentes
877 812 1006 874 Jesu
1040 811 1108 866 ab
1136 810 1475 873 Hierusalem
1505 810 1699 872 itinere
1740 809 1899 868 unius
1950 807 2058 868 diei

463 912 714 978 redeunt,
759 909 886 984 quia
925 924 1119 968 sensus
1168 909 1349 968 carnis
1401 924 1502 982 per
1555 906 1876 968 exercitium
1929 905 2058 970 boni

471 991 656 1073 operis
683 1000 951 1060 internum
983 997 1266 1058 veritatem
1305 997 1562 1068 nutriunt,
1597 1012 1698 1068 per
1729 993 2058 1054 exteriorum

469 1086 884 1150 delectationem
913 1085 1132 1148 retracti
1160 1083 1253 1144 diu
1283 1083 1336 1146 in
1366 1083 1577 1143 interna
1607 1098 1742 1157 pace
1761 1083 2059 1155 persistere

471 1201 582 1248 non
612 1192 862 1261 possunt.
895 1184 1046 1246 Unus
1075 1181 1214 1248 dies,
1246 1196 1355 1242 una
1409 1181 1655 1256 claritas,
1705 1195 1872 1240 unum
1918 1193 2058 1256 gau-

471 1274 646 1340 dium.
679 1288 786 1332 una
814 1270 1122 1334 benedictio
1152 1285 1317 1347 quam
1347 1271 1496 1328 Esau
1534 1268 1765 1341 accepit,
1820 1267 1912 1342 qui
1954 1267 2061 1324 du-

470 1362 671 1441 plicem
711 1360 905 1420 stolam
942 1375 1052 1415 non
1089 1359 1261 1430 potuit
1312 1357 1638 1433 promereri.
1695 1357 1792 1415 Hic
1839 1363 1924 1412 est
1968 1353 2060 1411 ille

470 1475 614 1520 unus
643 1456 782 1523 dies.
814 1457 869 1516 in
900 1473 1008 1529 quo
1036 1472 1172 1536 puer
1201 1456 1363 1516 unius
1391 1455 1498 1514 diei
1525 1455 1647 1516 sine
1675 1461 1899 1532 peccato
1938 1469 2061 1514 esse

471 1562 583 1612 non
613 1545 788 1622 potuit
817 1561 992 1622 super
1032 1553 1258 1613 terram,
1304 1545 1432 1621 quia
1479 1560 1673 1604 sensus
1715 1543 1916 1614 carnis,
1970 1540 2061 1618 qui

473 1642 738 1707 quantum
768 1633 837 1697 ad
873 1650 932 1698 se
960 1650 1178 1708 semper
1205 1633 1440 1706 puerilia
1471 1632 1700 1706 appetit,
1727 1632 1889 1701 hujus
1935 1639 2059 1688 tan-

2162 443 2353 520 prima:
2382 441 2557 501 noctis
2587 441 2691 496 iter
2718 447 2801 498 est
2828 456 2930 520 per
2958 439 3289 514 superbiam,
3325 455 3429 515 qua
3461 441 3637 496 Deum
3657 435 3759 492 de-

2164 532 2298 590 serit
2334 549 2348 601 ;
2379 529 2635 592 secundae
2663 529 2836 586 noctis
2868 529 2967 584 iter
2994 537 3074 584 est
3099 545 3198 603 per
3227 526 3758 599 concupiscentiam,

2165 647 2267 704 qua
2295 629 2400 690 alia
2427 636 2629 704 praeter
2667 629 2842 692 Deum
2889 626 3141 704 appetit;
3195 625 3370 682 tertiae
3424 624 3600 680 noctis
3656 623 3764 680 iter

2165 727 2245 778 est
2273 735 2374 794 per
2401 716 2768 784 obstinatiam,
2803 717 2979 792 quain
3003 715 3124 773 aliis
3155 723 3308 770 extra
3337 715 3512 774 Deum
3542 712 3763 787 requie-

2165 807 2285 863 scit.
2318 808 2379 861 In
2409 804 2665 877 superbia
2696 813 2779 862 est
2808 806 3046 871 vanitas,
3078 804 3133 858 in
3182 802 3620 875 concupiscentia
3667 802 3764 856 de-

2165 902 2402 971 lectatio,
2435 904 2490 958 in
2519 903 2811 960 obstinatio
2839 918 3162 959 consensus.
3194 903 3300 956 Per
3327 901 3617 957 vanitatem
3650 899 3763 974 igi-

2166 1001 2253 1048 tur
2280 993 2410 1058 abit,
2443 1009 2539 1064 per
2567 992 2928 1048 deiectionem
2970 999 3098 1058 stat,
3139 1007 3240 1064 per
3286 1005 3616 1046 consensum
3666 1005 3763 1043 se-

2165 1081 2278 1136 det.
2319 1083 2424 1137 Per
2461 1081 2772 1153 superbiam
2802 1096 2840 1137 a
2867 1081 2984 1137 Deo
3012 1079 3298 1146 recedens,
3331 1078 3472 1134 vadit
3502 1077 3571 1132 ad
3604 1093 3664 1133 se
3703 1086 3765 1132 ut

2167 1177 2474 1251 requiescat
2503 1180 2560 1234 in
2590 1193 2689 1247 se;
2719 1195 2821 1250 per
2835 1176 3338 1248 concupiscentiam
3357 1174 3648 1232 descendit
3659 1175 3764 1234 sub

2167 1282 2250 1334 se,
2281 1275 2342 1326 ut
2368 1267 2672 1340 requiescat
2701 1266 2756 1325 in
2789 1282 2954 1325 carne
2984 1281 2998 1336 ;
3027 1281 3130 1338 per
3156 1264 3501 1325 obstinatiam
3532 1263 3767 1324 trahitur

2167 1364 2320 1417 extra
2349 1372 2434 1423 se,
2463 1364 2521 1413 ut
2551 1355 2859 1428 requiescat
2886 1356 2944 1414 in
2977 1370 3146 1414 carne
3175 1369 3210 1413 ιι
3235 1353 3419 1424 specie
3467 1351 3764 1413 visibilium

2167 1460 2222 1509 et
2267 1461 2588 1524 permaneat
2631 1451 2687 1507 in
2743 1450 3133 1510 delectatione.
3203 1449 3445 1505 Primum
3498 1447 3656 1504 vadit
3691 1447 3766 1506 de

2168 1542 2367 1599 virtute
2393 1556 2493 1598 sua
2522 1541 2778 1614 gloriari,
2814 1539 3062 1598 secundo
3091 1538 3240 1598 vadit
3268 1540 3324 1597 in
3353 1537 3502 1596 vitiis
3530 1536 3648 1592 suis
3674 1535 3767 1596 de-

2168 1629 2380 1699 lectari,
2413 1629 2574 1686 tertio
2600 1629 2752 1688 vadit
2779 1629 2834 1686 in
2861 1627 3194 1687 transitoriis
3224 1626 3520 1686 consolari.
3554 1626 3764 1690 Primo.

469 1738 582 1784 tum
612 1729 738 1785 vitae
767 1729 1066 1785 claritatem
1097 1730 1361 1784 amansin
1387 1745 1448 1784 ea
1469 1743 1747 1800 nunquam
1775 1727 1893 1783 sine
1932 1742 2059 1798 pec-
2085 1730 2140 1796 Β
2177 1749 2199 1774 α
2241 1726 2566 1783 maledictus
2603 1727 2768 1785 homo
2805 1726 2896 1797 qui
2951 1723 3176 1781 confidit
3222 1724 3278 1779 in
3333 1723 3554 1781 homine
3611 1723 3759 1791 (λεν.

470 1818 577 1878 cati
613 1817 833 1878 macula
871 1818 1138 1878 consistit.
1179 1820 1299 1878 Non
1351 1817 1495 1876 enim
1550 1816 1696 1876 venit
1762 1816 1833 1874 ad
1897 1815 2058 1874 alium

469 1905 632 1971 diem,
674 1906 744 1962 de
782 1923 889 1978 quo
927 1906 1131 1962 dictum
1164 1914 1247 1962 est
1281 1925 1294 1959 :
1334 1929 1354 1953 «ι
1389 1905 1642 1961 Nuntiate
1680 1905 1828 1960 diem
1865 1903 1933 1958 de
1971 1902 2059 1958 die

470 2004 645 2073 (Ρδιιι.
669 2005 793 2078 xcv)
814 2019 825 2060 :
856 2026 877 2049 ιι
905 2011 957 2062 et
972 2020 1187 2064 rursum
1215 2023 1225 2060 :
1253 2024 1273 2054 ι
1302 2003 1432 2060 Dies
1449 2019 1615 2075 super
1635 2001 1752 2062 dies
1771 2000 1916 2076 regis
1932 2000 1997 2060 ad
2000 1999 2060 2070 ji-

465 2090 576 2154 Cics
604 2092 781 2168 (Pcal.
815 2094 925 2162 Lx).
963 2113 984 2140 υ
1023 2093 1322 2168 Propterea
1350 2091 1511 2151 unius
1539 2089 1646 2148 diei
1676 2089 1780 2148 iter
1803 2097 1884 2148 est
1906 2087 2059 2148 elon-

467 2179 726 2255 gentibus
743 2179 809 2240 ab
835 2180 1202 2250 Hierusalem,
1232 2181 1355 2256 quia
1386 2178 1669 2240 delectatio
1711 2177 2057 2250 praesentium

468 2275 635 2352 longe
659 2275 781 2337 facit
798 2277 1010 2338 animos
1027 2293 1057 2331 a
1074 2277 1530 2355 contemplatione
1555 2285 1895 2340 aeternorum.
1931 2275 2060 2334 Post

464 2363 700 2424 triduum
730 2367 887 2424 Jesus
908 2365 964 2422 in
1003 2365 1204 2440 templo
1231 2365 1524 2438 invenitur,
1557 2365 1684 2438 quia
1713 2371 1836 2439 post
1864 2379 2058 2424 corre-

464 2452 699 2512 ctionem
731 2453 1099 2532 cogitationis,
1134 2453 1420 2514 locutionis
1449 2462 1502 2512 et
1529 2454 1736 2528 operis,
1767 2453 1973 2510 veritas
2003 2453 2057 2511 in

462 2547 632 2609 corde
670 2550 874 2610 mundo
901 2551 1219 2628 percipitur.
1251 2552 1528 2612 Invenitur
1554 2558 1733 2610 autem
1767 2551 1909 2611 inter
1952 2550 2057 2613 do—

461 2644 643 2700 ctores
680 2647 735 2693 et
762 2639 1057 2712 sapientes,
1099 2639 1220 2716 quia
1259 2640 1314 2697 in
1354 2640 1477 2714 iege
1531 2648 1585 2698 et
1641 2639 1940 2716 prophetis,
2007 2647 2059 2699 et

464 2725 902 2801 evangelistis,et
918 2727 1200 2808 apostolis,
1220 2737 1272 2784 et
1288 2728 1426 2787 sacri
1443 2728 1594 2790 verbi
1608 2726 1943 2796 doctoribus,
1958 2743 2057 2786 ve-

461 2823 598 2888 ritas
636 2825 1016 2899 cognoscitur.
1064 2825 1284 2900 Legitur
1313 2840 1532 2899 quoque
1562 2824 1632 2886 de
1659 2824 1853 2885 itinere
1895 2823 2056 2886 trium

463 2909 697 2978 dierum,
731 2911 782 2969 in
813 2913 1009 2986 quibus
1039 2913 1214 2974 ierant
1251 2913 1346 2972 ﬁlii
1389 2914 1557 2978 Israel
1585 2914 1642 2974 in
1670 2914 1970 2982 desertum,
2000 2921 2058 2974 ut

464 2998 539 3058 ibi
572 2998 940 3066 sacriﬁcarent
971 3003 1206 3063 Domino
1236 3003 1352 3062 Deo
1393 3018 1493 3067 suo
1538 3002 1736 3070 (Exod.
1781 3005 1889 3072 ut).
1957 3002 2057 3062 Est

2169 1818 2310 1884 κνιι)
2338 1831 2351 1877 ;
2380 1837 2402 1866 ι
2429 1815 2688 1882 secundo,
2717 1835 2740 1870 ς
2760 1814 2853 1887 qui
2872 1815 3025 1885 ponit
3044 1828 3269 1872 carnem
3293 1811 3583 1871 brachium
3603 1826 3767 1872 suum

2168 1904 2389 1974 (ibid);
2425 1925 2447 1954 υ
2484 1903 2719 1978 tertioue
2755 1902 2847 1975 qui
2876 1903 3117 1974 speravit
3153 1902 3211 1959 in
3239 1901 3578 1961 multitudine
3615 1899 3765 1959 divi-

2167 1999 2362 2054 tiarum
2393 2015 2633 2065 suarum,
2667 2006 2720 2054 et
2747 1998 3030 2070 pmvaluit
3059 1999 3113 2053 in
3145 1997 3390 2054 vanitate
3431 2012 3529 2052 aus
3566 1998 3759 2065 (ρωι.

2167 2088 2268 2159 ιι).
2313 2112 2332 2137 ι
2368 2087 2683 2146 Revertanti
2711 2095 2889 2147 autem
2919 2087 3118 2158 prima:
3145 2087 3254 2146 diei
3284 2087 3388 2146 iter
3417 2093 3502 2143 est
3541 2085 3765 2156 quando

2166 2177 2518 2235 intentionem
2556 2192 2712 2234 suam
2749 2176 3016 2234 convertit
3051 2175 3234 2235 anima
3262 2175 3332 2234 ab
3361 2190 3428 2234 eo
3455 2174 3607 2246 quod
3652 2189 3764 2234 ex-

2168 2281 2249 2329 tra
2278 2274 2452 2345 ipsam
2490 2281 2592 2340 est,
2624 2274 2698 2328 ad
2729 2273 2782 2328 id
2813 2273 2958 2344 quod
2992 2273 3118 2344 ipsa
3157 2281 3262 2328 est.
3322 2271 3592 2328 Secundae
3651 2271 3764 2326 diei

2165 2362 2268 2418 lter
2297 2370 2398 2431 est,
2429 2363 2646 2435 quando
2673 2363 2742 2416 ab
2771 2377 2838 2416 eo
2867 2363 3010 2432 quod
3041 2363 3094 2418 in
3125 2362 3232 2421 alio
3257 2370 3341 2419 est
3367 2361 3583 2415 ducitur
3613 2359 3680 2414 ad
3705 2360 3764 2414 id

2164 2451 2312 2524 quod
2341 2467 2465 2510 esse
2491 2451 2675 2510 debet.
2706 2451 2900 2510 Tertita
2927 2451 3035 2509 diei
3064 2451 3168 2508 iter
3195 2459 3300 2516 est,
3331 2450 3550 2521 quando
3580 2465 3617 2506 a
3645 2465 3765 2519 pars

2164 2549 2413 2620 captione
2443 2548 2856 2604 illuminationis
2884 2548 3098 2619 rapitur
3126 2547 3194 2603 ad
3249 2547 3454 2603 fontem
3501 2545 3756 2604 luminis.

2167 2638 2341 2692 Prima
2371 2637 2570 2693 revisio
2600 2646 2684 2694 est
2703 2638 2772 2692 ab
2804 2637 3000 2693 alienis
3030 2637 3103 2696 ad
3122 2635 3340 2708 propria
3367 2653 3382 2701 ;
3411 2636 3661 2692 secunda
3676 2643 3765 2690 est

2165 2742 2199 2784 s
2226 2726 2386 2786 malis
2414 2727 2483 2784 ad
2513 2726 2656 2784 bona
2687 2741 2702 2796 ;
2737 2726 2888 2784 tertia
2917 2734 3001 2784 est
3056 2741 3090 2784 a
3149 2725 3329 2786 studio
3375 2724 3633 2784 virtutum
3690 2725 3765 2781 ad

2166 2821 2576 2894 perceptionem
2607 2823 2831 2878 internas
2860 2830 2910 2877 et
2939 2829 3163 2877 mternm
3203 2821 3539 2878 dulcedinis.
3585 2821 3656 2876 Et
3685 2821 3769 2880 sic

2165 2917 2288 2982 post
2318 2911 2573 2978 triduum,
2601 2911 2708 2968 hoc
2728 2919 2813 2966 est
2827 2918 2950 2983 post
2974 2911 3371 2967 correctionem
3388 2909 3767 2982 cogitationis,

2163 2999 2473 3066 locutionis,
2505 3001 2694 3072 operis
2728 3018 2741 3064 :
2771 2998 2954 3067 Jesus,
2987 2999 3043 3060 id
3074 3004 3160 3058 est
3189 2999 3391 3058 veritas
3437 2999 3496 3056 in
3535 2998 3767 3070 templo.

462 3094 686 3177 quidam
715 3110 997 3164 accessus,
1032 3105 1086 3158 et
1117 3113 1368 3162 recessus
1397 3099 1593 3158 animae
1621 3098 1692 3159 ad
1717 3098 1916 3166 Deum,
1941 3097 2059 3160 sive
2087 3079 2138 3148 C
2167 3099 2270 3153 hoc
2297 3097 2463 3154 estin
2493 3097 2700 3154 mundo
2733 3097 2904 3154 corde
2932 3096 3226 3168 percipitur
3262 3117 3274 3152 :
3299 3097 3374 3156 ita
3403 3103 3457 3151 et
3486 3112 3585 3168 per
3617 3095 3771 3153 sacri

462 3197 496 3244 at
525 3183 642 3246 D80
666 3202 680 3254 ;
714 3198 974 3250 accessus
1003 3187 1069 3244 ad
1093 3189 1290 3258 Deum,
1314 3203 1568 3253 recessus
1593 3203 1627 3247 tt
1658 3188 1793 3251 Deo.
1830 3187 2063 3246 Abeuu-
2161 3186 2316 3242 verbi
2346 3187 2628 3253 doctores,
2658 3186 2862 3248 veritas
2892 3187 3087 3242 horum
3119 3186 3284 3244 trium
3315 3185 3533 3241 dierum
3561 3200 3770 3257 agree.

463 3279 525 3350 ti.
556 3281 659 3348 iter
688 3289 772 3352 est
797 3300 900 3357 per
930 3293 1166 3352 noctem,
1200 3285 1450 3351 redeunti
1479 3285 1582 3352 iter
1609 3293 1695 3348 est
1737 3301 1837 3358 per
1880 3285 2052 3348 diem.

2162 3283 2337 3346 aionis
2367 3283 2752 3340 Hebmrorum
2783 3298 2855 3340 ex
2879 3283 3113 3356 Εενμο
3143 3282 3394 3344 ﬁdelibus
3415 3281 3763 3346 declaratur.

819 3574 1313 3686 DOMINA
1393 3575 1981 3688 SECUNDA
2055 3576 2385 3692 POST
2461 3577 3402 3696 THEOPHANIAM.

549 3840 570 3870 α
604 3817 817 3892 Nuptiae
846 3817 1004 3884 facta
1019 3825 1144 3882 sunt
1164 3819 1216 3881 in
1240 3819 1387 3882 Caus
1409 3819 1672 3889 ῦειῑὶιεθεε,
1700 3828 1750 3882 et
1782 3828 1901 3887 erat
1946 3837 2063 3882 ma-

474 3906 699 3970 terJesu
722 3905 818 3972 ibi.
849 3907 1086 3970 Vocatus
1109 3915 1192 3968 est
1208 3917 1386 3968 autem
1407 3909 1434 3968 J
1440 3925 1568 3968 esus
1582 3919 1633 3968 et
1653 3909 1906 3982 discipuli
1923 3910 2061 3986 ejus,

473 3994 542 4056 ad
572 3995 791 4068 nuptias
822 3997 1010 4067 (lacn.
1044 4001 1123 4063 ιι).
1163 4021 1183 4044 »ι
1209 3997 1389 4058 Voluit
1412 3999 1680 4061 Dominus
1700 3998 1815 4060 suis
1836 4015 1937 4059 nec
1957 4015 2065 4062 non

471 4082 735 4148 miraculo
792 4085 1009 4159 nuptias
1072 4086 1467 4146 commendare
1503 4130 1516 4156 ,
1557 4103 1626 4147 ne
1683 4103 1782 4146 eas
1827 4089 2067 4148 haeretici

475 4171 735 4232 damnare
773 4183 1192 4252 praesumerent.
1235 4176 1461 4248 Mystice
1518 4175 1794 4236 desiderio
1851 4179 2065 4239 Patrum

474 4261 906 4342 prmeedentium
944 4270 1071 4322 ante
1109 4264 1310 4336 legem,
1371 4265 1473 4322 sub
1530 4265 1653 4342 lege
1711 4275 1931 4326 vocatus
1980 4275 2068 4324 est

476 4362 732 4424 sponsus,
765 4348 833 4402 ad
864 4349 1164 4416 Ecclesium
1197 4367 1455 4430 sponsam
1487 4354 1691 4419 venire,
1727 4361 1779 4410 et
1799 4354 1852 4412 in
1895 4354 2069 4428 gratia

479 4434 740 4510 Evangeii
770 4438 949 4492 venit.
992 4439 1180 4498 Vocati
1213 4447 1337 4494 sunt
1367 4448 1418 4494 et
1449 4441 1720 4514 discipuli,
1752 4450 1809 4501 ut
1839 4443 2068 4504 ministri

481 4519 536 4575 in
567 4521 794 4594 nuptiis.
815 4524 966 4583 Hanc
987 4539 1243 4599 sponsam
1279 4528 1553 4602 conjunxit
1573 4531 1679 4590 sibi
1728 4547 1981 4604 sponsus,
2017 4533 2072 4587 in

481 4618 646 4665 utero
684 4611 942 4684 Virginis,
983 4614 1223 4675 Verbum
1264 4617 1403 4674 enim
1446 4633 1699 4692 sponsus,
1761 4630 1813 4676 et
1869 4637 2072 4693 sponsa

480 4714 608 4754 caro
633 4699 866 4756 humana
893 4710 998 4756 est.
1036 4704 1095 4761 ιιι
1125 4703 1273 4761 Cana
1305 4705 1565 4774 Gaiilzeaa,
1598 4707 1651 4762 in
1699 4708 1838 4764 oculo
1887 4718 2070 4764 trans-

478 4788 826 4862 migrationis
859 4790 988 4845 fiunt
1016 4793 1237 4870 nuptiae,
1271 4794 1397 4867 quia
1427 4794 1480 4854 bi
1506 4805 1628 4850 sunt
1658 4795 1809 4870 digni
1834 4799 2067 4866 Christo,

480 4878 572 4950 qui
603 4877 817 4935 fervore
845 4879 1156 4936 devotionis
1186 4883 1253 4940 de
1285 4884 1428 4939 vitiis
1458 4885 1524 4940 ad
1557 4885 1797 4960 virtutes,
1831 4889 1900 4946 de
1933 4898 2067 4944 terra

477 4965 544 5024 ad
568 4966 733 5023 cmlos
763 4968 1020 5046 migrant.

558 5078 580 5102 ι
625 5056 695 5112 Ει
723 5056 1010 5118 deficiente
1042 5059 1185 5130 vino,
1219 5059 1350 5124 dicit
1379 5069 1552 5117 mater
1580 5064 1741 5119 Jesus
1783 5064 1850 5120 ai
1899 5083 2020 5121 eum
2055 5085 2067 5122 :

482 5141 678 5204 Vinum
709 5160 817 5202 non
849 5146 1051 5202 habent
1086 5170 1132 5204 η.
1167 5148 1333 5222 Quasi
1364 5151 1511 5210 dicat
1545 5171 1557 5206 :
1593 5152 1787 5208 Vinum
1836 5155 1906 5220 da
1958 5156 2061 5210 eis.

481 5228 677 5292 Vinum
708 5232 1046 5308 deficit,quia
1072 5239 1703 5316 spiritalisinlelligentia
1734 5243 1874 5320 legis
1916 5244 2068 5306 falla-

481 5330 597 5375 cem
632 5321 1029 5380 Pharisaaorum
1062 5328 1456 5398 expositionem
1490 5329 1658 5386 latere
1680 5343 1945 5407 cmperat.

556 5442 577 5466 -
613 5421 682 5476 Et
711 5422 850 5482 dixit
879 5424 927 5478 ei
955 5427 1114 5486 Jesus
1139 5445 1150 5482 :
1177 5428 1317 5506 Quid
1340 5431 1474 5490 mihi
1491 5441 1542 5488 et
1561 5432 1654 5491 tibi
1677 5443 1778 5501 est,
1818 5437 2014 5500 mulier
2042 5441 2070 5495 Ὺ

479 5508 723 5571 nondum.
754 5510 895 5563 venit
928 5513 1057 5574 hora
1085 5531 1232 5576 mea.
1277 5541 1300 5566 η

729 5619 1016 5695 commune
1047 5618 1128 5695 est
1159 5612 1253 5667 tibi
1283 5622 1476 5684 mater,
1497 5621 1799 5684 secundum
1814 5637 2063 5695 carnem,

482 5701 536 5756 et
557 5692 689 5759 milii
714 5700 930 5754 aeternae
960 5694 1058 5752 Dei
1090 5696 1268 5758 virtuti
1305 5714 1369 5760 ac
1391 5701 1489 5762 Dei
1520 5707 1821 5777 sapientiai.
1853 5727 1923 5774 ex
1955 5692 2064 5785 qua

2173 3821 2410 3883 futurum
2439 3830 2524 3880 est
2566 3823 2888 3883 miraculum
2946 3825 3094 3897 quod
3149 3828 3314 3898 petis.
3380 3827 3578 3887 Veniet
3635 3828 3777 3886 hora

2175 3926 2316 3977 mea,
2350 3911 2403 3974 id
2426 3919 2508 3969 est
2537 3913 2808 3985 passionis
2837 3915 3237 3984 Opportunitas,
3270 3916 3326 3973 in
3363 3931 3472 3988 qua
3514 3917 3780 3976 videlicet

2176 4015 2300 4058 cum
2330 4001 2574 4071 pendere
2604 4002 2659 4059 in
2689 4017 2857 4061 cruce
2881 4001 3171 4060 inﬁrmitas
3217 4006 3464 4077 eruperit,
3510 4006 3678 4077 cujus
3720 4015 3777 4061 tu

2175 4096 2351 4148 mater
2379 4105 2440 4146 es
2467 4105 2762 4165 agnoscam
2793 4098 2846 4151 te
2875 4100 3106 4152 matrem
3133 4101 3192 4150 ut
3237 4092 3399 4159 titius,
3453 4108 3652 4155 curam
3701 4095 3778 4156 tui

2175 4177 2441 4248 discipulo
2467 4177 2830 4239 committens.
2852 4181 3154 4240 Prwdicato
3180 4190 3359 4242 autem
3391 4183 3700 4253 Evangelia
3725 4191 3780 4243 et

2176 4265 2374 4327 virtute
2404 4265 2588 4328 divina
2616 4275 2841 4326 ostensa
2869 4269 3094 4335 mundo,
3149 4270 3247 4328 fuit
3285 4272 3417 4328 hora
3461 4271 3769 4341 passionis.

2178 4355 2300 4417 Non
2330 4355 2668 4418 necessitatis
2689 4355 2898 4413 scilicet
2920 4356 3066 4424 itera.
3092 4368 3146 4413 ut
3166 4359 3405 4421 haeretici
3426 4360 3780 4422 calumnian-

2182 4447 2287 4510 tur,
2315 4439 2415 4500 sed.
2440 4439 2759 4500 voluntatis.
2802 4440 2954 4500 Unde
2992 4441 3123 4500 illud
3156 4459 3168 4497 :
3224 4467 3244 4494 υ
3302 4444 3630 4503 Potestatem
3675 4446 3778 4506 ha-

2181 4527 2283 4584 beo
2314 4543 2516 4598 ponere
2546 4528 2789 4586 animam
2821 4545 3018 4604 meam,
3050 4539 3100 4585 et
3139 4530 3337 4588 iterum
3379 4548 3604 4592 sumere
3653 4549 3778 4592 eam

2177 4615 2361 4693 (Joan.
2384 4615 2461 4690 ιι).
2491 4640 2512 4664 »ι
2536 4617 2657 4674 Non
2679 4617 2821 4678 enim
2844 4627 3031 4678 auctor
3046 4626 3352 4698 temporum
3371 4623 3480 4680 fato
3517 4621 3779 4700 temporis

2177 4703 2413 4778 regitur.

2255 4826 2276 4849 «
2296 4801 2436 4861 Dicit
2453 4809 2626 4864 mater
2641 4803 2762 4876 ejus
2787 4823 2801 4859 :
2822 4803 3200 4879 Quodcnnque
3211 4806 3406 4868 dixerit
3420 4807 3576 4867 vobis
3589 4807 3773 4866 facite.

2178 4891 2344 4952 Erant
2382 4899 2564 4952 autem
2601 4892 2674 4950 ibi
2711 4893 2941 4964 lapideae
3004 4894 3210 4965 hydria:
3249 4913 3350 4952 sex
3419 4898 3615 4970 positae
3683 4914 3777 4956 se-

2179 4979 2410 5044 cundum
2441 4979 2875 5052 purificationem
2900 4982 3236 5052 Judaeorum.
3267 4986 3548 5058 capientes
3577 4987 3774 5058 singu-

2181 5067 2248 5128 lae
2284 5078 2544 5128 metretas
2582 5069 2737 5131 binas
2775 5070 2862 5132 vel
2901 5079 3104 5130 ternas.
3153 5095 3172 5118 ιι
3217 5072 3438 5132 Conﬁsu
3477 5083 3660 5132 mater
3705 5075 3774 5132 de

2180 5156 2272 5212 ﬁlii
2300 5157 2496 5230 pietate
2525 5159 2591 5212 ad
2623 5158 2825 5229 ipsam,
2857 5167 2914 5213 ut
2943 5158 3032 5212 fiat
3073 5160 3222 5232 quod
3269 5163 3402 5231 petit
3447 5161 3778 5220 ﬁducialiter

2183 5245 2411 5321 imperat
2433 5246 2714 5305 ministris.
2740 5247 2925 5320 Hydor
2955 5246 3135 5332 [ὕδωρ]
3160 5265 3244 5306 est
3271 5267 3430 5326 aqua.
3472 5252 3604 5310 inde
3630 5253 3774 5308 dici-

2181 5337 2268 5397 tur
2294 5335 2483 5410 hydria
2516 5352 2608 5389 vas
2631 5351 2804 5410 aqua}.
2830 5336 3256 5397 Puriiicationem
3278 5343 3592 5402 Iudaeorum
3641 5340 3773 5405 dicit

2179 5422 2325 5493 quod
2355 5425 2548 5478 crebro
2565 5425 2815 5482 lavabant
2835 5441 3025 5480 manus
3046 5435 3099 5481 et
3119 5445 3270 5488 vasa.
3301 5432 3509 5488 Metron
3531 5429 3769 5516 [μέτρον]

2179 5519 2392 5588 Graece,
2435 5538 2688 5582 mensura
2715 5525 2904 5586 Latine
2947 5529 3173 5590 dicitur.
3213 5529 3345 5585 Inde
3396 5537 3629 5586 metreta
3670 5544 3770 5586 no-

2174 5623 2301 5670 men
2331 5625 2619 5671 mensum.

2251 5736 2274 5770 ι
2307 5715 2450 5778 Dicit
2477 5717 2559 5779 eis
2577 5719 2739 5782 lusus
2767 5723 3030 5796 :Implete
3057 5725 3280 5797 hydriaa
3299 5742 3464 5798 aqua.
3488 5726 3562 5786 Et
3579 5725 3766 5802 imple

3487 5867 3534 5894 δ
