4010 6074
311 230 409 288 821

1268 222 1854 285 DEFLOBATIONES
1883 223 1984 285 SS.
2013 225 2324 289 PATRUM.
2356 256 2425 275 --
2453 230 2582 288 LIB.
2619 234 2660 288 Ι.

3516 235 3620 298 822

311 352 517 410 verunt
539 363 638 406 eas
667 362 845 424 usque
880 347 955 406 ad
1008 362 1302 408 summum.
1335 349 1398 406 Ft
1426 349 1561 405 dixit
1589 348 1672 406 eis
1700 349 1863 406 Iesus
1894 369 1907 407 :
1935 350 1991 413 A
2018 353 2076 413 in
2105 354 2310 416 Genesi
2345 375 2357 411 :
2397 381 2420 407 α
2462 356 2758 431 Relinquat
2805 357 2974 418 homo
3025 365 3236 433 patrem
3281 364 3336 418 et
3360 363 3616 428 matrem,

309 441 538 502 Haurite
565 453 731 505 nunc,
764 445 818 494 et
843 435 981 494 ferte
1011 437 1400 496 architriclino.
1443 439 1507 495 Et
1534 437 1852 494 tutelerunt.
1887 463 1909 488 ι»

384 526 798 588 Architriclinus
827 530 914 581 est
943 525 1199 598 princeps
1230 527 1468 593 triclinii,
1492 527 1548 584 id
1577 535 1660 584 est
1681 527 1917 584 discum-

319 619 564 676 bentium
628 617 688 671 in
738 615 997 673 triclinio.
1039 615 1355 674 Triclinium
1412 631 1546 672 vero
1574 615 1764 672 dicunt
1792 631 1915 673 esse

317 718 493 774 aulam
523 715 952 784 tricameratam,
982 714 1071 769 vel
1102 722 1216 770 tres
1241 714 1440 770 domos
1467 714 1549 771 vel
1582 722 1695 770 tres
1724 729 1915 770 came-

313 821 404 862 ras
433 819 558 860 cum
591 801 860 858 testudine
899 802 1092 867 factas,
1133 801 1190 856 in
1250 800 1447 873 quibus
1503 801 1772 858 sedebant
1825 799 1912 856 di-

315 893 683 957 scumbentes,
716 890 872 963 quasi
903 891 1006 945 sub
1029 891 1204 945 tribus
1233 891 1496 947 arcubus.

389 1016 412 1039 α
446 991 514 1046 Ut
541 995 726 1044 autem
770 987 1014 1059 gustavit
1057 986 1457 1044 architriclinus
1499 1001 1698 1058 aquam
1730 985 1913 1042 vinum

310 1077 542 1146 factum,
574 1085 629 1134 et
676 1091 784 1132 non
815 1075 1024 1132 sciebat
1068 1075 1214 1132 unde
1243 1083 1410 1141 esset,
1460 1075 1689 1132 ministri
1735 1083 1912 1132 autem

319 1168 572 1225 sciebant
597 1165 691 1236 qui
732 1166 1030 1220 hauserant
1058 1178 1281 1236 aquam,
1333 1172 1494 1220 vocat
1537 1179 1798 1236 sponsum
1826 1180 1913 1220 ar-

306 1263 668 1329 chitriclinus,
706 1269 759 1318 et
785 1260 916 1316 dicit
944 1261 993 1317 ei
1028 1279 1039 1316 :
1084 1260 1276 1316 Omnis
1304 1261 1479 1318 homo
1526 1260 1759 1331 primum
1809 1260 1912 1316 bo-

308 1370 438 1410 num
492 1352 677 1409 vinum
731 1349 923 1421 ponit;
957 1356 1164 1406 etcum
1225 1349 1475 1404 inebriati
1525 1348 1741 1415 fuerint,
1782 1355 1911 1404 tunc

308 1441 364 1496 id
399 1440 546 1514 quod
576 1438 816 1495 deterius
842 1445 950 1492 est.
1005 1437 1084 1492 Tu
1116 1445 1294 1493 autem
1325 1438 1556 1492 servasti
1587 1436 1770 1492 vinum
1804 1437 1911 1492 bo-

310 1552 444 1591 num
500 1550 677 1607 usque
725 1533 926 1587 adhuc.
1007 1532 1123 1588 Hoc
1177 1531 1304 1587 fecit
1358 1530 1566 1587 initium
1623 1531 1908 1604 signorum

306 1626 470 1680 Jesus
524 1623 580 1678 in
633 1622 777 1676 Cana
830 1619 1090 1688 Galilaeae,
1148 1627 1200 1676 et
1237 1617 1603 1675 manifestavit
1677 1619 1905 1691 gloriam

307 1729 485 1770 suam.
518 1734 538 1759 υ

377 1811 518 1866 [nter
541 1808 714 1865 multa
740 1806 903 1880 signa
928 1822 1051 1879 quae
1081 1804 1210 1862 fecit
1234 1806 1262 1860 J
1268 1821 1397 1861 esus
1414 1804 1470 1860 in
1492 1804 1642 1862 Cana
1663 1804 1905 1864 Galilaem

300 1899 399 1956 fuit
427 1901 534 1956 hoc
584 1897 840 1969 primum,
883 1903 936 1950 et
975 1895 1219 1966 quodam
1277 1893 1562 1968 dignitatis
1613 1893 1902 1967 privilegio

296 1989 692 2045 elementorum
754 1983 1136 2051 conversione,
1223 1982 1597 2040 manifestavit
1668 1983 1899 2056 gloriam

299 2102 476 2152 suam,
506 2085 562 2140 id
607 2091 691 2141 est
717 2083 976 2139 latentem
1032 2081 1314 2138 deitatem.
1371 2079 1690 2138 Miraculum
1745 2097 1901 2152 aqum

298 2190 576 2231 conversae
633 2172 689 2228 in
755 2172 940 2228 vinum
1024 2169 1310 2236 miramur,
1367 2177 1421 2226 et
1475 2183 1585 2225 non
1639 2168 1901 2226 miramur

305 2263 436 2336 quia
493 2261 640 2318 omni
669 2275 813 2316 anno
842 2260 980 2314 bene
1023 2258 1153 2314 facit
1181 2259 1331 2315 Deus
1357 2257 1414 2312 in
1446 2257 1668 2326 vitibus,
1725 2265 1777 2313 et
1831 2257 1900 2316 de

301 2376 410 2418 uno
439 2373 611 2432 grano
666 2357 834 2414 multa
865 2355 1012 2413 facit.
1042 2357 1114 2411 Et
1161 2355 1328 2426 (quod
1358 2355 1534 2424 majus
1564 2355 1668 2423 est)
1697 2353 1896 2411 uelum

293 2458 345 2506 et
377 2458 578 2508 terram
609 2448 678 2506 de
724 2445 894 2502 nihilo
949 2444 1172 2511 creavit,
1215 2458 1390 2515 eaque
1421 2442 1741 2500 mirabiliter
1788 2460 1897 2514 gu-

297 2549 514 2604 bernat.
543 2545 688 2616 Ergo
719 2543 841 2614 quia
871 2541 1120 2598 homines
1148 2541 1204 2596 in
1242 2540 1390 2596 aliud
1417 2539 1625 2604 intenti,
1645 2539 1896 2612 perdide-

303 2639 426 2688 runt
453 2628 944 2686 considerationem
986 2640 1211 2698 cperum
1258 2625 1497 2690 Domini,
1529 2624 1583 2678 in
1613 2639 1721 2698 qua
1754 2640 1896 2696 quo-

299 2721 431 2776 tidie
489 2734 615 2774 eum
670 2717 978 2782 laudarent,
1019 2713 1256 2772 servavit
1307 2713 1411 2770 sibi
1449 2714 1597 2769 Deus
1644 2713 1892 2783 quaedam

300 2819 564 2876 inusitata
594 2833 715 2890 quae
744 2815 969 2883 faceret,
1001 2821 1058 2871 ut
1096 2822 1354 2885 tanquam
1408 2811 1742 2868 dormientes
1795 2812 1892 2868 ho-

293 2908 470 2964 mines
497 2907 564 2961 ad
596 2923 656 2960 se
683 2904 979 2962 colendum
1010 2902 1350 2958 mirabilibus
1382 2900 1889 2970 excitaretAquam

293 2996 452 3052 vertit
472 2997 632 3051 Jesus
664 2996 720 3047 in
750 2992 961 3061 vinum,
1003 3005 1126 3048 cum
1155 2989 1448 3060 insipidam
1478 2996 1714 3044 mentem
1762 3003 1889 3045 car-

291 3086 495 3142 nalium
555 3098 756 3154 sapore
812 3080 1049 3136 scientia
1111 3078 1349 3134 caelestis
1405 3077 1624 3132 imbuit.
1666 3077 1892 3133 Eramus

295 3175 438 3230 enim
472 3187 631 3246 aqua,
665 3171 718 3226 id
753 3178 836 3226 est
884 3168 1224 3242 insipientes,
1285 3175 1336 3222 et
1383 3166 1509 3222 fecit
1538 3182 1639 3221 nos
1683 3165 1892 3232 vinum,

291 3256 348 3329 id
407 3279 492 3328 est
522 3270 800 3342 sapientes
850 3267 1011 3323 fidem
1043 3266 1234 3338 ipsius.
1268 3264 1366 3321 Vel
1397 3279 1541 3335 aqua
1571 3262 1891 3337 intelligitur

298 3361 584 3419 scientiam
637 3357 909 3414 mundans
937 3355 1212 3412 auditores
1259 3369 1292 3410 a
1335 3353 1589 3410 sordibus
1637 3360 1895 3424 peccato-

293 3467 415 3509 rum
444 3469 454 3505 :
480 3465 602 3521 quae
632 3456 758 3502 tunc
811 3445 1147 3502 convertitur
1176 3444 1233 3502 in
1291 3442 1500 3510 vinum,
1539 3441 1752 3514 quando
1781 3439 1888 3498 ali-

296 3541 421 3614 quis
453 3555 518 3596 ex
547 3545 659 3595 toto
686 3535 1028 3594 obliviscitur
1057 3533 1459 3605 prmteritorum
1509 3530 1796 3598 malorum,
1828 3545 1896 3584 ne

291 3640 350 3696 in
407 3652 474 3693 ea
504 3635 725 3702 incidat,
778 3641 833 3690 et
859 3632 1050 3703 incipit
1079 3631 1256 3688 calere
1301 3630 1356 3684 in
1388 3628 1486 3684 Dei
1517 3642 1725 3696 amore,
1759 3626 1899 3682 sicut

294 3728 480 3782 vinum
510 3725 793 3780 inebrians
820 3722 1123 3778 obliviosos
1181 3718 1311 3774 facit
1341 3725 1618 3790 potatores
1649 3723 1702 3773 et
1755 3715 1897 3771 cale-

294 3817 446 3873 facit.
495 3813 774 3872 Convertit
805 3827 974 3884 aquas
1008 3809 1251 3865 Christus
1280 3807 1332 3862 in
1359 3807 1563 3873 vinum,
1617 3805 1746 3860 dum
1778 3820 1898 3875 quae

295 3913 536 3970 carnalia
564 3911 886 3968 videbantur
942 3908 996 3963 in
1025 3907 1170 3980 lege,
1204 3903 1514 3977 spiritualia
1555 3902 1812 3967 ostendit,
1845 3906 1900 3958 et

303 4000 650 4074 superficiem
680 3999 873 4054 litterae
901 3997 1124 4068 plenam
1155 3994 1363 4051 caelesti
1395 3993 1591 4048 virtute
1622 3990 1794 4047 videri
1827 3989 1903 4045 fe-

295 4092 393 4149 cit.
429 4087 679 4144 Chiistus
731 4086 877 4141 enim
908 4085 961 4138 in
1010 4082 1290 4154 prophetis
1321 4081 1548 4138 necdum
1581 4077 1900 4135 manifesta-

292 4189 378 4236 tus
404 4177 556 4251 quasi
587 4177 767 4231 vinum
800 4173 853 4228 in
912 4188 1054 4245 aqua
1083 4171 1236 4226 latuit
1269 4186 1283 4241 ;
1326 4167 1428 4226 sed
1458 4185 1579 4224 cum
1614 4165 1900 4238 discipulis

293 4273 509 4350 aperuit
555 4289 777 4332 sensum
832 4279 890 4327 ut
941 4268 1310 4342 intelligerent
1377 4266 1689 4337 Scripturas
1740 4265 1895 4338 (Luc.

294 4369 465 4432 xxxv),
497 4364 679 4420 vinum
711 4359 992 4416 inebrians
1023 4358 1122 4413 fuit
1153 4357 1272 4431 ipse
1333 4355 1576 4411 Christus
1607 4354 1661 4408 in
1690 4353 1814 4426 lege
1845 4361 1897 4408 et

294 4452 582 4530 prophetis
612 4448 1011 4506 manifestatus.
1042 4445 1142 4500 Illa
1169 4445 1338 4519 igitur
1363 4442 1662 4515 Scriptura,
1692 4441 1818 4496 dum
1841 4439 1894 4494 in

297 4528 366 4599 eo
398 4539 796 4605 sublevamine,
835 4537 887 4592 id
921 4543 1003 4592 est
1033 4534 1103 4590 ad
1154 4531 1522 4606 operationem
1552 4530 1740 4586 litterae
1767 4528 1898 4584 latet

294 4639 538 4696 Christus
568 4635 706 4710 sapit
763 4651 959 4708 aquam
1006 4631 1314 4703 insipidam.
1367 4631 1499 4686 Cum
1550 4643 1681 4684 vero
1720 4625 1896 4683 aufert

291 4729 546 4787 velamen
574 4735 662 4782 est
691 4725 874 4779 vinum
907 4722 1208 4778 inebrians.
1230 4721 1336 4777 Sex
1364 4718 1575 4790 hydria:
1599 4735 1691 4773 sex
1711 4723 1896 4772 tetates

292 4825 419 4874 sunt
449 4833 570 4889 quae
622 4813 854 4870 inaniter
883 4815 1194 4876 currerent,
1247 4807 1350 4863 nisi
1399 4807 1644 4863 Christus
1704 4805 1758 4858 in
1817 4803 1897 4858 eis

305 4913 715 4988 praedicaretur.
751 4909 928 4964 Prima
970 4915 1098 4963 astas
1147 4914 1225 4962 est
1257 4905 1326 4960 ab
1377 4904 1548 4958 Adam
1607 4916 1780 4973 usque
1835 4899 1903 4954 ad

292 5003 420 5058 Noe
446 5022 459 5068 ;
503 4999 761 5066 secunda,
794 5012 966 5067 usque
1000 4995 1069 5050 ad
1094 4994 1401 5062 Abraham;
1426 4991 1600 5059 tertia,
1632 5005 1807 5062 usque
1829 4988 1900 5043 ad

297 5099 474 5158 David
503 5117 514 5164 ;
547 5104 757 5171 quarta,
795 5111 966 5167 usque
1010 5094 1076 5149 ad
1101 5089 1633 5164 transmigrationem
1667 5106 1679 5153 ;
1715 5087 1904 5160 quinta

291 5197 363 5258 ad
393 5199 655 5253 Joannem
689 5193 1021 5266 Baptistam;
1056 5197 1222 5259 sexta,
1259 5188 1387 5244 inde
1435 5201 1606 5256 usque
1638 5185 1707 5240 ad
1738 5185 1901 5239 finem

294 5294 514 5352 saeculi.
544 5291 838 5363 Prophelia
865 5291 916 5349 in
942 5288 1171 5361 singulis
1202 5286 1472 5352 tit-tatibus,
1493 5283 1644 5356 quasi
1675 5283 1900 5355 hydrus.

304 5392 620 5448 Secundum
677 5389 909 5444 litteram
942 5401 1082 5458 aqua
1136 5383 1388 5456 insipida,
1433 5379 1705 5455 quomodo
1734 5379 1787 5434 in
1817 5379 1906 5434 vi-

298 5505 434 5548 num
468 5494 724 5551 mutetur,
756 5501 878 5540 cum
910 5483 978 5539 ad
1010 5481 1278 5537 Christum
1312 5484 1364 5536 et
1396 5479 1464 5534 ad
1487 5493 1679 5534 omnes
1707 5483 1906 5549 gentes

302 5585 577 5644 referatur
606 5584 909 5640 videamus.
948 5577 1222 5650 Quidquid
1279 5576 1610 5650 figurabatur
1656 5575 1709 5628 in
1736 5573 1905 5628 Adam

313 5684 384 5741 de
435 5683 674 5752 Christo,
732 5679 802 5736 ad
855 5692 1044 5736 omnes
1086 5671 1656 5748 gentespertinebat,
1691 5678 1747 5726 ut
1777 5669 1910 5729 illud

2022 449 2324 510 adhaerebit
2373 453 2538 513 uxori
2595 470 2730 522 suae,
2765 463 2819 512 at
2882 461 3038 512 erunt
3087 453 3198 514 duo
3226 453 3286 514 in
3311 467 3479 514 carne
3507 469 3620 514 una

2023 548 2192 618 (Gen.
2227 551 2312 618 ll).
2348 574 2373 598 ιι
2401 549 2652 607 Christus
2678 550 2906 610 adhaesit
2924 550 3208 619 Ecclesiae,
3226 557 3286 610 ut
3312 559 3496 610 essent
3510 551 3620 609 duo

2023 637 2078 691 in
2101 653 2264 694 carne
2291 653 2426 706 una,
2455 646 2510 694 et
2537 638 2636 696 fuit
2664 638 2972 710 relinquere
3028 647 3244 712 patrem
3290 655 3400 696 non
3449 639 3505 698 in
3557 655 3620 699 ea

2021 725 2198 788 forma
2248 742 2516 797 apparere
2599 728 2913 786 hominibus
2967 729 3022 783 in
3102 744 3208 803 qua
3261 736 3346 785 est
3399 728 3621 800 aequalis

2023 815 2183 870 Patri.
2243 815 2478 887 Reliquit
2503 824 2735 874 matrem
2767 817 2986 886 quando
3013 817 3082 874 de
3115 817 3413 893 Synagoga
3440 824 3619 874 trans-

2022 903 2117 960 ivit
2145 904 2218 964 ad
2246 903 2572 964 Ecclesiam.
2604 905 2821 964 Poterat
2875 905 3141 966 Dominus
3197 905 3441 978 vigilanti
3483 904 3616 968 Adin

2021 1010 2229 1062 costam
2260 1002 2381 1059 sine
2408 1002 2602 1062 dolore
2628 1002 2870 1062 evellere
2899 1003 3215 1075 (ibid.),sed
3241 1003 3434 1074 procul
3452 1001 3618 1062 dubio

2022 1091 2224 1152 Christi
2251 1088 2502 1150 dormitio
2529 1090 2584 1148 in
2614 1105 2776 1149 cruce
2801 1090 2859 1147 in
2887 1107 2958 1151 eo
2983 1090 3415 1164 signiﬁcabatur,
3442 1091 3512 1150 de
3533 1104 3616 1151 cu-

2014 1181 2106 1248 jus
2132 1179 2303 1238 latere
2330 1186 2588 1251 tanquam
2609 1193 2814 1249 sponsa
2833 1179 3106 1238 ﬂuxerunt
3123 1185 3467 1238 sacramenta
3503 1179 3613 1237 Ec-

2020 1268 2220 1326 clasiae.
2252 1269 2333 1325 De
2361 1267 2488 1324 vino
2516 1267 2748 1326 aliarum
2776 1267 3090 1338 hydriarum
3149 1268 3419 1333 bibamus.
3446 1265 3612 1326 Chri»

2019 1363 2136 1412 stus
2162 1355 2431 1429 ﬁguratus
2445 1357 2598 1412 estin
2613 1355 2754 1412 Noe.
2769 1354 2910 1411 Nam
2925 1355 3050 1412 ideo
3072 1355 3128 1412 in
3148 1370 3273 1416 arca
3293 1354 3475 1412 omnia
3491 1355 3613 1416 ani-

2017 1445 2188 1504 malia
2217 1452 2345 1502 sunt
2371 1443 2583 1504 inclusa
2607 1445 2770 1514 (Gen.
2792 1445 2913 1514 vn),
2942 1447 3004 1498 ut
3020 1458 3215 1500 omnes
3230 1450 3428 1517 gentes
3447 1442 3613 1515 signi-

2017 1541 2305 1599 ﬁcarentur
2341 1541 2623 1598 salvandae
2651 1556 2754 1612 per
2781 1540 3075 1600 Christum.
3103 1540 3228 1598 Non
3247 1539 3391 1599 enim
3421 1539 3610 1597 deerat

2015 1629 2132 1686 Deo
2161 1645 2351 1688 rursus
2396 1643 2628 1688 causare
2673 1644 2836 1688 omne
2886 1645 3063 1702 genus
3113 1627 3450 1696 animalium,
3509 1625 3608 1686 sed

1928 1695 1982 1758 Β
2013 1717 2138 1776 ideo
2165 1734 2264 1790 per
2290 1718 2499 1790 lignum
2522 1717 2733 1775 salvete
2759 1695 3060 1790 suntrquia
3077 1724 3132 1776 et
3149 1730 3254 1776 nos
3275 1732 3375 1789 per
3393 1695 3610 1790 lignum

2011 1815 2257 1874 salvandi
2285 1829 2528 1874 eramus.
2567 1816 2626 1873 la
2656 1814 2818 1874 tertia
2843 1813 3037 1886 hydria
3061 1813 3272 1874 audivit
3299 1813 3605 1874 Abraham.

2016 1929 2038 1953 α
2074 1905 2133 1962 in
2155 1904 2362 1962 semine
2394 1911 2486 1963 tuo
2513 1903 2906 1962 benedicentur
2933 1917 3134 1962 omnes
3176 1908 3372 1974 gentes
3425 1902 3598 1972 (Gem

2009 1991 2172 2062 χιιι).
2206 2012 2228 2039 υ
2265 1988 2401 2059 Quis
2428 2003 2540 2048 non
2590 1987 2738 2046 videt
2775 1987 2936 2059 cuius
2991 1985 3226 2060 ﬁguram
3257 1984 3448 2044 habuit
3474 1985 3602 2045 uui-

2008 2103 2105 2145 cus
2135 2088 2256 2157 ejus
2282 2087 2429 2159 ligna
2459 2093 2682 2159 portans
2710 2085 2782 2144 ad
2809 2083 3161 2151 sacriﬁcium,
3185 2099 3296 2156 quo
3324 2082 3607 2144 immolan-

2007 2177 2112 2234 dus
2130 2177 2433 2234 ducebatur
2453 2193 2466 2232 :
2490 2175 2734 2247 portavit
2747 2174 2892 2231 enim
2908 2173 3172 2233 Dominus
3183 2186 3406 2232 crucem
3420 2187 3597 2232 suam.

2005 2267 2068 2322 In
2091 2272 2288 2338 quarta
2316 2263 2509 2335 hydria
2538 2263 2670 2321 dicit
2701 2262 2888 2322 David.
2917 2284 2938 2311 «
2975 2263 3174 2332 Surge,
3225 2262 3394 2328 Deus,
3417 2260 3602 2330 iudica

2006 2362 2232 2412 terram.
2257 2352 2530 2424 Quoniam
2549 2359 2606 2410 tu
2621 2349 2970 2410 haereditabis
2995 2350 3053 2410 in
3072 2348 3326 2410 omnibus
3344 2347 3604 2423 gentibus

2005 2455 2188 2522 (Paul.
2217 2452 2429 2523 Lxxxi).
2468 2474 2490 2502 1
2523 2451 2803 2522 Tanquam
2825 2449 3098 2508 diceretur
3128 2467 3139 2503 :
3172 2446 3431 2507 Dormiati
3452 2445 3606 2518 judi-

2003 2548 2172 2616 catus.
2189 2557 2224 2598 a
2251 2549 2412 2611 terra,
2429 2555 2600 2612 surge
2617 2547 2673 2598 ut
2688 2539 2912 2610 iudices
2922 2544 3146 2598 terram.
3169 2538 3230 2594 in
3247 2536 3432 2609 quinta
3443 2539 3604 2598 aetate

2002 2630 2135 2688 vidit
2148 2630 2338 2690 Daniel
2354 2629 2590 2701 lapidem
2606 2627 2899 2700 precisum
2914 2627 2983 2684 de
2994 2633 3180 2684 monte
3191 2625 3311 2684 sine
3320 2623 3600 2694 manibus,

2000 2735 2054 2782 et
2084 2725 2317 2799 fregisse
2335 2725 2519 2782 omnia
2546 2739 2722 2794 regna
2769 2731 3067 2791 terrarum,
3097 2729 3149 2781 et
3176 2719 3424 2782 crevisse
3449 2718 3603 2782 illum

1997 2814 2256 2888 lapidem,
2288 2823 2342 2872 et
2394 2814 2594 2872 factum
2649 2827 2775 2871 esse
2825 2818 3067 2871 montem
3096 2823 3379 2881 magnum,
3409 2807 3486 2869 ita
3538 2815 3599 2870 ut

1994 2905 2246 2977 impleret
2273 2903 2588 2960 universam
2616 2900 2811 2960 faciem
2841 2907 3003 2959 terra
3023 2900 3190 2970 (Dan.
3222 2898 3306 2966 ιι).
3338 2897 3420 2957 De
3485 2910 3600 2968 quo

1998 3003 2184 3054 monte
2210 2992 2548 3065 praedicitur,
2606 2989 2714 3050 nisi
2770 2990 2842 3046 de
2888 3003 3066 3061 regno
3091 2986 3424 3052 Judaeorum,
3456 2984 3603 3046 unde

2001 3091 2250 3148 Christus
2279 3089 2580 3146 secundum
2609 3101 2833 3144 carnem
2880 3091 3040 3142 natus
3095 3092 3197 3151 eat,
3253 3082 3372 3140 sine
3424 3097 3596 3153 opera

1994 3181 2238 3238 humano
2268 3177 2485 3248 quando
2513 3175 2631 3232 sine
2659 3175 2918 3246 amplexu
2950 3171 3235 3232 maritali?
3265 3170 3349 3229 Ad
3377 3176 3593 3231 sextam

2001 3286 2218 3335 aetatem
2248 3274 2484 3347 pertinet
2536 3275 2772 3332 Joannes
2810 3271 3050 3342 Baptista
3077 3269 3270 3328 dicens
3302 3286 3315 3325 :
3350 3291 3373 3317 α
3407 3266 3600 3328 Nolito

1998 3368 2185 3425 dicere
2208 3379 2221 3422 :
2252 3366 2468 3422 Patrem
2494 3362 2759 3419 habemus
2787 3359 3091 3417 Abraham.
3122 3357 3322 3418 Potens
3340 3364 3426 3416 est
3452 3356 3597 3417 enim

1996 3457 2144 3515 Deus
2200 3454 2271 3509 de
2352 3450 2628 3523 lapidibus
2670 3449 2788 3505 istis
2848 3447 3117 3510 suscitare
3169 3445 3314 3505 tilica
3366 3445 3598 3505 Abrahtu

1996 3544 2218 3613 (Matth.
2251 3548 2364 3618 in).
2397 3569 2419 3598 ιι
2453 3545 2696 3617 Lapides
2747 3544 2942 3601 dicens
2994 3551 3190 3616 gentes
3233 3556 3346 3601 non
3371 3547 3600 3613 proptar

1996 3637 2336 3706 ﬁrmitatem,
2394 3635 2494 3694 sed
2551 3633 2860 3694 stoliditatis
2900 3631 3195 3698 duritiam;
3227 3631 3357 3691 dum
3386 3630 3598 3691 adcrav

1997 3727 2130 3784 bant
2157 3726 2474 3792 simulacra,
2503 3722 2711 3780 similes
2742 3721 2869 3779 facti
2921 3728 3045 3779 sunt
3071 3719 3201 3777 illia.
3232 3719 3389 3777 Unde
3419 3717 3590 3776 illud:

2003 3849 2024 3872 α
2060 3823 2276 3880 Similes
2305 3821 2413 3876 illis
2461 3819 2589 3874 fiant
2617 3818 2708 3891 qui
2762 3817 2965 3874 faciunt
3021 3831 3109 3884 ea,
3166 3815 3257 3888 qui
3313 3813 3590 3872 conﬁdunt

1997 3910 2053 3969 in
2083 3914 2162 3969 eis
2191 3913 2368 3984 (Paul.
2401 3910 2572 3981 cxiii).
2609 3932 2634 3957 ι
2667 3908 2800 3966 item
2831 3921 2926 3964 sex
2954 3904 3166 3978 hydriae
3199 3913 3322 3962 sunt
3349 3902 3591 3974 perfecta

1998 4003 2168 4059 corda
2194 4008 2526 4065 sanctorum,
2557 3998 2610 4051 in
2640 3995 2725 4053 his
2773 3995 3017 4050 aetatibus
3049 3991 3291 4066 receptui
3339 3991 3588 4062 Scriptu-

1999 4114 2181 4155 rarum
2215 4095 2313 4152 Dei
2341 4101 2551 4166 parata,
2584 4092 2637 4146 in
2679 4090 2986 4163 exemplum
3017 4087 3244 4148 videndi
3272 4094 3434 4164 atque
3463 4102 3592 4144 cre-

1998 4185 2163 4243 dendi
2221 4183 2532 4258 proposita.
2572 4180 2640 4236 Et
2687 4185 2816 4234 sunt
2848 4176 3084 4249 lapidea,
3129 4175 3185 4230 id
3215 4181 3298 4230 est
3326 4172 3489 4230 fortia
3538 4172 3594 4234 in

1999 4273 2212 4332 Christo
2242 4270 2449 4342 lapide.
2508 4265 2821 4324 Secundum
2880 4263 3315 4340 purificationem
3369 4261 3593 4325 Judaeu-

1921 4407 1974 4468 D
2006 4388 2122 4428 rum
2138 4370 2346 4468 dictum
2397 4373 2502 4468 est1
2533 4363 2768 4464 quia'illi
2801 4370 3006 4468 tantum
3033 4358 3234 4434 populo
3281 4359 3595 4468 {indecorum

2004 4461 2092 4516 lex
2121 4459 2244 4514 data
2274 4462 2375 4526 est,
2409 4454 2506 4512 sed
2537 4453 2708 4528 gratia
2741 4461 2841 4525 per
2861 4451 3133 4507 Christum
3161 4449 3413 4506 omnibus
3458 4447 3598 4509 facta

2002 4555 2104 4606 est.
2134 4547 2264 4603 Ideo
2292 4561 2402 4601 non
2431 4543 2631 4600 dictum
2664 4550 2747 4600 est
2775 4541 3052 4614 capientes
3080 4544 3341 4597 metretas
3368 4537 3486 4593 alia:
3516 4535 3596 4592 bi-

2003 4664 2124 4718 nas,
2157 4645 2275 4702 aliae
2305 4653 2510 4710 ternas,
2543 4641 2641 4697 sed
2663 4640 2820 4696 binas
2869 4638 2956 4695 vel
2983 4645 3187 4706 ternas,
3217 4644 3275 4692 ut
3303 4636 3421 4707 ipse
3447 4634 3596 4690 dice-

2003 4744 2081 4793 ret
2102 4735 2258 4790 binas
2306 4748 2442 4810 quas
2497 4739 2699 4786 ternas.
2741 4728 2875 4784 Sunt
2904 4742 3039 4801 ergo
3093 4724 3216 4780 duae
3245 4738 3511 4778 mensurae
3541 4721 3594 4778 in

2004 4809 2339 4898 Scripturis,’
2369 4823 2494 4875 dum
2525 4821 2689 4874 Pater
2715 4821 2769 4873 et
2801 4816 2971 4872 Filius
3000 4813 3370 4878 nominantur,
3394 4810 3492 4866 sed
3519 4809 3594 4865 ibi

2005 4897 2238 4985 Spiritus
2266 4910 2357 4984 qui
2387 4907 2566 4964 Patris
2624 4914 2705 4963 est
2734 4912 2788 4962 et
2844 4903 2964 4958 Filii
2995 4900 3335 4974 intelligitur,
3369 4906 3427 4953 ut
3454 4897 3528 4952 ibi
3580 4915 3592 4950 :

2013 5026 2033 5050 α
2061 5000 2253 5058 Omnia
2286 4999 2340 5053 in
2388 4994 2655 5068 sapientia
2711 4993 2885 5064 (Paul.
2917 4990 3057 5060 ein),
3095 5013 3116 5038 ι
3151 4988 3205 5042 id
3247 4994 3332 5042 est
3377 4986 3433 5040 in
3462 4985 3597 5042 Filio

2009 5089 2207 5146 fecisti.
2245 5085 2378 5142 Tres
2426 5090 2666 5140 metretm
2722 5087 2866 5148 sunt,
2912 5079 3038 5134 dum
3088 5075 3367 5131 nominato
3397 5075 3600 5146 Spiritu

2010 5195 2200 5245 sancto
2257 5185 2488 5240 Trinitas
2536 5178 2882 5238 manifestius
2946 5176 3288 5253 intelligitur,
3339 5183 3397 5230 ut
3453 5175 3527 5229 ibi
3587 5191 3600 5232 :

2014 5300 2036 5329 α
2074 5275 2344 5347 Baptizate
2375 5288 2470 5328 eos
2499 5271 2554 5325 in
2582 5268 2802 5330 nomine
2821 5266 3018 5332 Patris,
3043 5273 3093 5322 et
3125 5265 3265 5334 Filii,
3288 5271 3341 5322 et
3370 5264 3604 5337 Spiritus

2012 5371 2183 5428 sancti
2217 5369 2436 5441 (Matth.
2471 5368 2684 5437 xxviii).
2715 5389 2735 5413 η
2771 5362 2939 5421 Aliter
2967 5363 3110 5419 binae
3139 5362 3226 5419 vel
3255 5370 3422 5418 ternae
3451 5377 3605 5423 men-

2015 5487 2161 5528 surae
2193 5475 2318 5523 sunt
2370 5481 2561 5522 omnes
2618 5469 2809 5543 gentes
2858 5461 2928 5517 ad
2975 5477 3107 5536 quas
3135 5460 3411 5533 pertinent
3456 5459 3607 5518 Scri-

2015 5579 2211 5644 pturee,
2235 5567 2378 5624 binae
2400 5573 2625 5644 propter
2654 5563 3000 5640 praeputium,
3033 5569 3086 5618 et
3115 5561 3606 5623 circumcisionem,

2021 5679 2192 5728 ternae
2249 5665 2375 5744 quia
2403 5680 2436 5722 a
2483 5663 2655 5721 tribus
2708 5659 2834 5718 filiis
2887 5660 3008 5717 Noc
3036 5666 3161 5720 sunt
3208 5656 3603 5718 disseminata).
