4010 6074
410 293 512 350 823

1538 277 1880 337 WERNERI
1916 277 2211 335 ABBATIS
2264 278 2327 334 S.
2373 277 2596 334 BLASII

3612 275 3714 330 εξι

401 417 560 486 jussu
633 412 851 470 Domini
923 410 1162 482 impletae
1218 413 1344 464 sunt
1430 405 1658 478 hydriae,
1735 402 2008 477 signiﬁcat
2033 405 2089 464 Α
2117 409 2170 458 et
2197 402 2554 474 dispergitur.
2604 400 2790 458 Tertia
2835 407 2917 457 est
2956 400 3027 456 ab
3053 398 3438 456 adolescentia.
3471 397 3718 454 Primum

411 505 539 576 quia
567 501 847 572 Scriptura
875 500 945 556 ab
974 514 1043 556 eo
1070 506 1174 555 est.
1213 495 1392 553 Potuit
1420 496 1644 570 quidem
1672 509 1876 551 vacuas
1903 493 2011 548 im-

409 591 562 664 plere
591 590 719 647 vino
747 590 841 663 qui
877 596 1072 645 cuncta
1117 585 1328 644 creavit
1358 601 1425 642 ex
1477 583 1669 650 nihilo,
1701 583 1801 639 sed
1829 581 2016 637 maluit

415 689 485 744 de
514 703 656 760 aqua
677 687 864 743 vinum
894 685 1095 751 facere,
1126 692 1186 739 ut
1211 684 1437 739 doceret
1462 699 1524 738 se
1560 697 1672 736 non
1691 682 1875 753 legem
1897 679 2014 735 sol-

415 793 570 844 vere,
601 776 699 832 sed
728 774 1051 845 adimplere,
1083 781 1136 828 et
1165 773 1220 827 in
1266 771 1570 844 Evangelio
1599 770 1695 825 illa
1723 769 1901 825 facere
1930 766 2018 822 vel

421 864 623 920 docere
654 863 926 936 praedixit.
970 863 1157 934 Usque
1186 861 1254 916 ad
1286 875 1559 915 summum
1588 858 1883 929 implentur
1910 857 2016 928 hy-

421 953 576 1020 driae,
607 953 735 1023 quia
763 951 973 1006 nullum
1028 957 1244 1021 tempus
1291 948 1392 1003 fuit
1419 963 1454 1003 a
1499 945 1724 1002 salutari
1778 944 2019 1001 doctrina

420 1065 678 1107 vacuum.
725 1047 1137 1106 Architriclinus
1165 1044 1491 1118 intelligitur
1518 1044 1769 1116 princeps
1799 1043 1854 1097 in
1883 1041 2024 1112 peri-

418 1143 497 1198 tia
527 1142 821 1212 Scripturae
850 1136 1180 1194 continentis
1208 1134 1465 1190 historias
1517 1140 1570 1188 et
1602 1131 1940 1188 moralitates
1969 1138 2024 1186 et

419 1229 738 1303 allegorias.
777 1228 915 1282 Dum
948 1238 1086 1297 ergo
1130 1222 1225 1278 tali
1255 1221 1402 1277 velut
1437 1220 1758 1287 Nicodemo,
1817 1219 2020 1274 Gama-

416 1313 550 1380 lieli,
580 1310 849 1383 discipulo
870 1310 992 1378 ejus
1012 1307 1176 1364 Saulo
1196 1306 1421 1362 verbum
1454 1304 1740 1375 Evangelii
1769 1303 2016 1371 oﬁ'ertur,

419 1412 605 1467 vinum
661 1409 730 1464 de
787 1423 934 1479 aqua
993 1405 1194 1462 factum
1249 1403 1620 1459 architrielino
1664 1402 2009 1474 propinatur.

417 1497 680 1556 Nonnulli
711 1511 813 1567 per
844 1509 1047 1564 aquam
1080 1493 1407 1564 baptismum
1429 1491 1675 1559 Joannis,
1705 1506 1810 1561 per
1835 1489 2018 1545 vinum

418 1587 736 1659 passionem
767 1583 970 1638 Christi
1025 1581 1324 1652 accipiunt.
1373 1579 1529 1636 Unde
1582 1586 1638 1634 et
1661 1579 1844 1633 vinum
1868 1577 2019 1648 prius

418 1683 594 1738 fertur
623 1679 1020 1744 architriclino,
1053 1679 1108 1734 id
1137 1686 1222 1734 est
1251 1677 1356 1748 ipsi
1374 1677 1592 1744 Joanni,
1624 1676 1864 1748 quiante
1884 1675 2020 1730 bibit

2118 507 2220 563 per
2248 490 2633 547 cohibitionem
2676 490 2979 562 disciplina
3035 489 3488 556 circumciditur;
3518 487 3722 543 deinde

2121 579 2412 652 praeceptis
2442 579 2791 650 infopmatur,
2851 583 2905 634 et
2959 579 3194 636 consilio
3234 577 3458 650 regitur.
3491 576 3717 646 Quarta,

2122 670 2180 724 id
2207 678 2290 725 est
2312 671 2566 739 juventus
2590 669 2798 724 servire
2825 670 2935 738 jam
2983 667 3200 740 cogitur
3228 676 3281 722 et
3310 666 3598 735 subjicitur
3625 681 3720 721 re—

2123 774 2312 832 gnum,
2364 766 2422 813 ut
2472 773 2577 829 per
2617 756 2868 813 timorem
2941 757 3178 812 hominis
3233 755 3473 812 divinum
3532 755 3720 810 distat.

2127 855 2346 925 Quinta,
2378 855 2431 909 id
2461 864 2546 910 est
2573 854 2744 910 virilis
2770 863 2899 910 aetas
2935 861 3060 925 post
3102 854 3352 909 timorem
3383 851 3626 908 hominis
3655 851 3726 906 ad

2125 944 2367 1000 divinum
2397 943 2562 999 venit.
2622 944 2814 1008 Sexta,
2847 943 2905 997 id
2933 951 3017 998 est
3072 950 3345 1008 senectus,
3405 941 3560 1012 quasi
3582 942 3728 994 itura

2127 1032 2573 1104 concupiscentia
2627 1032 2930 1087 futurorum
2976 1031 3225 1087 trahitur.
3280 1031 3372 1086 Sic
3423 1031 3728 1084 humanum

2128 1145 2324 1204 genus,
2382 1129 2617 1200 primum
2663 1127 2865 1184 diluvio
2904 1127 3157 1183 obrutum
3212 1134 3314 1194 est,
3375 1126 3623 1182 secundo
3673 1127 3729 1180 in

2127 1217 2487 1274 aediﬁcatione
2517 1217 2683 1273 turris
2713 1217 2936 1283 elatum,
2987 1218 3043 1271 in
3096 1216 3362 1272 divisione
3405 1217 3730 1288 linguarum

2127 1307 2458 1378 dispersum,
2530 1306 2692 1362 tertio
2749 1305 2804 1360 in
2861 1306 3135 1361 Abraham
3205 1305 3613 1372 circumcisum,
3675 1304 3732 1358 in

2128 1396 2315 1466 Moyse
2341 1395 2629 1468 praeceptis
2658 1395 3032 1460 informatum,
3067 1394 3169 1449 sub
3193 1393 3466 1464 judicibus
3497 1393 3729 1449 consilio

2127 1493 2511 1566 gubernatum,
2599 1499 2653 1547 et
2708 1499 2895 1564 quarto
2972 1491 3073 1546 sub
3131 1490 3349 1561 regibus
3407 1490 3734 1546 dominatori

2124 1581 2456 1650 subjectum,
2510 1580 2698 1652 quinto
2756 1581 2856 1635 sub
2913 1579 3256 1652 pontiﬁcibus
3306 1579 3564 1652 religioni
3631 1595 3734 1650 pa-

2127 1686 2276 1736 rens,
2333 1678 2489 1725 sexto
2537 1669 2639 1723 sub
2695 1671 2864 1742 gratia
2895 1685 3028 1724 vera
3084 1670 3323 1724 bonitate
3379 1669 3729 1724 illustratum.

415 1770 731 1843 passionem
760 1783 926 1841 quam
956 1767 1220 1822 Christus.
1263 1764 1700 1831 Architriclinus,
1725 1765 1777 1819 id
1799 1773 1880 1820 est
1903 1772 2015 1820 tres
2041 1753 2097 1816 B
2129 1760 2252 1814 Istae
2283 1774 2384 1813 sex
2412 1757 2618 1830 hydria:
2674 1758 2792 1813 sive
2839 1757 2895 1812 in
2923 1758 3158 1814 decursu
3204 1757 3388 1814 smculi
3419 1757 3733 1828 praesentis,

418 1859 639 1915 ordines
658 1857 715 1913 in
755 1856 958 1928 nuptiis
987 1854 1466 1922 discumbentium,
1497 1853 1783 1909 altitudine
1799 1853 2012 1909 distan-

2120 1857 2237 1912 sive
2266 1855 2321 1910 in
2350 1853 2460 1909 vita
2505 1853 2765 1921 hominis,
2799 1869 2999 1910 omnes
3055 1855 3212 1926 aquis
3242 1853 3560 1926 implentur,
3606 1853 3738 1926 quia

418 1955 503 2002 tes
531 1946 674 2002 inter
699 1959 782 2011 se,
815 1945 1107 2016 designant
1135 1951 1246 1999 tres
1275 1943 1496 1998 ordines
1523 1941 1766 1998 ﬁdelium
1795 1943 1852 1996 in
1898 1943 2012 1997 Ec-
2115 1943 2322 2014 judicio
2350 1941 2550 2014 plenus
2591 1949 2673 1998 est
2727 1943 2983 1999 mundus.
3034 1942 3254 1999 Judicia
3328 1950 3440 2008 tua,
3475 1942 3732 2007 Domine,

421 2043 614 2100 clesia:
639 2042 1082 2113 coujugatorum,
1105 2039 1515 2104 continentium,
1541 2046 1595 2094 et
1614 2039 1916 2095 doctorum.
1949 2039 2017 2094 Et
2123 2033 2356 2104 abyssus
2386 2031 2575 2086 multa.
2634 2030 2801 2086 Multa
2830 2039 3086 2102 operatus
3134 2039 3217 2087 est
3273 2033 3422 2086 Deus
3451 2031 3524 2086 ab
3579 2031 3734 2086 initio

421 2133 542 2206 quia
563 2131 847 2188 doctorum
869 2138 953 2186 est
980 2129 1260 2185 veteribus
1281 2128 1561 2193 institutis,
1585 2127 1820 2200 gratiam
1843 2129 2019 2183 Evan-

2124 2121 2331 2190 saeculi,
2366 2129 2417 2176 et
2445 2119 2663 2192 operari
2695 2135 2804 2176 non
2833 2120 3034 2175 desinit
3089 2136 3264 2193 usque
3293 2121 3364 2176 ad
3393 2118 3560 2176 ﬁnem
3591 2121 3732 2189 ejus,

420 2221 553 2294 gelii
581 2219 861 2291 praeferre,
922 2226 1112 2274 vocato
1181 2232 1387 2288 sponso
1439 2217 1576 2272 dixit
1623 2216 2020 2272 architriclinus
2124 2227 2180 2276 et
2210 2219 2361 2276 circa
2390 2218 2665 2273 hominem
2697 2233 2731 2273 a
2778 2218 3049 2290 principio
3076 2235 3249 2288 usque
3303 2217 3372 2272 ad
3399 2217 3562 2274 ﬁnem
3592 2219 3732 2288 ejus,

423 2309 629 2365 bonum
669 2309 854 2363 vinum
901 2306 1070 2362 fuisse
1121 2314 1424 2360 servatum.
1462 2304 1623 2373 Quod
1678 2313 1860 2360 autem
1889 2305 2020 2360 dici-

421 2414 531 2471 tur,
589 2420 698 2460 non
728 2402 938 2458 sciebat
965 2401 1112 2457 unde
1140 2409 1306 2467 esset,
1336 2401 1749 2473 intelligendum
1770 2409 1873 2468 est,
1897 2401 2024 2470 quia

421 2492 610 2549 multis
638 2492 691 2546 in
723 2491 846 2561 lege
897 2489 1087 2561 peritis
1140 2489 1439 2545 secundum
1469 2489 1706 2545 litteram
1734 2489 2024 2546 nuntiave-

420 2588 546 2638 runt
596 2579 959 2650 Evangelium
1017 2578 1270 2648 discipuli
1323 2578 1542 2644 Christi,
1592 2579 1685 2650 qui
1732 2579 2027 2634 hauserant

423 2691 640 2748 aquam,
672 2675 972 2746 prudenter
999 2673 1360 2744 intelligendo
1398 2681 1453 2730 et
1482 2673 1714 2730 fideliter
1729 2675 2025 2746 aperiendo

421 2773 664 2821 veterem
696 2763 1069 2834 Scripturam.
1105 2761 1299 2817 Omnis
1351 2763 1517 2819 homo
1561 2763 1794 2834 primum
1827 2764 2026 2820 bonum

419 2853 610 2909 viuum
639 2852 814 2924 ponit,
845 2851 1053 2908 dictum
1077 2859 1158 2906 est
1189 2851 1258 2905 ad
1288 2851 1522 2907 litteram
1557 2854 1860 2908 secundum
1880 2853 2028 2908 mul-

420 2946 602 2996 torum
623 2935 1098 2994 consuetudinem.
1128 2935 1375 3008 Mystice,
1407 2937 1594 3004 homo,
1626 2937 1680 2991 id
1714 2941 1799 2994 est
1829 2953 2028 2994 carna-

419 3035 508 3101 lis,
540 3034 781 3090 deterius
839 3034 1026 3089 vinum
1059 3032 1195 3087 bibit
1223 3040 1347 3104 post
1395 3033 1618 3102 bonum,
1679 3033 1735 3089 id
1765 3042 1849 3090 est
1903 3051 2028 3092 cum

2127 2316 2180 2363 et
2209 2308 2392 2364 omnia
2415 2308 2534 2363 hmc
2553 2305 2823 2377 judicium
2860 2315 3004 2374 sunt,
3059 2315 3112 2362 et
3142 2306 3278 2362 nihil
3307 2309 3429 2363 sine
3449 2322 3627 2362 causa
3654 2306 3733 2361 ﬁt.

2129 2397 2239 2453 Sed
2285 2396 2524 2468 quandiu
2580 2396 2769 2452 dicere
2815 2411 2928 2451 non
2967 2403 3147 2467 potest
3190 2396 3355 2451 homo
3388 2416 3399 2451 :
3438 2420 3460 2444 ι
3516 2395 3741 2452 Judicia

2128 2490 2222 2541 tua
2247 2485 2483 2553 jucunda
2505 2486 2677 2554 (Psal.
2709 2487 2923 2555 cxvm),
2949 2508 2972 2533 ι»
3019 2485 3260 2540 nondum
3291 2499 3432 2558 aqua
3461 2485 3517 2540 in
3547 2485 3739 2541 vinum

2131 2600 2395 2642 conversa
2423 2592 2531 2640 est.
2571 2582 2872 2640 Deﬁciente
2931 2591 3112 2640 vetere
3157 2585 3303 2651 vino,
3359 2584 3567 2656 hydria:
3591 2600 3738 2656 aqua

2131 2673 2458 2745 implentur,
2519 2673 2646 2746 quia
2676 2687 2796 2729 cum
2829 2672 2886 2728 in
2930 2673 3038 2728 vita
3088 2673 3324 2729 hominis
3354 2673 3606 2730 carnales
3635 2674 3740 2729 de—

2131 2771 2450 2828 lectationes
2480 2771 2762 2839 deﬁciunt,
2822 2772 3020 2828 divinae
3073 2771 3474 2828 consolationes
3532 2788 3743 2829 succe-

2133 2871 2291 2927 dunt.
2331 2871 2464 2940 Qum
2496 2871 2715 2943 quidem
2746 2870 3082 2926 initiantibus
3113 2872 3293 2926 minus
3324 2871 3539 2943 saporis
3595 2888 3742 2927 con-

2135 2959 2335 3026 ferunt,
2359 2958 2766 3030 proﬁcientibus
2796 2959 3032 3031 amplius
3056 2959 3397 3027 dulcescunt,
3429 2961 3552 3032 quia
3613 2969 3746 3016 tunc

2135 3065 2289 3120 aquae
2316 3049 2370 3104 in
2401 3049 2586 3103 vinum
2617 3056 3031 3114 convertuntur,
3067 3049 3290 3122 quando
3313 3049 3369 3104 in
3398 3057 3581 3105 mente
3635 3050 3746 3105 ho-

423 3123 636 3178 animus
664 3123 737 3179 ad
783 3122 920 3178 falsa
949 3121 1257 3178 descendit.
1295 3121 1732 3210 Sedspiritualis
1787 3123 2027 3193 quotidie

2143 3107 2305 3192 minis
2334 3152 2472 3208 opus
2501 3137 2601 3191 Dei
2631 3137 2778 3208 quod
2809 3107 3341 3209 laboranti.primum
3393 3154 3501 3192 non
3531 3139 3744 3210 sapuit,

423 3212 483 3268 in
510 3211 712 3268 visibili
766 3211 893 3268 vino
922 3211 1069 3283 quod
1117 3210 1272 3281 prius
1303 3209 1462 3265 latuit
1489 3210 1546 3264 in
1573 3211 1885 3283 Scripturis,
1943 3213 2035 3268 in-

427 3311 668 3367 ebriatur
678 3317 732 3366 et
751 3309 986 3380 proﬁcit.
1002 3309 1268 3365 Maximus
1302 3309 1599 3382 episcopus
1620 3311 1676 3365 in
1697 3327 1952 3369 sermone
1964 3313 2035 3369 de

429 3398 734 3470 Epiphania
764 3397 858 3468 qui
887 3397 964 3451 ita
1018 3397 1208 3468 incipit
1242 3414 1254 3450 :
1293 3417 1317 3448 ι
1351 3397 1638 3468 Completa
1685 3399 1869 3468 nobis,
1917 3401 2024 3456 fra-

429 3494 564 3554 tres,
620 3486 798 3542 dicit:
848 3486 999 3541 Sicut
1054 3485 1335 3556 posteriati
1381 3503 1500 3541 sua:
1550 3487 1729 3544 ﬁdelis
1759 3489 2037 3546 mandavit

429 3573 744 3645 antiquitas,
776 3573 937 3629 hodie
979 3573 1230 3629 Salvator
1274 3581 1358 3629 est
1385 3589 1419 3629 a
1447 3575 1720 3632 Chaldmis
1752 3577 2033 3645 adorotus,

437 3671 616 3726 Hodie
671 3671 833 3726 ﬂente
863 3670 1118 3726 Iordanis
1175 3671 1557 3728 benedictione
1595 3675 1802 3746 pr0prii
1858 3676 2034 3749 bapti-

440 3753 632 3810 smatis
660 3755 1026 3811 consecravit.
1062 3754 1236 3811 Hodie
1257 3755 1514 3812 invitatus
1531 3758 1601 3813 ad
1633 3758 1846 3830 nuptias
1864 3775 2039 3832 aquas

442 3843 608 3901 vertit
635 3844 694 3899 in
724 3844 939 3899 vinum.

709 3959 880 4014 ITEM
918 3959 1010 4014 DE
1049 3959 1294 4016 EODEM
1331 3960 1763 4018 EVANGELIO.

520 4100 542 4124 α
576 4075 805 4146 Implete
835 4074 1056 4146 hydrias
1100 4089 1246 4146 aqua
1304 4074 1492 4146 (Joan.
1549 4077 1635 4147 ιι).
1694 4078 1920 4134 Galilaea
1949 4080 2038 4135 in-

447 4167 781 4236 terpretatur
811 4165 1269 4236 transmigratio.
1309 4165 1427 4219 Vita
1457 4181 1588 4238 ergo
1618 4183 1859 4237 praesens
1885 4169 2039 4225 Gali-

449 4252 553 4308 ima
582 4258 668 4308 est
698 4253 1094 4324 transmigrans
1123 4253 1189 4308 de
1230 4255 1585 4323 praesentibus
1613 4256 1680 4310 ad
1730 4255 1938 4312 futura.
1979 4262 2042 4314 In

449 4349 678 4406 Galilaaa
708 4351 908 4420 nuptis:
936 4349 1086 4416 ﬁunt,
1107 4351 1236 4422 quia
1264 4351 1318 4406 in
1361 4354 1591 4409 transitu
1624 4355 1882 4426 temporis
1913 4373 2043 4412 san-

446 4437 712 4494 ctiﬁcatur
758 4437 953 4510 c0pula
1001 4455 1377 4510 permansura:
1415 4441 1718 4498 dilectionis
1773 4445 2042 4502 Ecclesia?
2073 4465 2125 4524 D

451 4526 524 4581 ad
555 4526 854 4592 Christum,
886 4526 1081 4581 animae
1101 4527 1169 4581 ad
1201 4528 1394 4583 Deum.
1434 4529 1538 4584 Sex
1569 4531 1776 4602 hydria:
1795 4539 1922 4588 sunt
1951 4551 2045 4594 sex

462 4631 652 4682 aetates
701 4625 755 4678 in
784 4624 1007 4680 mundo.
1040 4625 1222 4679 Prima
1279 4625 1350 4680 ab
1378 4626 1552 4681 Adam
1591 4644 1764 4700 usque
1791 4631 1856 4686 ad
1889 4633 2008 4691 Noe
2040 4647 2054 4693 ;

453 4712 719 4779 secunda,
750 4729 780 4767 a
818 4713 936 4768 Noe
965 4728 1138 4784 usque
1166 4713 1235 4767 ad
1257 4713 1529 4770 Abraham
1555 4734 1568 4779 ;
1597 4718 1776 4788 tertia,
1806 4719 1875 4775 ab
1891 4723 2058 4779 Abra-

450 4803 576 4858 ham
631 4818 805 4874 usque
836 4801 905 4858 ad
955 4801 1130 4856 David
1167 4820 1181 4864 ;
1214 4810 1425 4872 quarta,
1458 4819 1492 4858 a
1548 4806 1724 4861 David
1755 4824 1929 4880 usque
1984 4811 2057 4868 ad

449 4891 986 4962 transmigrationem
1018 4889 1306 4962 Babylonis
1339 4909 1353 4958 ;
1389 4893 1597 4964 quinta,
1631 4910 1664 4949 a
1697 4898 2057 4972 transmigra-

450 4989 597 5045 tione
629 4989 916 5062 Babylonis
943 5005 1115 5060 usque
1146 4990 1215 5044 ad
1268 4989 1548 5046 Christum
1581 5007 1594 5059 ;
1629 5001 1804 5060 sexta,
1835 5012 1865 5049 a
1895 4996 2057 5053 Chri—

452 5086 536 5132 sto
566 5094 736 5150 usque
807 5078 877 5134 ad
908 5078 1072 5134 linem
1127 5077 1326 5135 saeculi.
1364 5081 1420 5134 In
1451 5080 1556 5134 vita
1587 5081 1820 5136 hominis
1876 5086 2058 5155 prima

447 5166 691 5233 infantia,
721 5168 968 5223 secunda
987 5167 1239 5238 pueritia,
1261 5168 1416 5223 tertia
1444 5169 1837 5240 adolescentia,
1857 5183 2054 5245 quarta

435 5255 716 5324 juventus,
747 5255 934 5326 quinta
962 5257 1131 5312 virilis
1175 5266 1326 5322 aetas,
1360 5266 1513 5313 sexta
1535 5267 1813 5314 senectus.
1847 5262 2048 5332 Prima,

444 5349 501 5406 id
530 5359 612 5406 est
640 5350 881 5419 infantia,
915 5354 1071 5424 quasi
1137 5355 1380 5427 quodam
1407 5354 1608 5410 diluvio
1672 5355 1876 5414 lubrice
1906 5358 2049 5413 obli-

443 5447 620 5504 vionis
650 5449 914 5516 obruitur,
974 5459 1028 5504 ut
1058 5466 1167 5506 non
1221 5451 1474 5507 videatur
1502 5451 1890 5523 iuposterum,
1946 5471 2049 5512 nec

445 5544 680 5619 vestigia
711 5543 795 5600 sui
827 5545 937 5600 ulla
965 5546 1256 5617 relinquat.
1287 5547 1557 5613 Secunda,
1589 5547 1643 5602 id
1677 5553 1759 5604 est
1789 5551 2042 5624 pueritia,

453 5641 691 5713 primum
721 5659 754 5696 a
784 5641 989 5696 diluvio
1018 5641 1316 5697 oblivionis
1345 5643 1416 5697 ad
1455 5659 1675 5698 sensum
1706 5646 1914 5713 exiens,
1948 5664 2046 5718 per

437 5736 744 5810 superbiam
773 5735 1021 5807 erigitur,
1044 5741 1095 5796 et
1125 5738 1228 5809 per
1260 5737 1758 5809 cencupiscentiam
1791 5742 2044 5801 dividitur

2142 3250 2243 3305 per
2272 3233 2608 3304 spiritualem
2665 3232 3086 3305 intelligentiam
3113 3233 3421 3290 illuminato
3451 3234 3746 3291 dulcescit.

2143 3323 2276 3378 Item
2305 3339 2399 3377 sex
2433 3322 2638 3393 hydriae
2668 3338 2763 3376 sex
2802 3330 2988 3377 aetates
3019 3323 3226 3389 mundi,
3280 3338 3419 3393 aqua
3450 3323 3505 3378 in
3536 3324 3750 3380 vimum

2144 3426 2427 3477 conversa,
2459 3426 2628 3481 opera
2655 3411 2896 3482 priorum
2941 3411 2996 3465 in
3028 3410 3201 3484 ﬁgura
3229 3411 3591 3484 spiritualium
3641 3430 3750 3485 ge-

2145 3517 2252 3564 sta.
2291 3509 2352 3562 In
2379 3508 2557 3579 prima
2585 3515 2745 3564 atate
2773 3509 2910 3565 Abel
2939 3526 3138 3582 agnum
3169 3511 3286 3566 Deo
3334 3511 3548 3575 obtulit,
3580 3528 3752 3584 quem

2147 3597 2316 3652 frater
2343 3613 2473 3652 suus
2495 3597 2626 3652 Cain
2655 3597 2872 3665 occidit,
2891 3607 2942 3654 et
2970 3607 3093 3669 post
3121 3599 3237 3654 haec
3266 3599 3531 3655 Dominus
3555 3600 3753 3656 Enoch

2148 3687 2201 3740 in
2232 3685 2430 3742 coelum
2468 3686 2754 3742 transtulit.
2788 3688 2868 3744 De
2916 3688 3018 3743 hac
3063 3688 3256 3760 hydria
3310 3704 3488 3760 aqum,
3519 3690 3753 3745 verbum

2148 3775 2250 3830 Dei
2282 3775 2587 3831 sitientibus
2643 3777 2832 3831 vinum
2888 3776 3151 3844 hauritur,
3211 3779 3341 3833 dum
3369 3779 3474 3834 hoc
3518 3779 3753 3850 mystice

2146 3872 2406 3944 aperitur.
2456 3873 2590 3928 Abel
2622 3873 2713 3946 qui
2761 3890 2962 3945 agnum
3017 3875 3355 3944 sacriﬁcavit,
3387 3883 3472 3932 est
3500 3877 3753 3932 Christus

2150 3961 2240 4034 qui
2272 3976 2470 4034 corpus
2501 3978 2656 4017 suum
2688 3979 2788 4033 pro
2837 3963 2995 4018 nobis
3051 3965 3172 4019 Deo
3225 3964 3375 4019 Patri
3428 3965 3753 4021 immolavit.

2149 4058 2288 4115 Abel
2317 4076 2348 4114 a
2405 4058 2574 4115 fratre
2630 4060 2919 4128 occiditur,
2968 4067 3023 4116 et
3051 4061 3306 4117 Christus
3337 4076 3369 4116 a
3392 4062 3630 4119 Judaico
3660 4080 3759 4134 po-

2151 4157 2279 4228 pulo
2309 4157 2671 4212 interemitur.
2714 4159 2898 4214 Enocb
2929 4158 3000 4214 de
3041 4166 3184 4213 terra
3243 4159 3472 4229 rapitur,
3505 4169 3562 4215 et
3589 4161 3758 4216 Chri-

2151 4254 2265 4300 stus
2295 4254 2418 4316 post
2461 4246 2779 4317 passionem
2810 4247 2865 4300 in
2907 4247 3107 4302 caelum
3140 4248 3482 4304 transfertur.
3544 4250 3603 4303 In
3665 4267 3758 4305 se-

2151 4333 2324 4388 cunda
2349 4341 2505 4389 aetate
2532 4335 2650 4390 Noe
2681 4333 2934 4405 plantans
2989 4335 3208 4391 vineam
3251 4336 3374 4391 vino
3427 4336 3757 4406 inebriatur,

2153 4421 2432 4476 dormiens
2462 4422 2790 4488 denudatus,
2830 4438 2862 4478 a
2917 4421 3030 4480 ﬁlio
3054 4425 3433 4491 subsannatur,
3463 4440 3496 4481 a
3538 4427 3760 4483 duobus

2157 4518 2312 4566 veste
2358 4510 2593 4566 velatur.
2671 4511 2950 4584 Evigilans
3007 4528 3138 4568 vero
3196 4512 3473 4568 irrisorem
3531 4517 3762 4572 servitio

2157 4607 2378 4674 addicit,
2438 4608 2674 4679 reliquos
2703 4609 2773 4664 ad
2802 4609 3032 4682 gloriam
3061 4609 3352 4666 benedicit.
3401 4612 3532 4668 Haec
3563 4613 3763 4684 hydria

2155 4711 2312 4768 aquae
2332 4697 2686 4764 convertitur,
2746 4713 2866 4753 cum
2925 4698 3016 4752 tali
3048 4700 3210 4755 modo
3241 4699 3581 4770 intelligitur.
3643 4702 3764 4757 Noe

2157 4784 2248 4856 qui
2280 4784 2492 4838 vineam
2530 4784 2815 4855 plantavit,
2877 4794 2959 4841 est
3017 4786 3265 4842 Christus
3295 4788 3386 4859 qui
3447 4789 3760 4845 Ecclesiam

2156 4871 2419 4934 fundavit.
2481 4873 2570 4945 qui
2593 4874 2791 4944 poculo
2818 4889 3016 4929 amarae
3043 4875 3320 4946 passionis
3352 4877 3674 4944 inebriatur,
3705 4883 3764 4934 et

2153 4986 2186 5024 a
2214 4969 2422 5040 perﬁdo
2457 4970 2657 5042 populo
2687 4969 2874 5025 irrisus
2903 4972 3241 5042 deturpatur,
3301 4973 3401 5028 sed
3450 4991 3480 5027 a
3540 4975 3762 5030 duobus

2153 5059 2382 5126 velatur,
2416 5059 2468 5113 id
2503 5068 2585 5114 est
2605 5061 2672 5114 ab
2702 5059 2950 5116 Hebrmis
2979 5068 3032 5115 et
3061 5061 3314 5131 gentibus
3342 5061 3598 5118 ﬁdelibus
3629 5072 3756 5119 tur-

2152 5157 2338 5228 pitudo
2374 5157 2646 5229 passiowis
2677 5159 2792 5227 ejus
2831 5168 3140 5215 veneratur.
3176 5159 3281 5230 Qui
3311 5176 3345 5216 a
3374 5177 3571 5217 somno
3599 5177 3754 5217 mor-

2152 5255 2219 5310 tis
2249 5255 2517 5328 evigilans
2564 5255 2843 5310 irrisorem
2898 5256 3156 5327 p0pulum
3187 5257 3468 5314 Judaicum
3499 5259 3749 5324 damnat,

2149 5371 2208 5410 se
2240 5355 2566 5410 honorantes
2597 5353 2666 5407 ad
2724 5353 2884 5407 vitam
2926 5354 3140 5409 exaltat.
3193 5356 3251 5410 In
3281 5357 3440 5412 tertia
3469 5366 3626 5412 aetate
3656 5356 3750 5412 Jo-

2147 5453 2283 5524 seph
2311 5453 2380 5508 ob
2410 5451 2665 5507 invidiam
2697 5467 2727 5505 a
2756 5451 3015 5506 fratribus
3041 5453 3314 5519 venditur,
3339 5468 3373 5508 a
3401 5454 3625 5508 domina
3647 5469 3748 5508 sua

2144 5551 2216 5606 ob
2246 5549 2544 5606 castitatem
2599 5547 2996 5615 incriminatur,
3031 5549 3084 5603 in
3125 5565 3407 5606 carcerem
3429 5551 3740 5616 retruditur,

2142 5646 2212 5704 de
2233 5663 2453 5704 carcere
2483 5648 2727 5713 eductus,
2791 5652 2868 5700 tot
2922 5647 3156 5719 Egypto
3194 5652 3552 5718 praeponitur.
3611 5649 3740 5703 Haec

2140 5741 2336 5817 hydria
2383 5757 2539 5815 aqua
2586 5739 2768 5800 suavis
2816 5739 2989 5801 reﬁcit
3032 5754 3134 5800 nos
3155 5743 3351 5815 sapore
3379 5743 3492 5802 vini
3519 5739 3734 5802 ᾶῑιιοὶὄὲ
