  <div class='ocr_page' id='page_1' title='image "/cluster/home/n/w/nwhite01/storage/ocr_20150623/157/hvd.32044054760152/418.png"; bbox 0 0 4062 6074; ppageno 0'>
   <div class='ocr_carea' id='block_1_1' title="bbox 268 282 376 340">
    <p class='ocr_par' dir='ltr' id='par_1_1' title="bbox 268 282 376 340">
     <span class='ocr_line' id='line_1_1' title="bbox 268 282 376 340; baseline -0.019 -1"><span class='ocrx_word' id='word_1_1' title='bbox 268 282 376 340; x_wconf 78' lang='grc'><strong>825</strong></span> 
     </span>
    </p>
   </div>
   <div class='ocr_carea' id='block_1_2' title="bbox 1211 278 2644 342">
    <p class='ocr_par' dir='ltr' id='par_1_2' title="bbox 1211 278 2644 342">
     <span class='ocr_line' id='line_1_2' title="bbox 1211 278 2644 342; baseline 0.005 -8"><span class='ocrx_word' id='word_1_2' title='bbox 1211 278 1791 338; x_wconf 81' lang='lat' dir='ltr'><strong>DEFLORATIONES</strong></span> <span class='ocrx_word' id='word_1_3' title='bbox 1830 280 1927 338; x_wconf 90' lang='lat' dir='ltr'><strong>SS.</strong></span> <span class='ocrx_word' id='word_1_4' title='bbox 1968 281 2276 340; x_wconf 78' lang='lat' dir='ltr'><strong>PATRUM.</strong></span> <span class='ocrx_word' id='word_1_5' title='bbox 2312 315 2383 325; x_wconf 93' lang='lat'>—</span> <span class='ocrx_word' id='word_1_6' title='bbox 2419 284 2552 339; x_wconf 88' lang='lat' dir='ltr'><strong>LIB.</strong></span> <span class='ocrx_word' id='word_1_7' title='bbox 2600 287 2644 342; x_wconf 88' lang='grc' dir='ltr'><strong>Ι.</strong></span> 
     </span>
    </p>
   </div>
   <div class='ocr_carea' id='block_1_3' title="bbox 3456 281 3558 335">
    <p class='ocr_par' dir='ltr' id='par_1_3' title="bbox 3456 281 3558 335">
     <span class='ocr_line' id='line_1_3' title="bbox 3456 281 3558 335; baseline 0.02 -2"><span class='ocrx_word' id='word_1_8' title='bbox 3456 281 3558 335; x_wconf 70' lang='grc'><strong>826</strong></span> 
     </span>
    </p>
   </div>
   <div class='ocr_carea' id='block_1_4' title="bbox 278 402 3574 479">
    <p class='ocr_par' dir='ltr' id='par_1_4' title="bbox 278 402 3574 479">
     <span class='ocr_line' id='line_1_4' title="bbox 278 402 3574 479; baseline -0.002 -17"><span class='ocrx_word' id='word_1_9' title='bbox 278 406 378 462; x_wconf 91' lang='lat' dir='ltr'><strong>ris.</strong></span> <span class='ocrx_word' id='word_1_10' title='bbox 408 402 618 473; x_wconf 83' lang='lat' dir='ltr'><strong>Joseph</strong></span> <span class='ocrx_word' id='word_1_11' title='bbox 676 402 825 475; x_wconf 90' lang='lat' dir='ltr'><strong>quia</strong></span> <span class='ocrx_word' id='word_1_12' title='bbox 851 402 1109 459; x_wconf 75' lang='lat' dir='ltr'><strong>fratribus</strong></span> <span class='ocrx_word' id='word_1_13' title='bbox 1126 403 1442 460; x_wconf 78' lang='lat' dir='ltr'><strong>distrahitur</strong></span> <span class='ocrx_word' id='word_1_14' title='bbox 1494 413 1582 460; x_wconf 89' lang='lat' dir='ltr'><strong>est</strong></span> <span class='ocrx_word' id='word_1_15' title='bbox 1609 405 1870 474; x_wconf 83' lang='lat' dir='ltr'><strong>Christus,</strong></span> <span class='ocrx_word' id='word_1_16' title='bbox 1908 410 1957 475; x_wconf 81' lang='grc' dir='ltr'>Α</span> <span class='ocrx_word' id='word_1_17' title='bbox 1990 421 2116 464; x_wconf 89' lang='lat' dir='ltr'><strong>cum</strong></span> <span class='ocrx_word' id='word_1_18' title='bbox 2146 408 2374 479; x_wconf 86' lang='lat' dir='ltr'><strong>captivis</strong></span> <span class='ocrx_word' id='word_1_19' title='bbox 2402 409 2711 475; x_wconf 83' lang='lat' dir='ltr'><strong>revertitur,</strong></span> <span class='ocrx_word' id='word_1_20' title='bbox 2771 414 2855 464; x_wconf 90' lang='lat' dir='ltr'><strong>est</strong></span> <span class='ocrx_word' id='word_1_21' title='bbox 2907 408 3066 461; x_wconf 72' lang='lat' dir='ltr'><strong>Iesus</strong></span> <span class='ocrx_word' id='word_1_22' title='bbox 3119 402 3366 460; x_wconf 86' lang='lat' dir='ltr'><strong>Christus</strong></span> <span class='ocrx_word' id='word_1_23' title='bbox 3414 417 3574 458; x_wconf 88' lang='lat' dir='ltr'><strong>verus</strong></span> 
     </span>
    </p>
   </div>
   <div class='ocr_carea' id='block_1_5' title="bbox 277 491 1874 568">
    <p class='ocr_par' dir='ltr' id='par_1_5' title="bbox 277 491 1874 568">
     <span class='ocr_line' id='line_1_5' title="bbox 277 491 1874 568; baseline 0.001 -19"><span class='ocrx_word' id='word_1_24' title='bbox 277 494 370 568; x_wconf 89' lang='lat' dir='ltr'><strong>qui</strong></span> <span class='ocrx_word' id='word_1_25' title='bbox 399 509 433 549; x_wconf 88' lang='lat' dir='ltr'><strong>a</strong></span> <span class='ocrx_word' id='word_1_26' title='bbox 456 491 733 563; x_wconf 88' lang='lat' dir='ltr'><strong>discipulo</strong></span> <span class='ocrx_word' id='word_1_27' title='bbox 780 491 978 547; x_wconf 84' lang='lat' dir='ltr'><strong>Judais</strong></span> <span class='ocrx_word' id='word_1_28' title='bbox 1008 491 1256 557; x_wconf 86' lang='lat' dir='ltr'><strong>traditur,</strong></span> <span class='ocrx_word' id='word_1_29' title='bbox 1313 493 1405 564; x_wconf 90' lang='lat' dir='ltr'><strong>qui</strong></span> <span class='ocrx_word' id='word_1_30' title='bbox 1432 507 1467 548; x_wconf 89' lang='lat' dir='ltr'><strong>a</strong></span> <span class='ocrx_word' id='word_1_31' title='bbox 1494 494 1789 566; x_wconf 81' lang='lat' dir='ltr'><strong>Synagoga</strong></span> <span class='ocrx_word' id='word_1_32' title='bbox 1816 503 1874 550; x_wconf 91' lang='lat' dir='ltr'><strong>ut</strong></span> 
     </span>
    </p>
   </div>
   <div class='ocr_carea' id='block_1_6' title="bbox 273 581 1873 653">
    <p class='ocr_par' dir='ltr' id='par_1_6' title="bbox 273 581 1873 653">
     <span class='ocr_line' id='line_1_6' title="bbox 273 581 1873 653; baseline -0.001 -15"><span class='ocrx_word' id='word_1_33' title='bbox 273 583 365 638; x_wconf 90' lang='lat' dir='ltr'><strong>ille</strong></span> <span class='ocrx_word' id='word_1_34' title='bbox 396 597 431 637; x_wconf 89' lang='lat' dir='ltr'><strong>a</strong></span> <span class='ocrx_word' id='word_1_35' title='bbox 460 581 685 636; x_wconf 86' lang='lat' dir='ltr'><strong>domina</strong></span> <span class='ocrx_word' id='word_1_36' title='bbox 704 596 832 636; x_wconf 91' lang='lat' dir='ltr'><strong>reus</strong></span> <span class='ocrx_word' id='word_1_37' title='bbox 861 588 1168 651; x_wconf 79' lang='lat' dir='ltr'><strong>accusatur,</strong></span> <span class='ocrx_word' id='word_1_38' title='bbox 1197 582 1320 637; x_wconf 88' lang='lat' dir='ltr'><strong>neci</strong></span> <span class='ocrx_word' id='word_1_39' title='bbox 1348 581 1636 637; x_wconf 90' lang='lat' dir='ltr'><strong>damnatus</strong></span> <span class='ocrx_word' id='word_1_40' title='bbox 1682 582 1873 653; x_wconf 75' lang='lat' dir='ltr'><strong>sepul-</strong></span> 
     </span>
    </p>
   </div>
   <div class='ocr_carea' id='block_1_7' title="bbox 279 668 1875 734">
    <p class='ocr_par' dir='ltr' id='par_1_7' title="bbox 279 668 1875 734">
     <span class='ocr_line' id='line_1_7' title="bbox 279 668 1875 734; baseline -0.003 -7"><span class='ocrx_word' id='word_1_41' title='bbox 279 686 374 728; x_wconf 93' lang='lat' dir='ltr'><strong>cro</strong></span> <span class='ocrx_word' id='word_1_42' title='bbox 421 668 715 734; x_wconf 86' lang='lat' dir='ltr'><strong>clauditur,</strong></span> <span class='ocrx_word' id='word_1_43' title='bbox 774 668 846 725; x_wconf 85' lang='lat' dir='ltr'><strong>de</strong></span> <span class='ocrx_word' id='word_1_44' title='bbox 878 668 1142 725; x_wconf 84' lang='lat' dir='ltr'><strong>barathro</strong></span> <span class='ocrx_word' id='word_1_45' title='bbox 1198 670 1418 726; x_wconf 89' lang='lat' dir='ltr'><strong>rediens</strong></span> <span class='ocrx_word' id='word_1_46' title='bbox 1472 670 1726 725; x_wconf 88' lang='lat' dir='ltr'><strong>universo</strong></span> <span class='ocrx_word' id='word_1_47' title='bbox 1755 669 1875 726; x_wconf 90' lang='lat' dir='ltr'><strong>orbi</strong></span> 
     </span>
    </p>
   </div>
   <div class='ocr_carea' id='block_1_8' title="bbox 281 756 1875 830">
    <p class='ocr_par' dir='ltr' id='par_1_8' title="bbox 281 756 1875 830">
     <span class='ocr_line' id='line_1_8' title="bbox 281 756 1875 830; baseline -0.001 -16"><span class='ocrx_word' id='word_1_48' title='bbox 281 759 643 830; x_wconf 87' lang='lat' dir='ltr'><strong>principatur.</strong></span> <span class='ocrx_word' id='word_1_49' title='bbox 681 756 740 810; x_wconf 90' lang='lat' dir='ltr'><strong>In</strong></span> <span class='ocrx_word' id='word_1_50' title='bbox 762 764 954 828; x_wconf 88' lang='lat' dir='ltr'><strong>quarta</strong></span> <span class='ocrx_word' id='word_1_51' title='bbox 982 764 1139 813; x_wconf 85' lang='lat' dir='ltr'><strong>atate</strong></span> <span class='ocrx_word' id='word_1_52' title='bbox 1168 757 1343 813; x_wconf 84' lang='lat' dir='ltr'><strong>David</strong></span> <span class='ocrx_word' id='word_1_53' title='bbox 1371 757 1585 814; x_wconf 81' lang='lat' dir='ltr'><strong>Goliam</strong></span> <span class='ocrx_word' id='word_1_54' title='bbox 1628 774 1875 830; x_wconf 76' lang='lat' dir='ltr'><strong>pugnans</strong></span> 
     </span>
    </p>
   </div>
   <div class='ocr_carea' id='block_1_9' title="bbox 278 844 1876 918">
    <p class='ocr_par' dir='ltr' id='par_1_9' title="bbox 278 844 1876 918">
     <span class='ocr_line' id='line_1_9' title="bbox 278 844 1876 918; baseline -0.001 -15"><span class='ocrx_word' id='word_1_55' title='bbox 278 854 521 918; x_wconf 91' lang='lat' dir='ltr'><strong>superat,</strong></span> <span class='ocrx_word' id='word_1_56' title='bbox 554 853 610 901; x_wconf 88' lang='lat' dir='ltr'><strong>et</strong></span> <span class='ocrx_word' id='word_1_57' title='bbox 641 844 898 901; x_wconf 90' lang='lat' dir='ltr'><strong>Salomon</strong></span> <span class='ocrx_word' id='word_1_58' title='bbox 928 845 1192 917; x_wconf 86' lang='lat' dir='ltr'><strong>templum</strong></span> <span class='ocrx_word' id='word_1_59' title='bbox 1221 846 1624 918; x_wconf 88' lang='lat' dir='ltr'><strong>Hierosolymis</strong></span> <span class='ocrx_word' id='word_1_60' title='bbox 1653 862 1716 902; x_wconf 81' lang='lat' dir='ltr'><strong>ex</strong></span> <span class='ocrx_word' id='word_1_61' title='bbox 1748 862 1876 902; x_wconf 89' lang='lat' dir='ltr'><strong>auro</strong></span> 
     </span>
    </p>
   </div>
   <div class='ocr_carea' id='block_1_10' title="bbox 276 934 1879 1007">
    <p class='ocr_par' dir='ltr' id='par_1_10' title="bbox 276 934 1879 1007">
     <span class='ocr_line' id='line_1_10' title="bbox 276 934 1879 1007; baseline -0.001 -15"><span class='ocrx_word' id='word_1_62' title='bbox 276 943 332 993; x_wconf 90' lang='lat' dir='ltr'><strong>et</strong></span> <span class='ocrx_word' id='word_1_63' title='bbox 360 934 593 1007; x_wconf 89' lang='lat' dir='ltr'><strong>gemmis</strong></span> <span class='ocrx_word' id='word_1_64' title='bbox 623 934 877 991; x_wconf 82' lang='lat' dir='ltr'><strong>aedificat.</strong></span> <span class='ocrx_word' id='word_1_65' title='bbox 912 935 992 989; x_wconf 93' lang='lat' dir='ltr'><strong>De</strong></span> <span class='ocrx_word' id='word_1_66' title='bbox 1022 935 1184 1005; x_wconf 86' lang='lat' dir='ltr'><strong>hujus</strong></span> <span class='ocrx_word' id='word_1_67' title='bbox 1213 935 1420 1006; x_wconf 86' lang='lat' dir='ltr'><strong>hydria</strong></span> <span class='ocrx_word' id='word_1_68' title='bbox 1446 951 1585 1007; x_wconf 88' lang='lat' dir='ltr'><strong>aqua</strong></span> <span class='ocrx_word' id='word_1_69' title='bbox 1613 936 1771 991; x_wconf 90' lang='lat' dir='ltr'><strong>dulce</strong></span> <span class='ocrx_word' id='word_1_70' title='bbox 1800 936 1879 991; x_wconf 89' lang='lat' dir='ltr'><strong>vi-</strong></span> 
     </span>
    </p>
   </div>
   <div class='ocr_carea' id='block_1_11' title="bbox 273 1022 1877 1094">
    <p class='ocr_par' dir='ltr' id='par_1_11' title="bbox 273 1022 1877 1094">
     <span class='ocr_line' id='line_1_11' title="bbox 273 1022 1877 1094; baseline 0 -15"><span class='ocrx_word' id='word_1_71' title='bbox 273 1040 408 1079; x_wconf 90' lang='lat' dir='ltr'><strong>num</strong></span> <span class='ocrx_word' id='word_1_72' title='bbox 438 1023 657 1089; x_wconf 82' lang='lat' dir='ltr'><strong>bibitur,</strong></span> <span class='ocrx_word' id='word_1_73' title='bbox 689 1022 816 1077; x_wconf 89' lang='lat' dir='ltr'><strong>dum</strong></span> <span class='ocrx_word' id='word_1_74' title='bbox 864 1022 958 1077; x_wconf 90' lang='lat' dir='ltr'><strong>tali</strong></span> <span class='ocrx_word' id='word_1_75' title='bbox 974 1023 1135 1078; x_wconf 93' lang='lat' dir='ltr'><strong>modo</strong></span> <span class='ocrx_word' id='word_1_76' title='bbox 1164 1024 1444 1094; x_wconf 86' lang='lat' dir='ltr'><strong>accipitur,</strong></span> <span class='ocrx_word' id='word_1_77' title='bbox 1482 1023 1673 1079; x_wconf 90' lang='lat' dir='ltr'><strong>Golias</strong></span> <span class='ocrx_word' id='word_1_78' title='bbox 1699 1040 1733 1079; x_wconf 91' lang='lat' dir='ltr'><strong>a</strong></span> <span class='ocrx_word' id='word_1_79' title='bbox 1761 1025 1877 1079; x_wconf 86' lang='lat' dir='ltr'><strong>Da-</strong></span> 
     </span>
    </p>
   </div>
   <div class='ocr_carea' id='block_1_12' title="bbox 277 1111 1878 1176">
    <p class='ocr_par' dir='ltr' id='par_1_12' title="bbox 277 1111 1878 1176">
     <span class='ocr_line' id='line_1_12' title="bbox 277 1111 1878 1176; baseline 0 -8"><span class='ocrx_word' id='word_1_80' title='bbox 277 1113 370 1169; x_wconf 90' lang='lat' dir='ltr'><strong>vid</strong></span> <span class='ocrx_word' id='word_1_81' title='bbox 400 1111 683 1176; x_wconf 85' lang='lat' dir='ltr'><strong>sternitur,</strong></span> <span class='ocrx_word' id='word_1_82' title='bbox 719 1118 771 1166; x_wconf 91' lang='lat' dir='ltr'><strong>et</strong></span> <span class='ocrx_word' id='word_1_83' title='bbox 800 1111 1051 1167; x_wconf 89' lang='lat' dir='ltr'><strong>diabolus</strong></span> <span class='ocrx_word' id='word_1_84' title='bbox 1081 1126 1115 1166; x_wconf 90' lang='lat' dir='ltr'><strong>a</strong></span> <span class='ocrx_word' id='word_1_85' title='bbox 1152 1111 1370 1167; x_wconf 87' lang='lat' dir='ltr'><strong>Christo</strong></span> <span class='ocrx_word' id='word_1_86' title='bbox 1416 1112 1470 1166; x_wconf 90' lang='lat' dir='ltr'><strong>in</strong></span> <span class='ocrx_word' id='word_1_87' title='bbox 1500 1128 1658 1169; x_wconf 88' lang='lat' dir='ltr'><strong>cruce</strong></span> <span class='ocrx_word' id='word_1_88' title='bbox 1703 1111 1878 1169; x_wconf 88' lang='lat' dir='ltr'><strong>vinci-</strong></span> 
     </span>
    </p>
   </div>
   <div class='ocr_carea' id='block_1_13' title="bbox 276 1198 1883 1269">
    <p class='ocr_par' dir='ltr' id='par_1_13' title="bbox 276 1198 1883 1269">
     <span class='ocr_line' id='line_1_13' title="bbox 276 1198 1883 1269; baseline 0.001 -14"><span class='ocrx_word' id='word_1_89' title='bbox 276 1206 390 1255; x_wconf 90' lang='lat' dir='ltr'><strong>tur.</strong></span> <span class='ocrx_word' id='word_1_90' title='bbox 431 1199 716 1269; x_wconf 89' lang='lat' dir='ltr'><strong>Templum</strong></span> <span class='ocrx_word' id='word_1_91' title='bbox 763 1198 818 1252; x_wconf 92' lang='lat' dir='ltr'><strong>in</strong></span> <span class='ocrx_word' id='word_1_92' title='bbox 874 1198 1221 1255; x_wconf 86' lang='lat' dir='ltr'><strong>Hierusalem</strong></span> <span class='ocrx_word' id='word_1_93' title='bbox 1252 1215 1285 1254; x_wconf 90' lang='lat' dir='ltr'><strong>a</strong></span> <span class='ocrx_word' id='word_1_94' title='bbox 1315 1200 1612 1256; x_wconf 87' lang='lat' dir='ltr'><strong>Salomone</strong></span> <span class='ocrx_word' id='word_1_95' title='bbox 1669 1215 1799 1256; x_wconf 89' lang='lat' dir='ltr'><strong>auro</strong></span> <span class='ocrx_word' id='word_1_96' title='bbox 1828 1202 1883 1257; x_wconf 66' lang='lat' dir='ltr'><strong>et</strong></span> 
     </span>
    </p>
   </div>
   <div class='ocr_carea' id='block_1_14' title="bbox 275 1287 1880 1360">
    <p class='ocr_par' dir='ltr' id='par_1_14' title="bbox 275 1287 1880 1360">
     <span class='ocr_line' id='line_1_14' title="bbox 275 1287 1880 1360; baseline 0 -17"><span class='ocrx_word' id='word_1_97' title='bbox 275 1287 515 1360; x_wconf 87' lang='lat' dir='ltr'><strong>gemmis</strong></span> <span class='ocrx_word' id='word_1_98' title='bbox 543 1287 893 1353; x_wconf 88' lang='lat' dir='ltr'><strong>construitur,</strong></span> <span class='ocrx_word' id='word_1_99' title='bbox 929 1287 1055 1358; x_wconf 84' lang='lat' dir='ltr'><strong>quia</strong></span> <span class='ocrx_word' id='word_1_100' title='bbox 1082 1287 1327 1343; x_wconf 90' lang='lat' dir='ltr'><strong>Ecclesia</strong></span> <span class='ocrx_word' id='word_1_101' title='bbox 1344 1304 1468 1360; x_wconf 88' lang='lat' dir='ltr'><strong>qua</strong></span> <span class='ocrx_word' id='word_1_102' title='bbox 1497 1297 1581 1344; x_wconf 90' lang='lat' dir='ltr'><strong>est</strong></span> <span class='ocrx_word' id='word_1_103' title='bbox 1619 1289 1880 1359; x_wconf 89' lang='lat' dir='ltr'><strong>templum</strong></span> 
     </span>
    </p>
   </div>
   <div class='ocr_carea' id='block_1_15' title="bbox 274 1375 1879 1449">
    <p class='ocr_par' dir='ltr' id='par_1_15' title="bbox 274 1375 1879 1449">
     <span class='ocr_line' id='line_1_15' title="bbox 274 1375 1879 1449; baseline 0.001 -18"><span class='ocrx_word' id='word_1_104' title='bbox 274 1377 377 1432; x_wconf 89' lang='lat' dir='ltr'><strong>Dei</strong></span> <span class='ocrx_word' id='word_1_105' title='bbox 408 1393 437 1430; x_wconf 90' lang='lat' dir='ltr'><strong>a</strong></span> <span class='ocrx_word' id='word_1_106' title='bbox 471 1376 687 1431; x_wconf 87' lang='lat' dir='ltr'><strong>Christo</strong></span> <span class='ocrx_word' id='word_1_107' title='bbox 731 1375 786 1430; x_wconf 92' lang='lat' dir='ltr'><strong>in</strong></span> <span class='ocrx_word' id='word_1_108' title='bbox 834 1375 989 1431; x_wconf 71' lang='lat' dir='ltr'><strong>caelis</strong></span> <span class='ocrx_word' id='word_1_109' title='bbox 1049 1392 1113 1431; x_wconf 91' lang='lat' dir='ltr'><strong>ex</strong></span> <span class='ocrx_word' id='word_1_110' title='bbox 1161 1376 1419 1448; x_wconf 79' lang='lat' dir='ltr'><strong>perfectis</strong></span> <span class='ocrx_word' id='word_1_111' title='bbox 1474 1378 1772 1449; x_wconf 79' lang='lat' dir='ltr'><strong>colligitur.</strong></span> <span class='ocrx_word' id='word_1_112' title='bbox 1820 1380 1879 1433; x_wconf 90' lang='lat' dir='ltr'><strong>In</strong></span> 
     </span>
    </p>
   </div>
   <div class='ocr_carea' id='block_1_16' title="bbox 278 1464 1879 1538">
    <p class='ocr_par' dir='ltr' id='par_1_16' title="bbox 278 1464 1879 1538">
     <span class='ocr_line' id='line_1_16' title="bbox 278 1464 1879 1538; baseline 0 -18"><span class='ocrx_word' id='word_1_113' title='bbox 278 1466 471 1537; x_wconf 91' lang='lat' dir='ltr'><strong>quinta</strong></span> <span class='ocrx_word' id='word_1_114' title='bbox 494 1473 650 1519; x_wconf 89' lang='lat' dir='ltr'><strong>atate</strong></span> <span class='ocrx_word' id='word_1_115' title='bbox 678 1464 837 1519; x_wconf 86' lang='lat' dir='ltr'><strong>Jesus</strong></span> <span class='ocrx_word' id='word_1_116' title='bbox 896 1464 1157 1520; x_wconf 83' lang='lat' dir='ltr'><strong>sacerdos</strong></span> <span class='ocrx_word' id='word_1_117' title='bbox 1186 1480 1309 1520; x_wconf 91' lang='lat' dir='ltr'><strong>cum</strong></span> <span class='ocrx_word' id='word_1_118' title='bbox 1339 1466 1565 1537; x_wconf 83' lang='lat' dir='ltr'><strong>captivis</strong></span> <span class='ocrx_word' id='word_1_119' title='bbox 1583 1467 1653 1522; x_wconf 91' lang='lat' dir='ltr'><strong>de</strong></span> <span class='ocrx_word' id='word_1_120' title='bbox 1708 1466 1879 1538; x_wconf 84' lang='lat' dir='ltr'><strong>Baby-</strong></span> 
     </span>
    </p>
   </div>
   <div class='ocr_carea' id='block_1_17' title="bbox 275 1552 1879 1626">
    <p class='ocr_par' dir='ltr' id='par_1_17' title="bbox 275 1552 1879 1626">
     <span class='ocr_line' id='line_1_17' title="bbox 275 1552 1879 1626; baseline 0.001 -18"><span class='ocrx_word' id='word_1_121' title='bbox 275 1553 404 1609; x_wconf 89' lang='lat' dir='ltr'><strong>lone</strong></span> <span class='ocrx_word' id='word_1_122' title='bbox 460 1560 697 1619; x_wconf 84' lang='lat' dir='ltr'><strong>remeat,</strong></span> <span class='ocrx_word' id='word_1_123' title='bbox 733 1561 786 1607; x_wconf 92' lang='lat' dir='ltr'><strong>et</strong></span> <span class='ocrx_word' id='word_1_124' title='bbox 824 1552 1035 1607; x_wconf 90' lang='lat' dir='ltr'><strong>ruinam</strong></span> <span class='ocrx_word' id='word_1_125' title='bbox 1064 1554 1251 1625; x_wconf 91' lang='lat' dir='ltr'><strong>templi</strong></span> <span class='ocrx_word' id='word_1_126' title='bbox 1290 1555 1343 1608; x_wconf 93' lang='lat' dir='ltr'><strong>in</strong></span> <span class='ocrx_word' id='word_1_127' title='bbox 1375 1554 1766 1626; x_wconf 84' lang='lat' dir='ltr'><strong>Hierosolymis</strong></span> <span class='ocrx_word' id='word_1_128' title='bbox 1785 1571 1879 1610; x_wconf 87' lang='lat' dir='ltr'><strong>re-</strong></span> 
     </span>
    </p>
   </div>
   <div class='ocr_carea' id='block_1_18' title="bbox 275 1640 1880 1713">
    <p class='ocr_par' dir='ltr' id='par_1_18' title="bbox 275 1640 1880 1713">
     <span class='ocr_line' id='line_1_18' title="bbox 275 1640 1880 1713; baseline 0.001 -16"><span class='ocrx_word' id='word_1_129' title='bbox 275 1640 533 1697; x_wconf 82' lang='lat' dir='ltr'><strong>adificat.</strong></span> <span class='ocrx_word' id='word_1_130' title='bbox 574 1643 702 1697; x_wconf 86' lang='lat' dir='ltr'><strong>Hac</strong></span> <span class='ocrx_word' id='word_1_131' title='bbox 740 1641 946 1713; x_wconf 85' lang='lat' dir='ltr'><strong>Hydria</strong></span> <span class='ocrx_word' id='word_1_132' title='bbox 974 1657 1130 1713; x_wconf 90' lang='lat' dir='ltr'><strong>aqua</strong></span> <span class='ocrx_word' id='word_1_133' title='bbox 1161 1659 1261 1698; x_wconf 90' lang='lat' dir='ltr'><strong>nos</strong></span> <span class='ocrx_word' id='word_1_134' title='bbox 1291 1644 1417 1699; x_wconf 92' lang='lat' dir='ltr'><strong>vino</strong></span> <span class='ocrx_word' id='word_1_135' title='bbox 1446 1644 1694 1710; x_wconf 88' lang='lat' dir='ltr'><strong>inebriat,</strong></span> <span class='ocrx_word' id='word_1_136' title='bbox 1752 1644 1880 1699; x_wconf 91' lang='lat' dir='ltr'><strong>dum</strong></span> 
     </span>
    </p>
   </div>
   <div class='ocr_carea' id='block_1_19' title="bbox 272 1729 1880 1805">
    <p class='ocr_par' dir='ltr' id='par_1_19' title="bbox 272 1729 1880 1805">
     <span class='ocr_line' id='line_1_19' title="bbox 272 1729 1880 1805; baseline 0.002 -19"><span class='ocrx_word' id='word_1_137' title='bbox 272 1731 394 1786; x_wconf 84' lang='lat' dir='ltr'><strong>hac</strong></span> <span class='ocrx_word' id='word_1_138' title='bbox 425 1729 738 1802; x_wconf 84' lang='lat' dir='ltr'><strong>spiritaliter</strong></span> <span class='ocrx_word' id='word_1_139' title='bbox 767 1738 924 1803; x_wconf 85' lang='lat' dir='ltr'><strong>gesta</strong></span> <span class='ocrx_word' id='word_1_140' title='bbox 952 1730 1208 1787; x_wconf 89' lang='lat' dir='ltr'><strong>insinuat.</strong></span> <span class='ocrx_word' id='word_1_141' title='bbox 1241 1732 1401 1788; x_wconf 80' lang='lat' dir='ltr'><strong>Jesus</strong></span> <span class='ocrx_word' id='word_1_142' title='bbox 1425 1732 1517 1805; x_wconf 91' lang='lat' dir='ltr'><strong>qui</strong></span> <span class='ocrx_word' id='word_1_143' title='bbox 1545 1748 1577 1787; x_wconf 90' lang='lat' dir='ltr'><strong>a</strong></span> <span class='ocrx_word' id='word_1_144' title='bbox 1605 1732 1880 1805; x_wconf 86' lang='lat' dir='ltr'><strong>Babylone</strong></span> 
     </span>
    </p>
   </div>
   <div class='ocr_carea' id='block_1_20' title="bbox 1981 490 3575 567">
    <p class='ocr_par' dir='ltr' id='par_1_20' title="bbox 1981 490 3575 567">
     <span class='ocr_line' id='line_1_20' title="bbox 1981 490 3575 567; baseline -0.004 -16"><span class='ocrx_word' id='word_1_145' title='bbox 1981 496 2258 563; x_wconf 87' lang='lat' dir='ltr'><strong>sacerdos,</strong></span> <span class='ocrx_word' id='word_1_146' title='bbox 2289 497 2400 567; x_wconf 89' lang='lat' dir='ltr'><strong>qui,</strong></span> <span class='ocrx_word' id='word_1_147' title='bbox 2434 498 2503 552; x_wconf 89' lang='lat' dir='ltr'><strong>ab</strong></span> <span class='ocrx_word' id='word_1_148' title='bbox 2532 496 2746 552; x_wconf 87' lang='lat' dir='ltr'><strong>inferno</strong></span> <span class='ocrx_word' id='word_1_149' title='bbox 2795 495 3159 566; x_wconf 87' lang='lat' dir='ltr'><strong>captivitatem</strong></span> <span class='ocrx_word' id='word_1_150' title='bbox 3186 492 3476 557; x_wconf 87' lang='lat' dir='ltr'><strong>reducens,</strong></span> <span class='ocrx_word' id='word_1_151' title='bbox 3506 490 3575 545; x_wconf 87' lang='lat' dir='ltr'><strong>ad</strong></span> 
     </span>
    </p>
   </div>
   <div class='ocr_carea' id='block_1_21' title="bbox 1980 579 3575 658">
    <p class='ocr_par' dir='ltr' id='par_1_21' title="bbox 1980 579 3575 658">
     <span class='ocr_line' id='line_1_21' title="bbox 1980 579 3575 658; baseline -0.004 -18"><span class='ocrx_word' id='word_1_152' title='bbox 1980 584 2182 640; x_wconf 88' lang='lat' dir='ltr'><strong>coelum</strong></span> <span class='ocrx_word' id='word_1_153' title='bbox 2219 585 2543 658; x_wconf 71' lang='lat' dir='ltr'><strong>regreditur.</strong></span> <span class='ocrx_word' id='word_1_154' title='bbox 2574 585 2751 640; x_wconf 82' lang='lat' dir='ltr'><strong>Ruina</strong></span> <span class='ocrx_word' id='word_1_155' title='bbox 2780 583 2970 654; x_wconf 88' lang='lat' dir='ltr'><strong>templi</strong></span> <span class='ocrx_word' id='word_1_156' title='bbox 2996 583 3064 637; x_wconf 89' lang='lat' dir='ltr'><strong>ab</strong></span> <span class='ocrx_word' id='word_1_157' title='bbox 3090 583 3217 636; x_wconf 86' lang='lat' dir='ltr'><strong>Jesu</strong></span> <span class='ocrx_word' id='word_1_158' title='bbox 3238 580 3292 634; x_wconf 92' lang='lat' dir='ltr'><strong>in</strong></span> <span class='ocrx_word' id='word_1_159' title='bbox 3322 579 3575 636; x_wconf 84' lang='lat' dir='ltr'><strong>Hieroso-</strong></span> 
     </span>
    </p>
   </div>
   <div class='ocr_carea' id='block_1_22' title="bbox 1980 669 3576 745">
    <p class='ocr_par' dir='ltr' id='par_1_22' title="bbox 1980 669 3576 745">
     <span class='ocr_line' id='line_1_22' title="bbox 1980 669 3576 745; baseline -0.004 -18"><span class='ocrx_word' id='word_1_160' title='bbox 1980 672 2141 743; x_wconf 86' lang='lat' dir='ltr'><strong>lymis</strong></span> <span class='ocrx_word' id='word_1_161' title='bbox 2166 681 2469 744; x_wconf 87' lang='lat' dir='ltr'><strong>reparatur,</strong></span> <span class='ocrx_word' id='word_1_162' title='bbox 2501 682 2553 729; x_wconf 89' lang='lat' dir='ltr'><strong>et</strong></span> <span class='ocrx_word' id='word_1_163' title='bbox 2582 675 2742 729; x_wconf 90' lang='lat' dir='ltr'><strong>ruina</strong></span> <span class='ocrx_word' id='word_1_164' title='bbox 2777 672 3042 745; x_wconf 88' lang='lat' dir='ltr'><strong>angelica</strong></span> <span class='ocrx_word' id='word_1_165' title='bbox 3061 670 3227 727; x_wconf 86' lang='lat' dir='ltr'><strong>curia</strong></span> <span class='ocrx_word' id='word_1_166' title='bbox 3255 685 3355 740; x_wconf 88' lang='lat' dir='ltr'><strong>per</strong></span> <span class='ocrx_word' id='word_1_167' title='bbox 3390 669 3576 722; x_wconf 88' lang='lat' dir='ltr'><strong>Jesum</strong></span> 
     </span>
    </p>
   </div>
   <div class='ocr_carea' id='block_1_23' title="bbox 1984 755 3574 826">
    <p class='ocr_par' dir='ltr' id='par_1_23' title="bbox 1984 755 3574 826">
     <span class='ocr_line' id='line_1_23' title="bbox 1984 755 3574 826; baseline -0.005 -9"><span class='ocrx_word' id='word_1_168' title='bbox 1984 761 2259 817; x_wconf 89' lang='lat' dir='ltr'><strong>Christum</strong></span> <span class='ocrx_word' id='word_1_169' title='bbox 2280 770 2625 818; x_wconf 86' lang='lat' dir='ltr'><strong>restauratur.</strong></span> <span class='ocrx_word' id='word_1_170' title='bbox 2663 765 2723 817; x_wconf 88' lang='lat' dir='ltr'><strong>In</strong></span> <span class='ocrx_word' id='word_1_171' title='bbox 2753 770 2900 817; x_wconf 88' lang='lat' dir='ltr'><strong>sexta</strong></span> <span class='ocrx_word' id='word_1_172' title='bbox 2929 768 3089 816; x_wconf 88' lang='lat' dir='ltr'><strong>atate</strong></span> <span class='ocrx_word' id='word_1_173' title='bbox 3117 758 3295 814; x_wconf 90' lang='lat' dir='ltr'><strong>omnis</strong></span> <span class='ocrx_word' id='word_1_174' title='bbox 3342 755 3574 826; x_wconf 90' lang='lat' dir='ltr'><strong>populus</strong></span> 
     </span>
    </p>
   </div>
   <div class='ocr_carea' id='block_1_24' title="bbox 1984 844 3575 921">
    <p class='ocr_par' dir='ltr' id='par_1_24' title="bbox 1984 844 3575 921">
     <span class='ocr_line' id='line_1_24' title="bbox 1984 844 3575 921; baseline -0.005 -17"><span class='ocrx_word' id='word_1_175' title='bbox 1984 850 2053 904; x_wconf 91' lang='lat' dir='ltr'><strong>ad</strong></span> <span class='ocrx_word' id='word_1_176' title='bbox 2080 850 2263 905; x_wconf 87' lang='lat' dir='ltr'><strong>Jesum</strong></span> <span class='ocrx_word' id='word_1_177' title='bbox 2296 851 2460 915; x_wconf 88' lang='lat' dir='ltr'><strong>venit,</strong></span> <span class='ocrx_word' id='word_1_178' title='bbox 2493 860 2543 906; x_wconf 90' lang='lat' dir='ltr'><strong>et</strong></span> <span class='ocrx_word' id='word_1_179' title='bbox 2575 852 2692 921; x_wconf 91' lang='lat' dir='ltr'><strong>ipse</strong></span> <span class='ocrx_word' id='word_1_180' title='bbox 2723 866 2819 905; x_wconf 94' lang='lat' dir='ltr'><strong>eos</strong></span> <span class='ocrx_word' id='word_1_181' title='bbox 2840 866 2978 919; x_wconf 89' lang='lat' dir='ltr'><strong>aqua</strong></span> <span class='ocrx_word' id='word_1_182' title='bbox 3020 848 3263 913; x_wconf 81' lang='lat' dir='ltr'><strong>abluens,</strong></span> <span class='ocrx_word' id='word_1_183' title='bbox 3290 844 3478 899; x_wconf 77' lang='lat' dir='ltr'><strong>fideles</strong></span> <span class='ocrx_word' id='word_1_184' title='bbox 3506 844 3575 897; x_wconf 89' lang='lat' dir='ltr'><strong>ab</strong></span> 
     </span>
    </p>
   </div>
   <div class='ocr_carea' id='block_1_25' title="bbox 1984 936 3577 1008">
    <p class='ocr_par' dir='ltr' id='par_1_25' title="bbox 1984 936 3577 1008">
     <span class='ocr_line' id='line_1_25' title="bbox 1984 936 3577 1008; baseline -0.004 -15"><span class='ocrx_word' id='word_1_185' title='bbox 1984 938 2301 994; x_wconf 83' lang='lat' dir='ltr'><strong>inﬁdelibus</strong></span> <span class='ocrx_word' id='word_1_186' title='bbox 2330 940 2583 995; x_wconf 88' lang='lat' dir='ltr'><strong>secernit.</strong></span> <span class='ocrx_word' id='word_1_187' title='bbox 2628 940 2803 1008; x_wconf 87' lang='lat' dir='ltr'><strong>Hujus</strong></span> <span class='ocrx_word' id='word_1_188' title='bbox 2832 939 2995 993; x_wconf 88' lang='lat' dir='ltr'><strong>etiam</strong></span> <span class='ocrx_word' id='word_1_189' title='bbox 3047 936 3255 1008; x_wconf 87' lang='lat' dir='ltr'><strong>hydria</strong></span> <span class='ocrx_word' id='word_1_190' title='bbox 3284 949 3441 1005; x_wconf 88' lang='lat' dir='ltr'><strong>aqua</strong></span> <span class='ocrx_word' id='word_1_191' title='bbox 3477 947 3577 987; x_wconf 85' lang='lat' dir='ltr'><strong>sa-</strong></span> 
     </span>
    </p>
   </div>
   <div class='ocr_carea' id='block_1_26' title="bbox 1984 1019 3577 1099">
    <p class='ocr_par' dir='ltr' id='par_1_26' title="bbox 1984 1019 3577 1099">
     <span class='ocr_line' id='line_1_26' title="bbox 1984 1019 3577 1099; baseline -0.006 -16"><span class='ocrx_word' id='word_1_192' title='bbox 1984 1043 2178 1099; x_wconf 86' lang='lat' dir='ltr'><strong>porem</strong></span> <span class='ocrx_word' id='word_1_193' title='bbox 2209 1027 2365 1083; x_wconf 86' lang='lat' dir='ltr'><strong>vertit</strong></span> <span class='ocrx_word' id='word_1_194' title='bbox 2389 1027 2545 1083; x_wconf 90' lang='lat' dir='ltr'><strong>nobis</strong></span> <span class='ocrx_word' id='word_1_195' title='bbox 2577 1027 2825 1082; x_wconf 90' lang='lat' dir='ltr'><strong>Christus</strong></span> <span class='ocrx_word' id='word_1_196' title='bbox 2872 1027 2928 1081; x_wconf 92' lang='lat' dir='ltr'><strong>in</strong></span> <span class='ocrx_word' id='word_1_197' title='bbox 2956 1026 3067 1081; x_wconf 89' lang='lat' dir='ltr'><strong>vini</strong></span> <span class='ocrx_word' id='word_1_198' title='bbox 3092 1025 3390 1080; x_wconf 90' lang='lat' dir='ltr'><strong>dulcorem.</strong></span> <span class='ocrx_word' id='word_1_199' title='bbox 3439 1019 3577 1075; x_wconf 84' lang='lat' dir='ltr'><strong>Alti-</strong></span> 
     </span>
    </p>
   </div>
   <div class='ocr_carea' id='block_1_27' title="bbox 1986 1112 3571 1186">
    <p class='ocr_par' dir='ltr' id='par_1_27' title="bbox 1986 1112 3571 1186">
     <span class='ocr_line' id='line_1_27' title="bbox 1986 1112 3571 1186; baseline -0.006 -15"><span class='ocrx_word' id='word_1_200' title='bbox 1986 1116 2116 1171; x_wconf 92' lang='lat' dir='ltr'><strong>tudo</strong></span> <span class='ocrx_word' id='word_1_201' title='bbox 2140 1116 2323 1186; x_wconf 92' lang='lat' dir='ltr'><strong>populi</strong></span> <span class='ocrx_word' id='word_1_202' title='bbox 2353 1116 2419 1171; x_wconf 88' lang='lat' dir='ltr'><strong>ad</strong></span> <span class='ocrx_word' id='word_1_203' title='bbox 2447 1117 2732 1183; x_wconf 84' lang='lat' dir='ltr'><strong>Joannem,</strong></span> <span class='ocrx_word' id='word_1_204' title='bbox 2767 1124 2821 1170; x_wconf 85' lang='lat' dir='ltr'><strong>et</strong></span> <span class='ocrx_word' id='word_1_205' title='bbox 2852 1130 2947 1169; x_wconf 92' lang='lat' dir='ltr'><strong>eos</strong></span> <span class='ocrx_word' id='word_1_206' title='bbox 2978 1114 3033 1168; x_wconf 93' lang='lat' dir='ltr'><strong>in</strong></span> <span class='ocrx_word' id='word_1_207' title='bbox 3062 1112 3283 1167; x_wconf 91' lang='lat' dir='ltr'><strong>flumine</strong></span> <span class='ocrx_word' id='word_1_208' title='bbox 3330 1115 3571 1181; x_wconf 88' lang='lat' dir='ltr'><strong>separat,</strong></span> 
     </span>
    </p>
   </div>
   <div class='ocr_carea' id='block_1_28' title="bbox 1988 1199 3575 1277">
    <p class='ocr_par' dir='ltr' id='par_1_28' title="bbox 1988 1199 3575 1277">
     <span class='ocr_line' id='line_1_28' title="bbox 1988 1199 3575 1277; baseline -0.005 -18"><span class='ocrx_word' id='word_1_209' title='bbox 1988 1204 2111 1277; x_wconf 88' lang='lat' dir='ltr'><strong>quia</strong></span> <span class='ocrx_word' id='word_1_210' title='bbox 2136 1204 2311 1259; x_wconf 91' lang='lat' dir='ltr'><strong>omnis</strong></span> <span class='ocrx_word' id='word_1_211' title='bbox 2332 1203 2563 1275; x_wconf 91' lang='lat' dir='ltr'><strong>populus</strong></span> <span class='ocrx_word' id='word_1_212' title='bbox 2610 1204 2679 1258; x_wconf 93' lang='lat' dir='ltr'><strong>ad</strong></span> <span class='ocrx_word' id='word_1_213' title='bbox 2739 1202 3032 1272; x_wconf 89' lang='lat' dir='ltr'><strong>Christum,</strong></span> <span class='ocrx_word' id='word_1_214' title='bbox 3073 1202 3126 1255; x_wconf 92' lang='lat' dir='ltr'><strong>in</strong></span> <span class='ocrx_word' id='word_1_215' title='bbox 3181 1199 3381 1254; x_wconf 87' lang='lat' dir='ltr'><strong>ultimis</strong></span> <span class='ocrx_word' id='word_1_216' title='bbox 3437 1212 3575 1253; x_wconf 91' lang='lat' dir='ltr'><strong>con-</strong></span> 
     </span>
    </p>
   </div>
   <div class='ocr_carea' id='block_1_29' title="bbox 1987 1285 3576 1365">
    <p class='ocr_par' dir='ltr' id='par_1_29' title="bbox 1987 1285 3576 1365">
     <span class='ocr_line' id='line_1_29' title="bbox 1987 1285 3576 1365; baseline -0.006 -17"><span class='ocrx_word' id='word_1_217' title='bbox 1987 1301 2270 1365; x_wconf 85' lang='lat' dir='ltr'><strong>gregatur,</strong></span> <span class='ocrx_word' id='word_1_218' title='bbox 2304 1300 2357 1347; x_wconf 91' lang='lat' dir='ltr'><strong>et</strong></span> <span class='ocrx_word' id='word_1_219' title='bbox 2403 1292 2469 1346; x_wconf 87' lang='lat' dir='ltr'><strong>ab</strong></span> <span class='ocrx_word' id='word_1_220' title='bbox 2527 1307 2591 1347; x_wconf 92' lang='lat' dir='ltr'><strong>eo</strong></span> <span class='ocrx_word' id='word_1_221' title='bbox 2645 1308 2742 1363; x_wconf 90' lang='lat' dir='ltr'><strong>per</strong></span> <span class='ocrx_word' id='word_1_222' title='bbox 2778 1292 3001 1363; x_wconf 89' lang='lat' dir='ltr'><strong>igneum</strong></span> <span class='ocrx_word' id='word_1_223' title='bbox 3030 1288 3254 1344; x_wconf 77' lang='lat' dir='ltr'><strong>fluvium</strong></span> <span class='ocrx_word' id='word_1_224' title='bbox 3292 1286 3466 1341; x_wconf 86' lang='lat' dir='ltr'><strong>fidelis</strong></span> <span class='ocrx_word' id='word_1_225' title='bbox 3505 1285 3576 1340; x_wconf 88' lang='lat' dir='ltr'><strong>ab</strong></span> 
     </span>
    </p>
   </div>
   <div class='ocr_carea' id='block_1_30' title="bbox 1988 1373 3578 1453">
    <p class='ocr_par' dir='ltr' id='par_1_30' title="bbox 1988 1373 3578 1453">
     <span class='ocr_line' id='line_1_30' title="bbox 1988 1373 3578 1453; baseline -0.006 -17"><span class='ocrx_word' id='word_1_226' title='bbox 1988 1380 2193 1436; x_wconf 83' lang='lat' dir='ltr'><strong>infideli</strong></span> <span class='ocrx_word' id='word_1_227' title='bbox 2220 1387 2563 1453; x_wconf 87' lang='lat' dir='ltr'><strong>segregatur.</strong></span> <span class='ocrx_word' id='word_1_228' title='bbox 2611 1380 2781 1445; x_wconf 87' lang='lat' dir='ltr'><strong>Hunc,</strong></span> <span class='ocrx_word' id='word_1_229' title='bbox 2816 1377 3138 1445; x_wconf 88' lang='lat' dir='ltr'><strong>charissimi,</strong></span> <span class='ocrx_word' id='word_1_230' title='bbox 3195 1375 3402 1431; x_wconf 91' lang='lat' dir='ltr'><strong>debetis</strong></span> <span class='ocrx_word' id='word_1_231' title='bbox 3448 1373 3578 1429; x_wconf 90' lang='lat' dir='ltr'><strong>dili-</strong></span> 
     </span>
    </p>
   </div>
   <div class='ocr_carea' id='block_1_31' title="bbox 1988 1466 3579 1544">
    <p class='ocr_par' dir='ltr' id='par_1_31' title="bbox 1988 1466 3579 1544">
     <span class='ocr_line' id='line_1_31' title="bbox 1988 1466 3579 1544; baseline -0.004 -20"><span class='ocrx_word' id='word_1_232' title='bbox 1988 1486 2123 1544; x_wconf 86' lang='lat' dir='ltr'><strong>gere</strong></span> <span class='ocrx_word' id='word_1_233' title='bbox 2152 1478 2261 1524; x_wconf 95' lang='lat' dir='ltr'><strong>toto</strong></span> <span class='ocrx_word' id='word_1_234' title='bbox 2294 1468 2489 1524; x_wconf 75' lang='lat' dir='ltr'><strong>affectu</strong></span> <span class='ocrx_word' id='word_1_235' title='bbox 2518 1469 2715 1523; x_wconf 89' lang='lat' dir='ltr'><strong>mentis</strong></span> <span class='ocrx_word' id='word_1_236' title='bbox 2744 1469 2836 1541; x_wconf 91' lang='lat' dir='ltr'><strong>qui</strong></span> <span class='ocrx_word' id='word_1_237' title='bbox 2874 1475 3087 1523; x_wconf 87' lang='lat' dir='ltr'><strong>vestras</strong></span> <span class='ocrx_word' id='word_1_238' title='bbox 3115 1466 3332 1521; x_wconf 89' lang='lat' dir='ltr'><strong>animas</strong></span> <span class='ocrx_word' id='word_1_239' title='bbox 3363 1470 3579 1519; x_wconf 89' lang='lat' dir='ltr'><strong>recreat</strong></span> 
     </span>
    </p>
   </div>
   <div class='ocr_carea' id='block_1_32' title="bbox 1988 1551 3575 1629">
    <p class='ocr_par' dir='ltr' id='par_1_32' title="bbox 1988 1551 3575 1629">
     <span class='ocr_line' id='line_1_32' title="bbox 1988 1551 3575 1629; baseline -0.005 -17"><span class='ocrx_word' id='word_1_240' title='bbox 1988 1558 2184 1613; x_wconf 88' lang='lat' dir='ltr'><strong>talibus</strong></span> <span class='ocrx_word' id='word_1_241' title='bbox 2204 1558 2581 1624; x_wconf 88' lang='lat' dir='ltr'><strong>sacramentis,</strong></span> <span class='ocrx_word' id='word_1_242' title='bbox 2609 1556 2701 1629; x_wconf 91' lang='lat' dir='ltr'><strong>qui</strong></span> <span class='ocrx_word' id='word_1_243' title='bbox 2729 1574 2828 1613; x_wconf 86' lang='lat' dir='ltr'><strong>vos</strong></span> <span class='ocrx_word' id='word_1_244' title='bbox 2860 1556 2931 1611; x_wconf 91' lang='lat' dir='ltr'><strong>ad</strong></span> <span class='ocrx_word' id='word_1_245' title='bbox 2961 1554 3178 1626; x_wconf 90' lang='lat' dir='ltr'><strong>nuptias</strong></span> <span class='ocrx_word' id='word_1_246' title='bbox 3198 1568 3327 1607; x_wconf 90' lang='lat' dir='ltr'><strong>suas</strong></span> <span class='ocrx_word' id='word_1_247' title='bbox 3375 1551 3575 1605; x_wconf 88' lang='lat' dir='ltr'><strong>invita-</strong></span> 
     </span>
    </p>
   </div>
   <div class='ocr_carea' id='block_1_33' title="bbox 1987 1638 3579 1717">
    <p class='ocr_par' dir='ltr' id='par_1_33' title="bbox 1987 1638 3579 1717">
     <span class='ocr_line' id='line_1_33' title="bbox 1987 1638 3579 1717; baseline -0.006 -15"><span class='ocrx_word' id='word_1_248' title='bbox 1987 1646 2065 1702; x_wconf 88' lang='lat' dir='ltr'><strong>vit</strong></span> <span class='ocrx_word' id='word_1_249' title='bbox 2120 1654 2172 1702; x_wconf 91' lang='lat' dir='ltr'><strong>et</strong></span> <span class='ocrx_word' id='word_1_250' title='bbox 2224 1645 2352 1702; x_wconf 79' lang='lat' dir='ltr'><strong>vino</strong></span> <span class='ocrx_word' id='word_1_251' title='bbox 2388 1654 2607 1701; x_wconf 88' lang='lat' dir='ltr'><strong>aterna</strong></span> <span class='ocrx_word' id='word_1_252' title='bbox 2653 1645 2959 1704; x_wconf 85' lang='lat' dir='ltr'><strong>dulcedinis</strong></span> <span class='ocrx_word' id='word_1_253' title='bbox 2997 1642 3321 1717; x_wconf 83' lang='lat' dir='ltr'><strong>quandoque</strong></span> <span class='ocrx_word' id='word_1_254' title='bbox 3341 1638 3579 1695; x_wconf 89' lang='lat' dir='ltr'><strong>inebria-</strong></span> 
     </span>
    </p>
   </div>
   <div class='ocr_carea' id='block_1_34' title="bbox 1988 1734 2085 1791">
    <p class='ocr_par' dir='ltr' id='par_1_34' title="bbox 1988 1734 2085 1791">
     <span class='ocr_line' id='line_1_34' title="bbox 1988 1734 2085 1791; baseline 0.021 -2"><span class='ocrx_word' id='word_1_255' title='bbox 1988 1734 2085 1791; x_wconf 86' lang='lat' dir='ltr'><strong>bit.</strong></span> 
     </span>
    </p>
   </div>
   <div class='ocr_carea' id='block_1_35' title="bbox 1338 2015 2525 2124">
    <p class='ocr_par' dir='ltr' id='par_1_35' title="bbox 1338 2015 2525 2124">
     <span class='ocr_line' id='line_1_35' title="bbox 1338 2015 2525 2124; baseline 0.001 -6"><span class='ocrx_word' id='word_1_256' title='bbox 1338 2015 1953 2120; x_wconf 85' lang='lat' dir='ltr'><strong>DOMINICA</strong></span> <span class='ocrx_word' id='word_1_257' title='bbox 2055 2016 2525 2124; x_wconf 82' lang='lat' dir='ltr'><strong>TERTIA</strong></span> 
     </span>
    </p>
   </div>
   <div class='ocr_carea' id='block_1_36' title="bbox 1536 2205 2325 2272">
    <p class='ocr_par' dir='ltr' id='par_1_36' title="bbox 1536 2205 2325 2272">
     <span class='ocr_line' id='line_1_36' title="bbox 1536 2205 2325 2272; baseline 0.003 -3"><span class='ocrx_word' id='word_1_258' title='bbox 1536 2205 1882 2271; x_wconf 90' lang='lat' dir='ltr'><strong>Secudum</strong></span> <span class='ocrx_word' id='word_1_259' title='bbox 1927 2205 2325 2272; x_wconf 87' lang='lat' dir='ltr'><strong>Matthaum</strong></span> 
     </span>
    </p>
   </div>
   <div class='ocr_carea' id='block_1_37' title="bbox 358 2389 3578 2463">
    <p class='ocr_par' dir='ltr' id='par_1_37' title="bbox 358 2389 3578 2463">
     <span class='ocr_line' id='line_1_37' title="bbox 358 2389 3578 2463; baseline 0 -19"><span class='ocrx_word' id='word_1_260' title='bbox 358 2414 379 2438; x_wconf 78' lang='grc' dir='ltr'>α</span> <span class='ocrx_word' id='word_1_261' title='bbox 423 2390 555 2445; x_wconf 91' lang='lat' dir='ltr'><strong>Cum</strong></span> <span class='ocrx_word' id='word_1_262' title='bbox 587 2390 966 2447; x_wconf 89' lang='lat' dir='ltr'><strong>descendisset</strong></span> <span class='ocrx_word' id='word_1_263' title='bbox 992 2392 1151 2447; x_wconf 84' lang='lat' dir='ltr'><strong>Jesus</strong></span> <span class='ocrx_word' id='word_1_264' title='bbox 1176 2391 1245 2447; x_wconf 91' lang='lat' dir='ltr'><strong>de</strong></span> <span class='ocrx_word' id='word_1_265' title='bbox 1275 2397 1477 2455; x_wconf 87' lang='lat' dir='ltr'><strong>monte,</strong></span> <span class='ocrx_word' id='word_1_266' title='bbox 1526 2399 1725 2448; x_wconf 87' lang='lat' dir='ltr'><strong>secuta</strong></span> <span class='ocrx_word' id='word_1_267' title='bbox 1754 2398 1877 2446; x_wconf 90' lang='lat' dir='ltr'><strong>sunt</strong></span> <span class='ocrx_word' id='word_1_268' title='bbox 1904 2396 1959 2456; x_wconf 90' lang='lat' dir='ltr'><strong>B</strong></span> <span class='ocrx_word' id='word_1_269' title='bbox 1988 2392 2102 2447; x_wconf 89' lang='lat' dir='ltr'><strong>bat.</strong></span> <span class='ocrx_word' id='word_1_270' title='bbox 2130 2393 2302 2449; x_wconf 87' lang='lat' dir='ltr'><strong>Docet</strong></span> <span class='ocrx_word' id='word_1_271' title='bbox 2330 2392 2595 2448; x_wconf 88' lang='lat' dir='ltr'><strong>Dominus</strong></span> <span class='ocrx_word' id='word_1_272' title='bbox 2612 2408 2720 2448; x_wconf 89' lang='lat' dir='ltr'><strong>non</strong></span> <span class='ocrx_word' id='word_1_273' title='bbox 2737 2408 2861 2448; x_wconf 89' lang='lat' dir='ltr'><strong>esse</strong></span> <span class='ocrx_word' id='word_1_274' title='bbox 2887 2390 3165 2463; x_wconf 87' lang='lat' dir='ltr'><strong>vulganda</strong></span> <span class='ocrx_word' id='word_1_275' title='bbox 3194 2398 3376 2446; x_wconf 85' lang='lat' dir='ltr'><strong>nostra</strong></span> <span class='ocrx_word' id='word_1_276' title='bbox 3404 2389 3578 2445; x_wconf 90' lang='lat' dir='ltr'><strong>bene-</strong></span> 
     </span>
    </p>
   </div>
   <div class='ocr_carea' id='block_1_38' title="bbox 272 2479 1881 2551">
    <p class='ocr_par' dir='ltr' id='par_1_38' title="bbox 272 2479 1881 2551">
     <span class='ocr_line' id='line_1_38' title="bbox 272 2479 1881 2551; baseline 0.001 -17"><span class='ocrx_word' id='word_1_277' title='bbox 272 2480 451 2535; x_wconf 84' lang='lat' dir='ltr'><strong>turba</strong></span> <span class='ocrx_word' id='word_1_278' title='bbox 497 2479 708 2535; x_wconf 82' lang='lat' dir='ltr'><strong>multa.</strong></span> <span class='ocrx_word' id='word_1_279' title='bbox 777 2481 841 2534; x_wconf 90' lang='lat' dir='ltr'><strong>Et</strong></span> <span class='ocrx_word' id='word_1_280' title='bbox 879 2495 1007 2535; x_wconf 91' lang='lat' dir='ltr'><strong>ecce</strong></span> <span class='ocrx_word' id='word_1_281' title='bbox 1054 2480 1306 2551; x_wconf 90' lang='lat' dir='ltr'><strong>leprosus</strong></span> <span class='ocrx_word' id='word_1_282' title='bbox 1353 2481 1576 2535; x_wconf 89' lang='lat' dir='ltr'><strong>veniens</strong></span> <span class='ocrx_word' id='word_1_283' title='bbox 1621 2480 1881 2535; x_wconf 88' lang='lat' dir='ltr'><strong>adorabat</strong></span> 
     </span>
    </p>
   </div>
   <div class='ocr_carea' id='block_1_39' title="bbox 276 2568 1883 2638">
    <p class='ocr_par' dir='ltr' id='par_1_39' title="bbox 276 2568 1883 2638">
     <span class='ocr_line' id='line_1_39' title="bbox 276 2568 1883 2638; baseline 0 -14"><span class='ocrx_word' id='word_1_284' title='bbox 276 2582 425 2633; x_wconf 90' lang='lat' dir='ltr'><strong>cum,</strong></span> <span class='ocrx_word' id='word_1_285' title='bbox 486 2568 992 2635; x_wconf 86' lang='lat' dir='ltr'><strong>dicens:Domine,</strong></span> <span class='ocrx_word' id='word_1_286' title='bbox 1041 2568 1085 2622; x_wconf 91' lang='lat' dir='ltr'><strong>si</strong></span> <span class='ocrx_word' id='word_1_287' title='bbox 1137 2568 1239 2634; x_wconf 89' lang='lat' dir='ltr'><strong>vis,</strong></span> <span class='ocrx_word' id='word_1_288' title='bbox 1296 2576 1452 2638; x_wconf 91' lang='lat' dir='ltr'><strong>potes</strong></span> <span class='ocrx_word' id='word_1_289' title='bbox 1485 2584 1572 2623; x_wconf 90' lang='lat' dir='ltr'><strong>me</strong></span> <span class='ocrx_word' id='word_1_290' title='bbox 1619 2569 1883 2624; x_wconf 90' lang='lat' dir='ltr'><strong>mundare</strong></span> 
     </span>
    </p>
   </div>
   <div class='ocr_carea' id='block_1_40' title="bbox 280 2654 1879 2727">
    <p class='ocr_par' dir='ltr' id='par_1_40' title="bbox 280 2654 1879 2727">
     <span class='ocr_line' id='line_1_40' title="bbox 280 2654 1879 2727; baseline 0.001 -16"><span class='ocrx_word' id='word_1_291' title='bbox 280 2656 509 2726; x_wconf 80' lang='lat' dir='ltr'><strong>(Matth.</strong></span> <span class='ocrx_word' id='word_1_292' title='bbox 552 2658 722 2727; x_wconf 86' lang='lat' dir='ltr'><strong>vm)).</strong></span> <span class='ocrx_word' id='word_1_293' title='bbox 760 2656 928 2712; x_wconf 83' lang='lat' dir='ltr'><strong>Recte</strong></span> <span class='ocrx_word' id='word_1_294' title='bbox 956 2664 1080 2727; x_wconf 91' lang='lat' dir='ltr'><strong>post</strong></span> <span class='ocrx_word' id='word_1_295' title='bbox 1107 2657 1411 2711; x_wconf 90' lang='lat' dir='ltr'><strong>doctrinam</strong></span> <span class='ocrx_word' id='word_1_296' title='bbox 1434 2654 1565 2711; x_wconf 89' lang='lat' dir='ltr'><strong>fiunt</strong></span> <span class='ocrx_word' id='word_1_297' title='bbox 1592 2656 1879 2723; x_wconf 88' lang='lat' dir='ltr'><strong>miracula,</strong></span> 
     </span>
    </p>
   </div>
   <div class='ocr_carea' id='block_1_41' title="bbox 283 2752 1878 2826">
    <p class='ocr_par' dir='ltr' id='par_1_41' title="bbox 283 2752 1878 2826">
     <span class='ocr_line' id='line_1_41' title="bbox 283 2752 1878 2826; baseline 0 -17"><span class='ocrx_word' id='word_1_298' title='bbox 283 2762 343 2809; x_wconf 91' lang='lat' dir='ltr'><strong>ut</strong></span> <span class='ocrx_word' id='word_1_299' title='bbox 382 2770 478 2825; x_wconf 89' lang='lat' dir='ltr'><strong>per</strong></span> <span class='ocrx_word' id='word_1_300' title='bbox 524 2755 781 2809; x_wconf 89' lang='lat' dir='ltr'><strong>virtutem</strong></span> <span class='ocrx_word' id='word_1_301' title='bbox 813 2770 995 2809; x_wconf 87' lang='lat' dir='ltr'><strong>sermo</strong></span> <span class='ocrx_word' id='word_1_302' title='bbox 1025 2752 1363 2809; x_wconf 85' lang='lat' dir='ltr'><strong>firmaretur.</strong></span> <span class='ocrx_word' id='word_1_303' title='bbox 1418 2755 1632 2823; x_wconf 78' lang='grc' dir='ltr'><strong>(ΒεοΑ.)</strong></span> <span class='ocrx_word' id='word_1_304' title='bbox 1671 2755 1878 2826; x_wconf 83' lang='lat' dir='ltr'><strong>Lepro-</strong></span> 
     </span>
    </p>
   </div>
   <div class='ocr_carea' id='block_1_42' title="bbox 285 2852 1886 2925">
    <p class='ocr_par' dir='ltr' id='par_1_42' title="bbox 285 2852 1886 2925">
     <span class='ocr_line' id='line_1_42' title="bbox 285 2852 1886 2925; baseline -0.002 -16"><span class='ocrx_word' id='word_1_305' title='bbox 285 2868 404 2916; x_wconf 85' lang='lat' dir='ltr'><strong>sus,</strong></span> <span class='ocrx_word' id='word_1_306' title='bbox 428 2852 725 2907; x_wconf 88' lang='lat' dir='ltr'><strong>secundum</strong></span> <span class='ocrx_word' id='word_1_307' title='bbox 769 2853 1002 2908; x_wconf 86' lang='lat' dir='ltr'><strong>Marcum</strong></span> <span class='ocrx_word' id='word_1_308' title='bbox 1060 2868 1205 2925; x_wconf 89' lang='lat' dir='ltr'><strong>genu</strong></span> <span class='ocrx_word' id='word_1_309' title='bbox 1224 2852 1448 2907; x_wconf 85' lang='lat' dir='ltr'><strong>ﬂectens</strong></span> <span class='ocrx_word' id='word_1_310' title='bbox 1496 2853 1684 2921; x_wconf 84' lang='lat' dir='ltr'><strong>(Marc.</strong></span> <span class='ocrx_word' id='word_1_311' title='bbox 1716 2853 1777 2921; x_wconf 85' lang='lat'><strong>1),</strong></span> <span class='ocrx_word' id='word_1_312' title='bbox 1828 2858 1886 2909; x_wconf 90' lang='lat' dir='ltr'><strong>ut</strong></span> 
     </span>
    </p>
   </div>
   <div class='ocr_carea' id='block_1_43' title="bbox 285 2948 1885 3023">
    <p class='ocr_par' dir='ltr' id='par_1_43' title="bbox 285 2948 1885 3023">
     <span class='ocr_line' id='line_1_43' title="bbox 285 2948 1885 3023; baseline 0 -19"><span class='ocrx_word' id='word_1_313' title='bbox 285 2950 461 3005; x_wconf 91' lang='lat' dir='ltr'><strong>Lucas</strong></span> <span class='ocrx_word' id='word_1_314' title='bbox 492 2949 602 3004; x_wconf 87' lang='lat' dir='ltr'><strong>ait:</strong></span> <span class='ocrx_word' id='word_1_315' title='bbox 645 2972 666 2998; x_wconf 88' lang='grc'><strong>‹‹</strong></span> <span class='ocrx_word' id='word_1_316' title='bbox 699 2949 754 3004; x_wconf 92' lang='lat' dir='ltr'><strong>in</strong></span> <span class='ocrx_word' id='word_1_317' title='bbox 783 2948 979 3006; x_wconf 87' lang='lat' dir='ltr'><strong>faciem</strong></span> <span class='ocrx_word' id='word_1_318' title='bbox 1004 2949 1235 3020; x_wconf 90' lang='lat' dir='ltr'><strong>procidit</strong></span> <span class='ocrx_word' id='word_1_319' title='bbox 1257 2952 1418 3020; x_wconf 86' lang='lat' dir='ltr'><strong>(Luc.</strong></span> <span class='ocrx_word' id='word_1_320' title='bbox 1452 2951 1530 3021; x_wconf 85' lang='lat' dir='ltr'><strong>v),</strong></span> <span class='ocrx_word' id='word_1_321' title='bbox 1574 2974 1596 2999; x_wconf 72' lang='grc' dir='ltr'><strong>ιι</strong></span> <span class='ocrx_word' id='word_1_322' title='bbox 1631 2950 1773 3023; x_wconf 90' lang='lat' dir='ltr'><strong>quod</strong></span> <span class='ocrx_word' id='word_1_323' title='bbox 1786 2952 1885 3005; x_wconf 90' lang='lat' dir='ltr'><strong>hu-</strong></span> 
     </span>
    </p>
   </div>
   <div class='ocr_carea' id='block_1_44' title="bbox 284 3038 1886 3110">
    <p class='ocr_par' dir='ltr' id='par_1_44' title="bbox 284 3038 1886 3110">
     <span class='ocr_line' id='line_1_44' title="bbox 284 3038 1886 3110; baseline 0.001 -17"><span class='ocrx_word' id='word_1_324' title='bbox 284 3038 528 3094; x_wconf 89' lang='lat' dir='ltr'><strong>militatis</strong></span> <span class='ocrx_word' id='word_1_325' title='bbox 558 3044 643 3093; x_wconf 89' lang='lat' dir='ltr'><strong>est</strong></span> <span class='ocrx_word' id='word_1_326' title='bbox 674 3046 728 3092; x_wconf 89' lang='lat' dir='ltr'><strong>et</strong></span> <span class='ocrx_word' id='word_1_327' title='bbox 756 3039 999 3109; x_wconf 90' lang='lat' dir='ltr'><strong>pudoris,</strong></span> <span class='ocrx_word' id='word_1_328' title='bbox 1032 3046 1090 3093; x_wconf 90' lang='lat' dir='ltr'><strong>ut</strong></span> <span class='ocrx_word' id='word_1_329' title='bbox 1110 3038 1485 3110; x_wconf 87' lang='lat' dir='ltr'><strong>unusquisque</strong></span> <span class='ocrx_word' id='word_1_330' title='bbox 1523 3040 1591 3094; x_wconf 91' lang='lat' dir='ltr'><strong>de</strong></span> <span class='ocrx_word' id='word_1_331' title='bbox 1620 3055 1734 3094; x_wconf 87' lang='lat' dir='ltr'><strong>sua</strong></span> <span class='ocrx_word' id='word_1_332' title='bbox 1762 3039 1886 3094; x_wconf 91' lang='lat' dir='ltr'><strong>vita</strong></span> 
     </span>
    </p>
   </div>
   <div class='ocr_carea' id='block_1_45' title="bbox 283 3126 1890 3195">
    <p class='ocr_par' dir='ltr' id='par_1_45' title="bbox 283 3126 1890 3195">
     <span class='ocr_line' id='line_1_45' title="bbox 283 3126 1890 3195; baseline 0 -12"><span class='ocrx_word' id='word_1_333' title='bbox 283 3127 513 3183; x_wconf 87' lang='lat' dir='ltr'><strong>maculis</strong></span> <span class='ocrx_word' id='word_1_334' title='bbox 552 3127 862 3195; x_wconf 91' lang='lat' dir='ltr'><strong>erubescat,</strong></span> <span class='ocrx_word' id='word_1_335' title='bbox 893 3126 1294 3184; x_wconf 84' lang='lat' dir='ltr'><strong>confessionem</strong></span> <span class='ocrx_word' id='word_1_336' title='bbox 1324 3128 1777 3183; x_wconf 79' lang='lat' dir='ltr'><strong>verecundianon</strong></span> <span class='ocrx_word' id='word_1_337' title='bbox 1808 3144 1890 3183; x_wconf 83' lang='lat' dir='ltr'><strong>re-</strong></span> 
     </span>
    </p>
   </div>
   <div class='ocr_carea' id='block_1_46' title="bbox 288 3216 1888 3289">
    <p class='ocr_par' dir='ltr' id='par_1_46' title="bbox 288 3216 1888 3289">
     <span class='ocr_line' id='line_1_46' title="bbox 288 3216 1888 3289; baseline 0.001 -19"><span class='ocrx_word' id='word_1_338' title='bbox 288 3216 494 3288; x_wconf 91' lang='lat' dir='ltr'><strong>primit,</strong></span> <span class='ocrx_word' id='word_1_339' title='bbox 528 3216 620 3270; x_wconf 87' lang='lat' dir='ltr'><strong>sed</strong></span> <span class='ocrx_word' id='word_1_340' title='bbox 653 3216 863 3272; x_wconf 91' lang='lat' dir='ltr'><strong>directo</strong></span> <span class='ocrx_word' id='word_1_341' title='bbox 884 3216 1116 3272; x_wconf 87' lang='lat' dir='ltr'><strong>vulnere</strong></span> <span class='ocrx_word' id='word_1_342' title='bbox 1130 3216 1430 3272; x_wconf 90' lang='lat' dir='ltr'><strong>remedium</strong></span> <span class='ocrx_word' id='word_1_343' title='bbox 1445 3216 1654 3289; x_wconf 86' lang='lat' dir='ltr'><strong>quarit.</strong></span> <span class='ocrx_word' id='word_1_344' title='bbox 1684 3216 1888 3272; x_wconf 81' lang='lat' dir='ltr'><strong>Volun-</strong></span> 
     </span>
    </p>
   </div>
   <div class='ocr_carea' id='block_1_47' title="bbox 291 3304 1887 3376">
    <p class='ocr_par' dir='ltr' id='par_1_47' title="bbox 291 3304 1887 3376">
     <span class='ocr_line' id='line_1_47' title="bbox 291 3304 1887 3376; baseline 0.001 -17"><span class='ocrx_word' id='word_1_345' title='bbox 291 3305 388 3359; x_wconf 89' lang='lat' dir='ltr'><strong>tati</strong></span> <span class='ocrx_word' id='word_1_346' title='bbox 410 3304 626 3359; x_wconf 91' lang='lat' dir='ltr'><strong>Domini</strong></span> <span class='ocrx_word' id='word_1_347' title='bbox 643 3304 941 3360; x_wconf 88' lang='lat' dir='ltr'><strong>curationis</strong></span> <span class='ocrx_word' id='word_1_348' title='bbox 958 3311 1284 3375; x_wconf 89' lang='lat' dir='ltr'><strong>potestatem</strong></span> <span class='ocrx_word' id='word_1_349' title='bbox 1303 3304 1555 3376; x_wconf 89' lang='lat' dir='ltr'><strong>leprosus</strong></span> <span class='ocrx_word' id='word_1_350' title='bbox 1570 3304 1887 3371; x_wconf 87' lang='lat' dir='ltr'><strong>tribuit,nec</strong></span> 
     </span>
    </p>
   </div>
   <div class='ocr_carea' id='block_1_48' title="bbox 292 3401 1889 3474">
    <p class='ocr_par' dir='ltr' id='par_1_48' title="bbox 292 3401 1889 3474">
     <span class='ocr_line' id='line_1_48' title="bbox 292 3401 1889 3474; baseline 0.001 -19"><span class='ocrx_word' id='word_1_351' title='bbox 292 3402 450 3474; x_wconf 90' lang='lat' dir='ltr'><strong>quasi</strong></span> <span class='ocrx_word' id='word_1_352' title='bbox 469 3401 793 3457; x_wconf 88' lang='lat' dir='ltr'><strong>incredulus</strong></span> <span class='ocrx_word' id='word_1_353' title='bbox 808 3402 1031 3470; x_wconf 89' lang='lat' dir='ltr'><strong>dubitat,</strong></span> <span class='ocrx_word' id='word_1_354' title='bbox 1052 3402 1147 3456; x_wconf 91' lang='lat' dir='ltr'><strong>sed</strong></span> <span class='ocrx_word' id='word_1_355' title='bbox 1164 3418 1276 3457; x_wconf 91' lang='lat' dir='ltr'><strong>sua</strong></span> <span class='ocrx_word' id='word_1_356' title='bbox 1287 3401 1615 3458; x_wconf 89' lang='lat' dir='ltr'><strong>colluvionis</strong></span> <span class='ocrx_word' id='word_1_357' title='bbox 1631 3402 1889 3459; x_wconf 90' lang='lat' dir='ltr'><strong>conscius</strong></span> 
     </span>
    </p>
   </div>
   <div class='ocr_carea' id='block_1_49' title="bbox 286 3489 1890 3561">
    <p class='ocr_par' dir='ltr' id='par_1_49' title="bbox 286 3489 1890 3561">
     <span class='ocr_line' id='line_1_49' title="bbox 286 3489 1890 3561; baseline 0 -15"><span class='ocrx_word' id='word_1_358' title='bbox 286 3505 397 3546; x_wconf 90' lang='lat' dir='ltr'><strong>non</strong></span> <span class='ocrx_word' id='word_1_359' title='bbox 424 3490 702 3561; x_wconf 86' lang='lat' dir='ltr'><strong>prasumit</strong></span> <span class='ocrx_word' id='word_1_360' title='bbox 730 3490 917 3546; x_wconf 89' lang='lat' dir='ltr'><strong>dicere</strong></span> <span class='ocrx_word' id='word_1_361' title='bbox 949 3508 960 3544; x_wconf 91' lang='lat'><strong>:</strong></span> <span class='ocrx_word' id='word_1_362' title='bbox 994 3489 1192 3545; x_wconf 89' lang='lat' dir='ltr'><strong>Munda</strong></span> <span class='ocrx_word' id='word_1_363' title='bbox 1231 3507 1315 3546; x_wconf 91' lang='lat' dir='ltr'><strong>me</strong></span> <span class='ocrx_word' id='word_1_364' title='bbox 1344 3490 1596 3557; x_wconf 77' lang='lat' dir='ltr'><strong>Domine,</strong></span> <span class='ocrx_word' id='word_1_365' title='bbox 1645 3499 1699 3547; x_wconf 94' lang='lat' dir='ltr'><strong>et</strong></span> <span class='ocrx_word' id='word_1_366' title='bbox 1726 3507 1890 3546; x_wconf 89' lang='lat' dir='ltr'><strong>mun-</strong></span> 
     </span>
    </p>
   </div>
   <div class='ocr_carea' id='block_1_50' title="bbox 289 3585 1891 3660">
    <p class='ocr_par' dir='ltr' id='par_1_50' title="bbox 289 3585 1891 3660">
     <span class='ocr_line' id='line_1_50' title="bbox 289 3585 1891 3660; baseline 0.001 -18"><span class='ocrx_word' id='word_1_367' title='bbox 289 3585 477 3642; x_wconf 88' lang='lat' dir='ltr'><strong>dabor.</strong></span> <span class='ocrx_word' id='word_1_368' title='bbox 510 3588 650 3640; x_wconf 88' lang='lat' dir='ltr'><strong>Dum</strong></span> <span class='ocrx_word' id='word_1_369' title='bbox 670 3587 761 3643; x_wconf 91' lang='lat' dir='ltr'><strong>hic</strong></span> <span class='ocrx_word' id='word_1_370' title='bbox 782 3602 814 3641; x_wconf 91' lang='lat' dir='ltr'><strong>a</strong></span> <span class='ocrx_word' id='word_1_371' title='bbox 852 3587 977 3660; x_wconf 90' lang='lat' dir='ltr'><strong>lege</strong></span> <span class='ocrx_word' id='word_1_372' title='bbox 1006 3587 1268 3643; x_wconf 84' lang='lat' dir='ltr'><strong>exclusus</strong></span> <span class='ocrx_word' id='word_1_373' title='bbox 1297 3603 1355 3642; x_wconf 93' lang='lat' dir='ltr'><strong>se</strong></span> <span class='ocrx_word' id='word_1_374' title='bbox 1387 3586 1891 3659; x_wconf 90' lang='lat' dir='ltr'><strong>Dominipotestate</strong></span> 
     </span>
    </p>
   </div>
   <div class='ocr_carea' id='block_1_51' title="bbox 289 3675 1881 3747">
    <p class='ocr_par' dir='ltr' id='par_1_51' title="bbox 289 3675 1881 3747">
     <span class='ocr_line' id='line_1_51' title="bbox 289 3675 1881 3747; baseline -0.001 -16"><span class='ocrx_word' id='word_1_375' title='bbox 289 3676 471 3731; x_wconf 88' lang='lat' dir='ltr'><strong>curari</strong></span> <span class='ocrx_word' id='word_1_376' title='bbox 503 3675 760 3746; x_wconf 91' lang='lat' dir='ltr'><strong>postulat,</strong></span> <span class='ocrx_word' id='word_1_377' title='bbox 798 3692 962 3747; x_wconf 83' lang='lat' dir='ltr'><strong>supra</strong></span> <span class='ocrx_word' id='word_1_378' title='bbox 1002 3675 1178 3746; x_wconf 82' lang='lat' dir='ltr'><strong>legem</strong></span> <span class='ocrx_word' id='word_1_379' title='bbox 1210 3691 1334 3731; x_wconf 90' lang='lat' dir='ltr'><strong>esse</strong></span> <span class='ocrx_word' id='word_1_380' title='bbox 1365 3676 1598 3747; x_wconf 78' lang='lat' dir='ltr'><strong>gratiam</strong></span> <span class='ocrx_word' id='word_1_381' title='bbox 1655 3676 1881 3731; x_wconf 89' lang='lat' dir='ltr'><strong>indicat.</strong></span> 
     </span>
    </p>
   </div>
   <div class='ocr_carea' id='block_1_52' title="bbox 1992 2477 3579 2552">
    <p class='ocr_par' dir='ltr' id='par_1_52' title="bbox 1992 2477 3579 2552">
     <span class='ocr_line' id='line_1_52' title="bbox 1992 2477 3579 2552; baseline -0.002 -17"><span class='ocrx_word' id='word_1_382' title='bbox 1992 2479 2138 2548; x_wconf 89' lang='lat' dir='ltr'><strong>ficia,</strong></span> <span class='ocrx_word' id='word_1_383' title='bbox 2172 2482 2270 2537; x_wconf 88' lang='lat' dir='ltr'><strong>sed</strong></span> <span class='ocrx_word' id='word_1_384' title='bbox 2320 2483 2643 2552; x_wconf 88' lang='lat' dir='ltr'><strong>premenda,</strong></span> <span class='ocrx_word' id='word_1_385' title='bbox 2676 2491 2733 2536; x_wconf 92' lang='lat' dir='ltr'><strong>ut</strong></span> <span class='ocrx_word' id='word_1_386' title='bbox 2761 2497 2871 2537; x_wconf 92' lang='lat' dir='ltr'><strong>non</strong></span> <span class='ocrx_word' id='word_1_387' title='bbox 2903 2481 3079 2536; x_wconf 89' lang='lat' dir='ltr'><strong>solum</strong></span> <span class='ocrx_word' id='word_1_388' title='bbox 3109 2495 3143 2535; x_wconf 94' lang='lat' dir='ltr'><strong>a</strong></span> <span class='ocrx_word' id='word_1_389' title='bbox 3171 2479 3426 2535; x_wconf 88' lang='lat' dir='ltr'><strong>mercede</strong></span> <span class='ocrx_word' id='word_1_390' title='bbox 3445 2477 3579 2533; x_wconf 92' lang='lat' dir='ltr'><strong>abs-</strong></span> 
     </span>
    </p>
   </div>
   <div class='ocr_carea' id='block_1_53' title="bbox 1991 2567 3582 2643">
    <p class='ocr_par' dir='ltr' id='par_1_53' title="bbox 1991 2567 3582 2643">
     <span class='ocr_line' id='line_1_53' title="bbox 1991 2567 3582 2643; baseline -0.003 -18"><span class='ocrx_word' id='word_1_391' title='bbox 1991 2570 2257 2626; x_wconf 87' lang='lat' dir='ltr'><strong>tineamus</strong></span> <span class='ocrx_word' id='word_1_392' title='bbox 2278 2571 2522 2641; x_wconf 88' lang='lat' dir='ltr'><strong>pecunia</strong></span> <span class='ocrx_word' id='word_1_393' title='bbox 2550 2572 2647 2626; x_wconf 90' lang='lat' dir='ltr'><strong>sed</strong></span> <span class='ocrx_word' id='word_1_394' title='bbox 2679 2570 2841 2627; x_wconf 91' lang='lat' dir='ltr'><strong>etiam</strong></span> <span class='ocrx_word' id='word_1_395' title='bbox 2873 2570 3091 2643; x_wconf 85' lang='lat' dir='ltr'><strong>gratia.</strong></span> <span class='ocrx_word' id='word_1_396' title='bbox 3137 2567 3399 2623; x_wconf 73' lang='lat' dir='ltr'><strong>Iactantia</strong></span> <span class='ocrx_word' id='word_1_397' title='bbox 3418 2567 3582 2639; x_wconf 91' lang='lat' dir='ltr'><strong>quip-</strong></span> 
     </span>
    </p>
   </div>
   <div class='ocr_carea' id='block_1_54' title="bbox 1991 2664 3574 2739">
    <p class='ocr_par' dir='ltr' id='par_1_54' title="bbox 1991 2664 3574 2739">
     <span class='ocr_line' id='line_1_54' title="bbox 1991 2664 3574 2739; baseline -0.002 -17"><span class='ocrx_word' id='word_1_398' title='bbox 1991 2682 2061 2739; x_wconf 89' lang='lat' dir='ltr'><strong>pe</strong></span> <span class='ocrx_word' id='word_1_399' title='bbox 2082 2666 2244 2722; x_wconf 89' lang='lat' dir='ltr'><strong>vitata</strong></span> <span class='ocrx_word' id='word_1_400' title='bbox 2274 2668 2399 2724; x_wconf 85' lang='lat' dir='ltr'><strong>facit</strong></span> <span class='ocrx_word' id='word_1_401' title='bbox 2428 2684 2496 2722; x_wconf 91' lang='lat' dir='ltr'><strong>ne</strong></span> <span class='ocrx_word' id='word_1_402' title='bbox 2528 2668 2681 2738; x_wconf 89' lang='lat' dir='ltr'><strong>lepra</strong></span> <span class='ocrx_word' id='word_1_403' title='bbox 2711 2668 2881 2738; x_wconf 90' lang='lat' dir='ltr'><strong>possit</strong></span> <span class='ocrx_word' id='word_1_404' title='bbox 2906 2666 3144 2721; x_wconf 89' lang='lat' dir='ltr'><strong>transire</strong></span> <span class='ocrx_word' id='word_1_405' title='bbox 3165 2665 3221 2719; x_wconf 88' lang='lat' dir='ltr'><strong>in</strong></span> <span class='ocrx_word' id='word_1_406' title='bbox 3276 2664 3574 2720; x_wconf 90' lang='lat' dir='ltr'><strong>medicum.</strong></span> 
     </span>
    </p>
   </div>
   <div class='ocr_carea' id='block_1_55' title="bbox 1993 2751 3584 2828">
    <p class='ocr_par' dir='ltr' id='par_1_55' title="bbox 1993 2751 3584 2828">
     <span class='ocr_line' id='line_1_55' title="bbox 1993 2751 3584 2828; baseline -0.003 -19"><span class='ocrx_word' id='word_1_407' title='bbox 1993 2755 2125 2811; x_wconf 92' lang='lat' dir='ltr'><strong>Ideo</strong></span> <span class='ocrx_word' id='word_1_408' title='bbox 2147 2756 2307 2811; x_wconf 89' lang='lat' dir='ltr'><strong>etiam</strong></span> <span class='ocrx_word' id='word_1_409' title='bbox 2336 2757 2634 2828; x_wconf 87' lang='lat' dir='ltr'><strong>imperatur</strong></span> <span class='ocrx_word' id='word_1_410' title='bbox 2688 2755 2981 2821; x_wconf 87' lang='lat' dir='ltr'><strong>silentium,</strong></span> <span class='ocrx_word' id='word_1_411' title='bbox 3042 2755 3175 2826; x_wconf 88' lang='lat' dir='ltr'><strong>quia</strong></span> <span class='ocrx_word' id='word_1_412' title='bbox 3225 2753 3422 2808; x_wconf 89' lang='lat' dir='ltr'><strong>melius</strong></span> <span class='ocrx_word' id='word_1_413' title='bbox 3477 2751 3584 2806; x_wconf 87' lang='lat' dir='ltr'><strong>fide</strong></span> 
     </span>
    </p>
   </div>
   <div class='ocr_carea' id='block_1_56' title="bbox 1993 2839 3583 2916">
    <p class='ocr_par' dir='ltr' id='par_1_56' title="bbox 1993 2839 3583 2916">
     <span class='ocr_line' id='line_1_56' title="bbox 1993 2839 3583 2916; baseline -0.004 -16"><span class='ocrx_word' id='word_1_414' title='bbox 1993 2846 2173 2916; x_wconf 88' lang='lat' dir='ltr'><strong>magis</strong></span> <span class='ocrx_word' id='word_1_415' title='bbox 2212 2854 2571 2916; x_wconf 88' lang='lat' dir='ltr'><strong>spontaneam</strong></span> <span class='ocrx_word' id='word_1_416' title='bbox 2596 2845 2829 2900; x_wconf 86' lang='lat' dir='ltr'><strong>salutem</strong></span> <span class='ocrx_word' id='word_1_417' title='bbox 2888 2859 3137 2915; x_wconf 87' lang='lat' dir='ltr'><strong>quarere</strong></span> <span class='ocrx_word' id='word_1_418' title='bbox 3166 2858 3327 2911; x_wconf 88' lang='lat' dir='ltr'><strong>quam</strong></span> <span class='ocrx_word' id='word_1_419' title='bbox 3368 2839 3583 2895; x_wconf 85' lang='lat' dir='ltr'><strong>benefi-</strong></span> 
     </span>
    </p>
   </div>
   <div class='ocr_carea' id='block_1_57' title="bbox 1995 2930 3585 3001">
    <p class='ocr_par' dir='ltr' id='par_1_57' title="bbox 1995 2930 3585 3001">
     <span class='ocr_line' id='line_1_57' title="bbox 1995 2930 3585 3001; baseline -0.005 -11"><span class='ocrx_word' id='word_1_420' title='bbox 1995 2934 2094 2990; x_wconf 88' lang='lat' dir='ltr'><strong>ciis</strong></span> <span class='ocrx_word' id='word_1_421' title='bbox 2116 2932 2349 2990; x_wconf 89' lang='lat' dir='ltr'><strong>invitari.</strong></span> <span class='ocrx_word' id='word_1_422' title='bbox 2411 2932 2717 2989; x_wconf 91' lang='lat' dir='ltr'><strong>Ostendere</strong></span> <span class='ocrx_word' id='word_1_423' title='bbox 2746 2949 2806 2988; x_wconf 91' lang='lat' dir='ltr'><strong>se</strong></span> <span class='ocrx_word' id='word_1_424' title='bbox 2836 2931 3107 2988; x_wconf 82' lang='lat' dir='ltr'><strong>sacerdoti</strong></span> <span class='ocrx_word' id='word_1_425' title='bbox 3128 2931 3350 3001; x_wconf 90' lang='lat' dir='ltr'><strong>jubetur</strong></span> <span class='ocrx_word' id='word_1_426' title='bbox 3396 2930 3585 3000; x_wconf 88' lang='lat' dir='ltr'><strong>lepro-</strong></span> 
     </span>
    </p>
   </div>
   <div class='ocr_carea' id='block_1_58' title="bbox 2000 3025 3581 3102">
    <p class='ocr_par' dir='ltr' id='par_1_58' title="bbox 2000 3025 3581 3102">
     <span class='ocr_line' id='line_1_58' title="bbox 2000 3025 3581 3102; baseline -0.004 -17"><span class='ocrx_word' id='word_1_427' title='bbox 2000 3047 2115 3096; x_wconf 91' lang='lat' dir='ltr'><strong>sus,</strong></span> <span class='ocrx_word' id='word_1_428' title='bbox 2142 3038 2200 3087; x_wconf 93' lang='lat' dir='ltr'><strong>ut</strong></span> <span class='ocrx_word' id='word_1_429' title='bbox 2229 3029 2554 3102; x_wconf 89' lang='lat' dir='ltr'><strong>intelligeret</strong></span> <span class='ocrx_word' id='word_1_430' title='bbox 2573 3030 2830 3086; x_wconf 88' lang='lat' dir='ltr'><strong>sacerdos</strong></span> <span class='ocrx_word' id='word_1_431' title='bbox 2872 3045 2997 3085; x_wconf 91' lang='lat' dir='ltr'><strong>eum</strong></span> <span class='ocrx_word' id='word_1_432' title='bbox 3039 3045 3147 3084; x_wconf 93' lang='lat' dir='ltr'><strong>non</strong></span> <span class='ocrx_word' id='word_1_433' title='bbox 3175 3028 3314 3099; x_wconf 84' lang='lat' dir='ltr'><strong>legis</strong></span> <span class='ocrx_word' id='word_1_434' title='bbox 3372 3025 3581 3093; x_wconf 89' lang='lat' dir='ltr'><strong>ordine,</strong></span> 
     </span>
    </p>
   </div>
   <div class='ocr_carea' id='block_1_59' title="bbox 1997 3113 3586 3191">
    <p class='ocr_par' dir='ltr' id='par_1_59' title="bbox 1997 3113 3586 3191">
     <span class='ocr_line' id='line_1_59' title="bbox 1997 3113 3586 3191; baseline -0.005 -16"><span class='ocrx_word' id='word_1_435' title='bbox 1997 3119 2096 3175; x_wconf 89' lang='lat' dir='ltr'><strong>sed</strong></span> <span class='ocrx_word' id='word_1_436' title='bbox 2125 3118 2295 3191; x_wconf 89' lang='lat' dir='ltr'><strong>gratia</strong></span> <span class='ocrx_word' id='word_1_437' title='bbox 2326 3119 2427 3174; x_wconf 92' lang='lat' dir='ltr'><strong>Dei</strong></span> <span class='ocrx_word' id='word_1_438' title='bbox 2456 3126 2728 3174; x_wconf 89' lang='lat' dir='ltr'><strong>curatum.</strong></span> <span class='ocrx_word' id='word_1_439' title='bbox 2750 3117 2961 3173; x_wconf 77' lang='lat' dir='ltr'><strong>Offerre</strong></span> <span class='ocrx_word' id='word_1_440' title='bbox 2990 3116 3316 3175; x_wconf 84' lang='lat' dir='ltr'><strong>sacriﬁcium</strong></span> <span class='ocrx_word' id='word_1_441' title='bbox 3329 3113 3586 3187; x_wconf 86' lang='lat' dir='ltr'><strong>pracipi-</strong></span> 
     </span>
    </p>
   </div>
   <div class='ocr_carea' id='block_1_60' title="bbox 1995 3212 3586 3286">
    <p class='ocr_par' dir='ltr' id='par_1_60' title="bbox 1995 3212 3586 3286">
     <span class='ocr_line' id='line_1_60' title="bbox 1995 3212 3586 3286; baseline -0.004 -15"><span class='ocrx_word' id='word_1_442' title='bbox 1995 3223 2085 3271; x_wconf 92' lang='lat' dir='ltr'><strong>tur</strong></span> <span class='ocrx_word' id='word_1_443' title='bbox 2114 3224 2172 3271; x_wconf 90' lang='lat' dir='ltr'><strong>ut</strong></span> <span class='ocrx_word' id='word_1_444' title='bbox 2209 3216 2523 3272; x_wconf 90' lang='lat' dir='ltr'><strong>ostenderet</strong></span> <span class='ocrx_word' id='word_1_445' title='bbox 2577 3216 2849 3272; x_wconf 89' lang='lat' dir='ltr'><strong>Dominus</strong></span> <span class='ocrx_word' id='word_1_446' title='bbox 2874 3232 2936 3272; x_wconf 90' lang='lat' dir='ltr'><strong>se</strong></span> <span class='ocrx_word' id='word_1_447' title='bbox 2955 3231 3065 3272; x_wconf 89' lang='lat' dir='ltr'><strong>non</strong></span> <span class='ocrx_word' id='word_1_448' title='bbox 3121 3216 3300 3286; x_wconf 81' lang='lat' dir='ltr'><strong>legem</strong></span> <span class='ocrx_word' id='word_1_449' title='bbox 3348 3212 3586 3277; x_wconf 85' lang='lat' dir='ltr'><strong>solvere,</strong></span> 
     </span>
    </p>
   </div>
   <div class='ocr_carea' id='block_1_61' title="bbox 2000 3305 3588 3384">
    <p class='ocr_par' dir='ltr' id='par_1_61' title="bbox 2000 3305 3588 3384">
     <span class='ocr_line' id='line_1_61' title="bbox 2000 3305 3588 3384; baseline -0.005 -17"><span class='ocrx_word' id='word_1_450' title='bbox 2000 3311 2100 3368; x_wconf 90' lang='lat' dir='ltr'><strong>sed</strong></span> <span class='ocrx_word' id='word_1_451' title='bbox 2129 3311 2356 3383; x_wconf 88' lang='lat' dir='ltr'><strong>implere</strong></span> <span class='ocrx_word' id='word_1_452' title='bbox 2386 3311 2684 3368; x_wconf 87' lang='lat' dir='ltr'><strong>secundum</strong></span> <span class='ocrx_word' id='word_1_453' title='bbox 2714 3312 2893 3384; x_wconf 81' lang='lat' dir='ltr'><strong>legem</strong></span> <span class='ocrx_word' id='word_1_454' title='bbox 2923 3311 3203 3384; x_wconf 89' lang='lat' dir='ltr'><strong>gradiens,</strong></span> <span class='ocrx_word' id='word_1_455' title='bbox 3244 3318 3298 3365; x_wconf 92' lang='lat' dir='ltr'><strong>et</strong></span> <span class='ocrx_word' id='word_1_456' title='bbox 3317 3322 3481 3379; x_wconf 91' lang='lat' dir='ltr'><strong>supra</strong></span> <span class='ocrx_word' id='word_1_457' title='bbox 3503 3305 3588 3360; x_wconf 90' lang='lat' dir='ltr'><strong>le-</strong></span> 
     </span>
    </p>
   </div>
   <div class='ocr_carea' id='block_1_62' title="bbox 1998 3403 3589 3485">
    <p class='ocr_par' dir='ltr' id='par_1_62' title="bbox 1998 3403 3589 3485">
     <span class='ocr_line' id='line_1_62' title="bbox 1998 3403 3589 3485; baseline -0.006 -18"><span class='ocrx_word' id='word_1_458' title='bbox 1998 3426 2123 3482; x_wconf 91' lang='lat' dir='ltr'><strong>gem</strong></span> <span class='ocrx_word' id='word_1_459' title='bbox 2154 3427 2377 3466; x_wconf 88' lang='lat' dir='ltr'><strong>sanans.</strong></span> <span class='ocrx_word' id='word_1_460' title='bbox 2412 3413 2475 3466; x_wconf 89' lang='lat' dir='ltr'><strong>In</strong></span> <span class='ocrx_word' id='word_1_461' title='bbox 2502 3412 2634 3485; x_wconf 90' lang='lat' dir='ltr'><strong>lege</strong></span> <span class='ocrx_word' id='word_1_462' title='bbox 2663 3411 2713 3467; x_wconf 90' lang='lat' dir='ltr'><strong>ei</strong></span> <span class='ocrx_word' id='word_1_463' title='bbox 2733 3418 3067 3483; x_wconf 76' lang='lat' dir='ltr'><strong>praeceptum</strong></span> <span class='ocrx_word' id='word_1_464' title='bbox 3099 3418 3235 3477; x_wconf 90' lang='lat' dir='ltr'><strong>erat,</strong></span> <span class='ocrx_word' id='word_1_465' title='bbox 3258 3416 3316 3464; x_wconf 89' lang='lat' dir='ltr'><strong>ut</strong></span> <span class='ocrx_word' id='word_1_466' title='bbox 3344 3403 3589 3462; x_wconf 88' lang='lat' dir='ltr'><strong>mundati</strong></span> 
     </span>
    </p>
   </div>
   <div class='ocr_carea' id='block_1_63' title="bbox 1999 3499 3591 3571">
    <p class='ocr_par' dir='ltr' id='par_1_63' title="bbox 1999 3499 3591 3571">
     <span class='ocr_line' id='line_1_63' title="bbox 1999 3499 3591 3571; baseline -0.003 -15"><span class='ocrx_word' id='word_1_467' title='bbox 1999 3516 2034 3556; x_wconf 87' lang='lat' dir='ltr'><strong>a</strong></span> <span class='ocrx_word' id='word_1_468' title='bbox 2061 3500 2217 3570; x_wconf 91' lang='lat' dir='ltr'><strong>lepra</strong></span> <span class='ocrx_word' id='word_1_469' title='bbox 2268 3516 2497 3556; x_wconf 86' lang='lat' dir='ltr'><strong>munera</strong></span> <span class='ocrx_word' id='word_1_470' title='bbox 2522 3500 2782 3557; x_wconf 77' lang='lat' dir='ltr'><strong>oﬂ&#39;errent</strong></span> <span class='ocrx_word' id='word_1_471' title='bbox 2828 3500 3201 3557; x_wconf 88' lang='lat' dir='ltr'><strong>sacerdotibus</strong></span> <span class='ocrx_word' id='word_1_472' title='bbox 3258 3516 3359 3571; x_wconf 89' lang='lat' dir='ltr'><strong>qua</strong></span> <span class='ocrx_word' id='word_1_473' title='bbox 3383 3516 3438 3555; x_wconf 91' lang='lat' dir='ltr'><strong>re</strong></span> <span class='ocrx_word' id='word_1_474' title='bbox 3496 3499 3591 3552; x_wconf 90' lang='lat' dir='ltr'><strong>hu-</strong></span> 
     </span>
    </p>
   </div>
   <div class='ocr_carea' id='block_1_64' title="bbox 1999 3596 3591 3671">
    <p class='ocr_par' dir='ltr' id='par_1_64' title="bbox 1999 3596 3591 3671">
     <span class='ocr_line' id='line_1_64' title="bbox 1999 3596 3591 3671; baseline 0.001 -19"><span class='ocrx_word' id='word_1_475' title='bbox 1999 3597 2197 3653; x_wconf 88' lang='lat' dir='ltr'><strong>militer</strong></span> <span class='ocrx_word' id='word_1_476' title='bbox 2223 3598 2294 3653; x_wconf 90' lang='lat' dir='ltr'><strong>ad</strong></span> <span class='ocrx_word' id='word_1_477' title='bbox 2322 3599 2471 3669; x_wconf 91' lang='lat' dir='ltr'><strong>ipsos</strong></span> <span class='ocrx_word' id='word_1_478' title='bbox 2498 3599 2681 3653; x_wconf 90' lang='lat' dir='ltr'><strong>mittit.</strong></span> <span class='ocrx_word' id='word_1_479' title='bbox 2737 3599 2867 3654; x_wconf 86' lang='lat' dir='ltr'><strong>Hac</strong></span> <span class='ocrx_word' id='word_1_480' title='bbox 2895 3596 3180 3669; x_wconf 81' lang='lat' dir='ltr'><strong>oportebat</strong></span> <span class='ocrx_word' id='word_1_481' title='bbox 3234 3597 3591 3671; x_wconf 86' lang='lat' dir='ltr'><strong>signiﬁcantia</strong></span> 
     </span>
    </p>
   </div>
   <div class='ocr_carea' id='block_1_65' title="bbox 2000 3685 3591 3757">
    <p class='ocr_par' dir='ltr' id='par_1_65' title="bbox 2000 3685 3591 3757">
     <span class='ocr_line' id='line_1_65' title="bbox 2000 3685 3591 3757; baseline 0.001 -17"><span class='ocrx_word' id='word_1_482' title='bbox 2000 3686 2198 3742; x_wconf 84' lang='lat' dir='ltr'><strong>auferri</strong></span> <span class='ocrx_word' id='word_1_483' title='bbox 2228 3685 2491 3743; x_wconf 84' lang='lat' dir='ltr'><strong>sacrificia</strong></span> <span class='ocrx_word' id='word_1_484' title='bbox 2538 3687 2853 3757; x_wconf 88' lang='lat' dir='ltr'><strong>priusquam</strong></span> <span class='ocrx_word' id='word_1_485' title='bbox 2883 3702 3015 3743; x_wconf 88' lang='lat' dir='ltr'><strong>vera</strong></span> <span class='ocrx_word' id='word_1_486' title='bbox 3071 3687 3235 3742; x_wconf 89' lang='lat' dir='ltr'><strong>etiam</strong></span> <span class='ocrx_word' id='word_1_487' title='bbox 3259 3686 3313 3741; x_wconf 91' lang='lat' dir='ltr'><strong>in</strong></span> <span class='ocrx_word' id='word_1_488' title='bbox 3344 3686 3451 3741; x_wconf 92' lang='lat' dir='ltr'><strong>illis</strong></span> <span class='ocrx_word' id='word_1_489' title='bbox 3507 3688 3591 3743; x_wconf 89' lang='lat' dir='ltr'><strong>si-</strong></span> 
     </span>
    </p>
   </div>
   <div class='ocr_carea' id='block_1_66' title="bbox 291 3749 3592 3847">
    <p class='ocr_par' dir='ltr' id='par_1_66' title="bbox 291 3749 3592 3847">
     <span class='ocr_line' id='line_1_66' title="bbox 291 3749 3592 3847; baseline -0 -29"><span class='ocrx_word' id='word_1_490' title='bbox 291 3763 447 3819; x_wconf 90' lang='lat' dir='ltr'><strong>Sicut</strong></span> <span class='ocrx_word' id='word_1_491' title='bbox 485 3764 626 3819; x_wconf 90' lang='lat' dir='ltr'><strong>enim</strong></span> <span class='ocrx_word' id='word_1_492' title='bbox 650 3765 937 3835; x_wconf 91' lang='lat' dir='ltr'><strong>potestatis</strong></span> <span class='ocrx_word' id='word_1_493' title='bbox 997 3764 1287 3819; x_wconf 89' lang='lat' dir='ltr'><strong>auctoritas</strong></span> <span class='ocrx_word' id='word_1_494' title='bbox 1312 3764 1368 3819; x_wconf 91' lang='lat' dir='ltr'><strong>in</strong></span> <span class='ocrx_word' id='word_1_495' title='bbox 1401 3764 1653 3832; x_wconf 90' lang='lat' dir='ltr'><strong>Domino,</strong></span> <span class='ocrx_word' id='word_1_496' title='bbox 1711 3764 1786 3819; x_wconf 90' lang='lat' dir='ltr'><strong>ita</strong></span> <span class='ocrx_word' id='word_1_497' title='bbox 1838 3763 1892 3819; x_wconf 87' lang='lat' dir='ltr'><strong>in</strong></span> <span class='ocrx_word' id='word_1_498' title='bbox 1923 3749 1972 3811; x_wconf 73' lang='grc' dir='ltr'>Ο</span> <span class='ocrx_word' id='word_1_499' title='bbox 1998 3783 2164 3847; x_wconf 62' lang='lat' dir='ltr'><strong>gnam</strong></span> <span class='ocrx_word' id='word_1_500' title='bbox 2194 3774 2462 3832; x_wconf 66' lang='lat' dir='ltr'><strong>sacriﬁcia</strong></span> <span class='ocrx_word' id='word_1_501' title='bbox 2491 3749 2809 3831; x_wconf 66' lang='grc' dir='ltr'><strong>οδηῆηηέια</strong></span> <span class='ocrx_word' id='word_1_502' title='bbox 2850 3785 3032 3832; x_wconf 62' lang='lat' dir='ltr'><strong>essent</strong></span> <span class='ocrx_word' id='word_1_503' title='bbox 3062 3775 3117 3831; x_wconf 73' lang='lat' dir='ltr'><strong>in</strong></span> <span class='ocrx_word' id='word_1_504' title='bbox 3148 3776 3365 3832; x_wconf 55' lang='lat' dir='ltr'><strong>Christo</strong></span> <span class='ocrx_word' id='word_1_505' title='bbox 3397 3784 3449 3831; x_wconf 68' lang='grc' dir='ltr'><strong>ει</strong></span> <span class='ocrx_word' id='word_1_506' title='bbox 3478 3776 3592 3831; x_wconf 73' lang='lat' dir='ltr'><strong>Ec-</strong></span> 
     </span>
    </p>
   </div>
   <div class='ocr_carea' id='block_1_67' title="bbox 289 3861 1241 3918">
    <p class='ocr_par' dir='ltr' id='par_1_67' title="bbox 289 3861 1241 3918">
     <span class='ocr_line' id='line_1_67' title="bbox 289 3861 1241 3918; baseline 0.001 -2"><span class='ocrx_word' id='word_1_507' title='bbox 289 3861 397 3918; x_wconf 89' lang='lat' dir='ltr'><strong>isto</strong></span> <span class='ocrx_word' id='word_1_508' title='bbox 426 3861 551 3917; x_wconf 90' lang='lat' dir='ltr'><strong>fidei</strong></span> <span class='ocrx_word' id='word_1_509' title='bbox 574 3862 879 3918; x_wconf 89' lang='lat' dir='ltr'><strong>constantia</strong></span> <span class='ocrx_word' id='word_1_510' title='bbox 909 3862 1241 3918; x_wconf 88' lang='lat' dir='ltr'><strong>declaratur.</strong></span> 
     </span>
    </p>
   </div>
   <div class='ocr_carea' id='block_1_68' title="bbox 373 3983 1889 4056">
    <p class='ocr_par' dir='ltr' id='par_1_68' title="bbox 373 3983 1889 4056">
     <span class='ocr_line' id='line_1_68' title="bbox 373 3983 1889 4056; baseline -0.001 -16"><span class='ocrx_word' id='word_1_511' title='bbox 373 4009 395 4033; x_wconf 78' lang='grc' dir='ltr'>α</span> <span class='ocrx_word' id='word_1_512' title='bbox 430 3986 492 4041; x_wconf 87' lang='grc' dir='ltr'><strong>Ει</strong></span> <span class='ocrx_word' id='word_1_513' title='bbox 514 3985 811 4042; x_wconf 84' lang='lat' dir='ltr'><strong>extendens</strong></span> <span class='ocrx_word' id='word_1_514' title='bbox 836 4001 1057 4040; x_wconf 90' lang='lat' dir='ltr'><strong>manum</strong></span> <span class='ocrx_word' id='word_1_515' title='bbox 1080 3985 1254 4056; x_wconf 82' lang='lat' dir='ltr'><strong>tetigit</strong></span> <span class='ocrx_word' id='word_1_516' title='bbox 1298 3999 1423 4041; x_wconf 92' lang='lat' dir='ltr'><strong>eum</strong></span> <span class='ocrx_word' id='word_1_517' title='bbox 1452 3985 1626 4051; x_wconf 82' lang='lat' dir='ltr'><strong>Jesus,</strong></span> <span class='ocrx_word' id='word_1_518' title='bbox 1652 3983 1842 4040; x_wconf 89' lang='lat' dir='ltr'><strong>dicens</strong></span> <span class='ocrx_word' id='word_1_519' title='bbox 1876 3998 1889 4038; x_wconf 87' lang='lat'><strong>:</strong></span> 
     </span>
    </p>
   </div>
   <div class='ocr_carea' id='block_1_69' title="bbox 298 4082 1889 4152">
    <p class='ocr_par' dir='ltr' id='par_1_69' title="bbox 298 4082 1889 4152">
     <span class='ocr_line' id='line_1_69' title="bbox 298 4082 1889 4152; baseline -0.001 -15"><span class='ocrx_word' id='word_1_520' title='bbox 298 4083 453 4152; x_wconf 85' lang='lat' dir='ltr'><strong>Volo,</strong></span> <span class='ocrx_word' id='word_1_521' title='bbox 483 4083 771 4139; x_wconf 90' lang='lat' dir='ltr'><strong>mundare.</strong></span> <span class='ocrx_word' id='word_1_522' title='bbox 787 4083 849 4137; x_wconf 89' lang='lat' dir='ltr'><strong>Et</strong></span> <span class='ocrx_word' id='word_1_523' title='bbox 866 4082 1152 4139; x_wconf 83' lang='lat' dir='ltr'><strong>confestim</strong></span> <span class='ocrx_word' id='word_1_524' title='bbox 1166 4083 1424 4137; x_wconf 90' lang='lat' dir='ltr'><strong>mundata</strong></span> <span class='ocrx_word' id='word_1_525' title='bbox 1436 4089 1517 4137; x_wconf 92' lang='lat' dir='ltr'><strong>est</strong></span> <span class='ocrx_word' id='word_1_526' title='bbox 1533 4082 1684 4152; x_wconf 89' lang='lat' dir='ltr'><strong>lepra</strong></span> <span class='ocrx_word' id='word_1_527' title='bbox 1701 4082 1842 4150; x_wconf 78' lang='lat' dir='ltr'><strong>ejus.</strong></span> <span class='ocrx_word' id='word_1_528' title='bbox 1866 4102 1889 4130; x_wconf 73' lang='grc' dir='ltr'><strong><em>ι</em></strong></span> 
     </span>
    </p>
   </div>
   <div class='ocr_carea' id='block_1_70' title="bbox 299 4178 1891 4248">
    <p class='ocr_par' dir='ltr' id='par_1_70' title="bbox 299 4178 1891 4248">
     <span class='ocr_line' id='line_1_70' title="bbox 299 4178 1891 4248; baseline -0.003 -12"><span class='ocrx_word' id='word_1_529' title='bbox 299 4181 365 4236; x_wconf 82' lang='lat' dir='ltr'><strong>Et</strong></span> <span class='ocrx_word' id='word_1_530' title='bbox 394 4180 695 4235; x_wconf 87' lang='lat' dir='ltr'><strong>extendens</strong></span> <span class='ocrx_word' id='word_1_531' title='bbox 754 4179 1147 4236; x_wconf 84' lang='lat' dir='ltr'><strong>misericordia</strong></span> <span class='ocrx_word' id='word_1_532' title='bbox 1199 4178 1393 4234; x_wconf 72' lang='lat' dir='ltr'><strong>affectu</strong></span> <span class='ocrx_word' id='word_1_533' title='bbox 1422 4194 1639 4233; x_wconf 89' lang='lat' dir='ltr'><strong>manum</strong></span> <span class='ocrx_word' id='word_1_534' title='bbox 1684 4178 1891 4248; x_wconf 89' lang='lat' dir='ltr'><strong>lepram</strong></span> 
     </span>
    </p>
   </div>
   <div class='ocr_carea' id='block_1_71' title="bbox 297 4266 1895 4341">
    <p class='ocr_par' dir='ltr' id='par_1_71' title="bbox 297 4266 1895 4341">
     <span class='ocr_line' id='line_1_71' title="bbox 297 4266 1895 4341; baseline -0.002 -17"><span class='ocrx_word' id='word_1_535' title='bbox 297 4270 493 4341; x_wconf 82' lang='lat' dir='ltr'><strong>tetigit,</strong></span> <span class='ocrx_word' id='word_1_536' title='bbox 555 4286 619 4323; x_wconf 91' lang='lat' dir='ltr'><strong>ex</strong></span> <span class='ocrx_word' id='word_1_537' title='bbox 673 4269 968 4323; x_wconf 83' lang='lat' dir='ltr'><strong>humilitate</strong></span> <span class='ocrx_word' id='word_1_538' title='bbox 1012 4269 1216 4323; x_wconf 79' lang='lat' dir='ltr'><strong>docens</strong></span> <span class='ocrx_word' id='word_1_539' title='bbox 1269 4283 1369 4322; x_wconf 88' lang='lat' dir='ltr'><strong>nos</strong></span> <span class='ocrx_word' id='word_1_540' title='bbox 1402 4266 1605 4320; x_wconf 90' lang='lat' dir='ltr'><strong>nullum</strong></span> <span class='ocrx_word' id='word_1_541' title='bbox 1638 4283 1895 4337; x_wconf 89' lang='lat' dir='ltr'><strong>spernere</strong></span> 
     </span>
    </p>
   </div>
   <div class='ocr_carea' id='block_1_72' title="bbox 300 4354 1895 4430">
    <p class='ocr_par' dir='ltr' id='par_1_72' title="bbox 300 4354 1895 4430">
     <span class='ocr_line' id='line_1_72' title="bbox 300 4354 1895 4430; baseline -0.003 -17"><span class='ocrx_word' id='word_1_542' title='bbox 300 4373 401 4430; x_wconf 91' lang='lat' dir='ltr'><strong>pro</strong></span> <span class='ocrx_word' id='word_1_543' title='bbox 421 4358 601 4429; x_wconf 86' lang='lat' dir='ltr'><strong>aliqua</strong></span> <span class='ocrx_word' id='word_1_544' title='bbox 630 4358 879 4426; x_wconf 87' lang='lat' dir='ltr'><strong>corporis</strong></span> <span class='ocrx_word' id='word_1_545' title='bbox 900 4356 1296 4411; x_wconf 90' lang='lat' dir='ltr'><strong>maculatione.</strong></span> <span class='ocrx_word' id='word_1_546' title='bbox 1352 4356 1459 4409; x_wconf 90' lang='lat' dir='ltr'><strong>Lex</strong></span> <span class='ocrx_word' id='word_1_547' title='bbox 1518 4356 1665 4423; x_wconf 84' lang='lat' dir='ltr'><strong>tangi</strong></span> <span class='ocrx_word' id='word_1_548' title='bbox 1718 4354 1895 4425; x_wconf 88' lang='lat' dir='ltr'><strong>lepro-</strong></span> 
     </span>
    </p>
   </div>
   <div class='ocr_carea' id='block_1_73' title="bbox 300 4443 1897 4516">
    <p class='ocr_par' dir='ltr' id='par_1_73' title="bbox 300 4443 1897 4516">
     <span class='ocr_line' id='line_1_73' title="bbox 300 4443 1897 4516; baseline -0.003 -15"><span class='ocrx_word' id='word_1_549' title='bbox 300 4461 391 4501; x_wconf 90' lang='lat' dir='ltr'><strong>sos</strong></span> <span class='ocrx_word' id='word_1_550' title='bbox 420 4445 694 4516; x_wconf 89' lang='lat' dir='ltr'><strong>prohibet.</strong></span> <span class='ocrx_word' id='word_1_551' title='bbox 736 4446 843 4500; x_wconf 90' lang='lat' dir='ltr'><strong>Sed</strong></span> <span class='ocrx_word' id='word_1_552' title='bbox 873 4444 941 4499; x_wconf 89' lang='lat' dir='ltr'><strong>de</strong></span> <span class='ocrx_word' id='word_1_553' title='bbox 980 4460 1046 4500; x_wconf 82' lang='lat' dir='ltr'><strong>eo</strong></span> <span class='ocrx_word' id='word_1_554' title='bbox 1100 4459 1209 4498; x_wconf 91' lang='lat' dir='ltr'><strong>non</strong></span> <span class='ocrx_word' id='word_1_555' title='bbox 1266 4452 1384 4499; x_wconf 91' lang='lat' dir='ltr'><strong>erat</strong></span> <span class='ocrx_word' id='word_1_556' title='bbox 1410 4443 1764 4514; x_wconf 89' lang='lat' dir='ltr'><strong>prohibitum,</strong></span> <span class='ocrx_word' id='word_1_557' title='bbox 1807 4443 1897 4513; x_wconf 91' lang='lat' dir='ltr'><strong>qui</strong></span> 
     </span>
    </p>
   </div>
   <div class='ocr_carea' id='block_1_74' title="bbox 299 4530 1897 4606">
    <p class='ocr_par' dir='ltr' id='par_1_74' title="bbox 299 4530 1897 4606">
     <span class='ocr_line' id='line_1_74' title="bbox 299 4530 1897 4606; baseline -0.002 -17"><span class='ocrx_word' id='word_1_558' title='bbox 299 4534 565 4589; x_wconf 87' lang='lat' dir='ltr'><strong>Dominus</strong></span> <span class='ocrx_word' id='word_1_559' title='bbox 624 4534 765 4606; x_wconf 84' lang='lat' dir='ltr'><strong>legis</strong></span> <span class='ocrx_word' id='word_1_560' title='bbox 796 4541 896 4589; x_wconf 90' lang='lat' dir='ltr'><strong>est.</strong></span> <span class='ocrx_word' id='word_1_561' title='bbox 925 4532 1122 4603; x_wconf 81' lang='lat' dir='ltr'><strong>Tetigit</strong></span> <span class='ocrx_word' id='word_1_562' title='bbox 1152 4533 1319 4603; x_wconf 81' lang='lat' dir='ltr'><strong>igitur</strong></span> <span class='ocrx_word' id='word_1_563' title='bbox 1358 4547 1466 4587; x_wconf 80' lang='lat' dir='ltr'><strong>non</strong></span> <span class='ocrx_word' id='word_1_564' title='bbox 1497 4531 1642 4603; x_wconf 91' lang='lat' dir='ltr'><strong>quod</strong></span> <span class='ocrx_word' id='word_1_565' title='bbox 1671 4530 1789 4586; x_wconf 81' lang='lat' dir='ltr'><strong>sine</strong></span> <span class='ocrx_word' id='word_1_566' title='bbox 1819 4542 1897 4586; x_wconf 91' lang='lat' dir='ltr'><strong>ta-</strong></span> 
     </span>
    </p>
   </div>
   <div class='ocr_carea' id='block_1_75' title="bbox 298 4620 1897 4693">
    <p class='ocr_par' dir='ltr' id='par_1_75' title="bbox 298 4620 1897 4693">
     <span class='ocr_line' id='line_1_75' title="bbox 298 4620 1897 4693; baseline -0.002 -15"><span class='ocrx_word' id='word_1_567' title='bbox 298 4630 391 4679; x_wconf 90' lang='lat' dir='ltr'><strong>ctu</strong></span> <span class='ocrx_word' id='word_1_568' title='bbox 431 4638 632 4677; x_wconf 83' lang='lat' dir='ltr'><strong>sanare</strong></span> <span class='ocrx_word' id='word_1_569' title='bbox 662 4629 869 4693; x_wconf 78' lang='lat' dir='ltr'><strong>posset,</strong></span> <span class='ocrx_word' id='word_1_570' title='bbox 921 4622 1018 4675; x_wconf 91' lang='lat' dir='ltr'><strong>sed</strong></span> <span class='ocrx_word' id='word_1_571' title='bbox 1049 4629 1105 4675; x_wconf 93' lang='lat' dir='ltr'><strong>ut</strong></span> <span class='ocrx_word' id='word_1_572' title='bbox 1134 4620 1334 4676; x_wconf 90' lang='lat' dir='ltr'><strong>indicet</strong></span> <span class='ocrx_word' id='word_1_573' title='bbox 1383 4636 1441 4675; x_wconf 80' lang='lat' dir='ltr'><strong>se</strong></span> <span class='ocrx_word' id='word_1_574' title='bbox 1479 4636 1590 4675; x_wconf 91' lang='lat' dir='ltr'><strong>non</strong></span> <span class='ocrx_word' id='word_1_575' title='bbox 1618 4620 1717 4674; x_wconf 90' lang='lat' dir='ltr'><strong>sub</strong></span> <span class='ocrx_word' id='word_1_576' title='bbox 1772 4620 1897 4692; x_wconf 87' lang='lat' dir='ltr'><strong>lege</strong></span> 
     </span>
    </p>
   </div>
   <div class='ocr_carea' id='block_1_76' title="bbox 298 4709 1893 4780">
    <p class='ocr_par' dir='ltr' id='par_1_76' title="bbox 298 4709 1893 4780">
     <span class='ocr_line' id='line_1_76' title="bbox 298 4709 1893 4780; baseline -0.003 -14"><span class='ocrx_word' id='word_1_577' title='bbox 298 4727 444 4775; x_wconf 83' lang='lat' dir='ltr'><strong>esse,</strong></span> <span class='ocrx_word' id='word_1_578' title='bbox 466 4710 579 4766; x_wconf 90' lang='lat' dir='ltr'><strong>imo</strong></span> <span class='ocrx_word' id='word_1_579' title='bbox 607 4710 899 4765; x_wconf 89' lang='lat' dir='ltr'><strong>Dominum</strong></span> <span class='ocrx_word' id='word_1_580' title='bbox 930 4709 1069 4779; x_wconf 84' lang='lat' dir='ltr'><strong>legis</strong></span> <span class='ocrx_word' id='word_1_581' title='bbox 1106 4710 1199 4780; x_wconf 91' lang='lat' dir='ltr'><strong>qui</strong></span> <span class='ocrx_word' id='word_1_582' title='bbox 1238 4725 1345 4764; x_wconf 94' lang='lat' dir='ltr'><strong>non</strong></span> <span class='ocrx_word' id='word_1_583' title='bbox 1376 4709 1527 4765; x_wconf 91' lang='lat' dir='ltr'><strong>timet</strong></span> <span class='ocrx_word' id='word_1_584' title='bbox 1554 4709 1893 4780; x_wconf 88' lang='lat' dir='ltr'><strong>contagium,</strong></span> 
     </span>
    </p>
   </div>
   <div class='ocr_carea' id='block_1_77' title="bbox 300 4796 1898 4869">
    <p class='ocr_par' dir='ltr' id='par_1_77' title="bbox 300 4796 1898 4869">
     <span class='ocr_line' id='line_1_77' title="bbox 300 4796 1898 4869; baseline -0.002 -15"><span class='ocrx_word' id='word_1_585' title='bbox 300 4814 425 4854; x_wconf 90' lang='lat' dir='ltr'><strong>cum</strong></span> <span class='ocrx_word' id='word_1_586' title='bbox 454 4799 637 4869; x_wconf 90' lang='lat' dir='ltr'><strong>potius</strong></span> <span class='ocrx_word' id='word_1_587' title='bbox 667 4798 804 4853; x_wconf 90' lang='lat' dir='ltr'><strong>alios</strong></span> <span class='ocrx_word' id='word_1_588' title='bbox 831 4798 1051 4853; x_wconf 91' lang='lat' dir='ltr'><strong>liberet.</strong></span> <span class='ocrx_word' id='word_1_589' title='bbox 1074 4796 1162 4851; x_wconf 85' lang='lat' dir='ltr'><strong>Ex</strong></span> <span class='ocrx_word' id='word_1_590' title='bbox 1184 4797 1383 4869; x_wconf 90' lang='lat' dir='ltr'><strong>pietate</strong></span> <span class='ocrx_word' id='word_1_591' title='bbox 1401 4797 1494 4863; x_wconf 90' lang='lat' dir='ltr'><strong>ait,</strong></span> <span class='ocrx_word' id='word_1_592' title='bbox 1516 4797 1662 4863; x_wconf 87' lang='lat' dir='ltr'><strong>volo,</strong></span> <span class='ocrx_word' id='word_1_593' title='bbox 1696 4812 1898 4852; x_wconf 89' lang='lat' dir='ltr'><strong>sanans</strong></span> 
     </span>
    </p>
   </div>
   <div class='ocr_carea' id='block_1_78' title="bbox 298 4893 1894 4967">
    <p class='ocr_par' dir='ltr' id='par_1_78' title="bbox 298 4893 1894 4967">
     <span class='ocr_line' id='line_1_78' title="bbox 298 4893 1894 4967; baseline -0.003 -17"><span class='ocrx_word' id='word_1_594' title='bbox 298 4910 366 4950; x_wconf 91' lang='lat' dir='ltr'><strong>eo</strong></span> <span class='ocrx_word' id='word_1_595' title='bbox 392 4910 598 4966; x_wconf 89' lang='lat' dir='ltr'><strong>genere</strong></span> <span class='ocrx_word' id='word_1_596' title='bbox 629 4910 739 4967; x_wconf 88' lang='lat' dir='ltr'><strong>quo</strong></span> <span class='ocrx_word' id='word_1_597' title='bbox 788 4894 968 4950; x_wconf 84' lang='lat' dir='ltr'><strong>fuerat</strong></span> <span class='ocrx_word' id='word_1_598' title='bbox 993 4894 1333 4959; x_wconf 82' lang='lat' dir='ltr'><strong>obsecratus,</strong></span> <span class='ocrx_word' id='word_1_599' title='bbox 1390 4909 1513 4949; x_wconf 88' lang='lat' dir='ltr'><strong>cum</strong></span> <span class='ocrx_word' id='word_1_600' title='bbox 1579 4893 1852 4949; x_wconf 90' lang='lat' dir='ltr'><strong>diceretur</strong></span> <span class='ocrx_word' id='word_1_601' title='bbox 1882 4908 1894 4946; x_wconf 91' lang='lat'>:</span> 
     </span>
    </p>
   </div>
   <div class='ocr_carea' id='block_1_79' title="bbox 292 4981 1895 5055">
    <p class='ocr_par' dir='ltr' id='par_1_79' title="bbox 292 4981 1895 5055">
     <span class='ocr_line' id='line_1_79' title="bbox 292 4981 1895 5055; baseline -0.002 -16"><span class='ocrx_word' id='word_1_602' title='bbox 292 4984 351 5039; x_wconf 91' lang='lat' dir='ltr'><strong>Si</strong></span> <span class='ocrx_word' id='word_1_603' title='bbox 372 4984 473 5051; x_wconf 89' lang='lat' dir='ltr'><strong>vis,</strong></span> <span class='ocrx_word' id='word_1_604' title='bbox 538 4992 699 5055; x_wconf 91' lang='lat' dir='ltr'><strong>potes</strong></span> <span class='ocrx_word' id='word_1_605' title='bbox 754 5000 843 5040; x_wconf 91' lang='lat' dir='ltr'><strong>me</strong></span> <span class='ocrx_word' id='word_1_606' title='bbox 873 4983 1155 5051; x_wconf 88' lang='lat' dir='ltr'><strong>mundare,</strong></span> <span class='ocrx_word' id='word_1_607' title='bbox 1189 4982 1513 5053; x_wconf 89' lang='lat' dir='ltr'><strong>imperando</strong></span> <span class='ocrx_word' id='word_1_608' title='bbox 1560 4981 1837 5050; x_wconf 82' lang='lat' dir='ltr'><strong>subjunxit</strong></span> <span class='ocrx_word' id='word_1_609' title='bbox 1883 4999 1895 5035; x_wconf 91' lang='lat'><strong>:</strong></span> 
     </span>
    </p>
   </div>
   <div class='ocr_carea' id='block_1_80' title="bbox 1998 3863 3583 3935">
    <p class='ocr_par' dir='ltr' id='par_1_80' title="bbox 1998 3863 3583 3935">
     <span class='ocr_line' id='line_1_80' title="bbox 1998 3863 3583 3935; baseline -0.001 -17"><span class='ocrx_word' id='word_1_610' title='bbox 1998 3863 2165 3919; x_wconf 91' lang='lat' dir='ltr'><strong>clesia</strong></span> <span class='ocrx_word' id='word_1_611' title='bbox 2193 3864 2585 3920; x_wconf 90' lang='lat' dir='ltr'><strong>contestatione</strong></span> <span class='ocrx_word' id='word_1_612' title='bbox 2612 3864 2982 3935; x_wconf 89' lang='lat' dir='ltr'><strong>apostolorum</strong></span> <span class='ocrx_word' id='word_1_613' title='bbox 3005 3868 3059 3919; x_wconf 90' lang='lat' dir='ltr'><strong>et</strong></span> <span class='ocrx_word' id='word_1_614' title='bbox 3086 3863 3193 3920; x_wconf 87' lang='lat' dir='ltr'><strong>fide</strong></span> <span class='ocrx_word' id='word_1_615' title='bbox 3221 3863 3583 3920; x_wconf 88' lang='lat' dir='ltr'><strong>credentium.</strong></span> 
     </span>
    </p>
   </div>
   <div class='ocr_carea' id='block_1_81' title="bbox 2001 3950 3593 4023">
    <p class='ocr_par' dir='ltr' id='par_1_81' title="bbox 2001 3950 3593 4023">
     <span class='ocr_line' id='line_1_81' title="bbox 2001 3950 3593 4023; baseline -0.001 -15"><span class='ocrx_word' id='word_1_616' title='bbox 2001 3950 2243 4008; x_wconf 84' lang='lat' dir='ltr'><strong>Offertur</strong></span> <span class='ocrx_word' id='word_1_617' title='bbox 2267 3952 2323 4007; x_wconf 95' lang='lat' dir='ltr'><strong>in</strong></span> <span class='ocrx_word' id='word_1_618' title='bbox 2368 3952 2737 4009; x_wconf 88' lang='lat' dir='ltr'><strong>testimonium</strong></span> <span class='ocrx_word' id='word_1_619' title='bbox 2786 3952 2892 4007; x_wconf 88' lang='lat' dir='ltr'><strong>illis</strong></span> <span class='ocrx_word' id='word_1_620' title='bbox 2946 3953 3039 4023; x_wconf 90' lang='lat' dir='ltr'><strong>qui</strong></span> <span class='ocrx_word' id='word_1_621' title='bbox 3078 3952 3272 4008; x_wconf 81' lang='lat' dir='ltr'><strong>vident</strong></span> <span class='ocrx_word' id='word_1_622' title='bbox 3315 3952 3593 4022; x_wconf 89' lang='lat' dir='ltr'><strong>leprosum</strong></span> 
     </span>
    </p>
   </div>
   <div class='ocr_carea' id='block_1_82' title="bbox 2002 4049 3593 4121">
    <p class='ocr_par' dir='ltr' id='par_1_82' title="bbox 2002 4049 3593 4121">
     <span class='ocr_line' id='line_1_82' title="bbox 2002 4049 3593 4121; baseline 0 -18"><span class='ocrx_word' id='word_1_623' title='bbox 2002 4049 2335 4115; x_wconf 90' lang='lat' dir='ltr'><strong>mundatum,</strong></span> <span class='ocrx_word' id='word_1_624' title='bbox 2359 4049 2447 4104; x_wconf 90' lang='lat' dir='ltr'><strong>vel</strong></span> <span class='ocrx_word' id='word_1_625' title='bbox 2485 4049 2629 4121; x_wconf 91' lang='lat' dir='ltr'><strong>quod</strong></span> <span class='ocrx_word' id='word_1_626' title='bbox 2691 4049 2967 4104; x_wconf 87' lang='lat' dir='ltr'><strong>salvantur</strong></span> <span class='ocrx_word' id='word_1_627' title='bbox 2996 4049 3197 4120; x_wconf 87' lang='lat' dir='ltr'><strong>alepra</strong></span> <span class='ocrx_word' id='word_1_628' title='bbox 3242 4056 3593 4120; x_wconf 88' lang='lat' dir='ltr'><strong>peccatorum</strong></span> 
     </span>
    </p>
   </div>
   <div class='ocr_carea' id='block_1_83' title="bbox 2001 4136 3594 4203">
    <p class='ocr_par' dir='ltr' id='par_1_83' title="bbox 2001 4136 3594 4203">
     <span class='ocr_line' id='line_1_83' title="bbox 2001 4136 3594 4203; baseline -0.001 -11"><span class='ocrx_word' id='word_1_629' title='bbox 2001 4145 2056 4192; x_wconf 92' lang='lat' dir='ltr'><strong>et</strong></span> <span class='ocrx_word' id='word_1_630' title='bbox 2083 4136 2240 4193; x_wconf 64' lang='lat' dir='ltr'><strong>offert</strong></span> <span class='ocrx_word' id='word_1_631' title='bbox 2268 4153 2330 4192; x_wconf 87' lang='lat' dir='ltr'><strong>se</strong></span> <span class='ocrx_word' id='word_1_632' title='bbox 2359 4138 2494 4203; x_wconf 90' lang='lat' dir='ltr'><strong>Deo,</strong></span> <span class='ocrx_word' id='word_1_633' title='bbox 2530 4138 2578 4192; x_wconf 91' lang='lat' dir='ltr'><strong>si</strong></span> <span class='ocrx_word' id='word_1_634' title='bbox 2611 4138 2856 4203; x_wconf 88' lang='lat' dir='ltr'><strong>credunt,</strong></span> <span class='ocrx_word' id='word_1_635' title='bbox 2890 4145 2983 4192; x_wconf 90' lang='lat' dir='ltr'><strong>aut</strong></span> <span class='ocrx_word' id='word_1_636' title='bbox 3010 4137 3056 4191; x_wconf 93' lang='lat' dir='ltr'><strong>si</strong></span> <span class='ocrx_word' id='word_1_637' title='bbox 3092 4152 3202 4192; x_wconf 90' lang='lat' dir='ltr'><strong>non</strong></span> <span class='ocrx_word' id='word_1_638' title='bbox 3231 4136 3478 4203; x_wconf 90' lang='lat' dir='ltr'><strong>credunt,</strong></span> <span class='ocrx_word' id='word_1_639' title='bbox 3511 4136 3594 4190; x_wconf 91' lang='lat' dir='ltr'><strong>in-</strong></span> 
     </span>
    </p>
   </div>
   <div class='ocr_carea' id='block_1_84' title="bbox 2002 4223 3595 4295">
    <p class='ocr_par' dir='ltr' id='par_1_84' title="bbox 2002 4223 3595 4295">
     <span class='ocr_line' id='line_1_84' title="bbox 2002 4223 3595 4295; baseline -0.001 -15"><span class='ocrx_word' id='word_1_640' title='bbox 2002 4226 2343 4281; x_wconf 89' lang='lat' dir='ltr'><strong>excusabiles</strong></span> <span class='ocrx_word' id='word_1_641' title='bbox 2386 4234 2569 4281; x_wconf 89' lang='lat' dir='ltr'><strong>erunt.</strong></span> <span class='ocrx_word' id='word_1_642' title='bbox 2610 4226 2703 4279; x_wconf 83' lang='lat' dir='ltr'><strong>Vel</strong></span> <span class='ocrx_word' id='word_1_643' title='bbox 2725 4225 2800 4278; x_wconf 92' lang='lat' dir='ltr'><strong>ita</strong></span> <span class='ocrx_word' id='word_1_644' title='bbox 2831 4240 2844 4278; x_wconf 90' lang='lat'>:</span> <span class='ocrx_word' id='word_1_645' title='bbox 2876 4226 3071 4279; x_wconf 82' lang='lat' dir='ltr'><strong>Munus</strong></span> <span class='ocrx_word' id='word_1_646' title='bbox 3127 4225 3272 4295; x_wconf 90' lang='lat' dir='ltr'><strong>quod</strong></span> <span class='ocrx_word' id='word_1_647' title='bbox 3334 4223 3595 4295; x_wconf 83' lang='lat' dir='ltr'><strong>pracepit</strong></span> 
     </span>
    </p>
   </div>
   <div class='ocr_carea' id='block_1_85' title="bbox 2002 4311 3594 4384">
    <p class='ocr_par' dir='ltr' id='par_1_85' title="bbox 2002 4311 3594 4384">
     <span class='ocr_line' id='line_1_85' title="bbox 2002 4311 3594 4384; baseline -0.001 -16"><span class='ocrx_word' id='word_1_648' title='bbox 2002 4315 2246 4384; x_wconf 80' lang='lat' dir='ltr'><strong>Moyses,</strong></span> <span class='ocrx_word' id='word_1_649' title='bbox 2278 4312 2385 4368; x_wconf 88' lang='lat' dir='ltr'><strong>illis</strong></span> <span class='ocrx_word' id='word_1_650' title='bbox 2406 4313 2654 4370; x_wconf 89' lang='lat' dir='ltr'><strong>videlicet</strong></span> <span class='ocrx_word' id='word_1_651' title='bbox 2680 4312 3054 4368; x_wconf 88' lang='lat' dir='ltr'><strong>sacerdotibus</strong></span> <span class='ocrx_word' id='word_1_652' title='bbox 3083 4311 3264 4368; x_wconf 70' lang='lat' dir='ltr'><strong>offerri</strong></span> <span class='ocrx_word' id='word_1_653' title='bbox 3292 4312 3594 4367; x_wconf 84' lang='lat' dir='ltr'><strong>intestimo-</strong></span> 
     </span>
    </p>
   </div>
   <div class='ocr_carea' id='block_1_86' title="bbox 2002 4400 3593 4473">
    <p class='ocr_par' dir='ltr' id='par_1_86' title="bbox 2002 4400 3593 4473">
     <span class='ocr_line' id='line_1_86' title="bbox 2002 4400 3593 4473; baseline -0.001 -15"><span class='ocrx_word' id='word_1_654' title='bbox 2002 4403 2174 4469; x_wconf 91' lang='lat' dir='ltr'><strong>nium,</strong></span> <span class='ocrx_word' id='word_1_655' title='bbox 2202 4403 2258 4458; x_wconf 90' lang='lat' dir='ltr'><strong>id</strong></span> <span class='ocrx_word' id='word_1_656' title='bbox 2287 4410 2369 4457; x_wconf 89' lang='lat' dir='ltr'><strong>est</strong></span> <span class='ocrx_word' id='word_1_657' title='bbox 2396 4402 2451 4456; x_wconf 89' lang='lat' dir='ltr'><strong>in</strong></span> <span class='ocrx_word' id='word_1_658' title='bbox 2481 4403 2700 4473; x_wconf 88' lang='lat' dir='ltr'><strong>signum</strong></span> <span class='ocrx_word' id='word_1_659' title='bbox 2738 4401 3033 4471; x_wconf 91' lang='lat' dir='ltr'><strong>spiritualis</strong></span> <span class='ocrx_word' id='word_1_660' title='bbox 3086 4400 3396 4468; x_wconf 90' lang='lat' dir='ltr'><strong>oblationis,</strong></span> <span class='ocrx_word' id='word_1_661' title='bbox 3454 4401 3593 4457; x_wconf 91' lang='lat' dir='ltr'><strong>sicut</strong></span> 
     </span>
    </p>
   </div>
   <div class='ocr_carea' id='block_1_87' title="bbox 2003 4498 3595 4570">
    <p class='ocr_par' dir='ltr' id='par_1_87' title="bbox 2003 4498 3595 4570">
     <span class='ocr_line' id='line_1_87' title="bbox 2003 4498 3595 4570; baseline -0.002 -14"><span class='ocrx_word' id='word_1_662' title='bbox 2003 4499 2215 4556; x_wconf 93' lang='lat' dir='ltr'><strong>curatio</strong></span> <span class='ocrx_word' id='word_1_663' title='bbox 2244 4499 2413 4570; x_wconf 88' lang='lat' dir='ltr'><strong>lepra</strong></span> <span class='ocrx_word' id='word_1_664' title='bbox 2444 4506 2668 4554; x_wconf 89' lang='lat' dir='ltr'><strong>testatur</strong></span> <span class='ocrx_word' id='word_1_665' title='bbox 2708 4498 3035 4553; x_wconf 81' lang='lat' dir='ltr'><strong>curationem</strong></span> <span class='ocrx_word' id='word_1_666' title='bbox 3064 4498 3289 4570; x_wconf 89' lang='lat' dir='ltr'><strong>peccati.</strong></span> <span class='ocrx_word' id='word_1_667' title='bbox 3337 4498 3475 4553; x_wconf 90' lang='lat' dir='ltr'><strong>Illud</strong></span> <span class='ocrx_word' id='word_1_668' title='bbox 3506 4500 3595 4553; x_wconf 91' lang='lat' dir='ltr'><strong>in-</strong></span> 
     </span>
    </p>
   </div>
   <div class='ocr_carea' id='block_1_88' title="bbox 2006 4586 3591 4662">
    <p class='ocr_par' dir='ltr' id='par_1_88' title="bbox 2006 4586 3591 4662">
     <span class='ocr_line' id='line_1_88' title="bbox 2006 4586 3591 4662; baseline -0.001 -18"><span class='ocrx_word' id='word_1_669' title='bbox 2006 4604 2169 4662; x_wconf 92' lang='lat' dir='ltr'><strong>quam</strong></span> <span class='ocrx_word' id='word_1_670' title='bbox 2196 4604 2401 4644; x_wconf 90' lang='lat' dir='ltr'><strong>munus</strong></span> <span class='ocrx_word' id='word_1_671' title='bbox 2431 4587 2584 4644; x_wconf 72' lang='lat' dir='ltr'><strong>offert</strong></span> <span class='ocrx_word' id='word_1_672' title='bbox 2614 4603 2724 4643; x_wconf 90' lang='lat' dir='ltr'><strong>non</strong></span> <span class='ocrx_word' id='word_1_673' title='bbox 2771 4586 2948 4643; x_wconf 91' lang='lat' dir='ltr'><strong>solum</strong></span> <span class='ocrx_word' id='word_1_674' title='bbox 2978 4588 3032 4641; x_wconf 87' lang='lat' dir='ltr'><strong>in</strong></span> <span class='ocrx_word' id='word_1_675' title='bbox 3088 4587 3267 4659; x_wconf 90' lang='lat' dir='ltr'><strong>signo,</strong></span> <span class='ocrx_word' id='word_1_676' title='bbox 3291 4588 3388 4644; x_wconf 92' lang='lat' dir='ltr'><strong>sed</strong></span> <span class='ocrx_word' id='word_1_677' title='bbox 3408 4587 3461 4641; x_wconf 88' lang='lat' dir='ltr'><strong>in</strong></span> <span class='ocrx_word' id='word_1_678' title='bbox 3512 4603 3591 4654; x_wconf 91' lang='lat' dir='ltr'><strong>re,</strong></span> 
     </span>
    </p>
   </div>
   <div class='ocr_carea' id='block_1_89' title="bbox 2004 4673 3597 4749">
    <p class='ocr_par' dir='ltr' id='par_1_89' title="bbox 2004 4673 3597 4749">
     <span class='ocr_line' id='line_1_89' title="bbox 2004 4673 3597 4749; baseline -0.003 -15"><span class='ocrx_word' id='word_1_679' title='bbox 2004 4687 2063 4734; x_wconf 92' lang='lat' dir='ltr'><strong>ut</strong></span> <span class='ocrx_word' id='word_1_680' title='bbox 2090 4687 2146 4733; x_wconf 93' lang='lat' dir='ltr'><strong>tu</strong></span> <span class='ocrx_word' id='word_1_681' title='bbox 2175 4679 2295 4749; x_wconf 90' lang='lat' dir='ltr'><strong>ipse</strong></span> <span class='ocrx_word' id='word_1_682' title='bbox 2322 4694 2353 4732; x_wconf 88' lang='lat' dir='ltr'><strong>a</strong></span> <span class='ocrx_word' id='word_1_683' title='bbox 2383 4677 2645 4733; x_wconf 88' lang='lat' dir='ltr'><strong>sordibus</strong></span> <span class='ocrx_word' id='word_1_684' title='bbox 2688 4677 2892 4748; x_wconf 90' lang='lat' dir='ltr'><strong>peccati</strong></span> <span class='ocrx_word' id='word_1_685' title='bbox 2922 4676 3243 4732; x_wconf 90' lang='lat' dir='ltr'><strong>emundatus</strong></span> <span class='ocrx_word' id='word_1_686' title='bbox 3297 4676 3353 4730; x_wconf 90' lang='lat' dir='ltr'><strong>in</strong></span> <span class='ocrx_word' id='word_1_687' title='bbox 3389 4673 3597 4731; x_wconf 87' lang='lat' dir='ltr'><strong>sacrifi-</strong></span> 
     </span>
    </p>
   </div>
   <div class='ocr_carea' id='block_1_90' title="bbox 2004 4771 3598 4845">
    <p class='ocr_par' dir='ltr' id='par_1_90' title="bbox 2004 4771 3598 4845">
     <span class='ocr_line' id='line_1_90' title="bbox 2004 4771 3598 4845; baseline -0.004 -13"><span class='ocrx_word' id='word_1_688' title='bbox 2004 4777 2148 4832; x_wconf 90' lang='lat' dir='ltr'><strong>cium</strong></span> <span class='ocrx_word' id='word_1_689' title='bbox 2177 4775 2275 4831; x_wconf 92' lang='lat' dir='ltr'><strong>Dei</strong></span> <span class='ocrx_word' id='word_1_690' title='bbox 2306 4783 2572 4831; x_wconf 89' lang='lat' dir='ltr'><strong>transeas.</strong></span> <span class='ocrx_word' id='word_1_691' title='bbox 2614 4776 2831 4845; x_wconf 83' lang='lat' dir='ltr'><strong>Moyses</strong></span> <span class='ocrx_word' id='word_1_692' title='bbox 2860 4773 3004 4830; x_wconf 88' lang='lat' dir='ltr'><strong>enim</strong></span> <span class='ocrx_word' id='word_1_693' title='bbox 3033 4774 3289 4844; x_wconf 68' lang='lat' dir='ltr'><strong>praecepit</strong></span> <span class='ocrx_word' id='word_1_694' title='bbox 3342 4771 3598 4827; x_wconf 83' lang='lat' dir='ltr'><strong>testimo-</strong></span> 
     </span>
    </p>
   </div>
   <div class='ocr_carea' id='block_1_91' title="bbox 2006 4873 3595 4946">
    <p class='ocr_par' dir='ltr' id='par_1_91' title="bbox 2006 4873 3595 4946">
     <span class='ocr_line' id='line_1_91' title="bbox 2006 4873 3595 4946; baseline -0.004 -17"><span class='ocrx_word' id='word_1_695' title='bbox 2006 4875 2150 4930; x_wconf 90' lang='lat' dir='ltr'><strong>nium</strong></span> <span class='ocrx_word' id='word_1_696' title='bbox 2179 4874 2339 4943; x_wconf 87' lang='lat' dir='ltr'><strong>cujus</strong></span> <span class='ocrx_word' id='word_1_697' title='bbox 2394 4882 2447 4929; x_wconf 84' lang='lat' dir='ltr'><strong>te</strong></span> <span class='ocrx_word' id='word_1_698' title='bbox 2486 4873 2641 4946; x_wconf 83' lang='lat' dir='ltr'><strong>geris</strong></span> <span class='ocrx_word' id='word_1_699' title='bbox 2670 4873 2946 4929; x_wconf 77' lang='lat' dir='ltr'><strong>effectum.</strong></span> <span class='ocrx_word' id='word_1_700' title='bbox 3012 4873 3116 4929; x_wconf 90' lang='lat' dir='ltr'><strong>Ubi</strong></span> <span class='ocrx_word' id='word_1_701' title='bbox 3143 4873 3389 4943; x_wconf 91' lang='lat' dir='ltr'><strong>leprosus</strong></span> <span class='ocrx_word' id='word_1_702' title='bbox 3442 4886 3595 4924; x_wconf 87' lang='lat' dir='ltr'><strong>mun-</strong></span> 
     </span>
    </p>
   </div>
   <div class='ocr_carea' id='block_1_92' title="bbox 2007 4958 3597 5033">
    <p class='ocr_par' dir='ltr' id='par_1_92' title="bbox 2007 4958 3597 5033">
     <span class='ocr_line' id='line_1_92' title="bbox 2007 4958 3597 5033; baseline -0.004 -14"><span class='ocrx_word' id='word_1_703' title='bbox 2007 4964 2162 5019; x_wconf 89' lang='lat' dir='ltr'><strong>datur</strong></span> <span class='ocrx_word' id='word_1_704' title='bbox 2184 4970 2366 5019; x_wconf 89' lang='lat' dir='ltr'><strong>certus</strong></span> <span class='ocrx_word' id='word_1_705' title='bbox 2420 4977 2530 5017; x_wconf 92' lang='lat' dir='ltr'><strong>non</strong></span> <span class='ocrx_word' id='word_1_706' title='bbox 2577 4962 2904 5033; x_wconf 81' lang='lat' dir='ltr'><strong>exprimitur</strong></span> <span class='ocrx_word' id='word_1_707' title='bbox 2957 4961 3133 5029; x_wconf 91' lang='lat' dir='ltr'><strong>locus,</strong></span> <span class='ocrx_word' id='word_1_708' title='bbox 3174 4969 3231 5015; x_wconf 91' lang='lat' dir='ltr'><strong>ut</strong></span> <span class='ocrx_word' id='word_1_709' title='bbox 3279 4958 3597 5015; x_wconf 89' lang='lat' dir='ltr'><strong>ostendatur</strong></span> 
     </span>
    </p>
   </div>
   <div class='ocr_carea' id='block_1_93' title="bbox 304 5060 3598 5162">
    <p class='ocr_par' dir='ltr' id='par_1_93' title="bbox 304 5060 3598 5162">
     <span class='ocr_line' id='line_1_93' title="bbox 304 5060 3598 5162; baseline -0.001 -26"><span class='ocrx_word' id='word_1_710' title='bbox 304 5104 327 5130; x_wconf 72' lang='grc' dir='ltr'>α</span> <span class='ocrx_word' id='word_1_711' title='bbox 359 5082 626 5138; x_wconf 78' lang='lat' dir='ltr'><strong>Mundare</strong></span> <span class='ocrx_word' id='word_1_712' title='bbox 656 5098 669 5150; x_wconf 93' lang='lat'><strong>;</strong></span> <span class='ocrx_word' id='word_1_713' title='bbox 718 5105 738 5129; x_wconf 72' lang='grc' dir='ltr'><strong><em>η</em></strong></span> <span class='ocrx_word' id='word_1_714' title='bbox 772 5082 829 5136; x_wconf 92' lang='lat' dir='ltr'><strong>in</strong></span> <span class='ocrx_word' id='word_1_715' title='bbox 858 5096 965 5154; x_wconf 90' lang='lat' dir='ltr'><strong>quo</strong></span> <span class='ocrx_word' id='word_1_716' title='bbox 989 5080 1293 5148; x_wconf 90' lang='lat' dir='ltr'><strong>majestatis</strong></span> <span class='ocrx_word' id='word_1_717' title='bbox 1321 5083 1563 5150; x_wconf 88' lang='lat' dir='ltr'><strong>aperitur</strong></span> <span class='ocrx_word' id='word_1_718' title='bbox 1616 5080 1884 5149; x_wconf 89' lang='lat' dir='ltr'><strong>potentia.</strong></span> <span class='ocrx_word' id='word_1_719' title='bbox 1924 5104 1975 5162; x_wconf 77' lang='grc' dir='ltr'><strong>Ι)</strong></span> <span class='ocrx_word' id='word_1_720' title='bbox 2008 5081 2117 5122; x_wconf 73' lang='lat' dir='ltr'><strong>non</strong></span> <span class='ocrx_word' id='word_1_721' title='bbox 2145 5082 2315 5122; x_wconf 70' lang='lat' dir='ltr'><strong>unum</strong></span> <span class='ocrx_word' id='word_1_722' title='bbox 2342 5066 2607 5137; x_wconf 68' lang='grc' dir='ltr'><strong>ΡοΡυῙυηι</strong></span> <span class='ocrx_word' id='word_1_723' title='bbox 2635 5064 2864 5133; x_wconf 60' lang='lat' dir='ltr'><strong>alicujus</strong></span> <span class='ocrx_word' id='word_1_724' title='bbox 2901 5062 3438 5162; x_wconf 48' lang='grc' dir='ltr'><strong>ερθοίαξίεβίνίίδιίξν</strong></span> <span class='ocrx_word' id='word_1_725' title='bbox 3497 5060 3598 5116; x_wconf 72' lang='grc' dir='ltr'><strong>⁸εά</strong></span> 
     </span>
    </p>
   </div>
   <div class='ocr_carea' id='block_1_94' title="bbox 296 5168 1891 5239">
    <p class='ocr_par' dir='ltr' id='par_1_94' title="bbox 296 5168 1891 5239">
     <span class='ocr_line' id='line_1_94' title="bbox 296 5168 1891 5239; baseline -0.003 -14"><span class='ocrx_word' id='word_1_726' title='bbox 296 5170 444 5224; x_wconf 87' lang='lat' dir='ltr'><strong>Nihil</strong></span> <span class='ocrx_word' id='word_1_727' title='bbox 467 5170 611 5225; x_wconf 92' lang='lat' dir='ltr'><strong>enim</strong></span> <span class='ocrx_word' id='word_1_728' title='bbox 636 5170 873 5225; x_wconf 91' lang='lat' dir='ltr'><strong>medium</strong></span> <span class='ocrx_word' id='word_1_729' title='bbox 905 5177 988 5223; x_wconf 92' lang='lat' dir='ltr'><strong>est</strong></span> <span class='ocrx_word' id='word_1_730' title='bbox 1009 5169 1151 5223; x_wconf 89' lang='lat' dir='ltr'><strong>inter</strong></span> <span class='ocrx_word' id='word_1_731' title='bbox 1172 5184 1309 5239; x_wconf 91' lang='lat' dir='ltr'><strong>opus</strong></span> <span class='ocrx_word' id='word_1_732' title='bbox 1332 5168 1431 5223; x_wconf 92' lang='lat' dir='ltr'><strong>Dei</strong></span> <span class='ocrx_word' id='word_1_733' title='bbox 1462 5177 1515 5222; x_wconf 90' lang='lat' dir='ltr'><strong>et</strong></span> <span class='ocrx_word' id='word_1_734' title='bbox 1536 5176 1891 5238; x_wconf 84' lang='lat' dir='ltr'><strong>praeceptum,</strong></span> 
     </span>
    </p>
   </div>
   <div class='ocr_carea' id='block_1_95' title="bbox 296 5256 1894 5332">
    <p class='ocr_par' dir='ltr' id='par_1_95' title="bbox 296 5256 1894 5332">
     <span class='ocr_line' id='line_1_95' title="bbox 296 5256 1894 5332; baseline -0.001 -20"><span class='ocrx_word' id='word_1_735' title='bbox 296 5259 425 5330; x_wconf 90' lang='lat' dir='ltr'><strong>quia</strong></span> <span class='ocrx_word' id='word_1_736' title='bbox 454 5260 592 5314; x_wconf 90' lang='lat' dir='ltr'><strong>inter</strong></span> <span class='ocrx_word' id='word_1_737' title='bbox 618 5263 958 5332; x_wconf 74' lang='lat' dir='ltr'><strong>praeceptum</strong></span> <span class='ocrx_word' id='word_1_738' title='bbox 990 5264 1072 5313; x_wconf 91' lang='lat' dir='ltr'><strong>est</strong></span> <span class='ocrx_word' id='word_1_739' title='bbox 1107 5272 1267 5328; x_wconf 92' lang='lat' dir='ltr'><strong>opus.</strong></span> <span class='ocrx_word' id='word_1_740' title='bbox 1304 5256 1448 5311; x_wconf 88' lang='lat' dir='ltr'><strong>Dixit</strong></span> <span class='ocrx_word' id='word_1_741' title='bbox 1482 5257 1646 5323; x_wconf 90' lang='lat' dir='ltr'><strong>enim,</strong></span> <span class='ocrx_word' id='word_1_742' title='bbox 1678 5264 1733 5312; x_wconf 92' lang='lat' dir='ltr'><strong>et</strong></span> <span class='ocrx_word' id='word_1_743' title='bbox 1756 5256 1894 5311; x_wconf 91' lang='lat' dir='ltr'><strong>facta</strong></span> 
     </span>
    </p>
   </div>
   <div class='ocr_carea' id='block_1_96' title="bbox 295 5355 444 5402">
    <p class='ocr_par' dir='ltr' id='par_1_96' title="bbox 295 5355 444 5402">
     <span class='ocr_line' id='line_1_96' title="bbox 295 5355 444 5402; baseline -0.007 -1"><span class='ocrx_word' id='word_1_744' title='bbox 295 5355 444 5402; x_wconf 88' lang='lat' dir='ltr'><strong>sunt.</strong></span> 
     </span>
    </p>
   </div>
   <div class='ocr_carea' id='block_1_97' title="bbox 371 5468 1892 5535">
    <p class='ocr_par' dir='ltr' id='par_1_97' title="bbox 371 5468 1892 5535">
     <span class='ocr_line' id='line_1_97' title="bbox 371 5468 1892 5535; baseline 0.003 -16"><span class='ocrx_word' id='word_1_745' title='bbox 371 5493 395 5519; x_wconf 70' lang='grc' dir='ltr'><strong>ε</strong></span> <span class='ocrx_word' id='word_1_746' title='bbox 431 5470 499 5524; x_wconf 89' lang='lat' dir='ltr'><strong>Et</strong></span> <span class='ocrx_word' id='word_1_747' title='bbox 553 5470 626 5525; x_wconf 91' lang='lat' dir='ltr'><strong>ait</strong></span> <span class='ocrx_word' id='word_1_748' title='bbox 664 5469 742 5525; x_wconf 90' lang='lat' dir='ltr'><strong>illi</strong></span> <span class='ocrx_word' id='word_1_749' title='bbox 796 5469 958 5526; x_wconf 87' lang='lat' dir='ltr'><strong>Jesus</strong></span> <span class='ocrx_word' id='word_1_750' title='bbox 1021 5490 1032 5525; x_wconf 88' lang='lat'>:</span> <span class='ocrx_word' id='word_1_751' title='bbox 1084 5468 1239 5535; x_wconf 87' lang='lat' dir='ltr'><strong>Vide,</strong></span> <span class='ocrx_word' id='word_1_752' title='bbox 1298 5468 1505 5523; x_wconf 92' lang='lat' dir='ltr'><strong>nemini</strong></span> <span class='ocrx_word' id='word_1_753' title='bbox 1541 5468 1762 5535; x_wconf 88' lang='lat' dir='ltr'><strong>dixeris,</strong></span> <span class='ocrx_word' id='word_1_754' title='bbox 1796 5469 1892 5524; x_wconf 92' lang='lat' dir='ltr'><strong>sed</strong></span> 
     </span>
    </p>
   </div>
   <div class='ocr_carea' id='block_1_98' title="bbox 292 5556 1894 5627">
    <p class='ocr_par' dir='ltr' id='par_1_98' title="bbox 292 5556 1894 5627">
     <span class='ocr_line' id='line_1_98' title="bbox 292 5556 1894 5627; baseline -0.001 -12"><span class='ocrx_word' id='word_1_755' title='bbox 292 5558 456 5625; x_wconf 72' lang='lat' dir='ltr'><strong>vade,</strong></span> <span class='ocrx_word' id='word_1_756' title='bbox 488 5559 715 5614; x_wconf 90' lang='lat' dir='ltr'><strong>ostende</strong></span> <span class='ocrx_word' id='word_1_757' title='bbox 772 5566 824 5613; x_wconf 90' lang='lat' dir='ltr'><strong>te</strong></span> <span class='ocrx_word' id='word_1_758' title='bbox 866 5558 1159 5625; x_wconf 88' lang='lat' dir='ltr'><strong>sacerdoti,</strong></span> <span class='ocrx_word' id='word_1_759' title='bbox 1210 5565 1263 5613; x_wconf 91' lang='lat' dir='ltr'><strong>et</strong></span> <span class='ocrx_word' id='word_1_760' title='bbox 1300 5556 1435 5613; x_wconf 81' lang='lat' dir='ltr'><strong>offer</strong></span> <span class='ocrx_word' id='word_1_761' title='bbox 1490 5574 1689 5613; x_wconf 89' lang='lat' dir='ltr'><strong>munus</strong></span> <span class='ocrx_word' id='word_1_762' title='bbox 1748 5558 1894 5627; x_wconf 89' lang='lat' dir='ltr'><strong>quod</strong></span> 
     </span>
    </p>
   </div>
   <div class='ocr_carea' id='block_1_99' title="bbox 290 5652 1890 5725">
    <p class='ocr_par' dir='ltr' id='par_1_99' title="bbox 290 5652 1890 5725">
     <span class='ocr_line' id='line_1_99' title="bbox 290 5652 1890 5725; baseline -0.001 -17"><span class='ocrx_word' id='word_1_763' title='bbox 290 5654 563 5725; x_wconf 79' lang='lat' dir='ltr'><strong>praecepit</strong></span> <span class='ocrx_word' id='word_1_764' title='bbox 592 5655 810 5724; x_wconf 84' lang='lat' dir='ltr'><strong>Moyses</strong></span> <span class='ocrx_word' id='word_1_765' title='bbox 854 5654 912 5708; x_wconf 92' lang='lat' dir='ltr'><strong>in</strong></span> <span class='ocrx_word' id='word_1_766' title='bbox 943 5654 1311 5709; x_wconf 90' lang='lat' dir='ltr'><strong>testimonium</strong></span> <span class='ocrx_word' id='word_1_767' title='bbox 1367 5652 1465 5707; x_wconf 90' lang='lat' dir='ltr'><strong>illi.</strong></span> <span class='ocrx_word' id='word_1_768' title='bbox 1530 5677 1551 5700; x_wconf 72' lang='grc' dir='ltr'><strong>υ</strong></span> <span class='ocrx_word' id='word_1_769' title='bbox 1599 5654 1722 5709; x_wconf 90' lang='lat' dir='ltr'><strong>Non</strong></span> <span class='ocrx_word' id='word_1_770' title='bbox 1775 5662 1890 5708; x_wconf 88' lang='lat' dir='ltr'><strong>erat</strong></span> 
     </span>
    </p>
   </div>
   <div class='ocr_carea' id='block_1_100' title="bbox 290 5747 1886 5822">
    <p class='ocr_par' dir='ltr' id='par_1_100' title="bbox 290 5747 1886 5822">
     <span class='ocr_line' id='line_1_100' title="bbox 290 5747 1886 5822; baseline 0.001 -17"><span class='ocrx_word' id='word_1_771' title='bbox 290 5757 522 5808; x_wconf 74' lang='lat' dir='ltr'><strong>necesse</strong></span> <span class='ocrx_word' id='word_1_772' title='bbox 550 5759 609 5808; x_wconf 85' lang='lat' dir='ltr'><strong>ut</strong></span> <span class='ocrx_word' id='word_1_773' title='bbox 638 5764 890 5810; x_wconf 75' lang='lat' dir='ltr'><strong>sermone</strong></span> <span class='ocrx_word' id='word_1_774' title='bbox 912 5747 1142 5821; x_wconf 74' lang='lat' dir='ltr'><strong>jactaret</strong></span> <span class='ocrx_word' id='word_1_775' title='bbox 1171 5750 1316 5822; x_wconf 85' lang='lat' dir='ltr'><strong>quod</strong></span> <span class='ocrx_word' id='word_1_776' title='bbox 1344 5764 1577 5821; x_wconf 78' lang='lat' dir='ltr'><strong>corpore</strong></span> <span class='ocrx_word' id='word_1_777' title='bbox 1633 5748 1886 5821; x_wconf 76' lang='lat' dir='ltr'><strong>prafere—</strong></span> 
     </span>
    </p>
   </div>
   <div class='ocr_carea' id='block_1_101' title="bbox 2008 5159 3594 5233">
    <p class='ocr_par' dir='ltr' id='par_1_101' title="bbox 2008 5159 3594 5233">
     <span class='ocr_line' id='line_1_101' title="bbox 2008 5159 3594 5233; baseline -0.003 -14"><span class='ocrx_word' id='word_1_778' title='bbox 2008 5165 2309 5220; x_wconf 83' lang='lat' dir='ltr'><strong>multarum</strong></span> <span class='ocrx_word' id='word_1_779' title='bbox 2336 5161 2569 5233; x_wconf 87' lang='lat' dir='ltr'><strong>populos</strong></span> <span class='ocrx_word' id='word_1_780' title='bbox 2599 5161 2766 5217; x_wconf 89' lang='lat' dir='ltr'><strong>fuisse</strong></span> <span class='ocrx_word' id='word_1_781' title='bbox 2794 5168 3042 5217; x_wconf 83' lang='lat' dir='ltr'><strong>sanatos.</strong></span> <span class='ocrx_word' id='word_1_782' title='bbox 3082 5160 3220 5228; x_wconf 85' lang='lat' dir='ltr'><strong>Quia</strong></span> <span class='ocrx_word' id='word_1_783' title='bbox 3247 5175 3375 5215; x_wconf 90' lang='lat' dir='ltr'><strong>vero</strong></span> <span class='ocrx_word' id='word_1_784' title='bbox 3405 5159 3594 5230; x_wconf 80' lang='lat' dir='ltr'><strong>lepro-</strong></span> 
     </span>
    </p>
   </div>
   <div class='ocr_carea' id='block_1_102' title="bbox 2003 5255 3596 5334">
    <p class='ocr_par' dir='ltr' id='par_1_102' title="bbox 2003 5255 3596 5334">
     <span class='ocr_line' id='line_1_102' title="bbox 2003 5255 3596 5334; baseline -0.004 -17"><span class='ocrx_word' id='word_1_785' title='bbox 2003 5278 2097 5317; x_wconf 88' lang='lat' dir='ltr'><strong>sus</strong></span> <span class='ocrx_word' id='word_1_786' title='bbox 2135 5278 2312 5334; x_wconf 87' lang='lat' dir='ltr'><strong>genus</strong></span> <span class='ocrx_word' id='word_1_787' title='bbox 2341 5262 2636 5315; x_wconf 90' lang='lat' dir='ltr'><strong>humanum</strong></span> <span class='ocrx_word' id='word_1_788' title='bbox 2675 5258 2916 5330; x_wconf 87' lang='lat' dir='ltr'><strong>peccatis</strong></span> <span class='ocrx_word' id='word_1_789' title='bbox 2944 5256 3264 5327; x_wconf 87' lang='lat' dir='ltr'><strong>languidum</strong></span> <span class='ocrx_word' id='word_1_790' title='bbox 3286 5255 3465 5327; x_wconf 85' lang='lat' dir='ltr'><strong>typice</strong></span> <span class='ocrx_word' id='word_1_791' title='bbox 3494 5256 3596 5311; x_wconf 90' lang='lat' dir='ltr'><strong>de-</strong></span> 
     </span>
    </p>
   </div>
   <div class='ocr_carea' id='block_1_103' title="bbox 2002 5353 3594 5427">
    <p class='ocr_par' dir='ltr' id='par_1_103' title="bbox 2002 5353 3594 5427">
     <span class='ocr_line' id='line_1_103' title="bbox 2002 5353 3594 5427; baseline -0.003 -14"><span class='ocrx_word' id='word_1_792' title='bbox 2002 5359 2202 5427; x_wconf 76' lang='lat' dir='ltr'><strong>signat,</strong></span> <span class='ocrx_word' id='word_1_793' title='bbox 2237 5366 2383 5413; x_wconf 91' lang='lat' dir='ltr'><strong>recte</strong></span> <span class='ocrx_word' id='word_1_794' title='bbox 2411 5358 2467 5411; x_wconf 91' lang='lat' dir='ltr'><strong>in</strong></span> <span class='ocrx_word' id='word_1_795' title='bbox 2498 5357 2643 5411; x_wconf 91' lang='lat' dir='ltr'><strong>Luca</strong></span> <span class='ocrx_word' id='word_1_796' title='bbox 2673 5356 2864 5425; x_wconf 88' lang='lat' dir='ltr'><strong>plenus</strong></span> <span class='ocrx_word' id='word_1_797' title='bbox 2891 5355 3045 5426; x_wconf 91' lang='lat' dir='ltr'><strong>lepra</strong></span> <span class='ocrx_word' id='word_1_798' title='bbox 3083 5353 3411 5409; x_wconf 91' lang='lat' dir='ltr'><strong>describitur</strong></span> <span class='ocrx_word' id='word_1_799' title='bbox 3438 5355 3594 5424; x_wconf 83' lang='lat' dir='ltr'><strong>(Luc.</strong></span> 
     </span>
    </p>
   </div>
   <div class='ocr_carea' id='block_1_104' title="bbox 2003 5450 3595 5527">
    <p class='ocr_par' dir='ltr' id='par_1_104' title="bbox 2003 5450 3595 5527">
     <span class='ocr_line' id='line_1_104' title="bbox 2003 5450 3595 5527; baseline -0.005 -14"><span class='ocrx_word' id='word_1_800' title='bbox 2003 5459 2087 5527; x_wconf 90' lang='lat' dir='ltr'><strong>v).</strong></span> <span class='ocrx_word' id='word_1_801' title='bbox 2127 5456 2331 5511; x_wconf 91' lang='lat' dir='ltr'><strong>Omnes</strong></span> <span class='ocrx_word' id='word_1_802' title='bbox 2351 5454 2494 5510; x_wconf 92' lang='lat' dir='ltr'><strong>enim</strong></span> <span class='ocrx_word' id='word_1_803' title='bbox 2554 5459 2920 5524; x_wconf 88' lang='lat' dir='ltr'><strong>peccaverunt</strong></span> <span class='ocrx_word' id='word_1_804' title='bbox 2968 5461 3019 5506; x_wconf 94' lang='lat' dir='ltr'><strong>et</strong></span> <span class='ocrx_word' id='word_1_805' title='bbox 3075 5458 3239 5524; x_wconf 84' lang='lat' dir='ltr'><strong>egent</strong></span> <span class='ocrx_word' id='word_1_806' title='bbox 3267 5451 3445 5521; x_wconf 89' lang='lat' dir='ltr'><strong>gloria</strong></span> <span class='ocrx_word' id='word_1_807' title='bbox 3497 5450 3595 5505; x_wconf 90' lang='lat' dir='ltr'><strong>Dei</strong></span> 
     </span>
    </p>
   </div>
   <div class='ocr_carea' id='block_1_105' title="bbox 2005 5548 3595 5623">
    <p class='ocr_par' dir='ltr' id='par_1_105' title="bbox 2005 5548 3595 5623">
     <span class='ocr_line' id='line_1_105' title="bbox 2005 5548 3595 5623; baseline -0.007 -11"><span class='ocrx_word' id='word_1_808' title='bbox 2005 5557 2181 5623; x_wconf 82' lang='lat' dir='ltr'><strong>(Rom.</strong></span> <span class='ocrx_word' id='word_1_809' title='bbox 2212 5554 2311 5621; x_wconf 83' lang='lat' dir='ltr'><strong>in).</strong></span> <span class='ocrx_word' id='word_1_810' title='bbox 2342 5550 2602 5607; x_wconf 86' lang='lat' dir='ltr'><strong>Extensio</strong></span> <span class='ocrx_word' id='word_1_811' title='bbox 2632 5565 2826 5605; x_wconf 87' lang='lat' dir='ltr'><strong>manus</strong></span> <span class='ocrx_word' id='word_1_812' title='bbox 2878 5548 3176 5605; x_wconf 90' lang='lat' dir='ltr'><strong>Salvatoris</strong></span> <span class='ocrx_word' id='word_1_813' title='bbox 3198 5549 3472 5621; x_wconf 82' lang='lat' dir='ltr'><strong>signiﬁcat</strong></span> <span class='ocrx_word' id='word_1_814' title='bbox 3518 5548 3595 5602; x_wconf 84' lang='lat' dir='ltr'><strong>in-</strong></span> 
     </span>
    </p>
   </div>
   <div class='ocr_carea' id='block_1_106' title="bbox 2003 5644 3595 5708">
    <p class='ocr_par' dir='ltr' id='par_1_106' title="bbox 2003 5644 3595 5708">
     <span class='ocr_line' id='line_1_106' title="bbox 2003 5644 3595 5708; baseline -0.006 0"><span class='ocrx_word' id='word_1_815' title='bbox 2003 5652 2373 5708; x_wconf 88' lang='lat' dir='ltr'><strong>carnationem</strong></span> <span class='ocrx_word' id='word_1_816' title='bbox 2403 5656 2683 5704; x_wconf 85' lang='lat' dir='ltr'><strong>extensam</strong></span> <span class='ocrx_word' id='word_1_817' title='bbox 2710 5647 2778 5701; x_wconf 85' lang='lat' dir='ltr'><strong>ad</strong></span> <span class='ocrx_word' id='word_1_818' title='bbox 2828 5646 3054 5701; x_wconf 91' lang='lat' dir='ltr'><strong>salutem</strong></span> <span class='ocrx_word' id='word_1_819' title='bbox 3078 5646 3383 5700; x_wconf 90' lang='lat' dir='ltr'><strong>hominum.</strong></span> <span class='ocrx_word' id='word_1_820' title='bbox 3438 5644 3595 5699; x_wconf 89' lang='lat' dir='ltr'><strong>Unde</strong></span> 
     </span>
    </p>
   </div>
   <div class='ocr_carea' id='block_1_107' title="bbox 2002 5744 3583 5815">
    <p class='ocr_par' dir='ltr' id='par_1_107' title="bbox 2002 5744 3583 5815">
     <span class='ocr_line' id='line_1_107' title="bbox 2002 5744 3583 5815; baseline -0.006 -10"><span class='ocrx_word' id='word_1_821' title='bbox 2002 5748 2135 5805; x_wconf 89' lang='lat' dir='ltr'><strong>illud</strong></span> <span class='ocrx_word' id='word_1_822' title='bbox 2168 5747 2298 5805; x_wconf 85' lang='lat' dir='ltr'><strong>alibi</strong></span> <span class='ocrx_word' id='word_1_823' title='bbox 2330 5766 2343 5804; x_wconf 75' lang='grc' dir='ltr'><strong><em>ι</em></strong></span> <span class='ocrx_word' id='word_1_824' title='bbox 2372 5747 2494 5803; x_wconf 81' lang='lat' dir='ltr'><strong>Jam</strong></span> <span class='ocrx_word' id='word_1_825' title='bbox 2516 5761 2613 5804; x_wconf 80' lang='lat' dir='ltr'><strong>vos</strong></span> <span class='ocrx_word' id='word_1_826' title='bbox 2641 5744 2829 5803; x_wconf 88' lang='lat' dir='ltr'><strong>mundi</strong></span> <span class='ocrx_word' id='word_1_827' title='bbox 2858 5746 2991 5802; x_wconf 78' lang='lat' dir='ltr'><strong>estis</strong></span> <span class='ocrx_word' id='word_1_828' title='bbox 3018 5751 3241 5815; x_wconf 85' lang='lat' dir='ltr'><strong>propter</strong></span> <span class='ocrx_word' id='word_1_829' title='bbox 3270 5752 3583 5800; x_wconf 71' lang='lat' dir='ltr'><strong>sermonem</strong></span> 
     </span>
    </p>
   </div>
  </div>
