4010 6074
523 273 628 330 827

1664 272 1996 330 WERNBRI
2033 273 2320 333 ABBATIS
2357 273 2414 332 Β.
2455 273 2675 334 BLASII

519 408 682 469 quem
721 395 932 455 loeutus
963 412 1086 453 sum
1112 397 1270 453 vobis
1300 397 1489 468 (Iona.
1527 398 1675 468 xm).
1712 399 1837 470 Ipse
1873 398 2115 457 Christus
2140 403 2194 468 Α
2227 400 2441 460 sidente
2469 402 2713 475 venient,
2773 414 2831 463 et
2880 406 3212 465 recumbent
3258 420 3384 462 cum
3435 405 3712 463 Abnham
3763 416 3819 465 at

520 492 604 540 est
632 485 891 541 sacerdos
912 485 968 541 in
995 493 1278 552 aeternum,
1337 485 1426 542 cui
1455 499 1646 543 omnes
1676 502 1706 542 a
1735 486 1909 559 prisci
1963 504 2115 545 erro-

517 574 593 628 ris
621 571 884 630 varietate
900 574 1148 630 mundati
1176 574 1381 630 debent
1421 589 1486 631 se
1512 576 1804 633 ostendere
1849 575 2116 634 conﬁten-

520 669 593 725 do
625 670 750 742 quia
769 671 1032 743 templum
1056 672 1179 742 ejus
1210 680 1353 738 sunt,
1385 680 1441 727 et
1465 671 1663 728 offerre
1692 679 1746 728 et
1774 687 2115 746 suacorpora

515 758 752 814 hostiam
785 759 1054 816 viventem
1069 803 1083 816 .

595 896 616 924 α
655 875 785 930 Cum
826 883 1002 931 autem
1034 874 1315 933 introisset
1336 877 1735 948 Capliarnaum,
1770 877 1998 934 accessit
2044 878 2112 934 ad

516 979 640 1018 eum
675 964 938 1030 centurio,
964 980 1172 1038 rOgans
1197 981 1320 1020 eum
1352 966 1617 1022 etdicens
1653 984 1665 1020 :
1699 967 1951 1034 Domine,
1980 981 2116 1039 puer

521 1067 678 1106 meus
700 1052 846 1121 jacet
877 1053 931 1107 in
963 1053 1125 1109 domo
1151 1053 1494 1126 paralyticus,
1527 1062 1579 1109 et
1608 1055 2056 1130 maletorquetur.
2083 1079 2104 1104 η

517 1135 646 1193 Non
677 1148 764 1194 est
793 1141 1124 1196 contrarium
1185 1142 1329 1214 quod
1387 1142 1561 1198 Lucas
1599 1141 1728 1199 dicit
1761 1160 1774 1197 :
1817 1167 1838 1192 «ι
1876 1142 2016 1198 Misit
2045 1144 2112 1199 ad

513 1242 638 1282 eum
668 1228 912 1283 seniores
931 1228 1167 1297 Iudaeos,
1201 1244 1402 1302 rogans
1433 1231 1595 1299 (Luc.
1632 1233 1708 1299 v),
1747 1254 1769 1278 ι»
1804 1231 1944 1287 sicut
1973 1247 2101 1288 cum

508 1339 614 1397 per
668 1324 901 1381 amicum
950 1325 1224 1381 soleamus
1263 1327 1555 1397 pervenire
1587 1328 1654 1383 ad
1685 1326 1945 1401 aliquem.
1996 1330 2110 1386 Ve-

515 1421 828 1468 rumtamen
864 1429 967 1468 non
992 1414 1340 1489 negligenter
1370 1415 1626 1471 intuenda
1653 1425 1738 1472 est
1764 1418 1925 1473 etiam
1974 1420 2110 1474 Mat-

508 1500 627 1556 thei
658 1499 888 1573 mystica
912 1503 1128 1570 solutio,
1180 1504 1480 1560 secundum
1511 1523 1668 1578 quam
1700 1507 1961 1578 scriptum
2028 1512 2112 1563 est

512 1595 569 1652 in
640 1597 855 1654 Psalmo
893 1616 907 1656 :
947 1623 968 1647 «ι
1012 1600 1265 1656 Accedite
1327 1601 1398 1657 ad
1455 1618 1576 1657 eum
1628 1611 1682 1658 et
1735 1602 2108 1660 illuminamiui

515 1692 701 1762 (Psal.
737 1695 972 1766 χχχιιι).
1019 1719 1036 1744 ιτ
1074 1697 1261 1767 Itaque
1290 1697 1396 1753 fide
1426 1700 1573 1753 venit
1605 1700 2108 1758 centurio.Dicita-

517 1795 644 1834 men
675 1790 857 1852 potest
885 1784 1033 1854 quod
1066 1784 1228 1839 etiam
1261 1801 1499 1857 corpore
1541 1789 1768 1855 venerit,
1801 1797 1851 1843 et
1877 1789 2110 1845 seniori-

519 1876 620 1931 bus
650 1878 851 1933 Judaeis
881 1888 1136 1952 tanquam
1190 1881 1540 1937 familiaribus
1596 1883 1792 1939 Christi
1814 1886 1959 1957 quod
2005 1888 2114 1941 Lu-

518 1980 610 2020 cas
640 1967 868 2038 explicat
915 1969 1147 2024 verbum
1179 1987 1334 2025 suum
1383 1973 1734 2040 commiserit,
1764 1982 1823 2030 ut
1875 1975 2117 2049 quotidie

507 2051 627 2108 fieri
657 2055 793 2110 solet
821 2063 945 2112 ante
975 2064 1251 2128 potentes.
1291 2060 1440 2114 Jacet
1461 2060 1815 2132 paralyticua,
1833 2069 2117 2134 torquetur

512 2151 676 2197 acuta
743 2144 950 2199 scilicet
1005 2147 1287 2215 passione.
1353 2148 1482 2202 Haec
1510 2149 1584 2202 ita
1639 2150 1910 2219 exprimit,
1950 2158 2009 2206 ut
2062 2160 2116 2208 et

508 2231 705 2285 animm
732 2248 844 2286 suae
861 2233 1148 2305 angustias
1176 2233 1396 2302 indicet,
1431 2243 1482 2290 et
1500 2236 1775 2292 Christum
1810 2237 1877 2292 ad
1900 2239 2114 2297 miseri.

513 2319 756 2373 cordiam
789 2323 1321 2378 commoveat.Nunc
1347 2324 1590 2379 dicamus
1621 2327 1965 2382 commisceri
1987 2345 2112 2383 ser-

510 2405 614 2470 vis,
673 2415 735 2460 ut
781 2408 953 2464 Lucas
996 2409 1068 2463 ait
1115 2424 1127 2477 ;
1191 2409 1483 2466 moriturus
1539 2421 1655 2468 erat
1686 2430 1886 2470 servus
1925 2417 1969 2470 si
1999 2431 2110 2472 non

511 2493 729 2549 Domini
761 2495 841 2550 sui
874 2495 978 2552 ﬁde
1000 2505 1053 2552 et
1091 2497 1289 2553 Christi
1319 2496 1517 2570 pietate
1573 2501 1896 2558 redderetur
1950 2503 2099 2563 vitae.

513 2581 603 2638 Sic
627 2580 892 2641 Ezechias
941 2602 1058 2654 rex,
1091 2585 1176 2642 cui
1225 2587 1491 2644 Dominus
1521 2598 1604 2645 ter
1649 2593 1846 2664 quinos
1902 2591 2109 2650 addidit

505 2683 678 2726 annos
691 2714 703 2726 .

583 2791 605 2816 ιι
640 2769 725 2824 Ait
755 2769 831 2826 illi
887 2771 1079 2828 Jesus:
1113 2773 1231 2844 Ego
1288 2775 1523 2842 veniam,
1557 2782 1609 2832 et
1630 2777 1834 2833 curabo
1892 2793 2034 2836 eum.
2078 2803 2099 2829 η

505 2864 590 2920 Ad
620 2868 928 2922 sanandum
990 2869 1161 2944 reguli
1216 2869 1383 2925 lilium
1415 2871 1494 2927 ire
1544 2871 1733 2941 noluit,
1766 2890 1833 2930 ne
1891 2873 2103 2932 divitias

505 2951 810 3011 lionorasse
835 2956 1136 3013 videretur.
1176 2961 1255 3014 Ad
1287 2976 1504 3015 servum
1538 2960 1618 3017 ire
1675 2970 1728 3017 et
1783 2963 1972 3030 sensit,
2032 2981 2102 3020 ne

501 3042 760 3098 servilem
793 3044 1166 3102 conditionem
1208 3048 1480 3119 sprevisse
1510 3055 1816 3120 putaretur.
1883 3051 1990 3107 Sed
2045 3051 2100 3107 in

500 3129 698 3186 itinere
728 3133 896 3188 verbo
928 3149 1048 3190 eum
1104 3113 1332 3202 sanavit,
1356 3153 1425 3191 ne
1458 3113 1738 3209 putaretur
1766 3138 1846 3195 ire
1868 3139 1937 3195 ob
1991 3140 2098 3196 im-
2128 3113 2178 3178 C

500 3220 800 3290 potentiam
831 3230 884 3278 et
913 3239 1022 3278 non
1053 3224 1127 3279 ob
1155 3225 1539 3281 humilitatem.

574 3341 595 3366 ‹ι
633 3318 697 3372 Et
727 3320 1062 3390 respondens
1105 3322 1349 3378 centurio
1371 3323 1443 3377 ait
1476 3338 1488 3378 :
1522 3325 1773 3392 Domine,
1835 3342 1941 3384 non
1975 3344 2095 3384 sum

497 3405 702 3477 dignus
733 3416 790 3462 ut
815 3409 985 3464 intres
1028 3411 1132 3464 sub
1159 3418 1356 3466 tectum
1383 3427 1586 3482 meum,
1611 3419 1704 3469 sed
1748 3422 1955 3470 tantum
2009 3417 2098 3473 dic

495 3493 684 3558 verbo,
710 3502 761 3548 et
794 3498 1075 3550 sanabitur
1104 3511 1242 3568 puer
1269 3513 1448 3554 meus.
1478 3499 1618 3554 Nam
1647 3508 1702 3556 et
1720 3517 1825 3574 ego
1855 3519 1972 3556 sum
1994 3504 2096 3558 sub

498 3586 768 3649 potestate
795 3583 1140 3652 constitutus,
1202 3586 1412 3641 habens
1464 3588 1564 3642 sub
1621 3605 1710 3644 me
1764 3590 1982 3657 milite,
2043 3600 2096 3647 et

499 3668 626 3724 dico
647 3669 774 3726 huic
805 3688 817 3724 :
851 3671 1001 3727 Vade
1039 3682 1092 3728 et
1120 3673 1268 3728 vadit
1298 3690 1312 3742 ;
1346 3683 1399 3729 et
1427 3675 1519 3730 alii
1555 3696 1565 3731 :
1601 3679 1736 3733 Veni
1791 3687 1845 3734 et
1900 3681 2090 3750 venit;

497 3763 550 3812 et
571 3770 733 3814 servo
764 3775 886 3815 meo
920 3777 931 3813 :
962 3762 1072 3817 Fac
1100 3762 1205 3817 hoc
1233 3762 1450 3819 etfacit.
1486 3784 1512 3816 ι
1543 3767 1777 3836 Propter
1801 3767 1926 3823 vita:
1951 3784 2096 3840 gen-

501 3845 612 3901 tilia
643 3848 1032 3904 conscientiam
1063 3850 1340 3906 metuebat
1389 3853 1602 3921 gravari
1646 3855 1970 3911 Dominum.
2011 3857 2095 3912 Vi-

493 3943 573 3997 dit
601 3944 868 4000 Dominus
896 3945 1082 4015 fidem,
1109 3948 1490 4016 humilitatem,
1523 3951 1868 4022 prudentiam
1898 3961 2092 4009 centu-

491 4032 702 4088 rionis:
735 4032 921 4101 ﬁdem,
954 4037 1101 4108 quod
1131 4053 1194 4093 ex
1225 4039 1481 4110 gentibus
1510 4040 1737 4095 credidit
1769 4057 1783 4109 ;
1815 4043 2092 4098 humilita-

494 4137 624 4197 tem,
665 4134 808 4201 quod
841 4149 898 4189 se
922 4134 1188 4203 judicavit
1238 4135 1521 4209 indignum
1548 4138 1704 4208 cujus
1730 4145 1928 4195 tectum
1982 4142 2092 4197 Do-

493 4217 674 4274 minus
703 4221 931 4278 intraret
964 4239 976 4290 ;
1009 4222 1350 4294 prudentiam
1407 4228 1550 4297 quod
1581 4228 1914 4283 divinitatem
1969 4245 2091 4286 cor-

489 4320 625 4374 pore
653 4315 846 4363 tectam
899 4311 1146 4380 agnovit.
1188 4311 1308 4379 Qua
1357 4311 1648 4384 prudentia
1695 4315 1853 4370 etiam
1910 4317 2086 4375 dixit:

488 4392 664 4448 Homo
685 4410 807 4449 sum
836 4406 888 4451 et
914 4398 1068 4454 mitto
1132 4401 1400 4469 homines,
1435 4403 1614 4458 sciens
1645 4405 1932 4460 Dominum
1989 4421 2084 4463 an-

489 4480 646 4550 gelos
677 4484 889 4541 mittere
920 4501 1108 4556 posse.
1147 4488 1597 4560 Undesequitur:

566 4615 587 4641 α
615 4594 855 4651 Audiens
885 4606 1064 4653 autem
1095 4600 1250 4655 Jesus
1285 4601 1506 4658 miratus
1537 4613 1700 4670 est,et
1729 4609 2080 4681 sequentibus

485 4696 545 4736 se
574 4680 706 4736 dixit
740 4699 753 4738 :
787 4689 977 4751 Amen,
1011 4703 1190 4752 amen,
1227 4689 1347 4745 dico
1376 4691 1549 4759 vobis,
1583 4710 1689 4749 non
1712 4680 1892 4754 inveni
1953 4708 2078 4754 tan—

482 4777 596 4825 tam
625 4772 787 4827 iidem
820 4774 875 4828 in
905 4776 1093 4831 Israel.
1118 4801 1140 4825 ιι
1175 4777 1334 4846 Quod
1363 4781 1519 4835 Jesus
1548 4783 1774 4840 miratus
1804 4789 2078 4851 est,nobis

482 4867 791 4925 mirandum
823 4871 1114 4944 significat,
1149 4874 1280 4946 quia
1312 4876 1448 4932 tales
1477 4887 1675 4947 motus,
1710 4896 1832 4937 cum
1864 4883 1934 4939 de
1964 4885 2078 4942 Deo

485 4963 760 5029 dicuntur,
795 4983 901 5023 non
933 4970 1235 5040 perturbati
1273 4972 1436 5027 animi
1466 4974 1625 5046 signa
1655 4985 1797 5044 sunt,
1858 4979 1953 5035 sed
1983 4979 2079 5036 do-

481 5062 662 5117 centis
688 5065 956 5136 magistri.
991 5067 1070 5121 De
1108 5070 1473 5138 praesentibus
1503 5071 1634 5128 dicit
1669 5089 1682 5129 :
1715 5076 1838 5130 Non
1895 5077 2078 5134 inveni

487 5155 688 5237 tantem
718 5151 879 5208 ﬁdem
910 5154 966 5209 in
1019 5155 1206 5223 Israel,
1238 5172 1347 5213 non
1375 5159 1446 5214 de
1472 5161 1798 5231 patriarchia
1836 5174 1892 5220 et
1945 5180 2076 5237 pro-

480 5235 679 5303 phetis,
711 5240 817 5295 nisi
846 5241 988 5298 forte
1019 5245 1072 5297 in
1103 5247 1420 5304 centurione
1452 5249 1594 5306 ﬁdes
1608 5253 1848 5323 gentium
1869 5235 2079 5326 praepo-

481 5336 641 5384 natur
705 5331 927 5389 lsraeli.
992 5338 1364 5398 Praesentibus
1420 5344 1547 5400 ideo
1603 5347 1885 5416 prmfertur
1939 5351 2077 5408 fides

479 5425 836 5493 centurionis,
869 5431 998 5499 quia
1044 5434 1120 5487 illi
1149 5436 1287 5508 legis
1342 5442 1844 5517 prophetarumque
1893 5449 2074 5504 moni-

478 5519 547 5574 tis
577 5521 760 5575 edocti
791 5533 946 5579 erant
974 5545 988 5590 ;
1023 5529 1142 5597 ipse
1169 5539 1350 5588 autem
1381 5537 1597 5595 nemine
1627 5539 1856 5599 docente
1878 5553 2074 5615 sponte

478 5616 708 5673 credidit
719 5657 732 5670 .

557 5745 581 5772 ι
613 5723 750 5780 Dico
777 5730 962 5780 autem
991 5727 1172 5794 vobis,
1205 5733 1349 5800 quod
1370 5735 1522 5792 multi
1544 5740 1616 5794 ab
1644 5741 1870 5801 Oriente
1890 5755 1940 5802 et
1971 5747 2075 5806 0c-

2223 502 2378 556 Isaae
2406 506 2463 558 et
2514 501 2688 559 Iacob
2733 503 2790 558 in
2835 517 3065 576 regnum
3120 502 3402 562 emlomm.
3460 503 3582 559 Filii
3637 513 3814 561 autem

2225 597 2384 669 regni
2414 597 2704 667 ejicientur
2731 599 2785 654 in
2814 601 3068 657 tenebras
3098 600 3392 657 exteriores
3425 617 3439 655 :
3471 599 3544 655 ibi
3573 602 3679 657 erit
3717 603 3815 658 fit.L

2222 690 2310 738 tus
2331 693 2385 741 et
2405 685 2608 742 stridor
2656 688 2918 745 dentium.
2947 713 2968 739 η
3005 689 3126 746 Νοιι
3157 688 3500 745 solummodo
3525 689 3630 745 iste
3685 704 3816 746 cen-

2224 773 2366 829 turio
2393 775 2463 830 de
2491 775 2746 847 gentibus
2775 783 2923 834 recte
2979 778 3149 834 credit
3187 778 3242 832 in
3269 777 3462 843 Deum,
3523 777 3623 833 sed
3667 778 3818 834 multi

2223 869 2454 943 gentiles
2493 873 2669 928 adhuc
2700 872 2921 928 venient
2950 875 3021 929 ad
3049 883 3256 931 rectam
3307 873 3706 930 credulitatem.
3745 875 3820 931 De

2221 957 2532 1015 nationibus
2583 960 2874 1017 credituris
2924 960 3278 1019 dicittmulti
3332 963 3557 1018 venient
3617 966 3674 1019 et
3732 979 3821 1020 re-

2221 1045 2498 1120 quiescant
2535 1048 2773 1106 feliciter
2799 1050 3094 1123 epulaturi.
3135 1050 3299 1107 Filios
3328 1055 3510 1108 autem
3537 1051 3704 1123 regni
3747 1051 3822 1107 di-

2221 1135 2291 1192 cit
2321 1136 2534 1195 Judteos
2562 1137 2614 1192 in
2649 1137 2844 1211 quibus
2873 1148 2997 1196 ante
3034 1139 3282 1212 regnavit
3324 1139 3497 1195 Deus.
3552 1139 3820 1196 Tenebrm

2219 1233 2506 1297 supersunt
2533 1225 2967 1294 interiores,non
2998 1228 3321 1284 exteriores.
3347 1227 3563 1284 Scilicet
3591 1229 3823 1285 exterio-

2217 1329 2306 1369 res
2335 1313 2458 1370 ideo
2486 1313 2643 1370 dictae
2692 1321 2836 1383 sunt,
2895 1317 3169 1389 quomodo
3215 1315 3396 1372 lumen
3450 1316 3674 1390 reliquit
3731 1321 3822 1390 qui

2218 1413 2508 1469 aDomino
2551 1413 2694 1469 foras
2725 1414 3036 1486 expellitur.
3078 1414 3182 1472 Ubi
3230 1415 3362 1471 dicit
3389 1413 3548 1470 ﬂetus
3579 1424 3634 1471 et
3690 1416 3822 1470 stri-

2218 1499 2320 1555 dor
2347 1501 2605 1571 dentium,
2639 1519 2826 1559 veram
2879 1503 3117 1559 ostendit
3147 1502 3632 1571 resurrectionem,
3694 1520 3817 1561 cum

2217 1597 2379 1654 ﬂetus
2409 1599 2477 1654 sit
2507 1598 2803 1666 oculorum,
2837 1607 2890 1656 et
2919 1600 3111 1656 dentes
3141 1609 3192 1656 et
3223 1615 3376 1658 ossa.

2299 1734 2321 1763 ιι
2354 1714 2419 1770 Et
2442 1714 2578 1770 dixit
2605 1716 2762 1770 Jesus
2778 1716 3078 1772 centurioni
3114 1731 3126 1772 :
3162 1716 3331 1783 Vade,
3355 1716 3819 1776 etsicutcredidi-

2224 1802 2290 1856 sti
2308 1801 2400 1856 ﬁat
2415 1803 2537 1858 tibi.
2559 1803 2622 1857 Et
2648 1812 2870 1859 sanatus
2901 1813 2985 1859 est
3013 1820 3150 1875 puer
3175 1805 3230 1859 in
3252 1804 3346 1860 illa
3373 1806 3534 1860 hora.
3580 1828 3602 1853 ιι
3639 1807 3712 1861 Ει
3741 1823 3820 1862 re.

2221 1905 2411 1944 versus
2429 1897 2513 1945 est
2541 1892 2784 1947 centurio
2815 1892 2866 1946 in
2899 1891 3120 1947 domum
3167 1907 3348 1959 suam,
3372 1901 3425 1948 et
3440 1893 3657 1948 invenit
3700 1911 3818 1949 ser-

2221 1994 2350 2036 vum
2378 1979 2474 2050 qui
2501 1978 2786 2054 languerat
2815 1995 3008 2035 sanum
3029 1982 3315 2048 (Luc.vu).
3333 1981 3584 2036 Meritum
3603 1983 3820 2038 Domini

2223 2075 2427 2132 famulo
2457 2074 2802 2147 suffragatur.
2861 2077 3237 2148 Intelligamus
3267 2079 3645 2135 centurionem
3695 2096 3821 2137 cor-

2219 2179 2352 2234 pore
2381 2165 2602 2220 tandem
2632 2166 2950 2237 pervenisse
2979 2167 3048 2220 ad
3064 2167 3374 2233 Dominum,
3407 2177 3601 2224 etcum
3614 2170 3700 2224 his
3733 2173 3822 2243 qui

2220 2258 2372 2314 missi
2403 2259 2618 2316 fuerant
2647 2262 2878 2318 rediisse
2925 2262 3168 2328 domum,
3197 2278 3320 2316 cum
3337 2264 3606 2319 Dominus
3629 2266 3820 2322 dixerit

2220 2347 2304 2402 ei:
2331 2349 2478 2405 Vade
2499 2365 2512 2420 ;
2533 2350 2620 2405 vel
2649 2349 2789 2407 sicut
2818 2367 2918 2422 per
2934 2351 3153 2406 nuntios
3179 2352 3503 2420 accessisse,
3534 2353 3619 2409 sic
3639 2363 3694 2410 et
3723 2372 3820 2427 per

2217 2436 2436 2493 nuntios
2467 2454 2724 2494 reversus
2755 2437 2924 2496 fuisse
2944 2439 3270 2496 attendatur.
3302 2441 3496 2497 Divina
3511 2443 3818 2514 providen-

2216 2525 2290 2580 tia
2347 2525 2518 2582 Judaei
2567 2525 2720 2582 missi
2765 2537 2909 2596 sunt,
2968 2535 3027 2582 ut
3073 2529 3470 2585 inexcusabiles
3509 2529 3730 2598 fierent,
3777 2535 3820 2589 si

2213 2621 2331 2678 viso
2358 2623 2625 2680 miraculo
2655 2631 2708 2680 et
2736 2625 2996 2680 credente
3021 2625 3211 2697 gentili
3228 2626 3347 2681 viro
3373 2642 3483 2682 non
3501 2628 3814 2685 crederent.

2215 2710 2474 2766 Seniores
2502 2727 2603 2784 pro
2634 2713 2951 2768 centurione
2980 2722 3033 2768 et
3063 2714 3236 2768 sancti
3264 2730 3366 2785 pro
3396 2715 3557 2771 nobis
3573 2716 3817 2776 interce—

2212 2796 2344 2853 dunt
2367 2800 2436 2854 ad
2467 2799 2774 2856 dominum.
2823 2800 3018 2856 Milites
3058 2803 3391 2859 centurionis
3436 2814 3672 2875 possunt
3730 2807 3815 2861 in-

2211 2887 2382 2960 telligi
2409 2887 2629 2943 virtutes
2662 2888 2937 2944 naturales
2985 2905 3120 2961 quas
3149 2889 3302 2946 multi
3332 2907 3518 2948 secum
3563 2894 3818 2952 deferunt

2211 2975 2280 3029 ad
2313 2976 2603 3031 Dominum
2625 2979 2930 3033 venientes.
2965 2979 3044 3034 De
3074 2979 3277 3050 quibus
3329 2979 3383 3034 in
3409 2981 3634 3038 laudern
3685 2985 3816 3039 Cor-

2209 3063 2340 3119 nelii
2395 3065 2731 3121 centurionis
2810 3065 3007 3123 dicitur
3069 3067 3162 3140 qui
3197 3091 3218 3116 «
3249 3077 3365 3124 erat
3417 3071 3502 3125 vir
3531 3071 3722 3141 justus
3765 3083 3816 3128 et

2213 3159 2412 3216 timens
2443 3163 2615 3217 Deum
2647 3179 2774 3218 cum
2807 3163 2954 3218 omni
2983 3165 3145 3220 domo
3183 3181 3298 3233 sua,
3331 3165 3539 3223 faciens
3569 3169 3814 3226 eleemo—

2215 3265 2380 3322 synas
2410 3250 2606 3306 multas
2638 3251 2806 3324 plebi,
2837 3261 2888 3308 et
2913 3253 3212 3325 deprecans
3230 3255 3406 3310 Deum
3419 3273 3644 3330 semper
3660 3263 3809 3328 (Act.

2207 3347 2288 3415 x).
2334 3369 2355 3393 υ
2395 3345 2497 3414 Qui
2549 3357 2727 3402 autem
2785 3364 2896 3402 non
2944 3347 3085 3404 bene
3138 3357 3358 3405 utuntur
3403 3351 3530 3421 illis,
3581 3355 3810 3413 minime

2205 3442 2330 3488 sunt
2366 3434 2516 3506 digni
2545 3435 2851 3492 visitatione
2881 3437 3270 3495 Dei.Centurio
3303 3438 3508 3496 electos
3540 3458 3610 3498 ex
3658 3461 3806 3518 gen-

2204 3521 2347 3578 tibus
2376 3525 2631 3593 ostendit,
2689 3526 2780 3598 qui
2837 3525 2991 3598 quasi
3047 3528 3366 3584 centenario
3393 3529 3566 3586 milite
3624 3535 3807 3605 stipati

2202 3609 2458 3667 virtutum
2490 3613 2849 3684 spiritualium
2880 3622 3003 3670 sunt
3056 3615 3391 3687 perfectione
3421 3619 3712 3688 sublimes,
3755 3632 3805 3677 et

2204 3699 2320 3754 sola
2349 3710 2566 3756 aaterna:
2620 3701 2808 3757 salutis
2834 3703 3032 3776 gaudia
3091 3701 3192 3758 sibi
3235 3707 3459 3778 suisque
3493 3709 3800 3780 requirunt.

2200 3793 2473 3851 Numerus
2503 3796 2651 3851 enim
2682 3797 3029 3855 centenarius
3065 3799 3155 3871 qui
3185 3799 3254 3856 de
3283 3799 3422 3856 laeva
3475 3804 3803 3860 transfertur

2206 3885 2276 3938 ad
2305 3885 2585 3940 dexteram
2612 3887 2894 3942 caelestem
2929 3886 3199 3960 signiﬁcat
3251 3890 3617 3948 vitam.Unde
3675 3910 3802 3951 arca

2199 3974 2318 4029 Noe
2339 3981 2557 4030 centum
2587 3975 2752 4030 annis
2801 3975 3060 4033 fabricata
3113 3986 3197 4034 est
3229 3994 3242 4046 ;
3273 3979 3556 4037 Abraham
3604 3989 3800 4040 cente-

2200 4062 2386 4117 narius
2416 4060 2586 4117 tilium
2615 4064 2997 4134 promissionis
3051 4067 3264 4137 accepit
3294 4087 3308 4133 ;
3343 4071 3501 4126 Isaac
3530 4073 3696 4135 sevit.
3747 4082 3802 4128 et

2199 4149 2256 4205 in
2300 4149 2424 4221 ipso
2480 4167 2622 4208 anno
2662 4154 2970 4225 centuplum
3017 4155 3223 4210 invenit
3275 4171 3292 4225 ;
3346 4158 3546 4214 atrium
3605 4162 3798 4218 taberv

2198 4239 2380 4295 naculi
2426 4247 2644 4295 centum
2704 4242 2898 4298 cubitis
2949 4243 3176 4315 longum
3224 4244 3356 4315 fuit;
3387 4246 3444 4301 in
3493 4251 3798 4307 centesimo

2197 4335 2430 4407 psalmo,
2445 4336 2821 4395 misericordia
2840 4347 2894 4396 et
2903 4339 3166 4409 judicium
3179 4349 3461 4399 cantantur
3475 4345 3739 4405 Domino.
3771 4373 3791 4398 ε

2107 4467 2164 4530 D
2201 4493 2518 4566 Quwstiode
2547 4511 2607 4553 eo
2643 4514 2654 4550 :
2688 4500 2736 4553 si
2749 4514 2919 4571 pares
2933 4501 3321 4576 sintpotestas
3340 4505 3510 4562 Deiet
3529 4509 3798 4568 voluntas

2923 4590 3022 4646 Dei
3035 4627 3050 4649 .

2259 4696 2534 4766 Quaeritur
2558 4701 2628 4756 da
2656 4709 2922 4772 potestate
2950 4705 3072 4776 Dei,
3106 4707 3149 4761 si
3180 4708 3358 4778 major
3393 4719 3480 4766 est
3509 4713 3792 4771 voluntate

2187 4787 2335 4855 ejus.
2376 4786 2435 4842 Si
2455 4788 2603 4844 enim
2625 4790 2749 4859 plus
2796 4799 2975 4862 potest
3021 4795 3170 4851 Deus
3188 4812 3351 4867 quam
3382 4800 3519 4867 vult,
3573 4804 3793 4860 videtur

2186 4881 2429 4944 potestas
2456 4875 2576 4944 ejus
2604 4879 2778 4946 major
2835 4896 2998 4951 quam
3021 4882 3274 4940 voluntas
3302 4887 3449 4956 ejus.
3517 4890 3576 4946 Si
3605 4901 3789 4949 autem

2191 4969 2438 5032 potestas
2466 4964 2592 5033 ejus
2621 4966 2797 5035 major
2825 4977 2907 5024 est
2936 4986 3104 5042 quam
3152 4973 3402 5032 voluntas
3431 4977 3578 5046 ejus,
3628 4982 3786 5038 vida-

2186 5058 2272 5106 tur
2297 5051 2356 5106 in
2389 5067 2453 5107 eo
2484 5067 2608 5109 esse
2655 5055 2922 5128 inmquaie
2951 5059 3176 5132 aliquid.
3202 5071 3256 5118 et
3328 5079 3439 5121 non
3483 5074 3636 5124 totus
3683 5069 3787 5124 sibi

2185 5141 2485 5196 convenire
2514 5143 2689 5200 Deus.
2748 5143 3032 5214 Quomodo
3078 5165 3214 5222 ergo
3267 5168 3434 5207 unum
3473 5165 3562 5211 est
3612 5166 3792 5216 totum

2193 5227 2337 5298 quod
2368 5237 2470 5295 est,
2503 5229 2554 5285 si
2583 5233 2761 5302 majus
2797 5242 2850 5290 et
2865 5235 3131 5292 minusibi
3144 5242 3266 5294 est?
3283 5241 3341 5297 Si
3362 5258 3499 5300 vero
3527 5244 3675 5300 idem
3705 5254 3789 5301 est

2184 5315 2261 5368 illi
2289 5323 2344 5370 et
2375 5317 2516 5372 velle
2548 5328 2600 5373 et
2629 5323 3010 5390 posse,eadem
3028 5334 3109 5380 est
3121 5337 3360 5396 potestas
3374 5329 3575 5400 ejus,et
3591 5335 3790 5392 volun-

2183 5410 2268 5457 tas
2299 5403 2710 5473 ejus.Siautem
2728 5409 2868 5464 idem
2899 5412 3312 5481 illiestetposse
3347 5427 3400 5472 ct
3433 5420 3594 5489 velle,
3629 5424 3790 5494 quid~

2187 5491 2316 5560 quid
2341 5491 2454 5547 vult
2483 5501 2684 5564 potest,
2709 5506 2761 5551 et
2793 5498 3049 5571 quidquid
3064 5509 3242 5572 potest
3270 5506 3407 5560 vult.
3450 5508 3573 5563 Vult
3603 5491 3786 5566 autem

2183 5592 2342 5633 omne
2375 5580 2520 5652 quod
2551 5582 2694 5649 fecit,
2721 5585 2847 5657 quia
2875 5595 3066 5644 contra
3088 5591 3433 5648 voluntatem
3461 5596 3600 5652 nihil
3630 5597 3780 5663 facit,

2183 5666 2274 5758 qui
2296 5667 2604 5758 voluntarie
2621 5671 2746 5728 facit
2768 5675 3032 5748 quidquid
3047 5674 3438 5737 facit.Rursum
3456 5698 3618 5741 omne
3631 5688 3780 5758 quod

2181 5753 2304 5810 vult
2319 5754 2461 5824 facit,
2480 5759 2607 5830 quia
2631 5760 2702 5816 ad
2736 5764 2920 5820 omnia
2943 5777 3109 5836 posse
3139 5767 3316 5840 adest,
3342 5782 3469 5827 eum
3499 5753 3782 5830 velle-non
