4062 6074
287 255 391 314 829

1231 259 1809 320 DEFLORATIONES
1850 260 1929 322 SS
1991 263 2288 327 PATRUH.
2317 291 2388 306 --
2424 263 2550 319 LIB.
2594 265 2636 318 Ι.

3477 260 3578 318 830

289 377 456 434 deest.
491 378 548 435 Si
579 395 709 456 ergo
736 381 966 456 amplius
995 397 1101 442 non
1131 391 1304 457 potest
1331 385 1475 442 Deus
1506 385 1682 444 facere
1720 401 1880 462 quam
1909 387 1968 452 Α
1998 387 2116 459 ejus
2173 386 2390 463 respicit
2441 397 2495 445 et
2561 395 2798 460 potestas
2867 389 2998 458 ejus.
3057 387 3146 446 Sic
3200 387 3360 459 igitur
3426 392 3584 458 pote-

289 467 423 536 vult,
452 483 628 540 neque
658 470 887 540 amplius
935 471 1112 532 facere
1152 473 1265 532 vult
1312 490 1473 545 quam
1504 474 1647 545 facit,
1680 484 1887 534 constat

289 556 478 630 procul
507 556 691 627 dubio,
725 559 848 629 quia
877 561 1108 632 amplius
1151 561 1326 620 facere
1356 578 1461 620 non
1492 572 1670 634 potest
1722 581 1882 635 quam

292 648 445 705 facit.
499 650 556 706 Si
600 660 773 722 potest
815 655 957 708 Deus
990 655 1108 726 plus
1151 655 1325 712 faccre
1357 674 1516 726 quam
1549 659 1681 724 vult,
1711 666 1885 730 potest

288 748 477 798 contra
514 741 843 798 voluntatem
892 761 1044 800 suam
1094 744 1290 812 facere,
1334 755 1385 802 et
1432 747 1609 804 facere
1656 747 1800 820 quod
1831 747 1882 801 in

289 829 562 884 voluntate
621 846 729 884 non
787 832 969 900 habet,
1019 840 1067 888 et
1098 842 1176 889 est
1205 842 1436 908 potestas
1468 836 1581 904 ejus
1620 836 1885 893 contraria

289 924 550 980 voluntati
581 925 715 995 ejus.
766 927 917 984 Unde
975 945 1307 1001 consequens
1353 948 1465 988 esse
1492 933 1721 999 videtur,
1759 933 1883 1004 quia

289 1013 424 1068 sicut
455 1029 614 1068 omne
645 1016 788 1088 quod
816 1025 993 1088 potest
1020 1027 1070 1073 et
1102 1019 1230 1085 vult,
1266 1020 1413 1086 facit,
1445 1021 1522 1076 sic
1549 1036 1708 1077 omne
1739 1021 1883 1093 quod

293 1101 418 1157 facit
447 1110 622 1176 potest
669 1111 720 1158 et
767 1105 880 1164 vult
907 1106 1018 1178 sic;
1069 1121 1228 1164 omne
1257 1109 1400 1180 quod
1441 1117 1618 1180 potest
1645 1110 1776 1178 vult,
1807 1109 1885 1167 sic

291 1213 452 1255 omne
499 1199 643 1271 quod
700 1201 811 1262 vult
863 1209 1054 1273 potest.
1107 1203 1214 1261 Sed
1242 1205 1286 1260 si
1317 1206 1418 1262 hoc
1461 1206 1716 1276 recipitur
1741 1206 1883 1276 quod

292 1286 437 1345 Deus
464 1287 570 1344 alio
601 1289 783 1359 modo,
817 1291 902 1347 vel
933 1291 1086 1350 aliter
1130 1292 1263 1348 nihil
1306 1293 1482 1352 facere
1528 1295 1695 1365 possit
1723 1312 1884 1365 quam

293 1374 421 1433 facit
476 1393 542 1432 ex
599 1379 934 1448 necessitate,
991 1388 1242 1453 Operatur
1296 1383 1497 1452 omnia,
1545 1392 1596 1440 et
1638 1383 1890 1457 alligatur

293 1481 451 1543 atque
507 1474 887 1547 constringitur
943 1477 1064 1547 lege
1121 1492 1343 1549 operum
1393 1495 1632 1547 suorum,
1682 1489 1739 1536 ut
1783 1481 1886 1537 do-

292 1563 524 1617 minetur
551 1563 600 1616 ei
629 1564 866 1618 conditio
923 1565 1100 1640 operis
1155 1567 1257 1622 sui.
1321 1568 1428 1624 Sed
1483 1570 1586 1625 hoc
1632 1570 1784 1626 nefas
1811 1586 1889 1636 est

293 1649 552 1704 conﬁteri.
595 1650 880 1725 Quomodo
941 1670 1092 1726 ergo,
1142 1655 1406 1724 inquiunt,
1450 1657 1592 1714 idem
1645 1666 1724 1712 est
1775 1659 1888 1722 Deo

1991 483 2099 532 stas
2118 476 2301 538 divina
2329 486 2574 550 respectu
2631 478 2811 555 aliquo
2868 477 2938 536 ad
2992 476 3100 538 alia
3127 491 3185 532 se
3215 475 3376 534 habet
3420 489 3581 546 quam

1991 571 2257 639 voluntas,
2292 572 2418 643 quia
2441 581 2628 629 contra
2656 573 2985 632 voluntatem
3015 572 3146 629 nihil
3177 572 3362 632 habet.

2064 659 2171 716 Sed
2201 660 2387 717 dicunt
2417 680 2428 718 :
2465 661 2520 717 Si
2552 663 2696 718 Deus
2747 660 2964 732 aliquod
3023 660 3199 718 facere
3239 667 3412 732 potest
3439 656 3582 728 quod

1991 773 2100 814 non
2131 759 2260 828 vult,
2292 759 2495 830 aliquid
2550 759 2726 815 facere
2784 766 2961 829 potest
3015 767 3199 816 contra
3251 759 3579 816 voluntatem

1991 861 2184 916 suam;
2214 847 2258 904 si
2302 856 2478 906 autem
2533 856 2720 906 contra
2774 849 3101 904 voluntatem
3148 847 3349 917 aliquid
3409 847 3585 902 facere

1993 943 2186 1008 potest,
2221 951 2327 994 non
2358 943 2437 990 est
2465 937 2826 1007 omnipotens,
2875 937 2965 1006 qui
3011 937 3130 1008 cogi
3164 943 3336 1007 potest
3363 935 3578 1000 invitus,

1993 1033 2047 1080 et
2074 1023 2194 1080 duci
2217 1024 2286 1082 ad
2314 1024 2367 1079 id
2397 1023 2541 1094 quod
2596 1040 2705 1080 non
2758 1025 2890 1080 vult.
2942 1024 3049 1081 Sed
3104 1025 3281 1080 videte
3310 1022 3580 1094 quomodo

1992 1123 2279 1178 cohaereat.
2311 1119 2468 1189 Quod
2496 1119 2698 1190 dicunt,
2744 1121 2872 1192 quia
2917 1121 2961 1176 si
3003 1121 3148 1176 Deus
3183 1118 3384 1188 aliquid
3414 1125 3585 1189 potest

1993 1208 2139 1280 quod
2170 1210 2348 1266 facere
2374 1225 2481 1266 non
2538 1209 2668 1276 vult,
2718 1226 2848 1281 ergo
2897 1217 3080 1265 contra
3108 1209 3435 1265 voluntatem
3479 1205 3583 1262 ali-

1995 1297 2123 1368 quid
2152 1297 2328 1354 facere
2358 1305 2550 1369 potest.
2584 1297 2782 1353 Contra
2836 1297 3162 1352 voluntatem
3201 1311 3354 1351 suam
3385 1295 3583 1365 quippe

1993 1387 2212 1456 faceret,
2243 1386 2286 1441 si
2319 1385 2520 1444 faceret
2565 1387 2708 1458 quod
2765 1386 2941 1442 facere
2994 1386 3201 1440 nollet:
3251 1399 3361 1440 non
3405 1391 3583 1438 autem

1995 1484 2216 1554 idcirco,
2249 1483 2376 1554 quia
2421 1483 2624 1555 aliquid
2676 1484 2853 1540 facere
2895 1489 3069 1553 potest
3097 1481 3240 1551 quod
3273 1480 3445 1538 facere
3477 1495 3582 1540 non

1997 1573 2128 1640 vult,
2162 1580 2347 1630 contra
2393 1572 2722 1628 voluntatem
2769 1587 2918 1627 suam
2952 1571 3130 1628 facere
3161 1577 3354 1641 potest,
3385 1568 3510 1637 quia
3539 1567 3583 1620 si

1997 1669 2054 1724 id
2083 1669 2283 1725 faceret
2312 1670 2454 1740 quod
2487 1670 2662 1726 facere
2693 1677 2884 1740 potest,
2927 1677 2980 1724 et
3007 1683 3113 1724 non
3152 1669 3282 1735 vult,
3310 1667 3425 1736 jam
3457 1664 3585 1720 illud

290 1745 432 1801 velle
462 1755 514 1801 et
545 1762 722 1820 posse.
753 1749 795 1802 si
827 1749 1005 1819 major
1050 1759 1129 1808 est
1179 1760 1412 1822 potestas
1440 1754 1557 1826 ejus
1593 1771 1753 1825 quam
1783 1772 1885 1815 vo-
1912 1747 1965 1810 Β
1997 1758 2172 1816 facere
2203 1758 2360 1818 vellet
2391 1757 2534 1829 quod
2565 1759 2782 1825 faceret,
2845 1758 2980 1812 sicut
3033 1756 3217 1825 modo,
3253 1755 3378 1824 quia
3409 1753 3584 1810 facere

289 1833 464 1889 luntas
485 1835 514 1888 9
543 1835 729 1890 Videte
759 1837 886 1907 quid
916 1838 1116 1896 dicunt.
1167 1839 1360 1909 Major,
1389 1841 1654 1913 inquiunt,
1686 1861 1882 1900 secun-

287 1924 416 1980 dum
475 1940 571 1978 vos
623 1931 703 1980 est
756 1933 994 1996 potestas
1046 1928 1143 1985 Dei
1200 1945 1361 2002 quam
1419 1931 1668 1988 voluntas
1731 1933 1873 2005 ejus.

288 2018 465 2090 Quare
487 2020 515 2072 ἱ)
543 2020 668 2092 quia
698 2021 873 2076 dicitis
929 2023 1101 2078 Deum
1159 2024 1278 2096 plus
1333 2041 1488 2097 posse
1518 2043 1679 2099 quam
1711 2029 1872 2090 velle.

286 2108 570 2166 Intendite.
605 2109 662 2165 Si
693 2109 890 2165 idcirco
939 2112 1109 2186 major
1135 2112 1298 2170 debet
1327 2115 1429 2170 dici
1461 2123 1693 2186 potestas
1722 2133 1882 2189 quam

288 2196 536 2250 voluntas
565 2196 698 2270 ejus,
753 2197 877 2268 quia
920 2200 1085 2254 multa
1131 2201 1307 2257 facere
1343 2211 1534 2272 potest,
1558 2220 1677 2273 quae
1708 2205 1883 2261 facere

289 2300 401 2340 non
430 2285 543 2338 vult
569 2304 579 2338 :
614 2301 745 2360 ergo
777 2294 828 2341 et
854 2287 1102 2344 voluntas
1131 2289 1308 2359 major
1337 2306 1450 2346 esse
1479 2292 1685 2348 dicatur
1721 2309 1881 2362 quam

288 2379 542 2443 potestas,
585 2374 840 2443 quoniam
872 2376 1038 2430 multa
1061 2392 1180 2445 qum
1204 2376 1378 2432 facere
1409 2387 1582 2450 potest
1611 2395 1716 2434 non
1736 2380 1880 2447 facit,

290 2455 415 2526 quia
444 2455 621 2512 facere
651 2472 758 2511 non
789 2459 928 2526 vult;
987 2460 1028 2513 si
1087 2461 1228 2515 enim
1271 2469 1504 2530 potestas
1551 2463 1726 2532 major
1754 2463 1884 2518 dici-

289 2562 396 2621 tur,
428 2553 553 2623 quia
582 2553 910 2609 voluntatem
961 2557 1303 2626 transcendit,
1348 2567 1399 2612 et
1429 2559 1672 2614 voluntas
1710 2559 1886 2630 major

292 2640 514 2711 dicatur,
550 2643 675 2712 quia
731 2651 1046 2714 potestatem
1095 2646 1437 2718 constringit.
1479 2647 1585 2702 Sed
1626 2648 1762 2702 sicut
1791 2665 1886 2720 po-

292 2744 452 2791 testas
480 2753 586 2792 non
617 2746 932 2808 coarctatur,
983 2739 1036 2793 id
1085 2748 1165 2795 est
1192 2757 1256 2796 eo
1295 2742 1438 2812 quod
1467 2743 1582 2798 sine
1613 2744 1884 2798 voluntate

290 2825 424 2880 nihil
452 2835 721 2894 operatur,
755 2827 827 2882 ita
855 2835 907 2882 et
964 2828 1210 2884 voluntas
1258 2845 1363 2886 non
1420 2838 1700 2901 superatur
1728 2831 1782 2885 in
1818 2848 1883 2886 eo

293 2923 436 2992 quod
464 2939 574 2978 non
603 2924 670 2978 ad
699 2925 882 2979 omnia
912 2943 1032 2996 quae
1062 2927 1115 2981 in
1164 2935 1420 2998 potestate
1451 2937 1572 2982 sunt
1602 2929 1874 2985 dilatatur.

292 3012 417 3066 Tria
441 3020 580 3080 sunt,
614 3011 850 3079 affectus,
885 3023 936 3068 et
991 3014 1229 3083 effectus,
1265 3025 1316 3073 et
1344 3025 1634 3088 respectus.
1676 3018 1883 3073 Volun-

294 3110 375 3156 tas
399 3101 561 3174 igitur
590 3110 642 3156 et
669 3109 903 3172 potestas
933 3103 984 3157 in
1008 3105 1141 3170 Deo,
1162 3104 1355 3160 affectu
1384 3114 1436 3162 et
1465 3105 1657 3160 eﬂ'ectu
1719 3123 1884 3160 unum
1915 3101 1964 3165 C

291 3208 432 3265 sunt,
478 3200 571 3254 sed
627 3209 870 3271 respectu
927 3201 995 3256 ad
1058 3218 1223 3256 unum
1271 3219 1379 3258 non
1428 3211 1568 3258 sunt.
1603 3203 1888 3274 Quomodo

292 3289 412 3344 haec
439 3288 544 3343 duo
573 3289 627 3342 in
659 3289 770 3344 Deo
801 3288 992 3345 affectu
1022 3306 1186 3345 unum
1244 3300 1366 3346 sunt
1393 3292 1422 3345 τ)
1443 3293 1567 3364 quia
1597 3292 1651 3348 in
1683 3294 1888 3347 Christo

293 3393 394 3433 nec
420 3377 668 3434 voluntas
720 3377 833 3432 sine
883 3386 1141 3449 potestate
1194 3387 1291 3446 est,
1351 3396 1450 3434 nec
1507 3389 1739 3454 potestas
1777 3382 1890 3434 sine

294 3476 594 3531 voluntate.
635 3477 874 3532 Potestas
923 3477 1039 3538 sine
1085 3479 1356 3534 voluntate
1387 3488 1548 3549 esset,
1580 3477 1623 3534 si
1654 3480 1888 3551 aliquam

295 3565 518 3620 haberet
544 3565 839 3634 potentiam
872 3583 1032 3636 quam
1090 3568 1288 3623 habere
1343 3568 1527 3623 nollet.
1560 3569 1760 3623 Rursus
1799 3585 1894 3624 vo-

297 3653 472 3708 luntas
525 3654 640 3709 sine
679 3662 940 3726 potestate
995 3663 1152 3724 esset,
1211 3656 1253 3709 si
1312 3656 1601 3726 aliquando
1661 3673 1766 3710 non
1823 3674 1892 3711 ex

299 3749 510 3819 virtute,
541 3751 634 3806 sed
678 3768 744 3806 ex
793 3749 1100 3806 infirmitate
1143 3751 1345 3824 aliquid
1377 3752 1558 3808 vellet.
1599 3752 1736 3820 Quia
1762 3768 1891 3824 ergo

299 3846 352 3892 et
379 3847 612 3908 potestas
641 3840 692 3894 in
723 3840 840 3912 ipso
866 3856 1081 3911 semper
1136 3849 1213 3896 est
1265 3841 1582 3910 voluntaria,
1616 3848 1669 3896 et
1695 3841 1891 3896 volun-

301 3945 380 3992 tas
409 3939 744 4009 potestativa,
804 3939 1057 4008 quoniam
1117 3938 1258 4010 quod
1318 3947 1490 4010 potest
1547 3955 1706 3996 omne
1736 3954 1891 4012 posse

299 4025 432 4092 vult,
463 4035 514 4081 et
544 4027 686 4097 quod
716 4028 827 4081 vult
883 4042 1064 4094 omne,
1099 4043 1164 4082 ex
1196 4034 1457 4101 potestate
1501 4028 1613 4084 vult
1647 4047 1658 4082 :
1695 4026 1892 4082 idcirco

299 4123 354 4177 in
386 4124 591 4179 Christo
623 4141 721 4179 nec
751 4133 984 4197 potestas
1034 4123 1149 4180 sine
1203 4125 1475 4181 voluntate
1531 4133 1627 4192 est,
1663 4141 1760 4180 nec
1791 4140 1892 4180 vo-

299 4212 473 4269 luntas
501 4213 614 4267 sine
642 4221 923 4284 potestate.

373 4319 631 4376 Similiter
661 4321 714 4374 in
745 4319 936 4378 effectu
982 4337 1080 4378 nec
1118 4321 1365 4376 voluntas
1395 4336 1426 4375 a
1455 4327 1743 4392 potestate,
1795 4336 1894 4375 nec

1993 1869 2102 1913 non
2131 1855 2263 1920 vult,
2295 1869 2404 1911 non
2433 1854 2581 1922 facit,
2641 1855 2783 1924 quod
2845 1862 3024 1910 tamen
3079 1854 3255 1910 facere
3298 1859 3497 1924 posset,
3541 1850 3583 1907 si

1991 1943 2171 1998 vellet.
2225 1942 2313 1997 Sic
2371 1942 2704 2013 prazscientia
2761 1950 2813 1996 et
2868 1940 3260 2012 praedestinatio
3292 1941 3347 1994 in
3377 1940 3510 2005 Deo,
3542 1937 3586 1992 si

1991 2031 2283 2088 secundum
2341 2038 2642 2103 respectum
2678 2030 3099 2098 considerantur,
3157 2028 3485 2084 dissimiliter
3529 2043 3584 2079 se

1991 2127 2211 2195 habent,
2245 2143 2366 2184 cum
2397 2135 2576 2184 tamen
2601 2128 2657 2182 in
2685 2128 2799 2183 Deo
2847 2142 3015 2182 unum
3061 2126 3193 2181 sint.
3249 2123 3586 2182 Praescientia

1992 2217 2136 2272 enim
2168 2225 2220 2270 et
2249 2217 2318 2273 ad
2349 2216 2491 2272 mala
2518 2224 2571 2270 et
2599 2215 2666 2274 ad
2705 2217 2848 2272 bona
2900 2233 2956 2272 se
3015 2215 3194 2278 habet,
3243 2213 3587 2285 praedestina-

1995 2305 2067 2362 tio
2096 2304 2165 2360 ad
2185 2305 2329 2362 bona
2359 2312 2583 2360 tantum.
2617 2304 2813 2360 Omnia
2853 2305 3052 2374 quippe
3095 2304 3268 2358 futura
3299 2302 3582 2372 praescivit,

1991 2402 2191 2458 electos
2247 2409 2426 2458 autem
2475 2409 2679 2458 tantum
2751 2401 3166 2473 prmdestinavit.
3227 2399 3484 2456 Similiter
3534 2405 3588 2452 et

1995 2491 2394 2562 praedestinatio
2425 2491 2638 2560 quando
2694 2506 2795 2560 pro
2850 2489 3200 2561 dispositione
3227 2487 3502 2558 accipitur,
3531 2487 3585 2542 in

1991 2589 2236 2652 respectu
2289 2589 2469 2636 tamen
2547 2580 2898 2648 praescientiae
2936 2578 3202 2648 pariﬁcari
3258 2593 3366 2634 non
3414 2583 3590 2645 potest

1994 2677 2121 2746 quia
2150 2675 2486 2747 praescientia
2515 2674 2612 2730 Dei
2643 2683 2694 2729 et
2723 2675 2791 2730 ad
2821 2691 2884 2731 ea
2939 2691 3060 2744 quae
3089 2674 3324 2730 facturus
3361 2679 3438 2728 est
3468 2686 3588 2741 per-

1995 2765 2128 2820 tinet
2154 2772 2205 2820 et
2243 2779 2363 2835 quae
2417 2763 2792 2833 permissurus,
2850 2761 3248 2832 prmdcstinalio
3303 2767 3479 2816 autem
3519 2757 3586 2812 ad

1995 2868 2198 2923 eaquae
2227 2853 2462 2910 facturus
2491 2859 2571 2906 est
2609 2858 2833 2908 tantum.
2866 2850 3182 2906 Ambrosius
3227 2849 3370 2906 enim
3417 2847 3581 2902 dicit:

2000 2973 2022 3001 υ
2067 2949 2469 3006 Pmdestinavit
2497 2949 2640 3004 Deus
2668 2948 2955 3019 impiorum
2999 2947 3324 3017 gehennam,
3356 2943 3451 3000 sed
3478 2959 3588 3000 non

1994 3037 2697 3110 praedestinavitimpiorum
2715 3036 2950 3104 culpam.
2979 3057 2997 3082 υ
3026 3033 3182 3103 Quod
3199 3034 3340 3088 enim
3358 3034 3591 3090 facturus

1996 3127 2096 3186 fuit
2125 3126 2542 3198 praedestinavit,
2593 3124 2735 3194 quod
2792 3131 2970 3180 autem
3030 3124 3264 3178 facturus
3319 3137 3429 3177 non
3472 3121 3587 3188 fuit,

1995 3217 2090 3275 sed
2147 3216 2524 3286 permissurus,
2572 3229 2681 3276 non
2734 3212 3158 3286 praedestinavit,
3217 3210 3310 3267 sed
3360 3210 3586 3282 prusui-

1996 3312 2092 3370 vit.

2168 3415 2544 3472 EXPOSITIO
2584 3416 2677 3470 DE
2712 3414 2960 3470 EODEM
2998 3413 3418 3470 EVANGELIO.

2073 3547 2094 3573 «ι
2130 3524 2270 3578 Cum
2301 3522 2662 3578 descendisset
2716 3523 2867 3576 Jesus
2893 3521 2962 3578 de
2992 3528 3194 3585 monte,
3226 3527 3423 3574 secutae
3468 3528 3591 3574 sunt

1997 3629 2120 3669 eum
2153 3612 2320 3667 turbae
2349 3611 2550 3678 multa),
2584 3617 2685 3665 etc.
2719 3609 2940 3681 (Matth.
2973 3613 3121 3679 vm).
3161 3632 3182 3657 κ
3217 3608 3356 3677 Quia
3401 3609 3589 3678 voluit,

2000 3710 2189 3764 fratres
2233 3707 2549 3773 charissimi,
2617 3707 2856 3761 Christus
2925 3705 3064 3759 inter
3129 3705 3375 3760 homines
3429 3705 3590 3759 habi-

1999 3806 2130 3864 tare,
2163 3805 2214 3852 et
2255 3796 2527 3852 miraculis
2576 3795 2868 3866 potentiam
2919 3811 3031 3848 eme
3077 3793 3370 3848 divinitatis
3407 3801 3590 3847 osten-

1999 3886 2125 3940 dere
2180 3886 2237 3938 in
2283 3885 2436 3940 factis
2481 3884 2591 3938 suis
2662 3893 2899 3938 nostram
2948 3883 3315 3937 credulitatem
3359 3881 3594 3952 mysticis

1999 3975 2327 4030 informavit.
2383 3974 2571 4029 Paucis
2641 3971 2916 4042 discipulis
2972 3973 3027 4025 in
3081 3979 3266 4025 monte
3331 3971 3592 4024 Dominus

1998 4075 2384 4144 praedicaverat
2422 4089 2522 4127 nec
2577 4079 2699 4125 tunc
2757 4071 2926 4124 turbae
2957 4069 3023 4124 ad
3053 4085 3173 4123 eum
3207 4067 3581 4122 ascenderant.

2001 4161 2284 4217 Descendit
2312 4161 2575 4214 Dominus
2633 4158 2700 4213 de
2760 4166 2962 4224 monte,
2993 4165 3044 4211 et
3070 4164 3266 4210 secutae
3319 4161 3439 4208 sunt
3468 4170 3589 4208 eum

2000 4259 2170 4312 turba:
2195 4257 2400 4311 multas.
2448 4279 2468 4303 «
2505 4255 2570 4308 Et
2607 4269 2730 4309 ecce
2772 4253 3014 4322 leprosus
3060 4252 3284 4306 veniens
3332 4249 3593 4305 adorabat

2000 4363 2123 4400 eum
2155 4346 2338 4399 dicens
2374 4360 2386 4410 ;
2439 4342 2687 4408 Domine,
2719 4341 2762 4395 si
2800 4341 2899 4404 vis,
2931 4349 3086 4410 potes
3129 4357 3216 4394 me
3247 4338 3525 4394 mundare.
3565 4361 3586 4385 »

302 4424 534 4490 potestas
560 4433 592 4474 a
619 4418 891 4474 voluntate
923 4419 1187 4474 ullatenus
1221 4417 1456 4486 separari
1488 4425 1680 4488 potest.
1715 4416 1888 4486 Quid-

2002 4434 2050 4490 Ο
2079 4442 2277 4504 quanta
2307 4431 2438 4485 fides
2484 4431 2725 4502 leprosi?
2776 4429 3027 4484 Audierat
3075 4429 3316 4498 leprosus
3342 4428 3442 4482 iste
3469 4427 3596 4496 quia

303 4505 430 4578 quid
461 4505 604 4562 enim
652 4507 796 4560 Deus
844 4506 1142 4564 voluntarie
1191 4506 1338 4573 facit,
1373 4505 1499 4562 facit
1527 4513 1579 4562 et
1606 4513 1886 4576 potestate.

307 4594 371 4648 Et
397 4609 604 4648 rursum
640 4613 651 4648 :
686 4593 945 4670 quidquid
976 4594 1102 4650 facit
1130 4602 1410 4666 potestate,
1446 4594 1572 4649 facit
1602 4602 1653 4650 et
1709 4595 1896 4652 volun-

305 4698 430 4759 tate,
465 4691 590 4764 quia
620 4692 803 4749 omnia
832 4707 952 4764 quaa
984 4692 1111 4748 facit
1136 4701 1189 4747 et
1233 4693 1524 4760 voluntate,
1557 4701 1607 4747 et
1635 4699 1895 4763 potestate

307 4779 454 4836 facit.
487 4780 634 4853 Ergo
663 4781 719 4836 in
765 4781 914 4836 omni
952 4796 1115 4850 opere
1171 4795 1268 4836 suo
1313 4781 1457 4835 Deus
1484 4787 1536 4834 et
1566 4781 1895 4836 voluntatem

306 4876 358 4925 et
383 4875 702 4939 potestatem
723 4877 954 4935 exercet,
999 4884 1099 4923 nec
1138 4885 1195 4924 se
1231 4869 1475 4926 dividunt
1502 4869 1555 4925 in
1585 4884 1746 4940 opere
1777 4885 1897 4940 qua“:

305 4965 476 5021 dividi
504 4981 612 5022 non
640 4973 863 5033 possunt
917 4965 972 5021 in
1028 4973 1302 5037 operante.
1351 4965 1441 5020 Sic
1495 4981 1625 5035 ergo
1666 4974 1897 5036 potestas

305 5063 404 5122 Dei
433 5070 486 5119 et
511 5063 758 5121 voluntas
813 5071 865 5120 et
918 5062 1108 5119 aﬂ'ectu
1164 5063 1220 5118 in
1275 5063 1413 5134 ipso,
1473 5071 1525 5119 et
1581 5061 1771 5118 effectu
1802 5079 1898 5134 per

305 5151 482 5221 ipsum
541 5151 771 5208 indivisa
828 5159 1172 5224 perseverant
1214 5159 1462 5224 respectu
1515 5159 1666 5207 extra
1720 5152 1893 5222 ipsum

302 5248 631 5306 dissimiliter
659 5266 715 5304 se
745 5249 1128 5308 demonstrant.
1153 5250 1292 5319 Quia
1311 5249 1455 5306 enim
1479 5250 1621 5304 Deus
1638 5249 1897 5306 veraciter

302 5362 412 5403 non
466 5363 626 5404 omne
683 5346 827 5415 quod
885 5355 1058 5418 potest
1114 5349 1251 5404 velle
1298 5347 1507 5409 dicitur,
1560 5347 1684 5416 quia
1728 5349 1894 5402 multa

304 5435 483 5491 facere
515 5443 688 5507 potest
715 5452 834 5506 quae
866 5436 1041 5492 facere
1072 5451 1179 5492 non
1209 5436 1324 5493 vult
1363 5454 1376 5500 ;
1437 5437 1567 5491 nihil
1598 5444 1774 5492 autem
1807 5435 1893 5491 fa-

303 5549 425 5590 cere
457 5535 565 5590 vult
596 5535 739 5606 quod
770 5534 947 5590 facere
994 5550 1103 5589 non
1147 5542 1320 5605 potest
1351 5551 1362 5585 :
1399 5533 1520 5587 ideo
1548 5532 1618 5588 ad
1647 5532 1894 5602 quaedam

305 5623 526 5694 respicit
553 5631 786 5696 potestas
833 5623 950 5693 ejus
997 5623 1066 5680 ad
1121 5639 1242 5694 quae
1272 5638 1378 5680 non
1407 5621 1620 5695 respicit
1649 5621 1896 5678 voluntas

309 5721 462 5796 ejus;
516 5720 583 5777 ad
639 5722 824 5780 omnia
877 5728 1054 5780 autem
1110 5721 1179 5782 ad
1235 5736 1354 5791 quae
1408 5719 1624 5790 respicit
1651 5718 1897 5777 voluntas

2003 4533 2070 4587 de
2102 4533 2214 4586 Deo
2245 4531 2497 4598 scriptum
2529 4535 2678 4583 erat:
2719 4551 2740 4575 οι
2784 4526 2982 4582 Omnia
3028 4542 3358 4596 quaecunque
3403 4525 3592 4590 voluit,

2004 4621 2266 4676 Dominus
2321 4619 2446 4672 fecit
2498 4618 2670 4684 (Psat.
2721 4619 2963 4682 cxxxtv).
3003 4637 3024 4662 η
3076 4615 3328 4670 Audierat
3377 4614 3594 4683 quidem

2004 4710 2129 4779 quia
2160 4724 2256 4779 per
2301 4709 2532 4761 Eliseum
2563 4707 2808 4760 Naaman
2839 4705 3134 4775 principem
3166 4703 3352 4774 Syriae,
3386 4703 3439 4754 in
3468 4703 3591 4755 Jor-

2004 4807 2143 4862 dane
2175 4807 2414 4872 tinctum,
2470 4821 2500 4858 a
2558 4805 2706 4874 lepra
2743 4803 3022 4858 mundavit
3077 4803 3356 4866 Dominus,
3389 4807 3442 4853 et
3470 4799 3595 4868 quia

2005 4895 2268 4950 Dominus
2293 4893 2474 4948 omnia
2507 4891 2631 4947 fecit
2657 4891 2772 4945 sola
2825 4892 3118 4955 voluntate,
3167 4890 3243 4944 ait
3289 4889 3374 4942 ei:
3423 4910 3446 4935 κ
3478 4888 3592 4940 Do-

2005 4985 2168 5048 mine,
2219 4983 2262 5036 si
2309 4982 2393 5036 vis
2435 4988 2588 5049 potes
2625 4995 2713 5034 me
2769 4979 3049 5032 mundare.
3088 5001 3110 5024 ιι
3147 4979 3268 5032 Non
3295 4976 3513 5045 quidem
3544 4982 3594 5028 te

2003 5079 2285 5150 oportebat
2307 5077 2518 5146 jubere,
2550 5077 2644 5131 sed
2672 5075 2828 5138 velle,
2863 5075 2988 5144 quia
3015 5080 3066 5128 et
3095 5074 3421 5128 voluntatem
3449 5079 3592 5126 tuam

2003 5168 2240 5238 sequitur
2269 5173 2518 5237 potestas.
2553 5166 2697 5235 Ergo
2724 5188 2744 5211 «
2781 5164 2823 5220 si
2853 5164 2934 5218 vis
2954 5171 3106 5231 potes
3134 5177 3221 5218 me
3249 5160 3528 5218 mundare.
3566 5183 3586 5207 ιι

2004 5257 2204 5314 Videas
2257 5255 2433 5325 itaque
2489 5253 2750 5310 Dominus
2807 5251 3050 5310 vocantis
3100 5249 3283 5314 fidem,
3313 5257 3368 5306 et
3396 5249 3594 5306 volun-

2006 5363 2166 5415 tatem
2196 5353 2534 5423 deprecantis
2586 5352 2694 5406 ait:
2743 5352 2881 5408 Cum
2936 5365 3069 5420 ergo
3097 5357 3248 5420 petas
3283 5364 3461 5406 meam
3491 5361 3594 5403 vo-

2005 5444 2261 5500 luntatem
2294 5449 2345 5499 et
2373 5457 2494 5496 ores
2524 5456 2665 5505 eam,
2699 5439 2844 5503 volo,
2873 5437 3061 5507 jubeo,
3092 5453 3313 5494 manum
3340 5437 3586 5506 impono.

2005 5533 2137 5586 Cum
2167 5531 2239 5586 ait
2263 5549 2274 5584 :
2302 5529 2457 5596 Volo,
2479 5545 2534 5584 se
2557 5528 2692 5584 velle
2714 5526 2979 5594 ostendit;
3011 5541 3134 5580 cum
3166 5525 3238 5581 ait
3272 5544 3282 5579 :
3319 5525 3592 5592 Mundam,

2004 5627 2274 5700 praecipit.
2311 5628 2446 5684 Cum
2501 5622 2865 5698 legiturquod
2911 5622 3208 5682 extendens
3254 5637 3494 5687 manum,
3525 5628 3595 5676 te-

2004 5718 2125 5791 tigit
2152 5732 2295 5790 eum,
2327 5713 2558 5778 ostendit
2585 5713 2711 5788 quia
2752 5728 2974 5773 manum
3013 5710 3282 5784 apposuit.
3332 5708 3438 5767 Sed
3468 5721 3596 5780 qua-
