4010 6074
451 216 549 270 831

1578 210 1920 270 WERNERI
1955 211 2241 270 ABBATIS
2275 211 2335 270 S.
2374 212 2597 271 BLASII

3638 211 3753 268 832
3808 192 3813 193 ⁷

452 354 512 395 re
535 338 709 411 tetigit
734 338 1026 410 leprosum,
1065 354 1187 395 cum
1236 338 1544 395 immundus
1571 346 1727 409 esset,
1757 354 1882 395 cum
1925 338 2039 394 sola
2065 337 2123 399 A
2152 337 2233 392 sui
2263 338 2354 409 qui
2377 338 2525 409 jacet
2551 340 2701 410 quasi
2744 339 3082 413 paralyticus,
3140 347 3194 396 et
3248 339 3389 396 male
3447 347 3748 412 torquetur,

452 435 726 492 voluntate
779 436 1039 492 mundare
1094 446 1290 509 posset.
1339 437 1519 494 Voluit
1544 437 1688 492 enim
1731 436 2040 506 superbiam

451 530 688 580 nostram
735 525 1034 591 ostendere,
1081 533 1136 580 et
1176 525 1491 581 obtundere.
1532 525 1660 581 Ideo
1688 540 1796 581 non
1836 525 2039 580 abhor-

450 612 558 668 ruit
583 628 800 669 carnem
855 614 1073 685 leprosi,
1129 621 1189 669 ut
1241 614 1536 686 prodesset,
1586 620 1829 670 tractare.
1862 612 2041 682 Quili-

452 711 544 766 bet
572 712 717 767 enim
746 711 912 782 dives,
941 712 1196 783 qualibet
1220 712 1472 785 superbia
1500 712 1769 768 inﬁrmum
1798 719 1852 767 et
1877 711 2042 783 turpi-

454 799 694 855 tudinem
724 801 990 857 horrenda
1030 818 1142 857 suae
1195 801 1556 873 corruptionis
1612 800 1863 857 abhorret
1916 806 2042 856 tan-

447 904 598 962 gere,
620 888 941 962 dedignatur
965 889 1167 960 videre,
1198 906 1297 947 nec
1325 891 1439 946 vult
1481 905 1577 962 per
1604 888 2035 945 commiseratio-

449 1001 575 1041 nem
603 987 880 1042 accedere.
918 986 1025 1043 Sed
1053 987 1194 1043 hunc
1214 988 1475 1043 Dominus
1512 995 1566 1042 et
1610 986 1752 1042 facto
1791 993 1843 1041 et
1869 985 2040 1058 digito

450 1072 723 1147 objurgat.
758 1075 893 1130 Ecce
923 1084 1130 1130 creator
1154 1076 1303 1143 cmli,
1334 1092 1432 1132 rex
1459 1075 1775 1148 angelorum
1811 1074 2039 1129 descen-

448 1163 528 1217 dit
556 1163 610 1217 in
638 1165 919 1231 mundum,
960 1172 1021 1218 ut
1047 1171 1292 1237 tangeret
1324 1165 1614 1236 leprosum.
1639 1167 1716 1219 Ac
1734 1163 1778 1218 si
1799 1163 2034 1219 diceret:

452 1252 591 1308 Ecce
621 1258 839 1324 tangere
866 1252 990 1307 veni
1031 1269 1155 1307 eum
1205 1268 1301 1324 per
1340 1252 1717 1317 humilitatem,
1767 1251 1859 1320 qui
1886 1250 2041 1305 vobis

451 1347 632 1403 sordet
657 1363 755 1418 per
779 1347 1083 1417 superbiam
1108 1366 1123 1414 ;
1155 1363 1263 1403 non
1312 1347 1386 1402 eit
1410 1347 1516 1402 vile
1557 1361 1711 1402 servo
1742 1344 1886 1416 quod
1915 1344 2042 1399 facit

452 1435 763 1507 imperator.
793 1435 880 1491 Ait
906 1436 1050 1490 enim
1080 1437 1374 1491 Salomon:
1435 1434 1539 1504 Qui
1593 1434 1821 1505 despicit
1847 1449 2042 1504 paupe-

454 1539 591 1591 rem,
624 1524 914 1595 exprobrat
940 1523 1127 1580 factori
1183 1523 1319 1594 ejus,
1374 1523 1501 1594 quia
1545 1523 1659 1595 ipse
1690 1522 1816 1577 fecit
1840 1537 1958 1590 nos,
1990 1529 2043 1577 et

456 1636 562 1676 non
597 1620 699 1691 ipsi
726 1636 860 1677 nos:
895 1621 981 1677 hic
1009 1621 1098 1677 tali
1118 1622 1360 1693 increpat
1378 1621 1538 1678 facto.
1570 1620 1723 1677 Dicto
1744 1618 2044 1691 increpabit

2148 431 2206 477 ut
2233 439 2345 478 suae
2369 423 2566 479 anima:
2607 426 2882 497 angustias
2925 425 3336 494 demonstraret,
3367 431 3421 478 et
3448 424 3750 479 Dominum

2148 512 2544 570 commovisset.
2582 536 2604 562 «
2639 514 2794 582 Puer,
2846 514 3037 587 inquit,
3068 514 3217 586 jacet
3243 514 3301 569 in
3327 513 3496 569 domo
3517 513 3748 583 (Matth.

2149 609 2290 681 vm).
2326 632 2347 659 η

2220 697 2278 753 Si
2308 698 2501 769 aliquis
2529 710 2733 770 quaerat
2760 712 2925 772 quare
2973 704 3116 758 hunc
3159 718 3270 757 non
3297 701 3577 767 attulisset,
3610 700 3753 754 sicut

2147 785 2225 841 illi
2245 787 2335 841 alii
2367 787 2456 857 qui
2495 790 2814 860 paralyticos
2852 791 2906 845 in
2931 792 3069 847 lecto
3108 790 3409 859 attulerant,
3438 788 3752 858 respondeo

2156 883 2282 954 quia
2307 900 2413 939 non
2445 894 2524 941 est
2560 902 2696 956 opus
2741 886 2893 942 illum
2945 889 3128 943 omnia
3180 887 3384 943 videnti
3427 886 3482 940 in
3511 902 3751 957 conspe-

2145 978 2289 1026 ctum
2327 972 2536 1043 aﬁ'erre,
2594 976 2750 1045 cujus
2804 976 3042 1048 potentia
3086 975 3286 1047 ubique
3342 990 3582 1047 praesens
3630 982 3742 1028 est.

2145 1059 2332 1129 Itaque
2352 1061 2573 1117 mandat
2599 1063 2647 1117 ei
2678 1082 2691 1118 :
2726 1086 2747 1111 «ε
2783 1064 2922 1118 Puer
2943 1062 3090 1133 jacet
3124 1064 3180 1117 in
3216 1063 3402 1128 domo,
3438 1084 3460 1110 υ
3496 1078 3561 1117 ac
3588 1060 3752 1116 sidi-

2145 1156 2290 1203 ceret
2320 1167 2332 1203 :
2365 1150 2488 1204 Non
2516 1158 2597 1205 est
2623 1166 2760 1223 opus
2786 1157 2844 1206 ut
2871 1159 2995 1207 ante
3026 1159 3074 1207 te
3104 1151 3322 1206 feratur.
3346 1150 3454 1206 Cur
3473 1165 3606 1222 ergo
3625 1150 3753 1204 Do—

2144 1235 2323 1291 minus
2350 1238 2423 1293 ait
2447 1257 2459 1293 :
2499 1262 2522 1287 α
2545 1239 2668 1311 Ego
2699 1240 2913 1296 veniam
2944 1248 2996 1297 et
3024 1240 3223 1295 curabo
3244 1256 3367 1295 eum
3393 1240 3599 1309 (ibid.),
3618 1255 3751 1293 cum

2145 1347 2253 1388 non
2274 1341 2419 1405 petat
2446 1335 2734 1392 adventum
2755 1336 2873 1405 ejus
2889 1338 2918 1391 ?
2934 1336 3171 1409 Regulus
3190 1336 3407 1406 quidam
3428 1335 3587 1405 cujus
3604 1333 3753 1388 ﬁlius

2145 1420 2514 1478 inﬁrmabatur
2571 1426 2968 1494 Capharnaum,
3025 1424 3238 1498 rogavit
3273 1441 3399 1478 eum
3436 1430 3495 1478 ut
3521 1424 3752 1478 descen-

2144 1518 2313 1586 deret,
2337 1527 2390 1574 et
2404 1519 2795 1576 sanaretﬁlium
2816 1521 2951 1591 ejus.
2968 1522 3065 1577 Cui
3085 1522 3160 1577 ait
3177 1521 3345 1576 Jesus:
3367 1519 3537 1588 Vade,
3593 1518 3741 1574 ﬁlius

2145 1613 2267 1662 tuus
2294 1608 2427 1663 vivit
2456 1609 2639 1680 (Ιοαη.
2690 1611 2789 1679 tv).
2841 1608 3234 1680 [GRBGOBIUS.]
3265 1608 3350 1664 Ad
3390 1625 3607 1664 servum
3636 1624 3753 1663 non

452 1709 732 1779 superbos,
764 1726 885 1766 cum
942 1709 1099 1766 dicit:
1136 1734 1159 1759 «ι
1219 1692 1466 1765 Inﬁrmus
1495 1710 1572 1764 fui
1605 1728 1617 1765 :
1667 1716 1719 1764 et
1764 1724 1875 1764 non
1901 1707 2038 1764 visi-
2063 1692 2117 1754 Β
2147 1704 2376 1775 petentis
2420 1705 2604 1761 venire
2657 1706 2845 1773 voluit,
2892 1714 2945 1761 et
2989 1705 3059 1763 ad
3113 1706 3282 1761 ﬁlium
3337 1705 3486 1778 regis
3530 1721 3758 1777 persua-

457 1799 578 1853 tasti
606 1814 693 1854 me
714 1798 934 1871 (Matth.
966 1800 1126 1870 xxv).
1169 1822 1191 1849 ι)
1225 1830 1297 1841 -
1330 1821 1353 1849 «ι
1388 1800 1454 1855 Et
1471 1797 1755 1855 confestim
1785 1794 2043 1851 mundata

455 1903 534 1951 est
560 1896 711 1968 lepra
733 1896 865 1967 ejus.
902 1918 923 1946 ι)

528 1984 675 2040 Fecit
725 1994 778 2041 et
823 1985 968 2041 aliud
1019 1985 1337 2041 miraculum
1392 1985 1448 2039 in
1487 1984 1679 2041 eodem
1720 1981 2043 2055 Evangelia,

456 2072 548 2128 ubi
577 2073 793 2146 signum
846 2082 928 2129 est
974 2090 1191 2147 magna:
1244 2073 1578 2130 humilitatis.
1622 2072 1780 2129 Venit
1824 2070 1893 2126 ad
1920 2085 2045 2125 eum

458 2170 697 2226 centurio
724 2171 977 2227 continuo
1000 2179 1121 2241 post
1166 2171 1363 2241 leprosi
1399 2169 1823 2237 mundationem,
1863 2175 1915 2223 et
1950 2181 2045 2222 ro-

460 2254 612 2326 gavit
636 2270 780 2320 cum,
812 2254 1032 2311 dicens:
1071 2279 1093 2305 «
1140 2254 1390 2324 Domine,
1421 2269 1557 2324 puer
1595 2269 1748 2307 meus
1768 2252 1915 2322 jacet
1940 2266 2046 2321 pa-

459 2350 711 2422 ralyticus
761 2352 817 2406 in
871 2351 1055 2421 domo,
1101 2359 1154 2408 et
1198 2352 1342 2407 male
1390 2359 1681 2421 torquetur.
1730 2351 1799 2404 Et
1836 2349 1911 2405 ait
1972 2348 2049 2403 illi

461 2439 648 2495 Jesus:
684 2440 802 2512 Ego
830 2441 1065 2508 veniam,
1096 2448 1150 2495 et
1176 2440 1375 2496 curabo
1431 2455 1575 2494 eum.
1628 2440 1693 2493 Et
1718 2437 2048 2509 respondens

460 2529 721 2597 centurio,
751 2530 858 2585 ait:
890 2529 1143 2596 Domine,
1174 2544 1282 2585 non
1313 2544 1436 2584 sum
1463 2528 1659 2601 dignus
1683 2535 1742 2583 ut
1766 2526 1930 2582 intres
1948 2526 2047 2580 sub

461 2624 657 2672 tectum
686 2633 887 2684 meum,
947 2617 1042 2673 sed
1097 2625 1301 2673 tantum
1356 2616 1444 2672 dic
1470 2616 1657 2685 verbo,
1690 2624 1743 2671 et
1777 2614 2052 2670 sanabitur

459 2728 597 2783 puer
620 2730 773 2769 mens
799 2714 1019 2785 (Matth.
1050 2716 1196 2786 vn)).
1232 2737 1254 2764 υ
1290 2713 1517 2770 Gentilis
1534 2722 1649 2769 erat
1675 2711 1914 2768 centurio
1930 2711 2048 2779 iste,

459 2809 514 2858 et
532 2802 728 2858 multos
754 2803 950 2858 milites
975 2803 1075 2859 sub
1101 2810 1363 2874 potestate
1390 2802 1597 2859 habuit.
1625 2801 1840 2857 Nullam
1871 2800 2049 2872 legem

461 2899 715 2967 habebat,
756 2916 876 2970 quae
923 2901 972 2955 ei
1013 2900 1299 2956 condolere
1350 2898 1599 2972 proximo
1631 2897 1964 2971 praeciperet,
1998 2904 2053 2952 et

456 2995 638 3043 tamen
678 2988 866 3058 dolet;
907 3004 1018 3044 non
1061 2990 1129 3044 de
1183 2989 1315 3057 tilio,
1375 3004 1483 3044 non
1525 2987 1594 3043 de
1622 2987 1812 3054 milite,
1847 2984 1944 3041 sed
1979 2984 2047 3040 de

461 3037 638 3043 π----
682 3037 821 3044 _-_--
853 3037 866 3058 ,
909 3037 1018 3044 _-_
1065 3037 1127 3044 η
1376 3037 1483 3044 _--_
1530 3037 1591 3043 ν-
1989 3037 2042 3040 κ-

457 3088 634 3128 servo.
666 3073 949 3129 Christiani
988 3074 1276 3144 principes,
1334 3073 1380 3127 si
1434 3087 1619 3128 servos
1661 3086 1786 3126 suos
1832 3070 2052 3126 videant
2078 3037 2128 3100 δ

461 3160 740 3230 inﬁrmari,
798 3162 1116 3233 despiciunt,
1185 3160 1543 3232 vilipenduut,
1594 3160 1665 3216 de
1719 3159 1798 3214 eis
1850 3158 2054 3213 nullam

465 3273 651 3315 curam
680 3258 899 3316 habent.
961 3259 1184 3315 Gentilis
1238 3267 1417 3315 autem
1446 3258 1543 3313 iste
1572 3272 1755 3313 curam
1798 3270 2056 3327 magnam

469 3347 675 3402 habens
701 3348 769 3402 de
795 3363 972 3415 servo,
1031 3348 1177 3402 misit
1224 3348 1462 3404 seniores
1514 3346 1820 3402 Judeorum
1851 3344 1920 3399 ad
1955 3358 2058 3399 cae-

469 3443 657 3499 lestem
693 3444 982 3513 medicum,
1032 3460 1233 3517 rogans
1277 3460 1403 3500 eum
1440 3451 1497 3499 ut
1523 3443 1732 3500 veniret
1759 3450 1814 3498 et
1848 3449 2060 3498 sanaret

470 3547 685 3588 servum
712 3534 843 3602 ejus,
902 3532 1029 3602 quia
1080 3533 1298 3605 gentilis
1325 3540 1378 3587 et
1404 3532 1713 3604 alienigena
1769 3538 1902 3598 erat,
1950 3545 2059 3585 non

470 3628 551 3675 est
571 3636 729 3676 ausus
756 3620 825 3675 ad
853 3621 1143 3676 Dominum
1199 3620 1453 3676 accedere
1501 3620 1871 3691 corporaliter,
1902 3626 1961 3673 ut
1987 3618 2062 3673 ait

472 3708 660 3778 Lucas,
708 3708 802 3765 sed
855 3708 1001 3763 misit
1054 3709 1291 3765 seniores
1341 3707 1645 3764 Iudaeorum
1684 3708 1837 3785 quasi
1864 3707 2060 3762 dome-

475 3795 636 3855 sticos
662 3798 754 3868 qui
781 3798 1019 3853 securius
1045 3814 1168 3854 eum
1212 3804 1485 3869 rogarent,
1531 3796 1682 3867 quasi
1718 3803 1972 3865 reputans
2003 3811 2061 3850 se

476 3886 779 3958 indignum,
816 3886 908 3957 qui
956 3903 1053 3958 per
1096 3885 1466 3958 pmnitentiam
1505 3884 1746 3956 corporis
1768 3899 1880 3939 non
1906 3899 2065 3939 ausus

476 3984 555 4031 est
582 3976 856 4046 accedere,
888 3984 1068 4032 tamen
1097 3974 1319 4031 accessit
1364 3972 1489 4040 ﬁde,
1532 3980 1585 4029 et
1630 3972 1752 4028 ideo
1790 3971 1983 4027 dicitur
2008 3972 2065 4026 in

475 4073 811 4145 Evangelio:
850 4097 872 4121 ιι
905 4074 1137 4130 Accessit
1176 4068 1245 4128 ad
1301 4088 1426 4128 eum
1481 4070 1721 4127 centurio
1748 4089 1771 4120 ι
1796 4069 1911 4124 sine
1938 4085 2065 4125 cor-

477 4184 627 4240 pore,
659 4176 837 4224 tamen
864 4168 970 4225 ﬁde
1010 4185 1211 4243 rogans
1264 4184 1362 4240 per
1414 4167 1787 4223 internuntios.
1835 4189 1856 4215 «
1915 4166 2066 4220 Jesus

478 4266 658 4313 autem
687 4258 801 4313 ibat
826 4274 949 4313 cum
979 4258 1103 4313 illis.
1139 4259 1204 4312 Et
1231 4274 1353 4312 cum
1391 4257 1509 4327 jam
1538 4272 1648 4313 non
1677 4257 1841 4328 longe
1870 4261 2008 4310 esset
2035 4270 2068 4309 a

2150 1792 2343 1861 dentis,
2395 1793 2718 1849 descendere
2774 1794 2964 1851 noluit.
3017 1794 3196 1865 Quare
3223 1796 3347 1864 hoc,
3381 1794 3593 1860 fratres,
3652 1793 3761 1848 nisi

2154 1881 2281 1951 quia
2308 1897 2416 1937 non
2458 1889 2537 1937 est
2590 1898 2938 1954 personarum
2979 1883 3220 1955 acceptio
3250 1883 3395 1955 apud
3413 1883 3613 1937 Deum.
3645 1882 3765 1938 Nos

2155 1980 2482 2035 honoramus
2525 1979 2742 2037 divitias
2779 1987 2832 2035 et
2859 1981 2929 2036 ad
2957 1981 3149 2038 divites
3178 1979 3421 2035 infirmos
3448 1979 3761 2047 currimus;

2155 2068 2224 2122 ad
2254 2083 2517 2139 pauperes
2572 2077 2750 2125 autem
2799 2069 2875 2124 ire
2931 2069 3301 2125 abhorremus.
3336 2069 3476 2123 Ecce
3528 2067 3650 2122 Rex
3680 2083 3766 2122 re-

2153 2172 2285 2228 gum
2316 2156 2387 2211 ad
2455 2173 2669 2213 servum
2716 2158 2790 2212 ire
2830 2173 2937 2214 non
2986 2156 3180 2223 diﬂ‘ert,
3215 2165 3268 2213 et
3297 2156 3367 2213 ad
3398 2156 3575 2211 ﬁlium
3612 2155 3764 2229 regis

2155 2253 2232 2308 ire
2256 2255 2549 2310 contendit.
2610 2256 2829 2326 Pauper
2882 2254 2983 2311 fuit
3039 2256 3278 2312 Christus
3303 2263 3356 2310 et
3385 2270 3655 2326 pauperes
3683 2253 3762 2308 di-

2157 2342 2305 2413 lexit,
2339 2351 2398 2398 ut
2416 2360 2679 2416 pauperes
2723 2344 2922 2400 divitiis
2966 2345 3075 2399 suis
3122 2344 3334 2399 ditaret.
3366 2343 3634 2399 Dominus
3660 2344 3763 2398 ita-

2159 2458 2261 2512 que
2290 2443 2459 2499 voluit
2486 2442 2564 2499 ire
2610 2443 2679 2498 ad
2742 2460 2978 2513 servum,
3011 2444 3106 2499 sed
3134 2443 3374 2500 centurio
3404 2442 3632 2497 mandat
3657 2441 3709 2496 ei
3745 2461 3760 2496 :

2154 2531 2279 2586 Non
2306 2548 2425 2586 sum
2452 2531 2668 2604 dignus.
2702 2533 2809 2588 Cur
2854 2548 2963 2588 non
3012 2550 3133 2587 sum
3162 2532 3360 2605 dignus
3378 2533 3408 2586 ἳ
3437 2530 3582 2600 Quia
3610 2547 3758 2602 gen-

2156 2625 2263 2682 tilis
2290 2644 2430 2695 sum,
2463 2628 2767 2701 alienigena
2810 2645 2948 2698 sum,
3003 2630 3159 2684 miles
3183 2644 3322 2698 sum,
3370 2626 3556 2700 gladio
3588 2629 3768 2683 accin-

2157 2723 2272 2771 ctus
2317 2731 2473 2785 sum;
2533 2716 2851 2789 sanguinem
2907 2717 3157 2786 fundens,
3225 2733 3335 2773 non
3381 2734 3503 2773 sum
3558 2716 3766 2788 dignus

2157 2806 2462 2875 conspectui
2520 2813 2636 2860 tuo.
2698 2806 2812 2860 Hoc
2861 2814 3133 2861 reveretur
3160 2806 3257 2860 iste
3284 2807 3519 2878 gentilis,
3568 2806 3767 2860 fratres

2155 2903 2472 2972 charissimi,
2504 2902 2648 2973 quod
2674 2903 2849 2957 nullus
2901 2903 3055 2958 miles
3108 2903 3459 2959 Christianus.
3493 2901 3604 2972 Qui
3635 2903 3766 2958 licet

2156 2991 2484 3062 immundus,
2526 3008 2637 3047 non
2683 2992 2856 3047 dicit:
2914 2993 3037 3047 Non
3094 3008 3213 3047 sum
3269 2992 3486 3064 dignus,
3532 2992 3647 3046 imo
3698 3000 3769 3046 te-

2162 3082 2389 3136 merarie
2419 3080 2684 3153 praebebit
2736 3080 2787 3135 ei
2844 3079 3119 3136 sordidum
3178 3081 3492 3151 hospitium,
3524 3089 3580 3135 et
3609 3080 3668 3134 in
3696 3096 3764 3135 eo

2162 3179 2355 3251 recipit
2381 3195 2526 3236 eum.
2570 3181 2675 3234 Iste
2731 3194 2858 3234 vero
2915 3178 3023 3233 ait:
3062 3201 3085 3228 a
3120 3179 3243 3234 Non
3299 3194 3419 3233 sum
3477 3177 3679 3250 dignus
3707 3186 3767 3232 ut

2165 3268 2327 3323 intres
2354 3268 2454 3323 sub
2501 3275 2699 3322 tectum
2756 3282 2957 3333 meum,
3008 3266 3106 3322 sed
3161 3274 3366 3323 tantum
3395 3266 3484 3323 dic
3513 3266 3683 3321 verbo
3712 3276 3768 3321 et

2164 3355 2441 3411 sanabitur
2478 3372 2613 3428 puer
2640 3371 2815 3411 meus.
2852 3378 2873 3404 υ
2936 3356 3327 3426 Comparemus
3365 3363 3653 3426 utrumque
3683 3356 3768 3410 in-

2164 3454 2324 3509 simul
2370 3454 2641 3524 leprosum
2698 3461 2752 3508 et
2813 3453 3205 3523 centurionem,
3274 3453 3578 3520 videamus,
3639 3470 3766 3509 cum

2165 3542 2437 3612 utriusque
2465 3540 2598 3597 ﬁdes
2627 3557 2828 3613 magna
2856 3549 3015 3612 esset,
3056 3542 3149 3612 qui
3175 3542 3354 3613 major
3378 3541 3586 3597 fuisset.
3622 3543 3771 3597 Dicit

2167 3640 2409 3711 leprosus
2441 3659 2452 3695 :
2492 3663 2513 3689 η
2557 3639 2612 3694 Si
2642 3639 2725 3695 vis
2763 3646 2916 3710 potes
2956 3655 3044 3694 me
3092 3639 3371 3695 mundare.
3411 3662 3433 3687 »
3470 3640 3558 3694 Ait
3587 3648 3770 3695 autem

2169 3727 2441 3784 centurio:
2495 3750 2518 3777 α
2576 3728 2675 3782 Dic
2729 3735 2935 3784 tantum
2986 3727 3156 3783 verbo
3213 3736 3265 3784 et
3309 3727 3591 3783 sanabitur
3634 3744 3774 3799 puer

2168 3832 2339 3872 meus.
2375 3839 2396 3865 ι»
2425 3819 2527 3871 lste
2556 3817 2907 3884 voluntatem,
2939 3816 3031 3872 ille
3051 3815 3351 3886 jussionem
3371 3816 3624 3872 subtilius
3652 3833 3776 3872 con-

2169 3914 2404 3969 siderant
2431 3913 2630 3970 divina:
2678 3914 2950 3985 potentiae,
3000 3914 3095 3968 sed
3123 3915 3215 3984 qui
3243 3930 3341 3986 per
3383 3914 3558 3969 solam
3589 3916 3774 3970 volun-

2173 4009 2335 4057 tatem
2364 4001 2533 4056 credit
2588 4018 2703 4057 esse
2746 4008 3041 4072 potentem,
3077 4003 3343 4072 majorem
3390 4000 3555 4056 ﬁdem
3587 4003 3771 4069 habet,

2173 4090 2300 4161 quia
2327 4105 2438 4146 non
2465 4091 2639 4146 solum
2696 4090 2752 4144 in
2792 4090 3056 4160 jussione,
3106 4089 3201 4145 sed
3242 4090 3299 4145 in
3328 4090 3444 4145 sola
3474 4091 3653 4146 credit
3679 4108 3775 4147 vo-

2172 4179 2509 4245 luntate,sed
2540 4186 2720 4233 tamen
2767 4194 2969 4250 magna
3019 4187 3100 4233 est
3144 4177 3278 4233 ﬁdes
3331 4179 3668 4234 centurionis
3722 4189 3775 4233 et

2174 4274 2461 4331 mirabilis.
2498 4276 2584 4330 Ait
2612 4275 2756 4329 enim
2785 4293 2796 4330 :
2841 4275 2957 4346 Ego
2988 4274 3169 4341 credo,
3197 4275 3324 4344 quia
3352 4276 3523 4330 verbo
3558 4285 3651 4331 tuo
3680 4292 3777 4347 po-

480 4353 664 4453 domo,
696 4355 843 4411 misit
893 4355 961 4410 ad
1008 4371 1131 4411 eum
1161 4354 1396 4411 centurio
1452 4355 1656 4409 amicos
1679 4368 1805 4409 suos
1832 4353 2059 4409 dicens:
2092 4389 2152 4453 D
2181 4364 2306 4418 teris
2324 4379 2533 4419 sanare,
2593 4363 2709 4435 Ego
2766 4364 2911 4417 enim
2963 4379 3082 4417 sum
3140 4364 3314 4432 inquit
3359 4365 3527 4418 homo
3574 4365 3777 4419 solum.

479 4440 607 4497 Noli
633 4443 837 4509 vexari,
868 4459 975 4499 non
1003 4459 1122 4499 sum
1177 4443 1322 4499 enim
1358 4442 1574 4515 dignus,
1605 4449 1706 4496 etc.
1737 4443 1890 4512 (Luc.
1925 4442 2054 4509 vn).

479 4539 710 4611 Rogavit
753 4548 931 4597 tamen
955 4548 1015 4596 ut
1041 4541 1266 4610 veniret,
1304 4540 1401 4596 sed
1455 4555 1563 4596 non
1612 4539 1826 4595 dicebat
1869 4541 1971 4594 hoc
1998 4538 2065 4593 de

481 4627 715 4685 adventu
795 4629 1035 4700 corporis
1063 4669 1081 4697 ,
1136 4628 1232 4683 sed
1302 4644 1519 4684 accessu
1562 4627 2063 4684 commiserationis.

479 4723 734 4780 Remotus
763 4731 934 4780 erata
979 4723 1230 4797 gentibus
1280 4739 1375 4795 per
1424 4722 1804 4789 idololatriam,
1851 4729 2070 4794 rogatur

479 4830 540 4876 ut
584 4820 822 4890 accedat,
861 4836 969 4877 non
1014 4836 1114 4891 per
1159 4820 1443 4890 justitiam,
1492 4820 1586 4875 sed
1624 4835 1721 4890 per
1760 4818 2068 4874 misericor-

477 4909 650 4969 diam.
689 4909 874 4982 Legati
902 4925 1030 4969 vero
1058 4910 1436 4965 intellexerunt
1478 4925 1602 4964 eum
1633 4907 1833 4963 dixisse
1864 4906 1933 4963 de
1962 4908 2068 4962 ad-

481 5017 644 5065 ventu
667 5010 934 5082 corporis.
970 5009 1315 5081 Rogaverunt
1370 5008 1551 5077 itaque
1578 5005 1751 5061 Judaei
1779 5013 1839 5060 ut
1864 5005 2071 5063 veniret

488 5132 511 5158 «
553 5110 788 5165 dicentes
816 5111 942 5181 quia
967 5110 1164 5183 dignus
1209 5117 1287 5165 est
1330 5117 1391 5163 ut
1442 5111 1545 5164 hoc
1571 5108 1649 5163 illi
1680 5114 1926 5180 praestes.
1966 5105 2067 5161 Di-

484 5203 603 5276 ligit
629 5205 774 5260 enim
801 5213 1018 5276 gentem
1046 5212 1282 5262 nostram
1311 5211 1366 5259 et
1402 5203 1749 5276 Synagogam
1787 5204 1900 5274 ipse
1931 5201 2100 5259 taedia

483 5299 664 5355 ﬁcavit
690 5300 864 5354 nobis.
913 5299 1120 5369 Quibus
1172 5301 1246 5356 ait
1282 5300 1577 5355 Dominus:
1609 5300 1726 5371 Ego
1753 5299 1989 5363 veniam,
2019 5306 2074 5352 et

485 5387 687 5444 curabo
715 5403 857 5441 eum.
908 5387 1132 5456 Ibatque
1177 5405 1300 5443 cum
1349 5388 1472 5444 illis.
1515 5387 1750 5442 Audiens
1778 5402 1911 5459 ergo
1937 5402 2071 5442 cen-

486 5484 625 5540 turio
655 5482 781 5552 quia
833 5482 1103 5550 veniebat,
1154 5483 1302 5536 misit
1346 5484 1535 5537 iterum
1593 5484 1795 5539 amicos
1840 5484 2067 5539 dicens:

486 5570 613 5627 Noli
633 5568 819 5624 vexari
836 5568 963 5637 quia
992 5583 1098 5621 non
1110 5585 1226 5622 sum
1243 5569 1459 5639 dignus,
1482 5578 1584 5625 etc.
1608 5573 1810 5641 (ibid.).
1835 5594 1857 5620 n
1879 5572 2073 5627 Notate

488 5666 658 5727 verba
683 5661 858 5721 ﬁdelis
895 5661 1129 5735 gentilia.
1180 5662 1399 5719 Mandat
1424 5664 1474 5720 ei
1502 5671 1608 5722 tres
1632 5668 1909 5738 passiones
1934 5668 2075 5727 servi

2181 4452 2364 4519 modo,
2398 4459 2452 4506 et
2480 4459 2533 4506 tu
2563 4451 2725 4505 Deus.
2766 4451 2882 4522 Ego
2931 4467 3050 4505 sum
3099 4451 3264 4506 homo
3312 4452 3524 4507 habens
3550 4453 3655 4506 sub
3686 4469 3773 4525 po-

2176 4556 2362 4605 testate
2392 4548 2608 4615 milites,
2639 4554 2693 4602 et
2723 4556 2775 4603 tu
2817 4549 3058 4619 angelos,
3092 4548 3183 4618 qui
3231 4548 3436 4603 faciunt
3464 4549 3729 4605 miracula
3760 4551 3775 4604 ε

2181 4660 2204 4687 u
2240 4638 2356 4707 Ego
2385 4636 2508 4691 dico
2538 4635 2869 4690 huic:Vade
2915 4644 2969 4691 et
3019 4635 3188 4704 vadit,
3244 4644 3298 4691 et
3345 4635 3474 4692 alii:
3543 4638 3699 4705 Veni,
3732 4646 3783 4693 et

2175 4726 2347 4782 venit.
2390 4746 2411 4773 »
2447 4725 2569 4779 Non
2598 4730 2677 4778 est
2695 4723 2949 4789 hominis,
2978 4723 3062 4778 cui
3086 4724 3278 4794 parent
3303 4724 3576 4793 homines,
3609 4725 3781 4781 multo

2175 4821 2354 4894 magis
2378 4820 2471 4876 tibi
2501 4819 2681 4892 angeli
2718 4820 2999 4891 parebunt,
3031 4829 3084 4875 et
3120 4828 3233 4877 tota
3262 4828 3474 4888 natura,
3506 4822 3639 4891 quia
3667 4837 3783 4877 om-

2176 4910 2267 4966 nia
2293 4917 2466 4980 potes.
2524 4909 2745 4963 Miratus
2800 4915 2880 4963 est
2925 4909 3163 4964 Christus
3219 4907 3383 4963 ﬁdem
3441 4909 3606 4978 illius,
3643 4910 3785 4964 ideo-

2179 5024 2283 5079 que
2312 5006 2657 5078 sequentibus
2674 5022 2733 5062 se
2762 5006 2899 5061 dixit
2925 5026 2937 5062 :
2978 5030 2999 5056 α
3032 5008 3155 5063 Non
3177 5006 3357 5062 inveni
3380 5014 3588 5062 tantam
3618 5006 3783 5062 ﬁdem

2180 5096 2237 5151 in
2263 5095 2447 5151 Israel.
2477 5118 2499 5143 ι»
2523 5094 2773 5150 Judaicus
2801 5097 2943 5150 enim
2976 5095 3207 5167 p0pulus
3250 5095 3500 5165 quamvis
3538 5098 3688 5151 hunc
3714 5096 3787 5152 vi-

2179 5193 2343 5248 disset
2370 5210 2466 5264 per
2494 5195 2802 5264 prophetas,
2853 5200 3031 5247 tamen
3063 5208 3187 5246 eum
3217 5208 3328 5246 non
3376 5193 3660 5265 cognovit,
3693 5193 3788 5248 sed

2181 5282 2395 5338 dicebat
2438 5282 2622 5337 omnia
2668 5282 2928 5337 miracula
2974 5296 3096 5336 eum
3148 5280 3325 5335 facere
3356 5281 3413 5334 in
3460 5282 3786 5337 Beelzebuth

2184 5380 2341 5448 (Luc.
2372 5378 2473 5446 χι).
2505 5378 2678 5433 Jairus
2717 5378 2879 5433 etiam
2927 5377 3175 5448 princeps
3222 5377 3389 5431 Israel
3418 5393 3517 5447 pro
3548 5376 3662 5433 ﬁlia
3691 5392 3785 5432 sua

2181 5484 2369 5547 petens
2396 5477 2589 5545 Deum,
2621 5491 2729 5530 non
2757 5475 2927 5530 dixit:
2969 5475 3068 5529 Dic
3105 5473 3303 5541 verbo;
3343 5474 3441 5529 sed
3476 5498 3497 5523 α
3535 5477 3660 5532 veni
3692 5491 3783 5534 ve-

2184 5573 2414 5639 lociter;
2467 5584 2753 5643 antequam
2806 5573 3063 5627 moriatur
3111 5570 3280 5626 ﬁliam
3334 5572 3561 5641 (Matth.
3612 5574 3713 5641 rx).
3750 5595 3774 5622 ο

2183 5666 2507 5726 Nicodemua
2535 5683 2746 5741 quoque
2773 5675 2949 5726 rector
2975 5664 3160 5737 Israel;
3186 5665 3255 5723 de
3283 5663 3411 5723 ﬁdei
3438 5675 3779 5725 sacramento
