4062 6074
250 234 356 293 833

1185 222 1770 293 DEFLORATIONES
1810 235 1913 292 ss.
1956 218 2348 293 PATRUM.—
2387 236 2513 292 LIB.
2557 237 2598 289 1.

3429 238 3530 294 834

250 360 482 416 audiens
510 358 618 413 ait:
659 380 679 405 «
717 358 1005 427 Quomodo
1035 362 1215 430 potest
1242 361 1345 415 hoc
1376 359 1492 415 ﬁeri
1528 361 1555 413 ‘?
1590 380 1612 410 ι
1649 362 1837 427 (Joan.
1875 360 1932 421 A
1958 361 2232 418 maculata
2262 367 2368 416 est.
2402 361 2456 414 Si
2497 375 2634 433 ergo
2663 358 2863 432 aliquis
2894 376 3079 417 verum
3107 358 3260 433 lepra
3286 360 3377 416 illa
3401 363 3545 418 irre-

249 450 362 515 ιιι.)
410 447 580 503 Maria
610 454 661 501 et
718 447 934 502 Martha
980 448 1145 502 etiam
1206 448 1504 503 dixerunt:
1541 470 1560 495 «ι
1598 448 1852 518 Domine,

253 539 303 593 si
331 538 532 593 fuisses
563 536 651 592 hic
683 536 879 606 (Joan.
926 538 1003 607 κ),
1044 558 1065 583 ιι
1101 535 1255 608 quasi
1276 537 1476 592 absens
1505 552 1614 592 non
1669 543 1857 607 posset

255 643 384 683 eum
414 626 655 681 salvare.
696 628 884 696 Itaque
921 648 943 672 ει
980 639 1091 680 non
1141 624 1325 681 inveni
1353 632 1560 680 tantam
1590 624 1752 681 ﬁdem
1801 624 1857 679 in

258 716 450 770 Israel.
485 737 505 763 ››
534 714 618 768 Ait
648 729 784 786 ergo
816 731 829 766 :
869 737 889 763 (ι
920 714 1073 769 Sicut
1102 713 1406 780 credidisti,
1438 712 1528 767 fiat
1549 713 1662 770 tibi.
1686 714 1753 768 Et
1784 729 1859 767 sa-

256 813 421 860 natus
459 812 543 859 est
578 819 716 873 puer
749 803 804 857 in
831 802 924 857 illa
944 803 1098 857 hora.
1124 826 1146 851 n
1172 803 1397 870 Discite,
1429 802 1645 868 fratres,
1667 802 1722 856 in
1740 801 1860 857 istis

258 893 484 965 aliquod
517 891 833 962 exemplum
874 890 999 946 vitae
1032 899 1260 947 nostrae.
1293 892 1587 947 Descendit
1605 891 1763 946 Jesus
1791 890 1860 946 de

267 990 474 1046 monte,
509 980 633 1052 quia
672 979 956 1035 descendit
984 980 1054 1035 de
1082 979 1246 1035 coelo.
1286 980 1355 1034 Et
1391 987 1679 1051 postquam
1724 979 1863 1034 inter

267 1071 520 1126 homines
550 1068 732 1125 voluit
761 1070 1098 1135 conversari,
1132 1069 1301 1124 turbae
1332 1077 1531 1124 secutae
1561 1074 1687 1123 sunt
1716 1084 1859 1133 eum,

269 1158 399 1229 quia
427 1160 545 1227 ejus
575 1157 802 1228 vestigia
827 1165 953 1212 sunt
996 1156 1242 1212 imitatae.
1282 1157 1390 1212 Sed
1417 1155 1603 1212 veniat
1630 1172 1767 1228 ergo
1795 1156 1865 1211 ad

268 1263 416 1313 eum,
449 1248 495 1301 si
527 1247 724 1316 aliquis
760 1246 1012 1317 leprosus
1044 1254 1155 1301 est.
1196 1247 1375 1317 Lepra
1414 1246 1582 1312 enim,
1644 1245 1859 1313 fratres,

267 1344 494 1409 peccata
540 1334 842 1392 criminalia
871 1341 1015 1406 sunt,
1051 1334 1250 1406 quibus
1280 1336 1462 1390 anima
1490 1341 1679 1391 nostra
1708 1349 1865 1390 com-

1962 441 2090 504 titus
2120 458 2222 515 est,
2269 456 2511 505 occurrat
2541 465 2672 504 vero
2700 449 2935 516 medico,
2990 457 3043 505 et
3071 450 3217 506 dicat
3248 470 3259 504 :
3301 473 3322 497 α
3357 451 3412 505 Si
3442 452 3544 518 vis,

1964 546 2121 609 potes
2148 554 2235 593 me
2264 537 2554 593 mundare.
2590 560 2612 585 ››
2644 539 2974 609 Praeceptum
2997 546 3113 594 erat
3141 540 3194 592 in
3225 539 3394 595 veteri
3421 538 3547 610 lege

1963 634 2020 682 ut
2042 626 2087 681 si
2114 626 2308 697 aliquis
2338 627 2589 698 leprosus
2639 636 2805 693 esset,
2830 635 2983 682 extra
3010 635 3187 683 castra
3233 628 3542 698 ejiceretur,

1967 723 2022 771 et
2052 732 2215 770 sanus
2253 714 2427 770 factus
2484 715 2795 772 ostenderet
2822 732 2881 771 se
2936 715 3227 772 sacerdoti.
3289 716 3549 772 Similiter

1969 802 2062 875 qui
2092 803 2145 858 in
2178 802 2554 859 criminalibus
2580 820 2708 859 reus
2737 812 2838 870 est,
2872 812 3024 859 extra
3056 803 3356 860 Ecclesiam
3386 805 3551 861 debet

1970 908 2111 957 esse,
2138 900 2191 946 et
2219 907 2319 962 per
2348 892 2687 947 sacerdotem
2714 891 2771 946 in
2800 892 3099 948 Ecclesiam
3150 908 3313 947 sanus
3343 894 3543 965 recipi.

1970 980 2165 1035 Invitat
2193 996 2295 1035 nos
2315 979 2577 1034 Dominus
2631 980 2699 1034 ad
2733 981 3108 1046 humilitatem,
3155 997 3276 1037 cum
3335 998 3555 1039 servum

1970 1068 2198 1126 visitare
2220 1068 2466 1139 cupiunt,
2499 1084 2571 1124 ne
2599 1084 2808 1140 pauper
2836 1069 3194 1140 despiciatur.
3234 1072 3296 1126 Et
3311 1071 3434 1142 quia
3451 1073 3557 1128 Do-

1971 1158 2149 1212 minus
2178 1156 2234 1211 in
2281 1172 2524 1229 paupere
2569 1158 2886 1224 honoratur,
2945 1173 3242 1229 pauperem
3291 1160 3557 1216 Dominus

1970 1244 2286 1301 honoravit.
2332 1269 2353 1294 «
2389 1244 2573 1301 Facite
2593 1259 2733 1318 ergo
2763 1246 2917 1302 vobis
2937 1246 3146 1304 amicos
3165 1247 3233 1304 de
3250 1263 3556 1306 mammona

1970 1333 2268 1406 iniquitatis
2298 1334 2455 1405 (Luc.
2488 1334 2622 1405 xvr).
2661 1358 2683 1383 η

1285 1640 1904 1746 DOMINICA
1980 1640 2541 1766 QUARTA.

1492 1832 1889 1899 Secundum
1930 1832 2343 1899 Mattbasum.

352 2045 376 2073 (ι
409 2022 753 2080 Ascendente
779 2023 910 2079 Jesu
938 2020 994 2077 in
1027 2020 1335 2079 naviculam
1386 2026 1558 2078 secuti
1586 2027 1717 2077 sunt
1743 2034 1865 2077 eum
1896 2021 1949 2083 B
1979 2035 2077 2077 cus
2126 2022 2230 2078 hoc
2285 2037 2408 2078 sero
2437 2029 2655 2093 gestum
2674 2020 2844 2079 fuisse
2902 2022 3171 2095 perhibet,
3203 2030 3260 2080 ut
3289 2028 3403 2083 veri
3432 2027 3565 2084 solis

277 2112 529 2184 discipuli
558 2113 679 2181 ejus
716 2130 728 2166 :
760 2112 831 2167 Et
859 2127 989 2169 ecce
1015 2119 1197 2168 motus
1213 2127 1447 2183 magnus
1502 2108 1677 2166 factus
1705 2117 1788 2165 est
1814 2109 1871 2164 in

277 2211 439 2278 mari,
472 2210 546 2265 ita
574 2209 899 2265 utnavicula
926 2209 1224 2281 cperiretur
1250 2208 1529 2264 ﬁuctibus.
1568 2209 1692 2279 Ipse
1736 2222 1872 2262 vero

282 2308 404 2356 erat
460 2300 516 2353 in
570 2298 760 2370 puppi,
820 2315 989 2369 super
1044 2297 1278 2354 cervical
1332 2296 1612 2353 dormiens
1648 2297 1870 2365 (Matth.

279 2392 430 2458 vni).
474 2410 497 2436 ιι
537 2386 787 2444 Cervical
815 2386 1012 2443 dicitur
1054 2386 1142 2443 vel
1170 2385 1447 2457 pulvillus,
1480 2385 1567 2441 vel
1595 2384 1876 2457 quodlibet

282 2484 433 2541 aliud
462 2484 794 2540 substratum
823 2484 1021 2540 cervici
1067 2483 1434 2539 recumbentis
1464 2482 1533 2537 ad
1589 2482 1874 2538 dormien-

284 2574 435 2629 dum.
468 2572 734 2629 Navicula
761 2571 1263 2643 videbaturOperiri
1292 2578 1348 2626 et
1372 2570 1586 2642 impleri
1599 2569 1873 2638 ﬂuctibus,

286 2678 458 2733 quare
487 2669 634 2717 tanto
654 2662 834 2734 magis
850 2661 1010 2717 timor
1024 2661 1311 2716 conturbat
1335 2658 1651 2730 discipulos.

364 2785 385 2809 α
417 2761 485 2816 Et
512 2767 863 2817 accesserunt
906 2766 961 2815 et
990 2759 1388 2815 suscitaverunt
1435 2773 1557 2812 eum
1583 2757 1826 2813 dicentes
1859 2768 1873 2810 :

284 2850 537 2916 Domine,
575 2850 733 2905 salva
779 2863 902 2914 nos,
960 2848 1237 2919 perimus.
1278 2848 1343 2902 Et
1386 2846 1517 2902 dicit
1545 2846 1625 2902 eis
1672 2846 1876 2902 Jesus:

285 2938 429 3007 Quid
456 2938 632 2994 timidi
654 2937 808 3005 estis,
841 2937 1071 2993 modicae
1086 2936 1213 2992 ﬁdei
1240 2938 1270 2989 ‘?
1290 2938 1442 2991 Tunc
1456 2950 1689 3008 surgens
1707 2935 1880 3005 impe-

285 3036 430 3093 ravit
458 3044 622 3092 vento
653 3045 706 3091 et
736 3034 900 3090 mari.
940 3035 1005 3089 Et
1035 3033 1179 3089 dixit
1214 3052 1226 3089 :
1259 3034 1402 3089 Tace
1432 3040 1486 3088 et
1530 3033 1871 3088 obmutesce.

285 3126 354 3179 Et
381 3126 529 3180 facta
580 3133 662 3180 est
703 3123 1071 3196 tranquillitas
1127 3138 1353 3195 magna.
1397 3144 1417 3171 ››
1452 3121 1603 3178 Licet
1648 3120 1882 3176 diversis

286 3220 471 3277 verbis
501 3220 855 3293 evangelista:
882 3227 1124 3286 narrent,
1156 3233 1267 3273 una
1285 3226 1469 3273 tamen
1491 3216 1762 3273 sententia
1778 3223 1880 3283 est,

289 3324 345 3373 et
373 3324 542 3374 totum
562 3317 669 3373 dici
698 3317 891 3389 potuit.
914 3316 1241 3372 Dominatur
1259 3322 1423 3372 vento
1444 3322 1496 3371 et
1516 3317 1675 3381 mari,
1695 3313 1763 3369 de
1776 3327 1883 3385 quo

290 3404 486 3461 dicitur
529 3425 541 3460 :
582 3428 603 3454 α
666 3406 746 3459 Tu
800 3403 1108 3460 Dominaris
1161 3403 1445 3474 potestatis
1485 3402 1651 3457 maris
1707 3403 1882 3470 (Psal.

295 3498 568 3563 Lxxxvm)
602 3509 617 3561 ;
656 3515 678 3543 ι
712 3492 837 3549 Non
865 3509 1057 3549 errore
1086 3492 1467 3548 haereticorum
1497 3490 1780 3562 imperavit
1794 3490 1887 3562 qui

296 3582 476 3637 omnia
496 3582 793 3637 animantia
817 3590 1009 3653 putant
1031 3580 1347 3647 animantia,
1372 3580 1470 3635 sed
1481 3578 1767 3649 majestate
1785 3593 1889 3648 qua

296 3671 416 3725 Deo
445 3678 568 3725 sunt
597 3669 898 3736 sensibilis,
932 3669 1092 3725 nobis
1126 3667 1508 3723 insensibilia..
1540 3667 1708 3736 Cujus
1747 3664 1890 3738 signi

298 3765 487 3830 typum
514 3759 572 3813 in
599 3760 733 3814 Jona
754 3758 1007 3831 legimus,
1043 3757 1187 3830 quod
1218 3756 1487 3812 Dominus
1509 3754 1722 3811 caeteris
1745 3754 1893 3826 peri-

300 3855 610 3911 clitantibus
668 3863 890 3912 secutus
921 3861 1023 3923 est,
1048 3862 1101 3909 et
1145 3853 1344 3909 dormit
1376 3863 1429 3908 et
1476 3852 1788 3918 suscitatur,
1840 3856 1894 3906 et

300 3944 531 4015 imperio
562 3961 627 4001 ac
655 3951 1001 4001 sacramento
1037 3942 1310 4014 passionis
1331 3958 1449 3997 suae
1476 3941 1673 3996 liberat
1720 3939 1893 3996 susci-

300 4042 499 4090 tantes.
531 4036 727 4106 Itaque
755 4050 869 4089 suae
908 4047 1158 4103 personae
1187 4038 1475 4103 utramque
1527 4037 1778 4085 naturam
1804 4029 1893 4084 di-

299 4130 502 4195 gnatus
531 4130 615 4178 est
648 4122 938 4178 ostendere
965 4120 1245 4176 dormiens
1273 4127 1333 4175 ut
1362 4118 1551 4190 homo,
1566 4134 1716 4176 mare
1733 4134 1894 4175 coer-

302 4235 437 4278 cens
470 4228 528 4276 ut
552 4222 721 4278 Deus.

381 4341 402 4364 α
440 4318 621 4374 Porro
643 4317 891 4393 homines
908 4314 1085 4371 mirati
1100 4322 1243 4383 sunt,
1259 4314 1502 4371 dicentes
1517 4313 1589 4369 ad
1618 4312 1851 4370 invicem
1880 4329 1893 4369 :

305 4416 442 4485 Quis
474 4424 566 4471 aut
589 4416 761 4490 qualis
784 4424 867 4471 est
895 4414 1005 4481 hic,
1024 4414 1147 4486 quia
1166 4413 1341 4469 ventis
1358 4414 1589 4483 imperat
1605 4411 1831 4477 etmari,
1848 4418 1902 4467 et

305 4522 565 4578 obediunt
592 4523 663 4578 ei.
698 4545 720 4571 υ
753 4523 921 4577 Recte
949 4518 1292 4591 appellantur
1319 4518 1569 4573 homines
1598 4518 1903 4589 quicunque

306 4613 607 4683 potentiam
665 4609 990 4676 Salvatoris,
1022 4609 1268 4664 nondum
1298 4615 1579 4674 noverant,
1598 4607 1902 4663 sivenautas

1978 2114 2310 2184 accubitum,
2340 2133 2453 2173 non
2474 2117 2651 2174 solum
2697 2118 2914 2175 Domini
2942 2120 3217 2189 dormitio,
3250 2123 3347 2179 sed
3403 2124 3563 2180 etiam

1979 2206 2097 2277 ipsa
2125 2206 2260 2261 hora
2290 2206 2648 2279 significaret.
2687 2208 2807 2277 Quo
2835 2209 3164 2266 ascendente
3192 2211 3414 2282 puppim
3438 2228 3568 2269 cru-

1980 2295 2062 2350 cis
2087 2302 2143 2349 ut
2171 2310 2421 2352 somnum
2451 2296 2644 2352 mortis
2671 2304 2910 2367 caperet,
2942 2298 3138 2353 ﬂuctus
3192 2298 3570 2370 blaspheman-

1981 2384 2116 2439 tium
2145 2383 2496 2440 daemoniacis
2526 2385 2749 2440 excitati
2799 2385 3053 2457 procellis
3083 2397 3394 2459 assurgunt.
3428 2390 3568 2460 Qui-

1983 2472 2085 2528 bus
2114 2488 2224 2527 non
2257 2473 2376 2543 ejus
2404 2472 2663 2543 patientia
2721 2476 2987 2543 turbatur,
3022 2474 3119 2530 sed
3175 2476 3570 2549 discipulorum

1983 2570 2326 2626 imbecillitas
2354 2570 2704 2642 periclitatur.
2740 2571 2946 2643 Puppis
2971 2574 3204 2628 mortuis
3225 2575 3461 2644 pellibus
3488 2576 3573 2633 vi-

1983 2674 2081 2716 vos
2112 2658 2349 2731 contegit
2379 2667 2431 2714 et
2458 2659 2652 2715 ﬂuctus
2675 2668 2840 2727 arcet,
2874 2667 2930 2715 et
2958 2659 3110 2733 ligno
3139 2661 3423 2731 solidatur,
3454 2682 3575 2737 qua:

1985 2747 2216 2802 innuunt
2246 2762 2408 2804 cruce
2439 2755 2493 2803 et
2538 2755 2715 2803 morte
2744 2747 2961 2803 Domini
2992 2748 3293 2805 Ecclesiam
3336 2752 3565 2809 salvari.

1986 2836 2091 2891 Per
2120 2835 2358 2892 cervical
2379 2835 2624 2908 intellige
2653 2852 2859 2907 corpus
2886 2836 2973 2892 cui
2992 2836 3268 2906 divinitas,
3290 2839 3433 2896 sicut
3476 2856 3575 2898 ca-

1986 2932 2084 2996 put
2098 2923 2380 2992 inclinata,
2403 2924 2705 2980 recumbit.
2725 2925 3002 2980 Suscitant
3018 2926 3306 2982 Dominum
3322 2928 3576 3001 discipuli

1987 3038 2058 3077 ne
2082 3029 2330 3093 pereant,
2362 3021 2491 3094 quia
2518 3022 2771 3077 maximis
2792 3022 2930 3079 votis
2961 3025 3422 3081 resurrectionem
3453 3044 3573 3097 quae

1988 3117 2208 3173 rebant.
2238 3118 2473 3175 Ventum
2493 3133 2787 3189 resurgens
2817 3118 3082 3173 Dominus
3100 3119 3418 3191 increpavit,
3452 3123 3577 3194 quia

1989 3206 2196 3262 diaboli
2225 3206 2537 3277 superbiam
2559 3206 2905 3276 stravit,dum
2927 3208 3044 3277 ejus
3057 3207 3344 3279 imperium
3364 3210 3580 3266 destru-

1992 3294 2086 3349 xit.
2110 3295 2509 3366 Tempestatem
2556 3310 2712 3367 aqua;
2744 3310 2965 3351 cessare
3020 3295 3164 3364 fecit,
3199 3297 3326 3367 quia
3375 3298 3577 3358 rabiem

1998 3391 2346 3448 clamantium
2383 3392 2478 3448 :Si
2500 3392 2664 3448 Filius
2693 3393 2794 3449 Dei
2847 3401 2948 3463 est,
2982 3393 3279 3450 descendat
3304 3395 3374 3451 de
3419 3411 3583 3453 cruce

1997 3482 2219 3551 (Matth.
2246 3484 2442 3553 xxvii),
2471 3481 2741 3538 labefecit.
2767 3483 2935 3539 Recte
2962 3492 3269 3556 arguuntur
3314 3484 3405 3556 qui
3450 3501 3587 3557 prae-

1998 3578 2151 3625 sente
2179 3570 2392 3626 Christo
2434 3570 2717 3639 timebant,
2772 3571 2917 3627 unde
2963 3582 3087 3644 post
3127 3574 3584 3631 resurrectionem

1999 3658 2159 3715 etiam
2188 3659 2475 3715 audierunt
2507 3660 2755 3732 quaedam
2776 3677 2840 3716 ex
2862 3661 2997 3732 ipsis
3028 3678 3044 3717 :
3083 3684 3105 3710 «
3139 3661 3186 3718 Ο
3207 3662 3350 3718 stulti
3371 3671 3424 3719 et
3443 3662 3588 3719 tardi

1998 3747 2164 3804 corde
2188 3747 2258 3803 ad
2287 3748 2620 3804 credendum
2650 3749 2706 3804 in
2717 3749 2971 3804 omnibus
2991 3767 3111 3822 quas
3124 3750 3289 3806 locuti
3316 3760 3440 3807 sunt
3458 3768 3590 3824 pro-

2000 3839 2178 3909 phetae
2197 3838 2360 3909 (Luc.
2388 3840 2564 3908 xxxv).
2602 3857 2627 3888 ι
2658 3839 2832 3895 Nobis
2851 3838 3014 3894 etiam
3030 3855 3177 3910 saepe
3206 3840 3591 3913 navigantibus

2000 3935 2158 4005 quasi
2167 3934 2306 3991 inter
2318 3934 2552 4007 aequoris
2565 3934 2811 3990 fremitus
2822 3934 3097 3991 obdormit
3106 3935 3391 4004 Dominus,
3412 3953 3593 4009 quan-

2002 4022 2075 4079 do
2104 4022 2247 4079 inter
2263 4023 2474 4079 medios
2485 4022 2742 4079 virtutum
2755 4022 2909 4077 nisus
2937 4022 3339 4091 crebrescente,
3372 4026 3461 4080 vel
3484 4026 3593 4081 im-

2002 4113 2332 4168 mundorum
2361 4111 2643 4183 spirituum
2663 4110 2750 4166 vel
2784 4110 3067 4166 hominum
3084 4112 3594 4183 pravorum,velco-

2004 4201 2321 4273 gitationum
2350 4200 2575 4271 impetu,
2607 4199 2734 4254 ﬁdei
2750 4199 3013 4270 splendor
3031 4199 3459 4270 obtenebrescit;
3471 4202 3590 4273 spei

2007 4295 2273 4352 celsitudo
2299 4294 2652 4363 contabescit,
2674 4294 2880 4351 amoris
2902 4293 3120 4350 ﬂamma
3134 4295 3462 4369 refrigescit.
3483 4298 3595 4355 Sed

2007 4393 2135 4441 tunc
2156 4399 2387 4440 necesse
2408 4391 2491 4439 est
2501 4384 2571 4439 ad
2582 4384 2757 4439 Deum
2775 4399 3080 4451 curramus,
3100 4393 3366 4457 quatenus
3381 4387 3593 4443 adtran-

2009 4472 2331 4545 quillitatem
2347 4488 2447 4527 nos
2478 4472 2636 4529 ducat
2651 4479 2703 4528 et
2731 4481 2951 4544 portum
2963 4474 3155 4529 salutis
3174 4474 3484 4548 indulgeat.

2325 4591 2401 4645 De
2436 4605 2707 4645 mensura
2742 4588 3021 4660 diligendi
3056 4592 3261 4647 Deum.

309 4701 668 4772 excipiantur,
694 4700 808 4753 sive
854 4698 946 4753 alii
966 4697 1059 4768 qui
1085 4697 1157 4767 (in
1185 4696 1313 4752 navi
1369 4703 1526 4751 erant
1553 4694 1671 4750 sive
1702 4702 1756 4749 et
1791 4694 1883 4765 ips:

2086 4700 2108 4729 «
2139 4677 2355 4734 Nemini
2385 4677 2681 4750 quidquam
2710 4677 3376 4750 debeatis,aitApostolus,
3406 4680 3516 4736 nisi
3543 4689 3603 4739 ut

310 4789 588 4860 discipuli.
627 4787 1096 4859 Allegoricemare
1116 4785 1380 4856 accipitur
1410 4792 1575 4839 aestus
1605 4783 1764 4851 hujus
1806 4798 1904 4836 ste-

312 4887 460 4953 culi;
492 4884 745 4941 navicula
775 4882 1047 4955 passionis
1077 4882 1263 4946 arbor,
1296 4881 1451 4949 cujus
1482 4878 1745 4934 beneﬁcio
1774 4878 1905 4934 fide-

312 4977 397 5032 les
427 4974 600 5047 adjuti
630 4973 823 5028 mundi
854 4972 1045 5027 tluctus
1106 4969 1520 5034 transcendunt,
1552 4976 1607 5023 et
1634 4968 1705 5022 ad
1758 4967 1903 5022 littus

312 5066 508 5136 patriae
538 5062 785 5119 caelestis
834 5059 1181 5133 perveniunt.
1214 5060 1294 5114 De
1323 5058 1426 5113 hoc
1456 5055 1601 5128 quod
1656 5053 1906 5126 discipuli

314 5170 439 5210 cum
466 5152 698 5208 Domino
719 5148 1031 5205 naviculam
1046 5146 1344 5204 ascendunt
1368 5144 1498 5201 alibi
1543 5142 1903 5217 signiﬁcatio-

313 5257 442 5297 nem
463 5239 637 5312 aperit
665 5238 856 5295 dicens
888 5254 901 5291 :
935 5237 991 5293 Si
1012 5236 1133 5308 quis
1164 5234 1277 5291 vult
1302 5240 1428 5305 post
1466 5248 1555 5289 me
1585 5232 1774 5288 venire
1802 5232 1903 5286 ab-

314 5337 483 5403 neget
511 5326 865 5399 semetipsum
895 5332 947 5381 et
973 5324 1124 5381 tollat
1138 5338 1361 5403 crucem
1390 5336 1547 5377 suam
1576 5329 1627 5377 et
1643 5328 1905 5392 sequatur

315 5446 428 5486 me.
460 5427 755 5500 Discipulis
783 5422 1168 5495 navigantibus
1198 5421 1444 5479 Christus
1501 5419 1721 5487 dormit,
1781 5416 1906 5489 quia

317 5518 575 5573 ﬁdelibus
599 5516 651 5574 in
714 5530 814 5587 spe
860 5512 1056 5586 quietis
1086 5518 1363 5583 perpetuae
1391 5508 1653 5565 saeculum
1686 5507 1909 5563 calcan-

321 5608 485 5674 tibus,
519 5613 571 5662 et
600 5612 727 5677 post
756 5612 914 5677 terga
948 5600 1200 5657 certatim
1235 5599 1423 5655 mundi
1451 5596 1624 5653 fastus
1648 5594 1911 5666 jactanti-

324 5706 428 5762 bus
456 5712 672 5776 tempus
701 5699 997 5758 Dominicae
1024 5696 1300 5770 passionis
1311 5694 1552 5754 advenit.
1591 5692 1750 5752 Unde
1768 5692 1913 5748 Mar-

2008 4766 2243 4823 invicem
2272 4766 2653 4840 diligatis.Qui
2667 4767 2813 4822 enim
2829 4767 3020 4839 diliget
3034 4769 3362 4838 proximum,
3414 4770 3597 4841 legem

2010 4851 2252 4924 implevit
2279 4852 2623 4921 (Rom.x1u).
2662 4874 2683 4897 »
2720 4850 2879 4919 Quali
2934 4858 3115 4907 autem
3140 4868 3398 4908 mensura
3450 4854 3599 4911 Deus

2013 4958 2066 5005 et
2112 4948 2398 5021 proximus
2443 4948 2644 5004 debeat
2694 4947 2870 5019 diligi,
2919 4948 3270 5021 diligentibus
3337 4950 3596 5006 conside-

2011 5039 2243 5095 randum
2260 5045 2343 5094 est
2370 5036 2549 5093 nobis.
2582 5037 2662 5093 De
2688 5051 2949 5093 mensura
2967 5036 3229 5109 diligendi
3248 5039 3421 5095 Deum
3453 5037 3602 5096 Scri-

2012 5136 2174 5200 ptura
2188 5127 2346 5183 nobis
2371 5125 2686 5181 manifestat
2697 5140 2823 5181 cum
2844 5124 2973 5182 dicit
2996 5142 3010 5179 :
3032 5147 3054 5174 ιι
3071 5125 3281 5199 Diliges
3309 5127 3604 5184 Dominum

2012 5213 2188 5268 Deum
2216 5215 2368 5266 tuum
2389 5226 2461 5265 ex
2490 5217 2602 5265 toto
2632 5210 2796 5265 corde
2826 5216 2938 5273 tuo.
2972 5217 3026 5265 et
3052 5225 3125 5265 ex
3152 5216 3262 5265 tota
3316 5220 3517 5279 mente,
3549 5221 3605 5269 et

2014 5327 2081 5367 ex
2110 5318 2218 5366 tota
2247 5309 2431 5365 anima
2458 5315 2550 5364 tua
2569 5310 2753 5380 (Deut.
2802 5310 2906 5373 vi).
2946 5330 2969 5357 »
3004 5307 3171 5377 Quasi
3190 5308 3400 5368 diceret
3434 5328 3448 5366 :
3478 5313 3603 5369 Non

2016 5400 2118 5455 tibi
2138 5398 2397 5470 praecipio
2427 5405 2482 5453 ut
2514 5403 2725 5452 tantum
2769 5396 2989 5467 diligas,
3021 5397 3110 5453 vel
3164 5405 3372 5455 tantum
3425 5402 3601 5456 Deum

2017 5498 2185 5543 tuum.
2223 5486 2497 5555 Quantum
2538 5494 2717 5557 potes,
2768 5494 2974 5543 tantum
3028 5486 3237 5560 dilige:
3269 5489 3607 5560 possibilitas

2019 5594 2115 5642 tua
2144 5584 2246 5641 erit
2264 5598 2515 5639 mensura
2541 5590 2655 5639 tua.
2687 5582 2899 5653 Quanto
2930 5584 3053 5657 plus
3081 5599 3253 5652 amas,
3277 5592 3429 5641 tanto
3480 5585 3606 5657 plus

2021 5683 2195 5741 habes
2230 5699 2244 5752 ;
2276 5688 2331 5740 et
2358 5689 2562 5754 quanto
2581 5681 2706 5755 plus
2732 5681 2923 5750 habes,
2946 5689 3097 5739 tanto
3128 5681 3342 5739 felicior
3369 5697 3455 5738 es.
3494 5682 3605 5737 Ex-
