4010 6074
488 268 590 321 833

1621 256 1959 326 WERNERI
2000 268 2282 327 seems
2323 272 2379 329 s.
2422 271 2637 329 BLASll

3675 291 3779 347 336

487 390 711 445 tendere
743 403 877 459 ergo
908 395 957 442 et
986 387 1207 444 dilatare
1237 397 1497 461 quantum
1528 399 1687 463 potes
1706 401 1760 447 ut
1786 402 1951 449 totum
1984 392 2081 448 im-
2107 394 2160 456 A
2194 394 2318 451 inde
2348 398 2480 452 oriri
2513 418 2523 453 ε
2559 400 2702 469 quod
2744 418 2850 456 non
2906 403 3100 460 leviter
3122 409 3390 478 explicare
3448 429 3773 483 possumus.

484 487 694 558 pleatur
725 485 870 558 quod
896 486 951 540 in
984 493 1033 542 te
1073 493 1174 557 est,
1204 487 1365 543 etiam
1415 490 1461 545 si
1492 506 1600 547 non
1631 498 1801 548 totum
1830 492 2073 565 capiatur

483 575 627 647 quod
659 574 711 629 in
743 574 834 630 illo
864 582 965 630 est.
986 574 1109 630 Noli
1141 576 1328 633 timere
1381 579 1534 651 quasi
1558 578 1650 635 tibi
1672 576 1908 639 deﬁcere
1965 582 2067 637 de-

478 673 601 728 beat
628 670 738 741 ille,
785 671 831 725 si
885 672 1046 726 nimis
1102 688 1272 743 capax
1328 673 1519 731 fueris.
1584 677 2066 751 Quantumcunque

478 770 703 843 poteris,
737 787 1009 843 nunquam
1042 778 1249 827 tantum
1272 774 1472 844 poteris
1504 784 1761 846 quantum
1790 776 1909 847 ipse
1946 788 2051 832 est.

480 860 536 915 Si
564 868 766 915 tantum
794 876 1006 929 posses,
1041 868 1221 916 tantus
1251 878 1424 920 esses.
1456 863 1615 920 Nunc
1643 874 1826 921 autem
1854 881 2064 922 cresce-

478 965 541 1005 re
571 949 624 1003 in
656 948 751 1003 illo
780 957 954 1020 potes,
987 951 1191 1022 aequari
1219 950 1297 1005 illi
1334 967 1444 1006 non
1473 961 1648 1023 potes.
1673 954 1872 1010 Cresce
1926 971 2063 1028 ergo

476 1047 529 1095 et
556 1036 783 1109 proﬁce.
818 1036 1033 1105 Quanto
1052 1039 1236 1107 major
1254 1039 1360 1095 eris
1389 1041 1446 1095 in
1470 1041 1614 1097 bono
1646 1060 1659 1105 ;
1694 1050 1841 1098 tanto
1869 1044 2064 1099 melior

476 1135 606 1191 eris.
640 1135 698 1189 Si
726 1150 970 1189 summus
1025 1151 1203 1201 esses,
1225 1136 1460 1207 optimus
1517 1155 1689 1197 esses.
1720 1141 1879 1197 Nunc
1934 1139 2063 1212 quia

475 1239 719 1279 summus
749 1239 875 1279 esse
905 1239 1014 1278 non
1046 1232 1220 1293 potes,
1278 1232 1434 1295 potes
1463 1242 1586 1283 esse
1614 1229 1669 1283 in
1718 1242 1960 1287 summo.
1998 1230 2062 1285 Et

475 1327 730 1384 magnum
764 1311 861 1365 tibi
890 1312 993 1367 hoc
1023 1320 1123 1377 est,
1159 1320 1211 1367 et
1238 1330 1303 1367 ex
1334 1314 1437 1369 hoc
1466 1320 1524 1370 tu
1553 1332 1784 1389 magnus
1809 1330 1893 1383 es,
1923 1318 1968 1372 si
2007 1318 2062 1374 in

476 1415 688 1454 summo
749 1415 829 1465 es,
885 1407 938 1453 et
987 1407 1134 1454 tanto
1172 1400 1357 1472 utique
1405 1404 1582 1473 major
1629 1413 1828 1475 quanto
1874 1406 2056 1461 altior.

472 1497 746 1553 Ascendis
778 1504 977 1563 autem,
1012 1512 1133 1553 cum
1165 1499 1370 1571 diligis.
1404 1501 1633 1556 Sursum
1654 1504 1913 1574 pergisin
1936 1504 2066 1559 cha-

477 1594 658 1659 ritate,
693 1594 819 1665 quia
841 1594 1077 1650 charitas
1094 1612 1307 1651 sursum
1337 1598 1503 1654 ducit.
1540 1599 1691 1656 Sicut
1726 1601 1799 1655 ait
1825 1605 2065 1672 Aposto-

471 1683 554 1738 lus
591 1699 601 1737 :
635 1684 826 1739 Adhuc
857 1684 1297 1741 excellentiorem
1337 1686 1480 1743 viam
1512 1687 1667 1743 vobis
1714 1690 2064 1748 demonstra-

2192 484 2331 540 Ecce
2362 486 2469 541 duo
2492 498 2617 543 sunt
2646 505 2872 560 quorum
2902 492 3131 549 alterum
3158 498 3348 567 perire
3404 516 3635 561 necesse
3662 516 3775 561 est.

2192 582 2362 638 Datur
2389 583 2480 639 uni
2502 585 2648 656 optio
2680 588 2824 658 quod
2868 590 2997 646 velit
3025 590 3190 665 eligat
3219 610 3252 650 θ
3280 595 3496 655 duobus
3550 616 3783 673 quorum

2189 673 2418 731 alterum
2452 680 2674 734 omnino
2702 681 2893 737 evitari
2917 700 3027 739 non
3056 688 3255 756 possit.
3294 689 3348 744 Si
3371 706 3531 747 suam
3550 695 3784 753 salutem

2196 764 2377 838 magis
2406 766 2576 838 eligit,
2605 768 2784 824 minus
2822 774 3126 842 proximum
3183 776 3379 850 diligit.
3439 781 3495 835 Si
3547 784 3791 853 proximi

2194 860 2427 917 salutem
2448 864 2625 933 magis
2646 866 2818 940 eligit,
2850 869 3020 924 Deum
3052 871 3231 928 minus
3257 874 3437 948 diligit
3457 895 3619 949 quam
3649 897 3787 952 pro-

2190 948 2419 1017 ximum,
2455 969 2485 1006 a
2516 970 2623 1023 quo
2644 956 2891 1024 separari
2920 958 3029 1014 vult
3058 969 3285 1032 prOpter
3314 948 3785 1034 proximum-Sed

2187 1044 2325 1102 forte
2350 1048 2474 1118 quis
2502 1049 2645 1107 dicat
2674 1067 2860 1123 parem
2891 1055 3237 1113 dilectionem
3267 1060 3445 1118 facere
3476 1080 3583 1120 non
3615 1082 3782 1138 posse

2186 1133 2508 1193 electionem
2543 1155 2557 1193 :
2590 1148 2880 1214 utrumque
2913 1146 3196 1211 aequaliter
3215 1148 3376 1217 velle,
3408 1161 3463 1207 et
3490 1133 3782 1227 utrumque

2183 1232 2457 1303 mqualiter
2486 1234 2651 1302 nolle,
2700 1254 2802 1294 nec
2832 1252 2996 1310 posse
3043 1242 3268 1300 alterum
3300 1247 3452 1303 alteri
3509 1252 3780 1321 praeferre

2179 1327 2236 1383 in
2263 1330 2482 1399 nptione
2513 1346 2635 1403 quae
2662 1335 3050 1404 pariaomnino
3081 1346 3329 1398 constant
3359 1342 3411 1398 in
3444 1343 3769 1405 dilectione.

2180 1417 2270 1472 Sic
2298 1434 2434 1490 ergo
2467 1419 2606 1477 forte
2632 1423 2753 1492 quis
2782 1424 3304 1497 hancobjectionem
3336 1433 3542 1490 evitare
3559 1447 3781 1493 conten-

2176 1505 2285 1560 dat.
2321 1508 2427 1562 Sed
2456 1510 2587 1580 quid
2616 1511 2859 1567 dicemus
2890 1516 2917 1566 ‘?
2949 1516 3005 1572 Si
3034 1534 3198 1573 unum
3222 1521 3457 1593 aliquem
3474 1524 3776 1596 hominem,

2176 1610 2326 1659 tuum
2355 1605 2588 1679 diligere
2617 1608 2792 1665 debeo
2822 1620 3078 1683 quantum
3136 1618 3426 1689 meipsum,
3460 1638 3664 1689 nonne,
3728 1628 3776 1681 si

2172 1699 2282 1755 duo
2307 1710 2433 1756 sunt
2462 1711 2553 1758 aut
2584 1713 2712 1772 tres,
2735 1712 3325 1786 autquatuor,diligere
3343 1718 3577 1789 amplius
3592 1720 3776 1777 debeo

2698 1762 2708 1772 ι
2850 1762 2869 1779 ι
2890 1762 2906 1763 η
2934 1762 2963 1764 νε
2978 1762 3001 1765 ν
3016 1762 3031 1766 τ
3045 1762 3059 1765 -
3077 1762 3089 1779 ν
3103 1762 3281 1786 ----υν-
3299 1762 3325 1771 ν
3343 1762 3577 1789 *υτ-ἐὐ
3594 1762 3771 1777 *ν’-’νυ

470 1780 615 1850 bo(1
645 1783 764 1838 Cor.
800 1784 933 1850 xu).
977 1804 998 1829 ι»
1035 1784 1283 1838 Ascende
1304 1800 1457 1855 ergo,
1504 1786 1632 1840 dum
1664 1796 1818 1857 potes
1852 1803 1863 1842 :
1896 1788 2059 1845 modo
2089 1762 2140 1822 Β
2170 1814 2334 1870 quam
2364 1800 2655 1872 meipsum.
2703 1804 2792 1860 Sic
2823 1808 3027 1862 vadunt
3086 1813 3415 1881 quaestiones
3462 1816 3771 1886 hominum,

472 1876 687 1939 tempus
719 1877 801 1924 est
857 1871 1140 1925 crescendi
1172 1879 1224 1925 et
1278 1872 1600 1942 proficiendi
1635 1891 1646 1939 ;
1682 1878 1891 1945 postea,
1941 1893 2065 1933 cum

467 1958 996 2013 consummabuntur
1018 1960 1216 2023 omnia,
1243 1962 1413 2015 stabis
1444 1962 1498 2015 in
1535 1979 1599 2017 eo
1620 1964 1685 2018 ad
1710 1966 1859 2035 quod
1880 1982 2069 2037 perve-

464 2047 632 2102 neris.
670 2044 733 2101 Et
763 2047 870 2101 hoc
902 2046 1003 2101 erit
1034 2063 1302 2101 summum
1334 2055 1483 2104 tuum
1514 2049 1568 2105 in
1594 2051 1705 2117 illo,
1734 2070 1898 2124 supra
1918 2054 2065 2127 quod

463 2158 572 2199 non
604 2143 836 2198 transies
874 2142 1108 2213 amplius
1145 2161 1158 2209 ;
1193 2143 1287 2199 sed
1321 2161 1588 2202 summurn
1616 2147 1759 2204 illius
1797 2166 1905 2205 non
1963 2150 2064 2207 erit

462 2234 518 2287 in
550 2248 657 2303 quo
677 2240 990 2302 prepterea,
1023 2232 1068 2285 si
1096 2239 1229 2297 stas,
1259 2235 1411 2304 quasi
1435 2251 1543 2290 non
1568 2234 1815 2292 invenias
1831 2238 2063 2310 amplius

463 2336 569 2392 quo
591 2334 831 2375 ereseas.
875 2320 1089 2375 Idcirco
1121 2321 1377 2385 ascende,
1433 2321 1560 2377 dum
1592 2331 1766 2397 potes,
1801 2335 2063 2398 quantum

460 2423 616 2487 potes
653 2435 664 2470 :
700 2430 978 2487 nunquam
1016 2416 1178 2472 nimis
1225 2425 1401 2489 potes,
1434 2418 1526 2474 ubi
1579 2437 1857 2494 nunquam
1904 2432 2061 2496 potes

462 2512 658 2560 totum.
700 2502 883 2575 Dilige
907 2504 1201 2560 Dominum
1228 2507 1403 2562 Deum
1462 2516 1610 2564 tuum
1641 2525 1705 2565 ex
1737 2518 1849 2567 toto
1892 2510 2059 2569 corde

460 2611 571 2669 tuo,
606 2609 657 2657 et
680 2616 745 2656 ex
770 2605 884 2656 tota
914 2603 1093 2657 anima
1127 2609 1243 2668 tua,
1277 2611 1329 2659 et
1384 2621 1448 2659 ex
1480 2613 1589 2663 tota
1618 2617 1800 2664 mente
1858 2617 1967 2677 tua,
2001 2619 2061 2666 ut

461 2708 530 2747 ex
588 2688 682 2745 illo
714 2697 882 2746 totum
906 2697 1054 2745 tuum
1079 2690 1369 2762 impleatur
1401 2708 1413 2761 ;
1449 2694 1607 2750 etiam
1626 2696 1824 2753 siatuo
1844 2707 1974 2767 toto,
1999 2696 2059 2754 il-

453 2780 561 2836 lius
581 2795 688 2836 non
715 2778 959 2849 capiatur
988 2784 1182 2846 totum,
1244 2781 1419 2853 replet
1441 2787 1512 2852 te,
1539 2790 1592 2841 et
1647 2784 2059 2857 superabundat

452 2876 506 2932 in
540 2891 625 2930 se.
666 2872 723 2930 Si
752 2890 855 2929 vas
902 2891 1012 2930 non
1042 2874 1226 2932 deficit
1252 2876 1434 2934 oleum
1492 2878 1714 2937 sufficit.
1746 2882 1852 2939 Cor
1910 2892 2055 2939 tuum

450 2989 547 3031 vas
577 2980 678 3041 est,
712 2987 869 3027 amor
897 2971 1044 3027 illius
1076 2972 1276 3029 oleum.
1309 2974 1566 3044 Quandiu
1606 2994 1706 3036 vas
1735 2980 1929 3047 habes,
1960 2980 2054 3039 ille

447 3070 737 3126 inlundere
770 3068 949 3125 oleum
980 3086 1089 3126 non
1133 3080 1311 3128 cessat
1340 3074 1437 3141 (IV
1462 3076 1586 3147 Reg.
1618 3076 1718 3145 iv),
1751 3085 1805 3133 et
1857 3087 2050 3149 postea

2166 1894 2219 1940 et
2273 1887 2583 1958 inquietant
2626 1892 2877 1950 homines
2958 1900 3284 1970 semetipsos
3344 1904 3772 1974 cogitationibus

2164 1983 2306 2039 suis.
2358 1986 2560 2043 Dicunt
2615 1989 2801 2045 enim:
2837 1991 2995 2057 Quod
3019 1995 3214 2052 melius
3262 2007 3365 2067 est,
3397 2001 3636 2072 amplius
3653 2005 3769 2059 dili-

2162 2083 2401 2153 gendum
2435 2094 2547 2143 est.
2600 2088 2875 2146 Ponamus
2922 2098 3037 2149 tres
3066 2094 3337 2165 homines,
3396 2116 3564 2157 unum
3612 2103 3769 2171 hinc,

2162 2179 2301 2235 duos
2332 2182 2484 2238 inde.
2526 2184 2661 2242 Dico
2710 2187 2837 2257 quia
2865 2189 3046 2258 perire
3074 2207 3301 2250 necesse
3332 2204 3416 2251 est
3468 2206 3561 2253 aut
3591 2217 3768 2257 unum

2161 2266 2345 2336 istum,
2377 2280 2469 2326 aut
2498 2273 2640 2330 duos
2668 2275 2815 2331 illos.
2850 2278 2949 2335 Dic
2969 2295 3103 2352 ergo
3124 2288 3178 2337 tu
3197 2282 3331 2337 mihi
3357 2301 3371 2339 :
3402 2284 3541 2354 Quid
3574 2290 3766 2362 eligis,

2162 2365 2254 2436 qui
2284 2367 2594 2437 proximum
2616 2378 2768 2427 tuum
2789 2372 2974 2445 diligis
2994 2383 3249 2449 tanquam
3267 2379 3503 2451 teipsum
3519 2386 3546 2438 *ἲ
3562 2386 3765 2442 Melius

2160 2469 2244 2517 est
2274 2464 2455 2533 perire
2484 2483 2650 2523 unum
2681 2481 2844 2540 quam
2865 2471 3023 2538 duos,
3058 2473 3190 2545 quia
3208 2476 3406 2533 melius
3435 2488 3519 2535 est
3539 2482 3764 2541 salvere

2160 2557 2299 2613 duos
2328 2576 2492 2631 quam
2522 2578 2710 2619 unum.
2758 2563 2907 2628 Ideo,
2939 2567 3139 2638 inquis,
3162 2573 3342 2644 magis
3387 2574 3534 2645 eligo
3561 2586 3621 2632 ut
3652 2594 3759 2649 pe-

2160 2656 2277 2702 reat
2308 2664 2461 2705 unus
2488 2660 2538 2706 et
2560 2651 2668 2707 duo
2698 2653 2994 2710 salvantur.
3030 2658 3180 2730 Ergo
3210 2661 3295 2716 vis
3322 2668 3380 2716 ut
3400 2666 3577 2736 magis
3637 2668 3761 2723 sal-

2158 2744 2353 2792 ventur
2372 2738 2482 2796 duo
2506 2740 2593 2795 isti
2607 2756 2767 2812 quam
2795 2742 2885 2798 ille
2905 2759 3064 2801 unus.
3098 2747 3292 2805 Nonne
3314 2765 3451 2823 ergo
3470 2752 3608 2810 illud
3634 2772 3757 2812 ma-

2156 2825 2243 2897 gis
2271 2826 2478 2898 diligis,
2502 2829 2652 2898 quod
2682 2830 2865 2900 potius
2893 2840 2976 2887 est
3007 2833 3170 2906 eligis
3203 2852 3217 2891 :
3246 2837 3339 2904 ita,
3358 2839 3556 2912 inquis,
3581 2846 3767 2900 omni-

2157 2929 2228 2969 no
2248 2915 2428 2985 magis
2457 2916 2654 2989 diligo.
2693 2918 2828 2975 Vide
2857 2936 2994 2991 ergo
3020 2922 3151 2994 quid
3182 2936 3463 2997 sequatur.
3489 2930 3763 3003 Superius

2153 3010 2332 3058 autem
2349 3003 2635 3061 confessus
2663 3023 2725 3063 es
2754 3007 2883 3079 quia
2917 3018 3127 3067 tantum
3158 3012 3366 3088 diligis,
3397 3018 3504 3085 vel,
3562 3021 3609 3075 si
3642 3037 3759 3079 non

2078 3116 2126 3178 ο
2155 3090 2361 3165 diligis,
2420 3093 2656 3167 diligere
2707 3096 2876 3152 debes
2929 3099 3236 3169 proximum
3280 3112 3432 3162 tuum
3488 3118 3756 3180 quantum

447 3175 571 3216 cum
599 3167 653 3213 tu
684 3157 919 3229 amplius
948 3174 1046 3215 vas
1086 3175 1201 3215 non
1231 3158 1425 3229 habes,
1456 3160 1549 3219 ille
1581 3164 1758 3222 adhuc
1810 3167 2046 3239 amplius
2080 3157 2126 3178 ν
2153 3157 2415 3254 ιείρὲυέῃ,
2457 3157 2679 3256 Sivergo
2710 3157 3123 3261 tantumdiligis
3152 3206 3318 3247 unum
3347 3157 3522 3257 istim:
3568 3213 3754 3269 quan-

446 3257 627 3314 oleum
657 3256 840 3313 habet.
874 3256 1170 3327 PrOpterea
1199 3258 1312 3314 noli
1340 3275 1564 3331 parcere
1580 3260 1680 3329 illi,
1713 3277 1849 3335 cape
1862 3279 2044 3336 quan-

442 3364 556 3411 tum
589 3361 773 3425 potes.
802 3352 982 3425 Dilige
1003 3362 1260 3426 quantum
1288 3354 1512 3424 sufficis,
1545 3357 1670 3428 quia
1696 3356 1789 3413 ille
1816 3357 2040 3414 nonde-

442 3452 573 3509 ficit.
609 3449 791 3521 Dilige
820 3466 886 3505 ex
909 3456 1021 3506 toto
1068 3450 1236 3506 corde
1259 3458 1372 3517 tuo,
1399 3459 1452 3508 et
1480 3468 1547 3508 ex
1577 3460 1690 3510 tota
1716 3452 1899 3510 anima
1924 3462 2037 3524 tua,

448 3549 502 3598 et
532 3556 598 3596 ex
631 3546 743 3595 tota
772 3546 952 3594 mente
984 3545 1091 3608 tua,
1141 3539 1198 3594 id
1247 3548 1327 3595 est
1358 3556 1426 3596 ex
1456 3547 1572 3598 toto
1600 3542 1878 3599 intellectu
1921 3551 2034 3612 tuo,

440 3645 494 3693 et
522 3652 589 3692 ex
619 3642 730 3691 toto
755 3631 953 3690 aﬁ‘ectu
984 3641 1094 3700 tuo,
1126 3642 1179 3690 et
1199 3650 1266 3691 ex
1294 3642 1405 3693 tota
1434 3638 1828 3695 memoriatua.
1854 3638 2037 3707 Quan-

437 3742 551 3790 tum
602 3731 887 3804 intelligis,
947 3738 1211 3804 quantum
1264 3734 1433 3805 sapis,
1493 3745 1748 3808 quantum
1803 3736 2029 3804 sufﬁcis,

436 3840 648 3888 tantum
677 3829 873 3903 dilige.
912 3831 1109 3886 Totum
1154 3831 1468 3904 cognitione
1496 3833 1805 3906 impleatur,
1854 3843 2027 3891 totum

432 3929 722 3986 dilectione
739 3925 1031 3993 afﬁciatur,
1064 3932 1236 3983 totum
1264 3928 1526 3985 memoria
1547 3938 1812 3986 teneatur.
1839 3931 2029 4001 Quan—

428 4023 917 4091 tumilluminaris,
965 4030 1169 4080 tantum
1225 4025 1504 4095 efﬁciat-is,
1537 4035 1593 4083 ut
1648 4034 1816 4084 totum
1863 4025 2027 4085 dulce

430 4126 499 4181 sit
520 4121 784 4196 quidquid
814 4122 885 4177 de
932 4119 1026 4176 illo
1080 4121 1136 4175 in
1194 4123 1565 4196 cognitionem
1601 4131 1655 4180 et
1705 4124 2024 4181 memoriam

428 4214 592 4273 venit.
626 4211 683 4268 Si
703 4218 848 4267 recte
869 4215 1041 4266 totum
1087 4212 1378 4283 probatur,
1415 4227 1512 4270 cur
1539 4224 1647 4269 non
1678 4220 1849 4270 totum
1896 4212 2025 4269 dili-

426 4315 610 4384 gatur.
644 4308 921 4378 Quantum
977 4323 1113 4380 ergo
1159 4309 1505 4368 innotescere
1561 4310 1815 4385 dignatur
1860 4311 2022 4368 nobis

424 4406 631 4455 tantum
661 4396 924 4468 diligatur
951 4411 981 4450 a
1010 4397 1193 4452 nobis.
1220 4397 1414 4454 Totum
1436 4399 1584 4473 quod
1611 4414 1811 4473 capere
1830 4402 2017 4475 possi-

420 4504 544 4544 mus
573 4484 885 4557 diligamus,
910 4491 964 4538 et
992 4494 1257 4556 quantum
1292 4500 1611 4557 possumus.

679 4584 754 4638 De
783 4596 1057 4638 mensura
1082 4583 1363 4655 diligendi
1391 4588 1750 4657 proximum.

491 4685 569 4739 De
596 4680 884 4738 dilectione
913 4679 1154 4751 proximi
1171 4680 1302 4737 dicit
1320 4683 1476 4738 nobis
1498 4684 1779 4755 Scriptura
1810 4704 1823 4741 :
1864 4708 1886 4736 «
1910 4685 2012 4741 Di-

417 4774 560 4849 liges
589 4770 902 4845 proximum
932 4775 1083 4825 tuum
1141 4770 1283 4826 sicut
1310 4771 1541 4842 teipsum
1570 4772 1770 4842 (ιευει.
1803 4778 1942 4845 xu).
1979 4798 2002 4824 υ

416 4862 577 4934 Quod
605 4859 921 4916 mandatum
966 4862 1095 4914 tunc
1121 4859 1371 4930 profecto
1428 4860 1737 4933 implemus,
1769 4862 1818 4919 si
1873 4878 2009 4920 vera

414 4954 547 5010 citra
572 4949 628 5006 id
656 4949 803 5023 quod
832 4946 993 5004 nobis
1035 4949 1291 5020 cupimus
1323 4949 1552 5019 bonum,
1582 4952 1742 5007 etiam
1798 4951 1877 5008 illi
1906 4966 2007 5009 eu-

411 5042 654 5114 piamus.
692 5041 753 5093 In
786 5037 987 5109 quibus
1027 5038 1174 5094 enim
1225 5037 1595 5111 nosmetipsos
1623 5047 1771 5098 recte
1822 5041 2005 5115 diligi-

411 5144 534 5185 mus
563 5128 870 5199 proximum
898 5133 1167 5194 nostrum,
1202 5128 1320 5185 sive
1344 5127 1415 5183 ad
1461 5129 1843 5185 necessitatem
1872 5142 2002 5186 cor-

412 5218 579 5289 poris,
604 5217 724 5271 sive
755 5215 825 5269 ad
852 5215 1046 5270 animis
1093 5216 1343 5286 salutem,
1381 5216 1500 5273 sine
1528 5217 1743 5274 ﬁctione
1771 5217 2000 5292 diligere

411 5315 465 5362 et
494 5311 757 5376 quantum
791 5302 1185 5359 rationabiliter
1236 5319 1551 5375 possumus,
1582 5307 1844 5376 adjuvare
1895 5309 2000 5366 de-

408 5395 622 5450 bemus.
653 5390 914 5458 Qumrunt
942 5399 1123 5447 autem
1150 5392 1320 5463 aliqui
1348 5394 1394 5448 i
1422 5394 1476 5448 id
1499 5396 1651 5466 quod
1678 5394 1879 5453 dictum
1892 5406 1994 5466 est,

416 5507 437 5533 υ
471 5483 616 5537 sicut
642 5479 896 5547 teipsum,
933 5497 954 5527 κ
989 5479 1289 5534 secundum
1320 5482 1726 5540 similitudinem
1763 5493 1992 5559 tantum,

407 5570 523 5628 sive
552 5568 718 5626 etiam
746 5564 1048 5621 secundum
1077 5566 1437 5635 aequalitatem
1464 5571 1885 5645 intelligendum
1902 5577 1993 5634 sit.

401 5659 542 5715 Nam
570 5655 621 5719 si,
645 5651 934 5725 proximos
963 5660 1188 5739 nostros
1237 5661 1438 5711 tantum
1467 5660 1697 5739 diligere
1736 5662 1994 5731 iubemur

404 5755 665 5819 quantum
694 5737 1078 5810 nosmetipsos,
1094 5738 1305 5827 videtur
1321 5737 1575 5812 quiddam
1605 5750 1985 5821 scrupulosum

2153 3276 2265 3326 tum
2298 3270 2551 3342 teipsum,
2584 3280 2637 3328 et
2666 3289 2882 3330 rursum
2910 3274 3054 3331 duos
3076 3276 3210 3333 istos
3225 3280 3347 3352 plus
3374 3282 3563 3357 diligis
3583 3303 3754 3359 quam

2149 3359 2415 3441 teipsum,
2446 3360 2569 3431 plus
2589 3359 2773 3434 itaque
2801 3362 2939 3419 duos
2962 3364 3086 3421 illos
3106 3366 3292 3442 diligis
3314 3375 3747 3445 quamteipsum.

2150 3438 2213 3502 Et
2244 3448 2290 3502 si
2319 3446 2442 3503 illos
2472 3447 2611 3504 duos
2641 3449 2765 3520 plus
2790 3451 2977 3525 diligis
3007 3469 3169 3525 quam
3191 3438 3447 3529 teipsum,
3481 3438 3744 3534 quantum

2148 3535 2365 3592 videtur
2396 3536 2520 3608 plus
2550 3537 2867 3609 diligisillos
2879 3556 3043 3612 quam
3061 3544 3231 3600 Deum
3253 3556 3479 3620 propter
3491 3568 3633 3624 quos
3656 3572 3744 3612 se-

2143 3624 2325 3695 parari
2356 3624 2437 3681 vis
2466 3626 2533 3680 ab
2564 3641 2648 3697 eo,
2683 3635 2741 3683 ut
2769 3629 2943 3685 Deum
2962 3646 3071 3687 non
3099 3633 3517 3712 habeas,neque
3537 3642 3741 3716 diligas

2142 3722 2315 3777 Deum
2348 3729 2407 3778 ut
2436 3727 2722 3794 pereastu,
2754 3732 2809 3781 ut
2834 3725 2913 3781 illi
2932 3727 3070 3783 salvi
3087 3727 3216 3786 ﬁant
3247 3749 3260 3785 :
3292 3732 3741 3797 Etfortassisali-

2141 3810 2260 3884 quis
2289 3811 2580 3867 aestimabit
2609 3812 2884 3885 ejusmodi
2910 3815 3255 3875 dilectionem
3295 3822 3556 3883 habuisse
3586 3831 3741 3903 Moy-

2140 3914 2258 3965 sen,
2280 3900 2369 3972 qui
2394 3899 2648 3956 irascenti
2676 3903 2792 3958 Deo
2820 3918 2921 3974 pro
2952 3905 3123 3963 salute
3150 3910 3527 3979 proximorum
3554 3932 3617 3974 se
3638 3899 3739 3991 op—

2135 3996 2477 4065 ponensait:
2520 4021 2538 4047 ιι
2574 3998 2762 4054 Sinon
2787 3999 3012 4056 dimittis
3028 4002 3109 4057 eis
3158 4004 3548 4076 hancnoxiam,
3604 4013 3736 4071 dele

2134 4099 2223 4140 me
2246 4084 2316 4140 de
2344 4084 2487 4174 libro
2516 4102 2677 4159 quem
2707 4087 2974 4160 scripsisti
2987 4091 3165 4160 (Exod
3183 4096 3384 4167 χχχιι).
3422 4120 3443 4145 η
3480 4099 3545 4154 Et
3574 4102 3733 4174 Apo-

2134 4172 2305 4227 stolus
2334 4190 2436 4245 pro
2468 4173 2717 4230 fratribus
2743 4178 3033 4233 anathema
3065 4196 3187 4237 esse
3234 4184 3377 4254 cupit
3403 4201 3438 4241 a
3483 4172 3729 4259 Christo,

2131 4269 2185 4314 ut
2221 4260 2300 4314 illi
2332 4262 2472 4317 salvi
2500 4262 2627 4318 ﬁant
2656 4264 2711 4317 in
2740 4264 2954 4322 Christo
3012 4268 3186 4337 (Rom.
3221 4274 3320 4342 ix),
3378 4282 3431 4331 et
3486 4275 3727 4336 fortasse

2128 4350 2230 4405 hac
2245 4349 2440 4423 aliquis
2471 4350 2631 4406 etiam
2656 4351 2724 4407 ad
2752 4368 2997 4409 amorem
3018 4352 3121 4412 Dei
3150 4357 3427 4429 pertinere
3455 4366 3731 4437 credat,ut

2039 4469 2093 4530 Β
2126 4451 2253 4491 eum
2286 4443 2497 4494 tantum
2528 4438 2839 4513 diligamus,
2860 4450 2918 4497 ut
2947 4441 3177 4515 gloriam
3192 4448 3380 4517 ejusin
3402 4448 3523 4509 aliis
3542 4457 3725 4526 potius

2123 4525 2444 4597 amplificari
2504 4541 2667 4599 quam
2696 4529 2749 4583 in
2774 4528 2932 4585 nobis
2978 4536 3243 4590 eoarctari
3293 4525 3597 4610 cupiamus.
3660 4543 3725 4602 Et

2118 4622 2413 4685 propterea
2442 4631 2544 4686 pro
2573 4615 2748 4673 salute
2795 4618 3087 4675 multorum
3114 4631 3355 4680 nostram
3402 4629 3566 4686 nobis
3597 4646 3721 4705 per-

2118 4703 2379 4760 ditionem
2401 4704 2715 4777 cptandam,
2749 4708 2804 4763 ut
2832 4706 3016 4780 potius
3044 4709 3199 4767 multi
3231 4712 3579 4777 salvanturet
3603 4703 3717 4779 nos

2116 4806 2429 4864 pereamus,
2463 4806 2625 4866 quam
2656 4795 2805 4852 multi
2833 4804 3065 4869 pereant
3094 4806 3146 4857 et
3174 4815 3276 4859 nos
3304 4802 3608 4865 salvemur.

2189 4902 2297 4963 Sed
2337 4905 2684 4967 considerate
2737 4909 2994 4983 quoniam
3042 4910 3182 4971 ordo
3235 4910 3545 4978 dilectionis
3586 4922 3715 4983 talis

2115 5000 2219 5064 est,
2250 5000 2305 5052 ut
2335 5004 2458 5054 ante
2488 5013 2549 5055 se
2570 4996 2763 5073 diligat
2792 4998 2956 5058 homo
2986 5018 3149 5075 quam
3177 5007 3493 5076 proximum
3528 5026 3710 5086 suum,

2113 5095 2270 5163 cujus
2300 5092 2647 5153 dilectionem
2677 5113 2709 5153 a
2730 5113 2831 5154 sua
2861 5099 3079 5158 trahere
3110 5110 3163 5159 et
3195 5100 3436 5164 formare
3459 5110 3710 5182 iubetur,

2109 5206 2232 5246 cum
2292 5191 2520 5248 dicitur:
2560 5218 2580 5243 ιι
2643 5194 2853 5268 Diliges
2882 5197 3187 5268 proximum
3244 5210 3395 5259 tuum
3426 5206 3567 5264 sicut
3622 5218 3708 5266 te-

2108 5286 2307 5358 ipsum.
2339 5313 2360 5338 »
2399 5291 2457 5346 Si
2486 5292 2627 5347 enim
2660 5294 2969 5364 proximum
2997 5312 3155 5354 suum
3189 5298 3381 5372 diliget
3409 5304 3555 5361 sicut
3608 5324 3705 5364 se-

2104 5386 2303 5457 ipsum,
2329 5389 2603 5461 quomodo
2622 5390 2933 5463 proximum
2956 5392 3295 5465 diliget,cum
3314 5400 3564 5473 seipsum
3591 5420 3707 5462 non

2104 5475 2301 5548 diligit.
2333 5476 2390 5532 Si
2448 5478 2595 5533 enim
2649 5479 2959 5551 proximum
3007 5499 3165 5545 suum
3196 5486 3371 5562 diligit
3420 5490 3568 5549 sicut
3615 5509 3704 5552 sei-

2102 5562 2311 5633 ipsum,
2338 5564 2586 5636 profectu
2617 5566 2723 5624 hoc
2752 5568 2829 5624 illi
2858 5570 3011 5641 cupit
3037 5578 3091 5627 et
3120 5577 3274 5644 optat
3301 5577 3449 5647 quod
3478 5579 3606 5635 sibi.
3639 5582 3699 5638 Si

2100 5668 2282 5716 autem
2301 5660 2406 5718 hoc
2434 5662 2510 5717 illi
2539 5664 2757 5721 evenire
2777 5666 3055 5723 desiderat
3096 5670 3240 5743 quod
3260 5672 3383 5742 sibi,
3415 5680 3695 5748 quomodo

2097 5755 2241 5814 illius
2268 5756 2493 5817 salutem
2514 5758 2788 5820 desiderat
2809 5764 2900 5837 qui
2927 5780 3083 5821 suam
3114 5768 3478 5838 perditionem
3503 5783 3681 5848 Optat.
