4062 6074
269 200 376 256 837

1233 211 1820 272 ΒΕΕΙΑΟΒΑΤῙΟΝΕΞ
1857 213 2310 274 SS.'PATRUM.
2352 251 2418 259 —
2458 218 2583 274 LIB.
2627 217 2668 272 Ι.

3470 224 3572 277 838

270 333 460 406 Itaque
518 334 750 405 primum
806 337 1051 412 seipsum
1115 344 1254 402 bene
1312 345 1546 420 diligere
1603 343 1787 412 debet,
1821 349 1878 398 ut
1905 343 1961 403 A
1989 351 2072 401 est
2102 362 2262 419 quam
2295 343 2398 401 sibi
2425 344 2690 418 diligere:
2721 343 2826 402 hoc
2853 354 2938 403 est
2969 347 3105 404 velle
3124 347 3256 403 illud
3287 355 3339 404 ct
3359 346 3574 404 deside-

268 437 470 499 postea
493 431 792 489 secundum
821 449 880 492 se
902 435 1044 495 bene
1073 439 1267 515 diligat
1287 448 1340 498 et
1360 441 1666 516 proximum
1691 457 1868 497 suum.

271 524 330 581 Si
352 535 534 583 autem
567 544 627 586 se
655 531 889 604 perdere
921 536 1112 593 vultut
1137 539 1348 596 salvum
1378 539 1542 598 faciat
1561 539 1873 613 proximum

275 629 468 683 suum,
516 633 628 673 non
657 629 739 676 est
794 621 1049 682 ordinata
1104 625 1352 696 dilectio,
1407 627 1536 702 quia
1565 644 1666 699 pro
1693 627 1874 683 anima

271 720 369 759 sua
396 703 600 760 nullam
635 713 1114 770 commutationem
1149 716 1278 772 dare
1319 724 1501 788 potest
1529 718 1718 772 homo.
1758 717 1874 774 Hoc

272 793 419 847 enim
449 809 480 876 a
512 801 564 850 te
593 797 830 866 primum
881 801 1111 874 requirit
1151 804 1317 872 Deus,
1350 813 1408 860 ut
1463 804 1698 860 animam
1727 813 1873 860 tuam

269 887 369 946 des
392 889 491 962 illi,
525 891 726 950 deinde
742 904 940 956 caetera
966 897 1231 970 adjicias.
1262 900 1323 957 Si
1347 900 1478 976 quid
1493 918 1595 974 pro
1613 903 1719 958 isto
1739 902 1873 959 dare

267 977 512 1035 volueris
542 998 652 1038 non
701 984 983 1056 accipitur,
1017 988 1125 1045 nisi
1190 989 1409 1045 dederis
1440 998 1494 1047 et
1518 991 1687 1046 istud.
1751 991 1873 1046 Pri-

269 1082 424 1123 mum
458 1068 624 1138 istud,
656 1072 872 1146 reliqua
898 1091 1022 1132 cum
1052 1075 1177 1133 isto.
1234 1077 1360 1134 Non
1389 1082 1578 1134 autem
1611 1078 1736 1136 dico
1767 1078 1873 1136 duo

265 1163 358 1211 aut
387 1163 497 1213 tres
518 1167 608 1214 aut
655 1169 889 1233 quatuor
916 1164 1194 1233 homines,
1256 1165 1353 1222 sed
1375 1183 1477 1223 nec
1508 1175 1676 1224 totum
1707 1183 1872 1223 mun—

265 1251 399 1308 dum
437 1262 627 1311 contra
661 1257 898 1314 animam
945 1269 1094 1316 tuam
1144 1261 1377 1336 diligere
1408 1262 1605 1320 debes.
1643 1263 1698 1318 Si
1727 1263 1872 1322 enim

264 1340 480 1413 aliquid
512 1343 637 1416 plus
696 1364 855 1419 quam
913 1349 1154 1404 animam
1213 1359 1356 1406 tuam
1386 1351 1605 1425 deligis,
1638 1352 1874 1424 idipsum

263 1429 512 1498 profecto
541 1433 838 1507 plusquam
869 1435 1043 1493 Deum
1067 1433 1295 1512 diligere
1323 1440 1713 1513 comprobaris,
1749 1439 1874 1513 quia

267 1529 543 1585 aunimam
578 1539 726 1586 tuam
781 1549 892 1588 non
949 1532 1136 1608 diligis
1181 1534 1288 1592 nisi
1335 1537 1389 1592 in
1429 1553 1495 1594 eo
1549 1537 1688 1605 solo,
1747 1537 1872 1608 quia

246 1616 469 1677 bonum
500 1617 644 1674 illius
676 1621 823 1693 quod
853 1619 1000 1678 Deus
1033 1632 1115 1679 est
1143 1621 1351 1698 diligis.
1393 1625 1600 1682 Idcirco
1629 1623 1872 1696 primum

1981 449 2130 490 rare.
2167 429 2304 505 Quia
2336 434 2480 491 enim
2510 432 2687 490 omnis
2719 434 2810 506 qui
2840 433 3042 490 bonum
3073 453 3231 492 suum
3251 433 3450 509 diligit,
3469 436 3574 492 sibi

1981 528 2158 603 diligit
2191 549 2204 598 ;
2237 537 2289 588 et
2347 547 2560 586 rursum
2615 530 2741 603 quia
2796 531 2974 586 omnis
3031 531 3122 604 qui
3153 533 3328 588 Deum
3376 532 3573 609 diligit,

1983 619 2186 674 bonum
2243 636 2398 674 suum
2453 619 2650 691 diligit,
2700 627 2909 676 constat
2954 621 3204 692 profecto
3234 622 3361 696 quia
3412 639 3576 679 nemo

1982 707 2159 764 Deum
2179 705 2375 780 diligit,
2427 705 2514 780 qui
2533 708 2637 764 sibi
2689 704 2840 763 illum
2892 725 3001 765 non
3042 709 3249 783 diligit;
3302 718 3355 765 et
3398 712 3576 766 omnis

1981 803 2073 877 qui
2103 803 2279 876 diligit
2307 804 2416 860 sibi
2445 803 2642 878 diligit,
2677 804 2805 880 quia
2832 805 3107 862 desiderat
3136 814 3188 862 et
3209 806 3413 864 habere
3429 808 3577 880 cupit

1982 910 2142 966 quem
2172 891 2369 966 diligit.

2053 992 2212 1046 Item.
2250 989 2390 1058 Quia
2419 1005 2527 1046 non
2556 989 2734 1045 omnis
2763 991 2853 1063 qui
2875 991 3076 1048 bonum
3116 992 3339 1049 alterius
3377 989 3573 1068 diligit,

1980 1075 2130 1133 illum
2163 1077 2340 1150 diligit
2365 1078 2516 1147 cujus
2561 1079 2763 1134 bonum
2794 1078 2990 1152 diligit,
3043 1080 3169 1150 quia
3197 1098 3306 1136 non
3337 1080 3414 1136 illi
3443 1081 3576 1137 dili-

1980 1167 2058 1238 git
2091 1165 2299 1222 bonum
2333 1167 2477 1237 quod
2499 1165 2700 1238 diligit.
2733 1165 2986 1222 Distinxit
3024 1167 3301 1240 Scriptura.
3326 1171 3575 1227 humana:

1980 1255 2167 1322 menti,
2200 1255 2502 1311 secundum
2534 1271 2599 1310 ea
2630 1271 2750 1327 qua;
2796 1255 2851 1309 in
2901 1256 3152 1310 humanis
3210 1255 3404 1325 divisa,
3465 1258 3575 1313 ali-

1981 1349 2195 1422 quoties
2251 1349 2616 1415 inveniuntur,
2650 1347 2704 1404 id
2774 1350 2918 1422 quod
2965 1350 3148 1405 divina
3204 1352 3575 1423 inseparabile

1980 1435 2200 1506 habent,
2229 1438 2417 1493 dicens
2448 1437 2654 1493 homini
2685 1443 2760 1504 ut,
2790 1447 3077 1510 postquam
3109 1437 3280 1494 Deum
3303 1436 3572 1512 diligeret,

1979 1532 2235 1607 diligeret
2263 1543 2316 1591 et
2364 1535 2667 1607 proximum
2699 1552 2876 1600 suum,
2938 1551 3045 1590 non
3075 1537 3217 1607 quod
3264 1535 3410 1592 istud
3457 1538 3575 1593 sine

1979 1622 2084 1679 isto
2110 1622 2291 1680 facere
2311 1632 2566 1695 possunt,
2609 1621 2710 1680 sed
2740 1640 2808 1678 ne
2838 1639 3000 1694 posse
3034 1631 3306 1696 putarent.
3333 1623 3574 1681 Primum

262 1705 436 1780 dilige
468 1708 706 1763 animam
755 1715 922 1779 tuam,
976 1694 1266 1785 diligendo
1287 1711 1488 1769 bonum
1518 1694 1714 1769 animae
1742 1722 1868 1771 tuae.
1900 1694 1953 1762 Β
1981 1727 2117 1783 ergo
2148 1711 2282 1766 dixit
2306 1694 2363 1766 ut
2419 1711 2592 1766 Deum
2625 1709 2895 1782 diligeret,
2949 1721 3002 1767 et
3033 1694 3086 1766 in
3126 1729 3191 1768 eo
3213 1713 3329 1784 ipse
3355 1713 3488 1769 dixit
3519 1721 3576 1769 ut

260 1793 477 1852 Deinde
511 1796 676 1853 etiam
705 1795 874 1870 dilige
909 1799 1214 1869 proximum
1260 1808 1412 1857 tuum
1442 1802 1582 1859 sicut
1612 1802 1864 1874 teipsum,

259 1892 544 1966 diligendo
575 1895 653 1950 illi
681 1896 883 1952 bonum
918 1899 1064 1970 quod
1095 1897 1281 1973 diligis
1326 1900 1443 1954 tibi.
1466 1901 1584 1956 Hoc
1612 1908 1698 1956 est
1723 1900 1867 1957 enim

259 1979 394 2036 illud
424 1982 681 2056 diligere,
700 1983 907 2040 bonum
936 1985 1015 2040 illi
1047 1986 1296 2060 diligere.
1329 1989 1468 2043 Nam
1493 1987 1702 2044 bonum
1723 1987 1867 2043 illius

259 2069 492 2144 diligere
520 2087 738 2143 posses,
774 2072 939 2129 etiam
971 2075 1015 2129 si
1047 2073 1198 2131 illum
1227 2091 1339 2131 non
1363 2073 1644 2150 diligeres.
1670 2075 1867 2133 Posses

265 2159 412 2214 enim
443 2159 539 2214 tibi
567 2159 822 2234 diligere,
855 2171 943 2218 aut
973 2163 1136 2219 alteri
1182 2163 1425 2232 cuilibet,
1459 2171 1514 2220 et
1543 2180 1650 2220 non
1683 2164 1782 2232 illi,
1815 2172 1868 2221 et

263 2247 337 2302 ita
367 2247 520 2303 illum
567 2263 678 2304 non
707 2248 990 2322 diligeres,
1053 2253 1302 2324 quamvis
1333 2253 1538 2309 bonum
1566 2251 1709 2308 illius
1737 2252 1864 2308 dili-

263 2361 449 2418 geres,
489 2346 617 2418 quia
646 2347 723 2403 illi
751 2363 861 2403 non
881 2347 1162 2423 diligeres.
1188 2351 1387 2407 Posses
1414 2350 1641 2423 diligere
1665 2366 1865 2423 equum

261 2432 431 2500 illius,
463 2435 689 2491 domum
719 2445 769 2492 et
801 2453 1010 2510 agrum,
1041 2436 1332 2510 pecuniam
1380 2438 1545 2506 illius,
1591 2437 1864 2494 fortitudi-

256 2545 404 2596 nem,
439 2530 901 2602 pulchritudinem
931 2541 1022 2590 aut
1052 2535 1376 2607 sapientiam
1415 2534 1580 2603 illius,
1607 2535 1864 2610 quamvis

257 2616 413 2673 illum
431 2635 539 2675 non
570 2619 858 2693 diligeres,
885 2621 1013 2694 quia
1033 2621 1133 2678 tibi
1155 2621 1439 2696 diligeres,
1463 2637 1572 2679 non
1589 2622 1686 2678 illi.
1705 2622 1863 2678 Enim

257 2721 451 2762 verum
491 2707 691 2765 bonum
723 2725 833 2765 non
872 2719 1093 2782 poteras
1151 2711 1381 2784 diligere
1413 2711 1532 2779 tibi,
1573 2709 1680 2766 nisi
1732 2710 1867 2768 illud

256 2795 518 2869 diligeres
548 2804 599 2852 et
634 2812 869 2868 cuperes
897 2799 1152 2870 proximo
1186 2811 1302 2857 tuo.

327 2885 582 2940 Distinxit
611 2901 748 2959 ergo
770 2887 1051 2960 Scriptura
1102 2887 1450 2946 dilectionem
1481 2888 1637 2944 istam
1671 2903 1868 2946 secun-

257 2973 392 3030 dum
420 2973 566 3030 illam
597 2991 704 3045 qua
732 2975 787 3030 in
817 2976 937 3032 aliis
994 2985 1048 3033 et
1077 2978 1147 3034 de
1199 2973 1320 3033 aliis
1348 2978 1524 3034 bonus
1555 2985 1657 3033 est.
1705 2977 1864 3033 Dile-

1979 1799 2083 1854 sibi
2114 1800 2385 1872 diligeret,
2439 1799 2561 1872 quia
2593 1799 2769 1856 omnis
2815 1798 2904 1872 qui
2931 1798 3134 1856 bonum
3164 1818 3318 1856 suum
3374 1801 3570 1875 diligit,

1978 1896 2082 1952 sibi
2104 1897 2300 1970 diligit.
2335 1895 2470 1966 Quia
2501 1913 2609 1953 non
2631 1895 2806 1952 omnis
2837 1896 2928 1969 qui
2959 1897 3158 1952 bonum
3189 1897 3413 1953 alterius
3443 1893 3573 1954 diii-

1979 1985 2077 2056 git,
2111 1985 2187 2039 illi
2231 1985 2406 2057 diligit
2435 1985 2590 2053 cujus
2611 1985 2812 2039 bonum
2840 1983 3019 2056 diligit
3051 1994 3206 2056 ;post
3227 1985 3572 2042 dilectionem

1978 2073 2077 2128 Dei
2107 2073 2292 2128 statim
2323 2072 2602 2144 subjunxit
2655 2071 3002 2128 dilectionem
3057 2074 3307 2144 proximi,
3354 2081 3410 2129 ut
3465 2073 3572 2132 hoc

1977 2161 2142 2217 homo
2171 2160 2427 2232 proximo
2456 2177 2556 2217 suo
2614 2169 2835 2233 cuperet
2891 2161 3172 2234 diligendo
3202 2161 3374 2229 illum,
3424 2159 3569 2236 quod

1975 2258 2080 2315 sibi
2110 2258 2396 2333 diligendo
2425 2260 2622 2315 Deum.
2656 2257 2816 2327 Quod
2847 2258 3026 2328 majus
3057 2259 3257 2314 bonum
3296 2258 3430 2316 mihi
3463 2267 3565 2330 est,

1973 2363 2005 2403 a
2033 2364 2122 2404 me
2151 2347 2282 2419 plus
2310 2347 2651 2421 diligendum
2685 2355 2786 2413 est,
2849 2346 2975 2413 quia
3004 2346 3134 2402 mihi
3165 2347 3400 2418 primum
3431 2347 3569 2403 insi-

1975 2444 2090 2492 tum
2111 2439 2222 2503 est,
2255 2444 2310 2491 ut
2339 2435 2566 2510 diligam
2605 2433 2808 2490 bonum
2852 2451 3034 2490 meum
3087 2450 3098 2489 :
3149 2434 3285 2491 illud
3333 2437 3571 2493 maxime

1975 2534 2122 2606 quod
2152 2551 2339 2591 verum
2372 2534 2572 2590 bonum
2598 2542 2699 2599 est,
2751 2541 2822 2597 et,
2854 2541 2977 2604 post
3023 2530 3158 2588 illud
3187 2542 3240 2590 et
3269 2533 3570 2591 secundum

1973 2621 2126 2690 illud,
2159 2623 2385 2696 diligam
2415 2623 2616 2677 bonum
2647 2618 2881 2698 proximi
2911 2621 3038 2677 mei.
3064 2622 3376 2678 Secundum
3407 2641 3494 2679 me
3515 2631 3570 2680 et

1973 2718 2094 2782 post
2123 2727 2211 2765 me
2240 2709 2445 2780 aliquid
2475 2707 2553 2764 illi
2585 2709 2780 2776 debeo,
2823 2713 2948 2765 ante
3003 2725 3091 2765 me
3123 2707 3207 2766 vel
3238 2719 3426 2766 contra
3480 2725 3569 2768 me

1972 2797 2128 2854 nihil.
2159 2797 2410 2869 Alioquin
2437 2813 2546 2854 non
2577 2804 2743 2852 staret
2776 2815 2833 2851 τα
2852 2797 3059 2871 Diliges
3082 2798 3387 2870 proximum
3418 2805 3570 2856 tuum

1973 2885 2114 2942 sicut
2171 2885 2423 2958 teipsum,
2461 2909 2482 2933 ιι
2519 2885 2568 2940 si
2619 2885 2769 2940 illum
2808 2883 3116 2959 diligerem,
3179 2884 3304 2943 odio
3361 2887 3570 2944 habens

1972 2973 2260 3046 meipsum.
2293 2973 2604 3029 Secundum
2634 2973 2778 3029 hunc
2829 2971 3013 3045 itaque
3043 2973 3264 3030 modum
3321 2991 3434 3030 non
3462 2971 3569 3030 nisi

258 3063 492 3120 stionem
521 3064 757 3134 primum
786 3065 1110 3138 praecipiens
1166 3066 1391 3134 homini,
1425 3072 1482 3122 ut
1523 3066 1699 3122 Deum
1742 3066 1868 3122 dili-
1893 3055 1942 3118 C
1969 3059 2076 3118 duo
2107 3069 2232 3117 sunt
2262 3069 2542 3134 prmcepta
2572 3060 2848 3118 cbaritatis
2875 3079 2886 3115 :
2911 3059 3144 3132 primum
3174 3060 3244 3118 de
3273 3059 3567 3120 dilectione

259 3159 368 3226 gat,
402 3153 692 3209 intendens
715 3153 901 3226 utique
949 3163 1006 3210 ut
1035 3154 1091 3210 in
1119 3170 1186 3211 eo
1215 3155 1337 3226 ipso
1366 3157 1612 3227 seipsum
1641 3154 1857 3228 diligat,

257 3241 387 3314 quia
433 3241 660 3314 diligere
689 3242 929 3314 seipsum
981 3257 1088 3299 non
1135 3243 1281 3300 aliud
1339 3250 1419 3300 est
1447 3259 1611 3317 quam
1656 3243 1864 3300 bonum

257 3345 418 3387 suum
445 3331 700 3404 diligere,
733 3339 788 3388 et
844 3332 1046 3390 bonum
1079 3348 1236 3390 suum
1291 3332 1532 3406 diligere
1561 3345 1672 3391 non
1714 3331 1864 3388 aliud

1969 3148 2092 3217 Dei,
2123 3149 2178 3205 in
2210 3167 2318 3224 quo
2349 3151 2512 3206 homo
2540 3150 2810 3207 veraciter
2837 3145 3016 3223 diligit
3045 3149 3313 3222 seipsum.
3355 3153 3570 3210 Secun-

1970 3239 2096 3296 dum
2125 3239 2194 3296 de
2224 3239 2513 3296 dilectione
2543 3237 2802 3312 proximi,
2822 3237 2878 3294 in
2923 3253 3031 3313 quo
3064 3239 3370 3312 proximum
3390 3240 3571 3315 diligit

1971 3328 2113 3386 sicut
2142 3329 2412 3401 seipsum.

623 3617 1247 3731 DOMINICA
1293 3619 1780 3749 QUINTA
1825 3619 2158 3730 POST
2219 3616 3187 3726 THEOPHANIAM.

1488 3867 1877 3934 Secundum
1906 3864 2323 3932 Matthaaum.

336 4022 704 4102 Respondens
729 4029 892 4086 Iesus
947 4027 1121 4085 dixit:
1159 4052 1181 4078 η
1217 4028 1488 4088 Conﬁteor
1547 4028 1666 4098 tibi,
1703 4031 1859 4086 Pater

261 4125 504 4184 Domine
551 4126 677 4183 cmli
707 4133 759 4183 et
790 4133 971 4194 terrae,
1005 4127 1134 4200 quia
1177 4126 1514 4185 abscondisti
1559 4129 1678 4184 haec
1703 4143 1733 4182 a
1761 4142 1859 4184 sa-

262 4216 534 4290 pientibus
564 4224 621 4272 et
671 4216 1034 4288 prudentibus
1063 4223 1118 4272 et
1169 4215 1423 4272 revelasti
1476 4231 1544 4273 ea
1596 4215 1856 4288 parvulis,

263 4315 376 4363 etc.
413 4306 640 4377 (Matth.
680 4307 759 4377 xi)
772 4346 786 4360 .
805 4325 828 4357 ι

1967 4029 2123 4100 (Luc.
2157 4029 2288 4098 x1)»
2324 4025 2430 4082 hoc
2488 4030 2572 4081 est
2623 4021 2964 4080 humlitatem
3019 4021 3147 4080 fidei
3178 4024 3398 4090 Christi,
3456 4035 3563 4098 qua

1967 4117 2040 4174 ad
2068 4113 2363 4172 divinitatis
2395 4113 2514 4182 ejus
2539 4111 2876 4185 agnitionem
2903 4111 3195 4184 pervenire
3226 4111 3503 4186 poteratis.

2043 4245 2064 4272 ο
2098 4222 2299 4287 Etiam,
2350 4221 2524 4284 Pater,
2578 4217 2706 4288 quia
2734 4218 2814 4274 sic
2842 4218 2943 4274 fuit
2969 4217 3226 4290 placitum
3255 4228 3381 4277 ante
3413 4227 3490 4278 te.
3534 4245 3555 4269 »

1967 4321 2173 4379 Sensus
2202 4324 2288 4374 est
2320 4335 2334 4373 :
2367 4317 2543 4384 Certe,
2578 4317 2760 4384 Pater,
2794 4317 2914 4373 haec
2960 4316 3156 4386 fecisti,
3190 4318 3316 4391 quia
3345 4319 3423 4377 sic
3442 4320 3564 4392 pla-

335 4412 627 4470 Exsultans
665 4413 736 4470 de
765 4410 970 4484 Spiritu
999 4417 1210 4478 sancto,
1265 4409 1336 4467 de
1373 4409 1547 4469 salute
1575 4409 1856 4468 humilium
1883 4400 1940 4463 D
1970 4409 2081 4466 cuit
2109 4415 2239 4463 ante
2276 4413 2350 4475 te,
2412 4405 2467 4462 id
2524 4412 2607 4461 est
2637 4404 2692 4460 in
2747 4413 3044 4478 conspectu
3073 4413 3191 4462 tuo.
3240 4406 3337 4464 His
3381 4408 3567 4466 verbis

262 4510 464 4583 quibus
508 4509 850 4581 loquebatur,
889 4509 1094 4578 gratias
1122 4507 1235 4580 agit
1263 4515 1319 4563 et
1344 4507 1585 4564 exsultat
1609 4507 1667 4564 in
1696 4508 1862 4566 Patre

263 4599 414 4672 quod
467 4597 732 4670 apostolis
787 4596 1052 4652 adventus
1081 4595 1166 4652 sui
1219 4597 1442 4668 aperuit
1494 4602 1857 4666 sacramenta,

1969 4491 2221 4562 exempla
2248 4488 2566 4547 humilitatis
2605 4488 2929 4560 accipimus,
2990 4507 3059 4546 ne
3089 4498 3296 4547 temere
3325 4508 3567 4564 superna

1968 4589 2200 4648 consilia
2227 4589 2296 4645 de
2327 4588 2562 4645 aliorum
2591 4587 2877 4646 vocatione
2897 4587 3236 4661 aliorumque
3257 4590 3567 4662 repulsione

264 4705 385 4762 quin
414 4687 804 4761 ignoraverunt
831 4685 1038 4744 Scriba:
1067 4692 1122 4740 et
1180 4685 1453 4754 Pharisaei,
1488 4685 1580 4757 qui
1605 4685 1711 4742 sibi
1765 4700 1861 4752 sae
1965 4693 2382 4752 praesumamus.
2413 4679 2536 4734 Non
2569 4676 2716 4734 enim
2758 4676 3028 4737 rationem
3067 4677 3324 4743 reddidit,
3356 4677 3455 4736 sed
3485 4679 3568 4738 sic

262 4779 477 4850 pientes
507 4775 854 4832 videbantur.
924 4774 1078 4830 Unde
1108 4788 1276 4844 supra
1309 4791 1321 4826 :
1362 4792 1383 4828 ι
1413 4773 1718 4832 Justiﬁcata
1772 4780 1861 4832 est

265 4873 540 4947 sapientia
564 4887 597 4928 a
626 4871 750 4927 ﬁliis
779 4871 895 4930 suis
922 4871 1144 4940 (that).
1179 4889 1204 4922 ι
1257 4871 1541 4928 Confessio
1569 4887 1678 4927 non
1707 4888 1858 4928 sem-

263 4979 366 5036 per
392 4961 785 5036 paenitentiam,
802 4960 900 5018 sed
926 4959 1222 5032 aliquando
1263 4961 1559 5033 gratiarum
1590 4961 1860 5018 actionem

262 5050 558 5124 signiﬁcat.
589 5049 1029 5120 (Αυαυετιιωε.)
1077 5049 1140 5104 In
1191 5049 1300 5106 hoc
1351 5048 1503 5120 quod
1548 5048 1624 5106 ait
1652 5049 1856 5106 Pater:

264 5146 508 5204 ostendit
554 5159 616 5202 se
671 5159 795 5201 esse
825 5144 1073 5218 genitum
1110 5159 1146 5200 ι
1172 5145 1310 5211 Deo,
1342 5157 1452 5203 non
1505 5151 1772 5212 creatum,
1801 5151 1864 5200 ut

263 5233 508 5292 hteretici
536 5233 764 5302 dicunt;
796 5233 855 5290 in
893 5235 999 5290 hoc
1019 5232 1614 5305 quoddicitzDomine,
1646 5241 1860 5292 creato-

267 5340 383 5380 rem
411 5322 537 5379 cmli
567 5331 622 5378 et
651 5329 838 5389 term,
869 5321 1100 5394 pulchre
1127 5320 1464 5393 sapientibus
1492 5329 1546 5379 et
1573 5322 1864 5395 prudti-

262 5421 388 5489 bus,
419 5435 530 5476 non
558 5420 878 5490 insipientes
904 5427 958 5476 et
986 5418 1232 5484 hebetes,
1274 5419 1372 5476 sed
1390 5421 1671 5491 parvulos,
1694 5420 1750 5476 id
1779 5427 1865 5478 est

263 5507 498 5566 humiles
526 5509 782 5580 opposuit
810 5515 867 5564 ut
895 5507 1153 5580 probaret
1181 5523 1244 5564 se
1271 5514 1539 5565 tumorem
1577 5507 1860 5579 damnare,

263 5613 375 5655 non
405 5613 634 5655 acumen
689 5597 955 5656 scientiae.
1020 5596 1312 5654 Humilitas
1366 5597 1512 5654 enim
1556 5597 1723 5654 clavis
1779 5606 1864 5656 est

267 5686 529 5746 scientiae.
543 5683 626 5745 De
641 5700 750 5758 qua
768 5685 899 5744 alibi
916 5685 1048 5744 dicit
1066 5702 1080 5743 :
1110 5710 1130 5736 ιι
1152 5683 1373 5744 Tulistis
1393 5685 1606 5743 clavem
1625 5685 1865 5744 scientiae

1968 4769 2086 4826 Deo
2114 4767 2375 4841 placitum
2405 4765 2558 4831 dixit,
2626 4765 2927 4823 ostendens
2979 4765 3108 4838 quia
3148 4766 3407 4838 injustam
3437 4783 3566 4823 esse

1968 4871 2077 4914 non
2105 4861 2288 4930 potest
2316 4853 2463 4928 quod
2483 4852 2683 4926 placuit
2704 4854 2878 4922 justo.
2945 4853 3101 4909 Unde
3130 4861 3184 4910 et
3213 4853 3267 4907 in
3297 4853 3456 4909 vinea
3485 4855 3567 4910 la-

1967 4951 2291 5009 borantibus
2347 4948 2668 5008 mercedem
2698 4947 2939 5006 reddens
2967 4948 3042 5003 ait
3076 4966 3086 5002 :
3126 4970 3148 4997 ιι
3183 4947 3318 5006 Volo
3358 4952 3412 5007 et
3441 4949 3566 5010 huic

1968 5039 2270 5102 novissimo
2290 5038 2426 5098 dare
2455 5037 2604 5096 sicut
2629 5044 2684 5093 et
2710 5035 2805 5092 tibi
2835 5033 3056 5108 (Matth.
3089 5037 3201 5108 xx).
3233 5059 3254 5084 υ
3278 5037 3336 5093 In
3355 5037 3565 5094 cunctis

1969 5149 2109 5210 ergo
2137 5151 2173 5194 ι
2200 5137 2318 5194 Deo
2346 5134 2627 5207 dispositis
2658 5139 2846 5208 aperta
2875 5131 3017 5190 ratio
3054 5140 3158 5200 est,
3215 5133 3444 5194 occultae
3465 5135 3565 5207 ju-

1969 5233 2114 5293 stitia
2143 5233 2462 5294 voluntatis.

2047 5354 2071 5383 «
2099 5331 2296 5388 Omnia
2341 5329 2474 5388 mihi
2528 5329 2726 5389 tradita
2754 5335 2882 5388 sunt
2933 5344 2966 5386 a
2994 5330 3151 5388 Patre
3180 5345 3324 5392 meo.
3362 5355 3385 5384 η
3437 5335 3567 5396 Ideo

1969 5419 2241 5480 conﬁteor
2270 5419 2413 5478 Patri
2441 5418 2570 5491 quia
2597 5417 2778 5476 omnia
2802 5417 2935 5476 mihi
2966 5417 3190 5476 tradidit
3217 5421 3402 5479 Pater.
3439 5423 3566 5484 Non

1971 5509 2100 5568 dicit
2128 5508 2311 5566 omnia
2335 5509 2404 5565 de
2433 5506 2737 5577 elementis,
2764 5507 2866 5566 sed
2919 5507 2988 5565 de
3015 5507 3102 5566 his
3131 5506 3222 5582 qui
3250 5525 3348 5582 per
3373 5510 3564 5573 Filium

1972 5595 2238 5653 accedunt
2267 5595 2337 5651 ad
2368 5597 2605 5664 Patrem,
2637 5602 2692 5650 et
2719 5602 2846 5651 ante
2899 5602 3055 5650 erant
3082 5594 3335 5651 rebelles.
3370 5595 3448 5653 De
3479 5601 3563 5654 his

1975 5683 2230 5742 omnibus
2271 5683 2406 5741 alias
2425 5683 2595 5742 dixit:
2626 5704 2646 5732 ι
2667 5681 2919 5747 Domine,
2943 5681 3090 5755 quod
3117 5681 3212 5740 dat
3238 5683 3374 5740 mihi
3406 5682 3564 5744 Pater
