4010 6074
492 203 593 257 839

1598 189 1948 255 WERNERI
2003 190 2291 256 ABBATIS
2330 198 2387 254 s.
2438 188 2695 257 ausu.

3696 211 3795 264 840

493 323 563 378 ad
594 338 680 377 me
709 320 887 377 veniet
915 321 1105 389 (Joan.
1168 319 1262 388 Vl).
1327 315 1455 374 »νει
1512 317 1588 372 ita
1622 332 1634 372 :
1688 320 2083 390 (AMBROSIUS.)
2111 321 2170 383 Α
2197 319 2253 374 in
2282 320 2503 378 lenitate
2534 323 2707 378 animi
2732 324 2938 397 jugiter
2969 336 3388 399 perseverantes
3434 331 3652 387 nullum
3699 334 3796 387 133-

496 412 628 466 Cum
658 408 810 463 audis
840 408 1043 474 omnia,
1078 405 1336 479 agnoscis
1365 405 1816 477 omnipotentem,
1850 424 1958 463 non
1986 408 2088 464 de-

494 497 740 555 colorem
768 512 879 550 non
908 496 1241 567 degenerem
1263 494 1456 549 Patris.
1478 496 1608 550 Cum
1631 504 1809 552 autem
1821 496 1977 551 audis
1992 504 2090 552 tra-

493 586 619 655 dita,
653 583 940 641 conﬁteris
968 582 1184 650 Filium,
1220 584 1308 638 cui
1336 600 1436 654 per
1490 592 1747 639 naturam
1767 584 1925 639 unius
1954 584 2089 640 sub-

493 684 707 740 stantiae
736 682 921 737 omnia
943 682 1065 751 jure
1108 689 1233 736 sunt
1261 681 1508 753 propria,
1557 697 1667 737 non
1696 681 1841 737 dono
1871 681 2085 745 collata.

492 774 589 829 sed
620 788 715 842 per
743 770 991 843 gratiam.
1063 794 1084 819 η
1118 770 1255 825 Nota
1289 771 1415 839 quia
1465 770 1716 825 Christus
1765 772 1818 824 in
1847 787 1914 826 eo
1946 769 2090 840 quod

491 861 660 918 homo
712 869 814 927 est,
874 857 1185 923 conﬁtetur,
1252 858 1307 912 id
1365 866 1449 914 est
1498 858 1703 929 gratias
1756 858 1869 929 agit
1924 857 2087 925 Patri,

490 952 600 1006 imo
648 948 941 1005 individua;
1008 947 1284 1002 Trinitati.
1360 949 1423 1000 In
1480 948 1585 1002 hoc
1649 946 1791 1015 quod
1829 948 1951 1017 ipse
2006 952 2090 1002 est

488 1038 750 1111 splendor
773 1036 864 1107 qui
916 1035 985 1091 de
1014 1036 1169 1090 Patre
1200 1034 1496 1105 splenduit,
1537 1049 1706 1105 supra
1733 1034 2084 1103 intellectum,

486 1136 663 1192 nullas
693 1133 865 1190 refert
892 1132 1121 1205 gratias,
1176 1131 1302 1187 licet
1329 1130 1512 1186 omnia
1567 1147 1597 1185 a
1662 1132 1820 1188 Patre
1868 1132 2088 1202 habeat,

489 1224 617 1297 quia
636 1240 733 1295 per
760 1230 1009 1277 naturam
1038 1220 1223 1275 habet.

562 1336 583 1359 ιι
619 1314 688 1368 Et
740 1326 903 1367 nemo
931 1309 1082 1365 novit
1137 1307 1331 1362 Filium
1392 1306 1497 1362 nisi
1536 1309 1718 1376 Pater,
1755 1325 1935 1379 neque
1991 1310 2088 1365 Pa-

495 1414 634 1469 trem
665 1408 787 1482 quis
815 1406 961 1463 novit
1023 1404 1127 1459 nisi
1168 1404 1357 1471 Filius,
1400 1412 1453 1459 et
1494 1405 1586 1461 cui
1640 1404 1869 1461 voluerit
1922 1405 2088 1461 Filius

492 1500 741 1557 revelare
759 1498 787 1550 ε)
824 1519 845 1544 υ
881 1493 1188 1549 Erubescat
1218 1493 1536 1560 Eunomius,
1563 1493 1752 1549 dicens
1781 1512 1841 1549 se
1869 1494 2087 1566 plenam

488 1589 739 1645 notitiam
769 1584 980 1639 habere
1008 1582 1077 1637 de
1100 1583 1258 1636 Patre
1288 1589 1340 1637 et
1367 1581 1521 1637 Filio.
1536 1583 1657 1637 Non
1678 1582 1754 1637 ita
1781 1583 2087 1655 intelligen-

2198 408 2347 476 dunt,
2380 418 2433 464 et
2462 411 2540 466 sic
2567 428 2667 480 per
2722 414 2959 482 quietem
2986 418 3188 473 mentis
3245 420 3527 476 invenient
3577 421 3798 477 tandem

2198 497 2588 568 sempiternam
2621 499 2858 571 quietem
2888 503 3173 560 animabus
3202 508 3334 563 suis.
3372 532 3394 556 α
3420 510 3627 581 Jugum
3654 510 3797 566 enim

2196 600 2378 640 meum
2409 603 2574 644 suave
2604 596 2706 657 est,
2740 597 2793 645 et
2855 606 2991 648 onus
3020 610 3203 649 meum
3231 596 3371 653 leve.
3396 621 3418 646 η
3447 597 3797 669 (ΗιιΑωεε.)

2199 670 2338 740 Quid
2365 674 2502 746 jugo
2531 676 2736 733 Christi
2762 680 3025 735 suavius?
3054 681 3197 751 Quid
3214 699 3380 741 onere
3414 685 3592 741 levius
3613 688 3798 742 ΤΡΓο-

2197 770 2433 828 habilem
2481 772 2619 843 ﬁeri,
2668 793 2699 830 a
2758 777 2970 834 scelere
3026 780 3323 849 abstinere,
3382 783 3586 839 bonum
3636 784 3793 854 velle,

2198 860 2399 916 malum
2430 862 2597 929 nolle,
2631 881 2812 921 amare
2842 882 3055 935 omnes,
3113 869 3297 926 odisse
3327 870 3559 939 nullum,
3591 881 3801 929 eterna

2198 949 2460 1018 consequi
2489 953 2853 1022 praesentibus
2882 970 2992 1011 non
3030 956 3173 1027 capi,
3207 957 3352 1014 nolle
3396 958 3606 1017 inferre
3643 960 3798 1016 alteri

2198 1046 2345 1117 quod
2372 1047 2477 1103 sibi
2505 1048 2609 1120 ipsi
2638 1051 2854 1121 perpeti
2907 1053 2977 1107 sit
3015 1054 3337 1111 molestum.
3383 1056 3535 1114 Licet
3562 1068 3800 1132 angusto

2196 1132 2349 1190 initio
2376 1137 2444 1190 sit
2472 1146 2624 1193 arcta
2649 1139 2756 1207 via,
2788 1147 2848 1195 ut
2876 1139 3009 1195 alibi
3038 1141 3193 1209 dicit,
3226 1161 3348 1215 qua:
3368 1145 3517 1201 ducit
3538 1147 3613 1201 ad
3634 1148 3800 1202 vitam

2197 1224 2428 1293 (Matth.
2462 1228 2587 1296 vn),
2618 1243 2882 1297 processu
2903 1235 3084 1285 tamen
3101 1232 3364 1303 temporis
3384 1233 3648 1289 ineffabili
3668 1235 3801 1291 dile-

2198 1312 2397 1367 ctionis
2434 1313 2727 1371 dulcedine
2783 1317 3064 1375 dilatatur.
3122 1320 3320 1393 Jugum
3361 1320 3491 1377 ﬁdei
3519 1338 3691 1379 suave
3722 1330 3801 1379 est

2197 1410 2606 1481 comparatione
2635 1412 2801 1485 legis,
2844 1414 2971 1483 quia
3000 1414 3074 1470 ibi
3108 1417 3474 1474 vulnerantur
3504 1420 3683 1491 pueri,
3715 1420 3802 1476 hic

2196 1497 2448 1554 lavantur
2468 1500 2740 1556 salvandi.
2780 1501 2931 1558 Onus
2961 1505 3248 1576 Evangelii
3268 1505 3389 1563 leve
3412 1516 3513 1575 est,
3537 1517 3803 1580 quantum

2195 1587 2267 1641 ad
2294 1586 2496 1660 legem,
2539 1589 2667 1660 quia
2695 1590 2770 1644 ibi
2815 1590 3141 1647 adulterium
3179 1596 3399 1664 punitur
3454 1612 3557 1667 per
3586 1596 3801 1668 lapida-

488 1679 616 1733 dum
647 1682 728 1731 est
773 1674 880 1728 hoc
906 1670 1060 1743 quasi
1088 1669 1256 1724 Filius
1286 1685 1318 1724 a
1347 1670 1507 1760 nullo,
1556 1670 1728 1760 possit
1758 1671 1884 1760 sciri
1916 1672 2020 1726 nisi
2052 1686 2085 1726 a
2112 1672 2167 1732 B
2197 1683 2418 1750 tionem,
2452 1686 2539 1743 hic
2569 1690 2838 1759 purgatur
2865 1704 2964 1759 per
2992 1689 3387 1760 ρωηίιεηιίεω,

487 1768 651 1821 Patre
678 1763 819 1820 solo.
868 1762 1033 1816 Pater
1064 1766 1244 1814 autem
1275 1773 1384 1814 non
1432 1759 1609 1815 solum
1638 1776 1669 1813 a
1697 1759 1851 1827 Filio,
1884 1760 1979 1816 sed
2009 1760 2081 1814 ab

486 1864 568 1921 eis
615 1861 775 1918 etiam
805 1858 1002 1929 quibus
1059 1854 1382 1911 revelaverit
1429 1855 1615 1923 Filius,
1669 1855 1767 1912 sed
1796 1864 2082 1927 utrumque

486 1950 840 2009 referendum
869 1954 952 2002 est
979 1945 1119 2015 quod
1150 1945 1240 2011 ait,
1300 1951 1354 2000 et
1382 1959 1451 1998 an
1482 1943 1612 2016 [cui]
1655 1945 1885 2000 voluerit
1915 1944 2081 2000 Filius

484 2049 761 2111 revelare,
794 2053 850 2099 ut
879 2042 1249 2114 intelligamus
1270 2048 1560 2110 utrumque
1581 2057 1679 2111 per
1709 2040 1904 2096 Filium
1923 2057 2083 2098 reve-

485 2139 609 2196 lari.
642 2136 823 2192 Verbo
854 2132 996 2187 enim
1029 2146 1128 2185 suo
1153 2131 1319 2184 Pater
1339 2146 1397 2184 se
1444 2128 1706 2195 declarat,
1733 2130 1857 2199 quia
1888 2131 2083 2185 mentis

485 2235 687 2285 nostrae
716 2225 899 2279 lumen
931 2228 1036 2275 est.
1078 2220 1422 2289 (HILARIUS.)
1474 2216 1701 2272 Tradita
1736 2226 1917 2273 autem
1946 2218 2083 2275 Filio

483 2333 595 2373 non
624 2313 730 2369 alia
759 2318 903 2377 sunt,
938 2322 1100 2377 quam
1131 2323 1249 2375 quae
1278 2306 1333 2359 in
1378 2321 1444 2360 eo
1473 2306 1576 2361 soli
1605 2306 1749 2361 Patri
1780 2315 1905 2362 nota
1935 2317 2078 2364 sunt.

490 2414 632 2469 Nota
660 2408 842 2465 Verbo
898 2404 1031 2460 Filio
1080 2401 1183 2457 soli
1210 2409 1331 2456 sunt
1361 2418 1480 2473 quae
1536 2402 1713 2456 Patris
1744 2411 1885 2473 sunt,
1918 2412 2081 2475 atque

489 2502 567 2557 ita
596 2501 652 2554 in
680 2499 787 2552 hoc
813 2502 1036 2558 mutuae,
1068 2490 1400 2564 cognitionis
1429 2498 1640 2546 secreto
1678 2506 1787 2546 non
1835 2492 1981 2547 aliud
2026 2493 2081 2547 in

487 2588 625 2647 Filio
655 2581 965 2658 ignorabile
996 2579 1285 2647 exstitisse,
1320 2594 1479 2648 quam
1497 2578 1641 2651 quod
1664 2578 1719 2634 in
1746 2579 1902 2637 Patre
1920 2580 2080 2652 igno-

486 2686 660 2744 rabile
718 2683 805 2739 sit.
839 2678 1091 2745 Attende,
1120 2676 1212 2732 ubi
1243 2675 1391 2731 solus
1419 2677 1594 2746 Pater,
1614 2676 1827 2743 Filium,
1860 2677 2083 2733 solusve

489 2776 657 2834 Filius
693 2774 901 2828 Patrem
954 2782 1126 2823 nosse
1156 2766 1377 2831 dicitur,
1439 2781 1549 2821 non
1576 2765 1682 2820 nisi
1711 2774 2083 2821 creaturarum

486 2865 606 2922 fieri
635 2859 1032 2919 exclusionem.
1076 2856 1270 2928 Neque
1297 2853 1441 2910 enim
1496 2852 1661 2908 Filius
1689 2868 1723 2909 a
1778 2854 1967 2909 notitia
1998 2852 2082 2911 sui

482 2955 661 3028 ipsius
692 2948 979 3021 excipitur,
1008 2960 1188 3015 neque
1219 2944 1382 2999 Pater
1403 2943 1492 3012 qui
1514 2942 1755 3011 seipsum
1784 2951 2084 3015 cognoscat

483 3051 808 3115 excluditur,
841 3054 895 3102 et
924 3043 1156 3115 Spiritus
1187 3048 1409 3097 sanctus
1440 3040 1921 3097 consubstantialis
1948 3040 2079 3095 utri-

484 3158 589 3214 que
668 3140 735 3193 ab
791 3135 1076 3205 utriusque
1136 3130 1299 3203 plena
1358 3128 1674 3202 cognitione
1725 3144 2079 3202 nequaquam

483 3236 792 3303 separatur.
813 3222 971 3280 Unde
992 3219 1193 3276 Paulus
1225 3234 1238 3274 :
1267 3241 1289 3265 «ι
1312 3216 1551 3289 Spiritus
1577 3220 1844 3273 scrutatur
1872 3218 2076 3286 omnia,

484 3320 643 3377 etiam
674 3311 949 3388 profunda
978 3309 1078 3365 Dei
1108 3309 1160 3377 (Ι
1189 3308 1310 3364 Cor.
1340 3306 1428 3377 ιι).
1468 3328 1490 3355 π

561 3449 583 3473 α
610 3426 676 3480 Et
704 3433 1005 3477 conversus
1032 3415 1101 3469 ad
1157 3412 1457 3485 discipulos
1485 3427 1617 3469 suos
1673 3412 1807 3469 dixit
1840 3429 1853 3469 :
1886 3414 2078 3471 Venite

484 3514 556 3571 ad
584 3529 672 3567 me
719 3523 907 3565 omnes
941 3504 1031 3575 qui
1060 3502 1319 3558 laboratis
1375 3509 1430 3556 et
1459 3501 1668 3556 onerati
1698 3502 1848 3571 estis,
1882 3510 1934 3558 et
1972 3518 2077 3575 ego

481 3601 721 3660 reﬁciam
750 3614 867 3654 vos.
905 3618 927 3643 η

552 3718 635 3774 De
664 3729 829 3772 onere
853 3709 1065 3783 peccati
1094 3705 1243 3775 dicit,
1275 3703 1361 3763 vel
1389 3720 1611 3779 pressos
1634 3704 1769 3778 jugo
1796 3703 1940 3779 legis
1998 3702 2077 3761 in-

482 3807 618 3866 vitat
670 3803 738 3859 ad
791 3797 1182 3872 Evangelium.
1249 3794 1372 3864 Qua
1416 3795 1625 3850 ratione
1683 3801 1765 3849 est
1794 3794 2078 3866 Evangelii

480 3895 660 3970 gratia
688 3890 860 3947 levior
885 3888 1031 3960 lege,
1063 3901 1185 3942 cum
1210 3885 1264 3939 in
1292 3883 1418 3955 lege
1449 3882 1793 3949 adulterium,
1826 3882 1881 3937 in
1907 3883 2080 3939 Evan-

484 3984 628 4060 gelio
660 3974 1137 4051 concupiscentia;
1198 3972 1275 4028 ibi
1303 3970 1675 4039 homicidium,
1707 3971 1796 4027 hic
1839 3971 1923 4027 ira
1968 3987 2074 4042 pu-

479 4086 656 4142 niatur
684 4084 712 4135 ‘2
742 4081 802 4135 In
823 4078 951 4150 lege
971 4088 1140 4146 opera
1158 4070 1528 4143 requiruntur,
1553 4070 1607 4125 in
1638 4068 1946 4143 Evangelio
1972 4085 2076 4126 vo-

479 4176 681 4232 luntas.
714 4171 873 4233 Duae,
931 4165 1061 4222 licet
1089 4162 1341 4219 affectum
1378 4174 1489 4215 non
1520 4158 1735 4225 habeat,
1768 4159 2075 4231 praemium,

478 4272 661 4320 tamen
684 4274 794 4315 non
822 4254 1037 4319 amittit,
1069 4261 1146 4318 ut,
1194 4250 1240 4305 si
1267 4250 1432 4321 virgo
1480 4264 1589 4303 non
1620 4247 1900 4304 voluntate
1942 4264 2073 4304 cor-

2108 3004 2159 3069 C

2188 1793 2262 1847 De
2294 1793 2449 1848 vitiis
2472 1796 2531 1849 et
2559 1794 2818 1864 operibus
2852 1797 3044 1851 malis.
3067 1798 3144 1853 De
3172 1799 3481 1856 virtutibus
3506 1818 3727 1874 quoque
3747 1805 3805 1858 et

2755 1885 3011 1955 operibus
3044 1886 3220 1942 bonis.

2267 1993 2288 2017 «
2322 1969 2520 2026 Venite
2550 1970 2619 2026 ad
2649 1987 2760 2037 me,
2814 1987 3006 2028 omnes
3044 1973 3137 2045 qui
3165 1974 3431 2032 laboratis
3483 1985 3537 2033 et
3590 1980 3803 2035 onerati

2193 2067 2345 2135 estis,
2359 2075 2528 2140 etego
2544 2068 2789 2125 reficiam
2806 2084 2904 2125 vos
2917 2072 3136 2138 (Matth.
3159 2073 3257 2143 χι).
3279 2098 3299 2122 η
3327 2075 3535 2131 Labore
3559 2075 3799 2149 fatigati,

2193 2170 2358 2210 onere
2386 2156 2617 2227 gravati,
2640 2157 2823 2213 inedia
2843 2159 3120 2227 macerati,
3155 2162 3339 2216 venite
3376 2162 3447 2217 ad
3469 2180 3580 2219 me.
3607 2165 3801 2232 Qualis

2192 2243 2259 2296 ad
2292 2243 2504 2314 qualem
2527 2247 2554 2298 ‘2
2580 2245 2761 2299 Clausi
2811 2246 2880 2301 ad
2910 2247 3131 2315 ostium,
3173 2249 3368 2322 aegroti
3396 2251 3465 2306 ad
3494 2253 3798 2321 medicum,

2191 2339 2443 2411 naufragi
2467 2341 2539 2395 ad
2564 2350 2819 2411 portum;
2842 2344 2913 2397 ad
2941 2343 3138 2400 ostium
3160 2344 3400 2414 luminis,
3426 2347 3498 2403 ad
3516 2350 3800 2405 medicum

2189 2428 2400 2494 salutis,
2440 2428 2508 2482 ad
2538 2437 2757 2499 portum
2812 2431 3046 2502 quietis;
3096 2432 3165 2488 ad
3195 2434 3417 2500 ostium,
3477 2443 3538 2493 ut
3578 2440 3801 2509 egressi

2188 2516 2476 2573 veritatem
2505 2517 2764 2587 videatis;
2797 2520 2865 2574 ad
2916 2521 3210 2592 medicum,
3241 2531 3299 2578 ut
3342 2526 3517 2580 curati
3545 2526 3617 2581 ad
3644 2529 3801 2582 sani-

2189 2623 2355 2672 tatem
2411 2616 2803 2674 convalescatis
2835 2636 2850 2686 ;
2880 2619 2952 2675 ad
3006 2625 3250 2692 portum,
3282 2630 3340 2677 ut
3392 2622 3616 2680 collecti
3671 2635 3801 2696 post

2190 2704 2439 2760 laborem
2472 2705 2766 2775 quiescatis
2799 2722 2813 2776 ;
2857 2709 3034 2775 vacui,
3062 2717 3121 2764 ut
3165 2710 3372 2765 lumine
3412 2712 3661 2768 veritatis
3688 2715 3800 2769 im-

2190 2792 2479 2864 pleamini;
2514 2794 2841 2864 laborantes,
2881 2805 2939 2851 ut
2963 2798 3144 2869 quiete
3160 2798 3357 2870 adepta
3381 2800 3755 2857 consulamini
3783 2822 3799 2869 ;

2190 2881 2404 2938 onerati
2432 2883 2692 2953 peccatis,
2722 2892 2780 2938 ut
2831 2886 3078 2955 pondere
3108 2886 3358 2955 aliorum,
3425 2887 3792 2945 alleviemini.

2192 2970 2327 3025 Sunt
2359 2971 2563 3027 etenim
2585 2980 2795 3043 septem
2840 2973 3087 3045 capitalia
3116 2975 3261 3039 vitia,
3301 2976 3419 3033 sive
3461 2977 3803 3049 principalia

2187 3066 2303 3121 sive
2333 3066 2640 3138 originalia,
2701 3069 2899 3140 quibus
2946 3078 3264 3140 peccatores
3311 3082 3699 3144 aggravautur
3747 3083 3801 3130 et

2187 3162 2507 3211 onerantur.
2551 3156 2688 3224 Quae
2718 3156 2841 3213 ideo
2869 3158 3152 3229 Scriptura
3179 3160 3437 3230 capitalia
3465 3161 3552 3216 vel
3582 3163 3799 3232 princi-

2185 3243 2352 3314 palia,
2383 3243 2472 3299 vel
2500 3244 2793 3315 originalia
2821 3245 3086 3314 nominat,
3137 3247 3261 3317 quia
3290 3248 3631 3318 reliquorum
3677 3267 3799 3308 om-

2186 3341 2335 3397 nium
2368 3348 2530 3412 caput
2586 3350 2732 3410 sunt,
2788 3350 2842 3398 et
2870 3342 3201 3415 principium
3229 3352 3284 3400 et
3340 3345 3525 3417 origo.
3593 3348 3797 3404 Omnia

2185 3430 2387 3503 quippe
2417 3430 2522 3484 alia
2550 3430 2618 3485 ab
2647 3430 2766 3486 istis
2795 3439 3006 3502 septem
3027 3432 3171 3488 vitiis
3191 3432 3453 3489 oriuntur.
3475 3436 3593 3491 Hoc
3610 3445 3797 3493 autem

2185 3517 2453 3575 interesse
2482 3518 2700 3574 videtur
2729 3519 2871 3575 inter
2907 3528 3137 3592 peccata
3165 3528 3220 3577 et
3273 3522 3420 3591 vitia,
3453 3524 3605 3595 quod
3661 3527 3796 3581 vitia

2185 3623 2312 3671 sunt
2340 3616 2712 3689 corruptiones
2742 3616 2959 3685 animae,
2994 3634 3061 3674 ex
3088 3618 3312 3691 quibus,
3341 3619 3389 3675 si
3418 3621 3631 3677 ratione
3678 3639 3794 3679 non

2184 3704 2528 3761 refrenentur
2565 3709 2816 3777 peccata,
2836 3705 3002 3762 modo
3018 3716 3173 3763 actus
3203 3707 3478 3777 injustitiaa
3507 3710 3790 3767 oriuntur.

2183 3796 2319 3849 Ante
2360 3801 2541 3849 autem
2608 3794 2841 3849 tentanti
2910 3794 3041 3852 vitio
3096 3811 3395 3852 consensus
3474 3798 3789 3867 adhibetur,

2182 3898 2333 3946 actus
2362 3890 2637 3961 injustitiae
2665 3900 2749 3947 est
2780 3909 2794 3945 :
2828 3892 2972 3962 quod
3002 3901 3291 3964 peccatum
3322 3894 3551 3951 dicitur.
3594 3895 3791 3969 Itaque

2182 3979 2377 4035 vitium
2421 3988 2505 4036 est
2551 3979 2838 4035 infirmitas
2866 3980 3121 4052 spiritalis
3158 3982 3541 4053 corruptionis.
3585 3985 3793 4042 Pecca-

2181 4075 2292 4123 tum
2324 4077 2527 4137 autem,
2559 4085 2624 4124 ex
2664 4069 3018 4140 corruptione
3075 4070 3261 4127 oriens
3298 4087 3400 4142 per
3448 4088 3790 4133 consensum

2181 4174 2265 4222 est
2292 4175 2442 4222 actus
2472 4166 2788 4238 iniquitatis.

2252 4257 2445 4327 Itaque
2474 4254 2660 4312 vitium
2686 4255 2896 4327 absque
2920 4271 3191 4313 consensu
3222 4264 3303 4313 est
3323 4256 3637 4315 inﬁrmitas.
3662 4260 3784 4328 Cui,

475 4363 785 4428 rumpatur,
816 4350 959 4423 apud
980 4347 1346 4420 Evangelium
1393 4345 1553 4417 virgo
1582 4344 1893 4415 suscipitur,
1925 4343 2070 4415 apud
2098 4356 2152 4418 ι)
2184 4345 2244 4399 in
2279 4352 2534 4414 quantum
2595 4343 2879 4398 inﬁrmitas
2922 4352 3024 4412 est,
3065 4345 3443 4402 misericordia
3489 4348 3729 4404 debetur
3768 4368 3783 4415 ;

478 4448 661 4520 legem
711 4441 870 4513 quasi
916 4444 1171 4508 corrupta
1198 4434 1538 4506 repudiatur.
1598 4433 1880 4489 Laboratis
1917 4433 2069 4500 dicit,

477 4536 568 4593 vel
596 4535 651 4589 in
682 4530 821 4604 legis
851 4525 1268 4591 difﬁcultatibus,
1290 4522 1376 4579 vel
1393 4522 1449 4576 in
1477 4521 1683 4577 divitiis
1700 4521 2067 4591 acquirendis.

482 4659 505 4684 α
538 4631 799 4691 Reﬁciam
816 4643 943 4694 vos,
979 4646 1001 4675 »
1029 4624 1083 4679 id
1111 4631 1194 4679 est
1221 4620 1487 4679 recreabo
1515 4636 1609 4676 vos
1630 4627 1954 4675 exoneratos
1971 4636 2071 4690 per

478 4720 833 4793 Evangelium
864 4713 1179 4787 promittens
1209 4727 1439 4785 regnum
1463 4717 1747 4766 aeternum.

554 4836 576 4862 α
613 4808 816 4865 Tollite
844 4804 1045 4877 jugum
1074 4816 1257 4857 meum
1286 4816 1451 4872 super
1478 4815 1597 4865 vos,
1627 4807 1681 4853 et
1699 4797 1890 4853 discite
1918 4812 1952 4854 a
1979 4813 2068 4855 me

480 4912 604 4986 quia
632 4906 781 4965 mitis
802 4919 923 4961 sum
941 4910 994 4959 et
1015 4898 1232 4956 humilis
1249 4899 1415 4954 corde
1444 4906 1494 4953 et
1509 4896 1802 4986 invenietis
1820 4897 2066 4986 requiem

479 4985 767 5058 animabus
797 4992 1015 5052 vestris.
1038 5014 1059 5040 η
1078 4991 1275 5061 Jugum
1298 4986 1498 5043 dicitur
1526 4985 1884 5056 Evangelium
1904 4985 2058 5041 Chri-

481 5091 569 5157 sti,
611 5088 834 5143 Judaeos
864 5090 916 5140 et
961 5088 1154 5154 gentes
1181 5079 1240 5134 in
1297 5091 1405 5133 una
1441 5074 1549 5130 ﬁde
1587 5075 1950 5147 conjungens,
2007 5080 2067 5129 ut

478 5185 681 5234 terram
712 5173 895 5230 cordis
923 5170 1009 5226 sui
1061 5166 1309 5224 excolant
1336 5181 1435 5237 per
1464 5179 1743 5220 vomerem
1772 5162 1915 5219 sacri
1943 5161 2064 5218 elo-

481 5273 615 5345 quii.
651 5296 670 5318 ιι
705 5270 898 5325 Tollite
918 5268 1109 5338 jugum
1137 5280 1321 5320 meum
1346 5277 1512 5333 super
1529 5276 1647 5328 vos,
1675 5283 1697 5309 η
1717 5259 1771 5315 in
1793 5258 2065 5331 superiori

478 5360 687 5419 scilicet
716 5357 913 5414 mentis
941 5366 1142 5411 vestrae
1169 5353 1225 5407 in
1251 5353 1463 5408 honore
1490 5350 1774 5405 habentes.
1796 5348 2063 5420 Exemplo

480 5473 696 5530 quoque
726 5470 851 5510 meo
893 5451 1088 5508 discite
1116 5450 1277 5505 mites
1313 5466 1435 5505 esse
1490 5449 1671 5516 corde,
1732 5455 1791 5505 et
1835 5447 2065 5504 humiles

478 5553 689 5628 spiritu,
731 5566 800 5605 ne
828 5548 995 5604 lateat
1024 5562 1252 5616 serpens
1278 5545 1333 5601 in
1371 5545 1555 5617 specie
1602 5545 1898 5603 columbae.
1946 5546 2062 5601 Hu-

474 5649 636 5709 miles
663 5645 864 5719 quippe
900 5641 1178 5697 neminem
1233 5648 1601 5709 contemnunt,
1660 5642 1819 5700 mites
1849 5657 2065 5715 quoque

2179 4442 2461 4514 praemium
2507 4447 2687 4496 autem
2743 4449 2797 4496 et
2844 4456 3068 4510 corona,
3101 4442 3156 4498 in
3218 4452 3475 4513 quantum
3531 4446 3605 4501 ab
3660 4456 3787 4505 actu

2179 4531 2482 4604 iniquitatis
2540 4531 2842 4586 cohibetur.
2911 4532 3043 4587 Cum
3103 4546 3373 4589 consensu
3404 4551 3536 4591 vero
3593 4537 3788 4592 vitium

2176 4620 2333 4691 culpa
2362 4618 2442 4687 ﬁt,
2498 4627 2559 4673 ut
2611 4618 2667 4672 in
2697 4627 2962 4691 quantum
3010 4621 3194 4677 vitium
3227 4630 3332 4689 est,
3389 4624 3601 4678 malum
3650 4635 3785 4691 est;

2175 4708 2231 4763 in
2283 4716 2547 4779 quantum
2599 4708 2909 4763 voluntaria
2964 4716 3067 4777 est,
3152 4725 3313 4781 poena
3387 4711 3620 4784 dignum
3680 4723 3787 4769 est.

2176 4796 2375 4853 Vitium
2434 4812 2571 4869 ergo
2630 4803 2715 4852 est
2770 4796 2827 4851 in
2884 4797 3254 4869 corruptione,
3332 4810 3623 4871 peccatum
3676 4818 3787 4858 au-

2174 4894 2283 4943 tem
2313 4894 2397 4942 est
2444 4886 2499 4941 in
2530 4886 2771 4943 actione.
2836 4887 3003 4941 Actus
3034 4902 3162 4943 vero
3218 4889 3427 4959 peccati
3465 4890 3589 4946 solo
3641 4907 3787 4947 con-

2174 4993 2341 5033 sensu
2366 4975 2663 5048 perﬁcitur,
2696 4974 2860 5031 etiam
2896 4975 2945 5031 si
2970 4974 3105 5031 foris
3133 4991 3271 5048 opus
3300 4992 3413 5033 non
3439 4977 3628 5049 fuerit,
3648 4981 3785 5053 quia

2174 5073 2320 5146 quod
2351 5072 2650 5146 iniquitatis
2680 5081 2783 5140 est,
2815 5088 2917 5145 per
2944 5087 3275 5130 consensum
3317 5091 3546 5147 pravum
3574 5076 3634 5133 in
3663 5076 3789 5133 sola

2171 5162 2447 5220 voluntate
2476 5160 2806 5234 completur,
2860 5161 3021 5217 etiam
3070 5170 3218 5233 tunc,
3260 5178 3385 5220 cum
3413 5165 3480 5219 ab
3512 5181 3579 5222 eo
3630 5166 3785 5238 quod

2170 5251 2286 5309 vult
2311 5250 2647 5323 perﬁciendo
2676 5249 2810 5307 foris
2839 5249 3009 5307 invita
3037 5251 3411 5325 restringitur.
3441 5254 3601 5311 Facit
3632 5257 3786 5311 enim

2171 5350 2315 5423 quod
2371 5364 2529 5404 suum
2560 5355 2638 5404 est
2685 5354 2881 5420 totum,
2910 5355 2966 5404 et
3021 5348 3176 5420 quod
3206 5350 3445 5421 amplius
3474 5368 3586 5408 non
3644 5353 3788 5409 facit

2170 5463 2328 5504 suum
2356 5462 2469 5503 non
2498 5453 2606 5502 est.
2658 5446 2781 5502 Non
2819 5447 2886 5501 ab
2921 5447 3045 5518 ipsa
3074 5454 3160 5503 est
3205 5448 3353 5519 quod
3391 5449 3635 5521 amplius
3668 5467 3786 5507 non

2170 5544 2317 5610 facit,
2351 5543 2450 5601 sed
2477 5549 2671 5600 contra
2696 5543 2901 5616 ipsam.
2941 5544 3022 5598 Ita
3073 5543 3130 5599 in
3160 5543 3279 5600 solo
3336 5558 3611 5602 consensu
3640 5563 3787 5620 opus

2165 5640 2460 5711 judicatur,
2490 5638 2575 5697 cui
2606 5639 2827 5713 quidem
2855 5640 2913 5696 id
2958 5640 3101 5711 quod
3148 5640 3276 5697 foris
3307 5650 3392 5699 est
3435 5657 3595 5716 Opus,
3655 5651 3792 5700 tan—
