4062 6074
295 220 394 300 841

1250 208 1838 297 DEFLORATIONES
1876 234 1974 293 ss.
2010 236 2318 295 PATRUM.
2357 269 2429 279 —
2462 206 2590 294 Lm.
2634 241 2674 294 ι.

3495 213 3613 302 δή

290 378 402 425 tum
447 367 505 422 in
552 366 760 423 malitia
816 366 1021 439 adjicit,
1082 376 1340 439 quantum
1398 367 1573 439 ipsum
1624 363 1714 433 qui
1751 363 1894 417 intus
1921 363 1977 423 A
2007 362 2061 417 in
2090 363 2220 427 istis,
2254 362 2389 419 sicut
2416 365 2639 436 rapinae,
2672 366 2975 440 sacrilegia,
3021 376 3076 425 et
3121 370 3370 440 incestus,
3404 380 3457 429 et
3482 388 3595 429 cae-

290 463 568 532 operatur,
627 464 833 512 motum
889 457 1180 514 voluntatis
1216 458 1285 513 ad
1328 456 1593 512 malitiam
1624 451 1886 509 accendit.

291 545 383 601 Sie
431 561 562 618 ergo
619 545 751 600 vitia
804 545 958 618 origo
1016 554 1362 617 peccatorum
1409 551 1551 611 sunt,
1600 559 1667 598 ex
1698 541 1891 611 quibus

287 649 581 698 nascuntur
626 657 794 712 opera
831 641 1144 712 iniquitatis,
1197 659 1319 713 quae
1367 640 1605 712 quidem,
1637 638 1775 693 sicut
1801 637 1889 691 di-

288 738 433 786 ctum
464 738 561 796 est,
595 730 800 801 absque
827 747 1097 787 consensu
1125 746 1343 801 poenam
1374 729 1594 799 habent,
1628 727 1754 798 quia
1782 742 1894 783 cor-

287 819 468 891 ruptio
497 826 619 874 sunt
643 835 657 888 ;
690 836 813 875 cum
843 836 1106 876 consensu
1153 829 1332 875 autem
1362 819 1596 890 culpam,
1631 817 1757 887 quia
1784 832 1887 873 vo-

289 918 521 973 luntaria
573 924 714 972 sunt.
773 920 834 973 In
885 925 1144 989 quantum
1198 918 1343 974 enim
1401 915 1688 989 originalia
1745 921 1885 981 sunt,

289 1023 455 1079 paena
482 1007 537 1061 in
567 1005 699 1078 ipsis
719 1014 1033 1076 exercetur;
1055 1008 1109 1062 in
1131 1015 1389 1078 quantum
1418 1004 1737 1068 voluntaria,
1763 1019 1887 1074 pce-

287 1112 359 1150 na
382 1096 513 1168 ipsis
540 1095 785 1151 debetur.
819 1096 951 1152 Sunt
980 1105 1159 1153 autem
1194 1099 1309 1152 haec
1335 1116 1345 1152 :
1376 1095 1573 1166 prima,
1598 1092 1884 1165 superbia;

287 1196 542 1264 secunda,
568 1196 1005 1265 invidia;tertia,
1046 1197 1153 1267 ira;
1183 1202 1391 1266 quarta,
1432 1193 1619 1253 acedia
1643 1207 1656 1262 ;
1681 1191 1885 1263 quinta,

289 1285 549 1356 avaritia;
581 1293 751 1355 sexta,
782 1285 944 1357 gula;
980 1285 1230 1358 septima,
1263 1283 1494 1341 luxuria.
1542 1283 1622 1338 Ex
1658 1281 1757 1351 his,
1789 1281 1889 1337 tria

289 1374 564 1431 hominem
596 1373 919 1445 despoliant,
974 1381 1223 1446 quartum
1278 1375 1569 1445 spoliatum
1625 1372 1890 1446 ﬂagellat,

289 1471 537 1542 quintum
566 1470 897 1543 ﬂagellatum
932 1471 1098 1541 ejicit,
1140 1478 1350 1526 sextum
1400 1472 1629 1542 ejectum
1661 1470 1887 1537 seducit,

288 1559 579 1632 septimum
653 1559 933 1614 seductum
1005 1559 1245 1615 servituti
1305 1560 1546 1631 subjicit.
1623 1557 1888 1630 Superbia

289 1656 466 1712 aufert
518 1656 726 1712 homini
782 1657 977 1725 Deum,
1036 1656 1239 1711 invidia
1295 1656 1624 1728 proximum,
1674 1654 1753 1710 ira
1791 1671 1883 1709 se-

289 1744 465 1817 ipsum
490 1760 504 1815 ;
527 1745 716 1801 acedia
743 1717 1030 1817 spoliatum
1076 1717 1333 1818 ﬂagellat,
1383 1717 1884 1816 avaritia'ﬂagella-
1911 1717 1966 1777 Β

288 1840 402 1889 tum
433 1834 599 1905 ejicit,
631 1834 761 1907 gula
807 1833 1037 1904 ejectum
1086 1833 1311 1902 seducit,
1362 1833 1572 1890 luxuria
1608 1832 1886 1889 seductum

288 1934 533 1990 servituti
583 1933 820 2004 subjicit.
869 1934 1063 1989 Anima
1104 1934 1381 1989 rationalis
1427 1934 1483 1988 in
1520 1934 1746 1990 sanitate
1791 1947 1888 1988 sua

288 2039 386 2080 vas
415 2030 495 2078 est
528 2022 758 2078 solidum
816 2030 869 2077 et
922 2022 1212 2096 integrum,
1262 2023 1464 2077 nullam
1512 2022 1717 2078 habens
1761 2037 1887 2077 cor-

290 2112 595 2185 ruptionem
618 2132 629 2167 :
649 2111 783 2167 vitia
812 2128 1038 2182 quaeque
1059 2111 1331 2167 venientia
1349 2112 1404 2166 in
1423 2127 1564 2180 eam,
1596 2113 1700 2166 hoc
1726 2108 1889 2166 modo

293 2200 505 2268 vitiant,
538 2208 591 2256 et
617 2209 985 2272 corrumpunt.
1038 2201 1138 2256 Per
1183 2200 1493 2272 superbiam
1532 2199 1764 2267 inﬂatur,
1797 2214 1893 2271 per

292 2296 554 2354 invidiam
610 2298 821 2365 arescit,
879 2314 976 2369 per
1031 2297 1167 2352 iram
1236 2304 1438 2367 crepat,
1498 2313 1594 2370 per
1648 2295 1892 2352 acediam

293 2385 578 2460 frangitur,
611 2390 707 2459 per
728 2387 1009 2443 avaritiam
1039 2386 1383 2459 dispergitur,
1424 2402 1521 2458 per
1561 2386 1747 2459 gulam
1777 2384 1895 2440 inﬁ-

293 2476 449 2543 citur,
484 2492 583 2547 per
625 2475 893 2530 luxuriam
950 2475 1292 2530 conculcatur
1328 2483 1381 2530 et
1424 2475 1480 2529 in
1535 2475 1707 2529 lutum
1754 2472 1895 2529 redi-

294 2572 463 2645 gitur.
504 2572 770 2642 Superbia
799 2580 878 2627 est
906 2589 1061 2628 amor
1087 2574 1321 2644 propriae
1362 2572 1715 2641 excellentiae,
1749 2572 1892 2626 invi-

297 2661 388 2717 dia
434 2668 514 2717 est
568 2660 751 2717 odium
800 2661 1068 2716 felicitatis
1122 2660 1332 2729 alienae,
1382 2662 1463 2717 ira
1518 2660 1896 2716 irrationabilis

299 2749 627 2822 perturbatio
658 2749 871 2817 mentis,
906 2749 1093 2805 acedia
1148 2758 1227 2805 est
1273 2767 1340 2804 ex
1387 2749 1703 2805 confusione
1733 2765 1892 2803 men-

299 2847 365 2903 tis
405 2856 549 2903 nata.
590 2848 823 2903 Tristitia
876 2848 991 2905 sive
1042 2848 1259 2903 taedium
1307 2856 1388 2903 est
1433 2847 1735 2903 amaritudo
1769 2847 1892 2901 ani-

298 2937 374 2991 mi
429 2936 805 3004 immoderata,
859 2953 966 3008 qua
1014 2937 1323 3006 jucundius
1378 2936 1632 3009 spiritalis
1688 2935 1894 2991 exstin-

296 3024 498 3098 guitur,
529 3033 581 3081 et
608 3026 842 3097 quodam
877 3026 1330 3098 desesperationis
1360 3026 1622 3098 principio
1654 3041 1809 3079 mens
1839 3024 1894 3078 in

296 3114 584 3186 semetipsa
636 3114 983 3170 subvertitur.
1042 3115 1278 3172 Avaritia
1351 3123 1430 3170 est
1504 3114 1893 3169 immoderatus

298 3213 567 3283 appetitus
622 3210 909 3282 habendi;
968 3212 1096 3286 gula
1167 3212 1554 3267 immoderatus
1627 3211 1895 3283 appetitus

298 3299 531 3370 edendi;
564 3301 776 3356 luxuria
824 3307 902 3355 est
948 3302 1382 3373 concupiscentia
1415 3301 1759 3372 experienda;
1790 3316 1892 3355 vo-

297 3388 517 3461 luptatis
568 3389 756 3456 nimia,
820 3389 908 3445 vel
981 3390 1295 3445 concubitus
1353 3391 1678 3446 desiderium
1733 3404 1896 3459 supra

298 3486 542 3553 modum,
599 3486 687 3543 vel
739 3493 923 3541 contra
979 3487 1240 3541 rationem
1289 3486 1570 3544 effervens.
1613 3487 1893 3558 Superbiae

298 3574 405 3631 duo
463 3582 588 3629 sunt
640 3591 888 3647 genera:
947 3592 1113 3629 unum
1170 3577 1329 3644 intus,
1381 3576 1525 3631 aliud
1566 3575 1713 3631 foris.
1745 3578 1894 3631 Intus

299 3672 381 3719 est
421 3663 692 3736 superbia,
745 3663 875 3719 foris
916 3664 1193 3735 jactantia.
1253 3665 1518 3736 Superbia
1564 3664 1619 3718 in
1661 3664 1892 3720 elatione

299 3762 514 3831 cordis;
542 3762 801 3832 jactantia
844 3761 899 3815 in
942 3762 1244 3817 ostensione
1293 3763 1488 3834 operis.
1520 3762 1804 3835 Superbia,
1837 3761 1892 3816 in

299 3866 366 3905 eo
397 3850 541 3921 quod
570 3849 673 3905 sibi
701 3850 899 3920 placet,
932 3850 1167 3906 alienum
1215 3850 1579 3906 testimonium
1627 3850 1887 3922 despicit;

294 3938 556 4008 jactantia
584 3946 784 4006 autem,
816 3947 875 3994 ut
902 3940 1078 4012 magis
1123 3939 1225 3995 sibi
1274 3941 1500 4011 placeat,
1541 3940 1775 3995 alienum
1807 3948 1892 3995 te-

300 4028 610 4084 stimonium
640 4028 886 4099 requirit.
941 4030 1230 4101 Propterea
1269 4028 1531 4099 jactantia
1573 4046 1669 4100 per
1697 4029 1891 4084 lenita-

301 4135 411 4183 tem
438 4126 696 4184 blandam
753 4145 809 4183 se
856 4127 1091 4192 simulat,
1149 4126 1403 4198 superbia
1440 4141 1568 4181 vero
1617 4126 1671 4180 in
1701 4126 1894 4182 timore

300 4233 359 4272 se
389 4215 660 4273 crudelem
689 4216 1019 4273 demonstrat
1046 4230 1059 4284 ;
1096 4232 1222 4270 nam
1254 4215 1426 4271 timeri
1477 4216 1609 4283 vult,
1632 4215 1895 4284 jactantia

302 4322 432 4363 vero
461 4307 650 4363 amari.
685 4306 750 4361 Et
793 4314 1016 4375 utraque
1057 4311 1234 4359 tamen
1263 4304 1319 4358 in
1345 4320 1411 4361 eo
1442 4303 1585 4375 quod
1614 4312 1891 4376 appetunt,

304 4403 407 4458 sibi
434 4404 653 4474 placens
698 4402 929 4472 diverse,
980 4402 1171 4459 divisio
1216 4402 1344 4458 licet
1379 4402 1561 4471 modo,
1593 4402 1894 4458 inordinate

304 4492 640 4549 convincitur
686 4492 928 4565 gloriari.
989 4491 1046 4547 Si
1102 4492 1222 4561 quis
1268 4491 1433 4563 igitur
1491 4491 1799 4562 superbiam
1848 4499 1903 4547 et

301 4579 620 4651 jactantiam
664 4580 764 4636 sub
813 4596 919 4637 uno
958 4580 1350 4653 computaverit
1395 4580 1661 4646 membro,
1693 4587 1902 4652 septem

312 4677 552 4735 inveniet
598 4678 727 4734 vitia
798 4677 1070 4749 capitalia,
1129 4676 1196 4731 de
1254 4676 1448 4746 quibus
1497 4682 1721 4747 peccata
1777 4692 1902 4732 om-

314 4766 424 4837 nia,
447 4766 505 4821 id
532 4774 612 4823 est
638 4765 931 4838 iniquitatis
959 4773 1106 4822 actus
1132 4772 1184 4820 et
1212 4764 1483 4835 injustitiaa
1520 4782 1686 4836 opera
1714 4765 1903 4821 oriun-

310 4861 412 4911 tur.

384 4955 609 5011 Peccata
635 4960 813 5011 autem
844 4953 950 5010 alia
977 4953 1231 5022 venialia,
1264 4953 1369 5009 alia
1395 4952 1695 5010 criminalia
1723 4952 1909 5009 dicun-

315 5060 419 5110 tur.
450 5053 695 5109 Venialia
724 5059 865 5119 sunt,
899 5068 1019 5123 quin
1048 5068 1148 5106 nec
1188 5051 1346 5106 facile
1392 5051 1548 5107 vitari
1577 5058 1819 5122 possunt,
1852 5061 1909 5105 ut

322 5150 612 5221 aliquando
642 5166 753 5206 non
803 5149 954 5216 ﬁant,
1011 5165 1184 5218 neque
1232 5149 1455 5205 multam
1503 5147 1907 5219 turpitudinem,

321 5249 410 5304 vel
437 5248 713 5304 lesionem
742 5262 999 5319 magnam
1032 5247 1252 5315 habent,
1311 5247 1354 5301 si
1402 5245 1548 5302 ﬁant.
1602 5246 1912 5302 Criminalia

314 5341 564 5398 dicuntur
591 5359 713 5413 quae
757 5342 843 5400 vel
897 5341 1173 5398 lmsionem
1220 5358 1476 5413 magnam
1524 5341 1800 5407 inducunt,
1827 5341 1912 5398 vel

318 5439 674 5510 tupitudinem
703 5439 971 5513 ingerunt,
1023 5438 1078 5493 in
1125 5439 1319 5510 quibus
1347 5440 1433 5497 vel
1454 5441 1618 5509 Deus,
1650 5440 1737 5496 vel
1771 5455 1902 5512 pro-

318 5529 502 5583 ximus
529 5528 754 5584 multum
785 5526 1088 5593 oﬁ'enditur,
1149 5528 1236 5586 vel
1296 5528 1412 5601 ipse
1442 5529 1533 5599 qui
1565 5529 1692 5586 fecit
1723 5543 1915 5585 macu-

320 5625 478 5685 latur.
533 5626 683 5683 Talia
754 5633 876 5682 sunt
941 5625 1253 5683 homicidia.
1313 5626 1593 5695 adulteria,
1653 5626 1911 5701 perjuria,

326 5716 487 5791 furta,
509 5723 563 5774 et
581 5730 700 5791 quae
719 5716 802 5771 his
819 5714 1018 5771 similia
1045 5715 1430 5793 adjunguntur,
1461 5716 1550 5776 vel
1579 5716 1919 5775 continentur

645 5842 912 5909 ΡΑι-ιιοι..
941 5841 1185 5910 CLVII.

1951 496 1957 500 .
2002 458 2111 508 tera
2168 453 2314 509 talia.
2374 454 2616 510 Venialia
2674 463 2814 519 sunt.
2869 457 3009 513 sicut
3050 459 3129 514 ira
3173 460 3307 515 levis
3335 470 3387 515 et
3415 470 3593 517 trans-

1999 539 2175 611 itoria,
2226 542 2366 596 risus
2418 549 2471 597 et
2524 543 2791 613 ejusmodi
2848 561 2970 616 quae
3026 548 3144 602 sine
3201 549 3593 606 deliberatione

1999 640 2273 710 agentium
2320 640 2661 713 contingunt,
2720 642 2832 697 sive
2888 660 2957 698 ex
2988 646 3330 718 negligentia
3360 647 3590 715 incaute,

1996 727 2113 783 sive
2158 745 2226 782 ex
2273 727 2580 784 inﬁrmitate
2638 731 3057 800 praecipitantur.
3127 735 3231 790 Sed
3290 736 3432 791 intus
3478 738 3595 793 haec

1995 816 2293 883 sciendum,
2327 817 2470 887 quod
2499 817 2553 871 hi
2584 818 2673 887 qui
2703 820 2771 874 ab
2800 821 3109 890 hujusmodi
3156 823 3298 879 vitiis
3346 825 3593 898 desipue-

1994 903 2124 974 rint,
2155 912 2208 959 et
2232 905 2396 978 digne
2425 906 2789 977 pmnituerint,
2821 916 3028 981 septem
3059 911 3235 967 modis
3266 928 3298 967 a
3329 913 3444 970 Deo
3473 932 3590 970 sus-

1993 1004 2275 1075 cipiantur.
2334 1004 2514 1061 Primo
2562 1005 2916 1077 suscipientur
2971 1007 3039 1063 ad
3094 1010 3460 1081 sponsionem,
3494 1030 3586 1068 se-

1993 1092 2170 1148 cundo
2216 1092 2282 1149 ad
2340 1093 2751 1166 protectionem,
2811 1095 2965 1151 tertio
3015 1097 3083 1152 ad
3125 1100 3586 1169 sustentationem,

1995 1188 2183 1251 quarto
2214 1181 2281 1237 ad
2310 1182 2823 1249 reconciliationem,
2886 1184 3070 1255 quinto
3127 1186 3196 1241 ad
3241 1189 3587 1260 approbatio-

1993 1296 2138 1347 nem,
2170 1288 2321 1336 sexto
2352 1280 2420 1336 ad
2447 1281 2899 1350 consolationem,
2941 1282 3171 1353 septimo
3211 1285 3278 1340 ad
3328 1303 3584 1343 remune-

1991 1367 2276 1423 rationem.
2343 1369 2581 1424 Primum
2656 1377 2989 1443 pugnaturos
3065 1379 3252 1428 contra
3308 1373 3584 1431 diabolum

1992 1465 2215 1538 suscipit
2243 1467 2297 1521 in
2324 1483 2502 1536 causa,
2535 1475 2589 1523 et
2616 1467 2766 1538 quasi
2813 1469 3076 1540 spondeat
3128 1486 3225 1542 pro
3276 1471 3373 1541 eis,
3423 1490 3591 1544 quan-

1991 1554 2062 1609 do
2092 1553 2310 1610 conﬁdit
2339 1555 2392 1609 in
2424 1555 2522 1624 eis,
2558 1555 3014 1626 quemadmodum
3065 1574 3281 1614 causam
3311 1559 3453 1616 beati
3483 1562 3586 1617 Job

1995 1642 2145 1714 quasi
2202 1644 2483 1715 cujusdam
2557 1644 2819 1718 agonistae
2889 1646 3004 1702 sive
3059 1656 3247 1704 contra
3302 1648 3585 1706 diabolum

1997 1738 2391 1809 defendendam
2440 1742 2693 1812 suscepit.
2744 1742 3018 1812 Quosdam
3066 1752 3157 1801 aut
3196 1747 3347 1817 quasi
3377 1747 3593 1806 timidos

1996 1835 2049 1883 et
2073 1845 2278 1884 merces
2306 1846 2338 1885 a
2364 1845 2550 1902 pugna
2606 1831 2873 1903 fugientes
2934 1833 3153 1906 suscipit
3209 1835 3277 1891 ad
3332 1845 3593 1894 sustenta-

1998 1916 2218 1984 tionem,
2242 1934 2309 1972 ne
2339 1925 2711 1989 conterantur;
2764 1920 2898 1977 alios
2926 1929 3046 1993 post
3074 1922 3283 1979 ruinam
3313 1934 3592 1999 surgentes

1996 2015 2221 2087 suscipit
2265 2015 2334 2071 ad
2378 2018 2892 2086 reconciliationem,
2936 2026 2995 2075 ut
3047 2020 3428 2093 restituantur;
3460 2024 3594 2083 alios

1992 2104 2109 2175 jam
2140 2104 2278 2161 bene
2308 2114 2531 2180 agentes
2556 2107 2776 2180 suscipit
2812 2125 2910 2181 per
2936 2100 3403 2181 approbationem,
3427 2120 3484 2169 ut
3510 2130 3594 2170 re-

2001 2201 2380 2264 munerentur;
2414 2195 2551 2252 alios
2591 2213 2689 2270 per
2724 2197 2927 2254 bonam
2975 2200 3342 2271 Operationem
3374 2202 3596 2276 suscipit

1998 2306 2098 2360 per
2120 2292 2631 2363 remunerationem,
2688 2300 2749 2349 ut
2801 2294 3206 2368 gloriﬁcentur;
3265 2297 3399 2354 alios
3456 2300 3597 2355 inter

2003 2380 2335 2453 operandum
2385 2380 2554 2437 fessos
2608 2382 2830 2455 suscipit
2882 2400 2982 2454 per
3009 2384 3274 2441 internam
3304 2387 3595 2460 aspiratio-

2002 2485 2147 2535 nem,
2179 2476 2238 2524 ut
2255 2469 2625 2527 refocillentur
2651 2479 2706 2527 et
2731 2474 3095 2529 consolentur.

2695 2585 2915 2629 DIVISIO.

2074 2663 2222 2720 Sicut
2266 2665 2511 2738 superius
2558 2665 2794 2723 diximus
2845 2668 2994 2724 aliud
3040 2669 3228 2727 vitium
3258 2688 3394 2741 esse,
3426 2681 3589 2746 atque

2003 2752 2149 2807 aliud
2186 2761 2481 2826 peccatum,
2517 2755 2663 2826 quod
2700 2772 2768 2812 ex
2805 2756 2924 2828 ipso
2953 2758 3085 2816 vitio
3114 2761 3374 2832 procedit,
3406 2762 3480 2818 ita
3507 2763 3598 2818 in-

2004 2850 2296 2923 telligimus
2351 2853 2497 2908 aliud
2553 2869 2670 2909 esse
2728 2854 2970 2923 virtutes,
3019 2864 3178 2926 atque
3231 2858 3378 2914 aliud
3433 2874 3600 2932 opera

1996 2938 2237 3009 justitiae,
2283 2958 2402 3013 qua:
2459 2958 2528 2997 ex
2573 2942 2705 3013 ipsis
2760 2943 3019 2999 oriuntur.
3062 2946 3239 3001 Virtus
3267 2947 3412 3002 enim
3447 2949 3601 3019 quasi

1922 3069 1971 3133 Ο
2004 3037 2252 3106 quaedam
2289 3038 2488 3095 sanitas
2517 3046 2614 3108 est,
2661 3048 2716 3095 et
2760 3041 3039 3114 integritas
3080 3042 3276 3099 animas
3304 3044 3598 3115 rationalis,

2005 3126 2160 3195 cujus
2205 3128 2474 3199 corruptio
2530 3128 2721 3185 vitium
2779 3139 3018 3186 vocatur.
3080 3130 3229 3203 Opus
3271 3149 3400 3189 vero
3441 3133 3617 3203 justi--

2006 3216 2095 3269 tiae
2125 3222 2206 3269 est
2231 3215 2287 3269 in
2338 3223 2489 3271 motu
2544 3218 2739 3272 mentis
2792 3218 3088 3287 rationalis,
3139 3236 3260 3290 qua:
3302 3223 3596 3278 secundum

2005 3312 2297 3367 Dominum
2345 3312 2563 3382 incedit,
2595 3330 2628 3369 a
2655 3315 2833 3370 cordis
2876 3317 3228 3387 conceptione
3268 3335 3512 3391 surgens,
3544 3329 3599 3377 et

2007 3401 2140 3457 foris
2191 3417 2357 3472 usque
2411 3402 2481 3457 ad
2537 3404 2765 3459 actionis
2831 3405 3123 3475 corporalis
3177 3408 3596 3479 completionem

2003 3490 2320 3560 procedens.
2386 3491 2617 3547 Virtutes
2662 3492 2719 3546 in
2763 3492 3052 3563 Scripturis
3108 3479 3356 3566 plurimae
3401 3514 3597 3554 nume-

2004 3595 2208 3655 rantur,
2236 3588 2472 3643 maxime
2501 3604 2630 3645 vero
2675 3605 2795 3659 quae
2824 3590 2879 3644 in
2921 3591 3217 3664 Evangelio
3247 3594 3399 3663 quasi
3439 3612 3595 3665 quaa-

2006 3676 2132 3732 dam
2161 3676 2403 3733 antidota
2455 3678 2543 3735 vel
2596 3680 2851 3735 sanitates
2895 3688 3083 3736 contra
3110 3689 3317 3752 septem
3346 3684 3599 3745 vitiorum

2004 3765 2402 3835 corruptionem
2440 3766 2539 3821 sub
2581 3767 2772 3824 eodem
2816 3784 3039 3827 numero
3069 3769 3463 3843 disponuntur:
3492 3773 3603 3844 pri-

2005 3878 2097 3918 ma
2123 3869 2204 3917 est
2231 3861 2522 3933 humilitas,
2553 3864 2788 3920 secunda
2816 3867 3195 3938 mansuetudo,
3231 3869 3383 3925 tertia
3410 3871 3606 3926 mentis

2006 3951 2348 4020 compositio,
2380 3959 2569 4022 quarta
2623 3952 2947 4010 desiderium
2989 3954 3230 4026 justitiae,
3271 3957 3456 4027 quinta
3491 3958 3603 4015 mi-

2006 4039 2317 4108 sericordia,
2392 4047 2546 4095 sexta
2611 4040 2786 4096 cordis
2841 4043 3123 4112 munditia,
3209 4046 3439 4114 septima
3489 4061 3600 4116 pax

2007 4127 2201 4183 mentis
2256 4127 2485 4184 interna.
2563 4129 2739 4183 Homo
2796 4129 2961 4202 igitur
3011 4131 3068 4185 in
3123 4133 3357 4203 peccatis
3404 4132 3598 4204 jacens

2007 4233 2243 4300 aegrotus
2266 4233 2365 4293 est,
2397 4226 2525 4283 vitia
2552 4226 2797 4290 vulnera,
2829 4228 2974 4283 Deus
3003 4228 3264 4299 medicus,
3296 4231 3439 4288 dona
3466 4248 3599 4289 san-

2008 4316 2076 4371 cti
2125 4314 2355 4387 Spiritus
2402 4314 2660 4383 antidota,
2720 4314 2940 4372 virtutes
2994 4319 3267 4385 sanitates,
3307 4320 3601 4378 beatitudi-

1927 4426 1981 4487 D
2013 4421 2108 4460 nes
2132 4402 2352 4477 gaudia.
2383 4403 2481 4459 Per
2509 4402 2654 4459 dona
2694 4404 2839 4459 enim
2889 4405 3120 4477 Spiritus
3146 4409 3315 4465 sancti
3344 4410 3474 4467 vitia
3502 4429 3598 4469 sa-

2008 4510 2201 4559 nantur
2243 4521 2255 4558 :
2299 4503 2499 4558 sanitas
2553 4503 2807 4560 vitiorum
2864 4504 3144 4580 integritas
3186 4516 3267 4564 est
3310 4510 3592 4568 virtutum.

2010 4593 2184 4650 Sanus
2209 4599 2481 4663 operatur,
2510 4607 2742 4664 operans
2776 4604 3166 4652 remuneratur.
3218 4599 3309 4654 Sic
3337 4607 3459 4671 post
3486 4601 3600 4657 vir-

2012 4689 2148 4737 tutes
2176 4696 2342 4751 opera
2369 4680 2513 4737 bona
2567 4691 2880 4752 sequuntur,
2930 4692 2984 4740 et
3010 4701 3078 4740 ex
3108 4686 3391 4742 virtutibus
3436 4704 3604 4760 opera

2010 4778 2157 4834 bona
2184 4779 2441 4834 oriuntur.
2466 4778 2575 4835 Sex
2605 4794 2771 4851 opera
2789 4780 3171 4839 misericordiae
3208 4784 3264 4839 in
3302 4785 3600 4858 Evangelia

2012 4876 2315 4949 specialiter
2341 4891 2373 4932 a
2400 4876 2635 4933 Domino
2667 4887 3049 4935 enumerantur
3093 4881 3316 4951 (Matth.
3362 4885 3519 4955 xxv),
3552 4884 3609 4940 in

2016 4966 2209 5036 quibus
2238 4964 2497 5036 perfectio
2524 4965 2794 5021 bonorum
2832 4983 3056 5039 cperum
3101 4968 3450 5039 signiﬁcatur.
3487 4973 3606 5028 Pri-

2016 5071 2165 5110 mum
2190 5062 2269 5109 est
2323 5052 2645 5110 esurientem
2700 5071 2941 5127 pascere,
2990 5057 3281 5113 secundum
3336 5059 3606 5117 sitientem

2016 5160 2222 5225 potare,
2255 5152 2467 5206 tertium
2496 5152 2764 5222 hospitem
2811 5152 3084 5225 colligere,
3120 5163 3369 5224 quartum
3400 5158 3606 5214 nudum

2019 5250 2231 5315 vestire,
2265 5249 2507 5319 quintum
2562 5248 2835 5305 inﬁrmum
2889 5251 3123 5319 visitare,
3184 5261 3396 5309 sextum
3424 5256 3495 5310 ad
3516 5257 3615 5311 in-‘

2018 5351 2345 5396 carceratum
2371 5346 2425 5393 et
2454 5339 2694 5394 clausum
2723 5340 2927 5396 venire.
2962 5342 3023 5395 In
3064 5341 3148 5396 his
3194 5343 3341 5398 enim
3368 5345 3611 5401 necessi-

2020 5437 2217 5494 tatibus
2243 5436 2420 5491 omnis
2443 5436 2568 5492 vitae
2598 5438 2848 5492 humanae
2877 5438 3122 5495 molestia
3149 5440 3236 5498 vel
3265 5444 3594 5515 comprehen

2020 5525 2162 5581 ditur
2188 5525 2275 5581 vel
2302 5522 2579 5596 ﬁguratur,
2612 5524 2667 5579 in
2696 5525 2891 5596 quibus
2920 5527 3161 5599 quisquis
3206 5536 3427 5601 propter
3444 5531 3617 5587 Deum

2024 5624 2272 5699 proximo
2327 5622 2666 5695 compatitur,
2726 5624 3149 5683 misericordiam
3180 5642 3212 5685 a
3240 5627 3354 5687 Deo
3410 5628 3467 5685 in
3521 5645 3619 5687 sua

2025 5712 2340 5774 necessitate
2368 5719 2621 5772 meretur.

3156 5839 3238 5909 η
