4010 6074
447 221 553 278 εις

1595 206 1950 268 wsmvntu
1978 210 2264 269 ABBATIS
2301 211 2359 269 s.
2402 178 2621 270 BLASII

3654 211 3761 267 Ωιι

862 498 1481 606 DOMINICA
1555 498 2031 603 TERTIA
2104 500 2235 601 IN
2311 498 3315 605 SEPTUAGESIMA.

1674 743 2069 810 Secundum
2115 744 2530 810 Matthaaum.

538 991 559 1016 «
594 964 781 1024 Simile
811 972 892 1020 est
920 979 1147 1037 regnum
1168 961 1428 1018 calorum
1450 960 1655 1017 homini
1682 958 2057 1032 patrifamilias
2083 960 2137 1019 Α
2170 966 2265 1024 tes,
2300 964 2351 1011 et
2379 956 2509 1012 dicit
2537 957 2674 1014 illis:
2727 956 2869 1027 Quid
2919 958 3004 1013 hic
3059 957 3207 1014 statis
3254 965 3363 1014 tota
3409 957 3498 1014 die
3542 957 3707 1014 otiosi
3735 959 3766 1013 ?

462 1056 550 1128 qui
581 1055 712 1111 exiit
741 1054 915 1126 primo
944 1069 1105 1109 mane
1135 1051 1432 1108 conducere
1454 1049 1729 1120 operarios
1758 1048 1813 1103 in
1844 1048 2056 1103 vineam

460 1161 635 1214 suam,
672 1168 694 1193 υ
730 1152 838 1199 etc.
879 1142 1104 1214 (Matth.
1155 1141 1272 1210 xv.)
1302 1140 1548 1211 Regnum
1581 1138 1862 1205 caelorum,
1895 1136 1949 1190 id
1978 1144 2059 1191 est

459 1243 717 1313 Christus,
750 1241 833 1297 cui
881 1247 1225 1312 comparatur
1280 1235 1686 1309 paterfamilias,
1733 1235 1823 1306 qui
1855 1234 2059 1306 primos

461 1333 588 1389 fecit
629 1330 974 1398 novissimos,
1034 1335 1088 1383 et
1135 1325 1458 1382 novissimos
1506 1325 1727 1396 primos.
1761 1326 1881 1393 Ipse
1912 1323 2056 1379 enim

462 1422 718 1490 Christus,
751 1436 910 1475 verus
951 1415 1358 1491 paterfamilias,
1409 1415 1568 1469 totius
1596 1413 1815 1469 humani
1845 1412 2059 1484 generis

461 1535 645 1576 curam
674 1517 897 1583 habens,
933 1515 1081 1571 omni
1113 1522 1352 1584 tempore
1398 1512 1676 1568 universos
1704 1512 1772 1566 ad
1797 1511 2057 1567 culturam

460 1610 635 1665 vineae
663 1613 839 1664 vocat.
899 1603 1023 1673 Qui,
1085 1602 1301 1673 quando
1359 1617 1467 1656 non
1522 1601 1849 1673 agnoscitur,
1894 1600 1948 1653 in
1978 1616 2060 1653 se-

461 1701 607 1752 creto
654 1699 751 1758 est,
810 1689 905 1745 sed
958 1688 1173 1759 quando
1230 1687 1539 1759 agnoscitur
1586 1686 1717 1741 exiit
1760 1685 2059 1741 conducere

461 1790 755 1864 operarios,
789 1804 856 1843 cx
885 1787 1095 1843 occulto
1124 1784 1428 1856 procedens
1464 1784 1532 1839 ad
1584 1782 1849 1839 notitiam.
1892 1782 2060 1837 Vinea

464 1889 643 1938 autem
673 1885 751 1933 est
782 1877 1039 1942 Ecclesia,
1076 1892 1197 1945 quae
1226 1875 1295 1930 ab
1318 1874 1451 1929 Abel
1475 1873 1622 1943 justo
1652 1889 1818 1943 usque
1850 1871 1917 1927 ad
1946 1871 2061 1935 ulti_

458 1994 606 2033 mum
630 1976 879 2040 electum,
906 1971 1057 2044 quasi
1091 1978 1169 2027 tot
1208 1970 1457 2043 palmites
1498 1969 1678 2039 mittit,
1701 1975 2061 2039 quotsanctos

455 2065 682 2139 profert.
722 2061 968 2135 Operarii
1023 2075 1151 2117 vero
1196 2067 1318 2114 sunt
1375 2059 1775 2130 prtedicatores,
1828 2056 1875 2112 ei
1906 2074 2061 2112 unus-

453 2155 697 2226 quisque,
748 2151 876 2207 dum
924 2149 1030 2205 ﬁde
1086 2156 1231 2204 recta
1305 2148 1536 2220 persistit
1585 2147 1640 2201 in
1679 2146 1877 2203 divinae
1923 2146 2060 2219 legis

448 2251 776 2309 obedientia.

2164 1045 2363 1101 Dicunt
2393 1046 2480 1100 ei:
2540 1044 2681 1116 Quia
2739 1062 2899 1103 nemo
2948 1063 3048 1102 nos
3101 1046 3377 1102 conduxit.
3437 1047 3761 1103 Dicitillis:

2164 1136 2240 1190 Ite
2271 1142 2321 1189 et
2351 1150 2447 1189 vos
2486 1134 2540 1188 in
2588 1136 2803 1191 vineam
2859 1152 3060 1191 meam.
3097 1158 3118 1183 υ
3172 1136 3352 1191 Prima
3391 1137 3542 1205 hora,
3576 1136 3771 1192 volunt

2162 1232 2333 1286 Adam
2392 1230 2613 1286 missum
2670 1232 2724 1285 in
2782 1231 2996 1287 vineam
3053 1239 3106 1287 et
3157 1232 3394 1303 reliquos
3431 1232 3770 1305 patriarchas

2163 1336 2329 1390 usque
2360 1319 2426 1373 ad
2459 1320 2604 1387 Noe;
2639 1320 2811 1388 tertia,
2844 1322 3019 1393 ipsum
3047 1321 3166 1376 Noe
3204 1328 3258 1376 et
3301 1321 3537 1391 reliquos
3567 1321 3639 1376 ad
3668 1322 3773 1376 cir-

2164 1408 2545 1463 cumcisionem
2604 1408 2865 1478 Abrahae;
2926 1418 3095 1477 sexta,
3156 1410 3226 1465 ab
3281 1410 3554 1466 Abraham
3596 1427 3769 1481 usque

2164 1507 2232 1561 ad
2261 1508 2501 1576 Moysen,
2554 1507 2767 1576 quando
2825 1507 2912 1562 lex
2964 1509 3089 1563 data
3118 1516 3229 1564 est:
3265 1524 3427 1577 nona,
3461 1510 3686 1581 Moysen
3716 1516 3771 1563 et

2163 1596 2489 1665 prophetas;
2532 1595 2818 1651 undecima
2865 1597 3141 1668 apostolos
3195 1604 3245 1653 et
3291 1598 3535 1669 gentium
3581 1613 3765 1669 popu-

2163 1686 2294 1749 lum,
2326 1685 2417 1755 qui
2448 1684 2593 1755 prius
2648 1684 2826 1740 stabat
2880 1693 2990 1741 tota
3044 1686 3134 1742 die
3190 1686 3408 1755 otiosus,
3443 1686 3569 1743 ideo
3614 1687 3768 1742 omni

2168 1791 2406 1852 tempore
2427 1798 2524 1851 pro
2552 1782 2720 1837 salute
2768 1781 3011 1838 laborare
3060 1783 3360 1855 negligens.
3402 1783 3513 1837 Lex
3544 1782 3768 1853 quidem

2167 1869 2494 1925 conduxerat
2524 1870 2685 1925 Israel
2716 1870 2900 1926 dicens
2932 1889 2943 1925 :
2984 1894 3006 1919 σε
3039 1871 3156 1927 Hoc
3194 1871 3279 1926 fac
3309 1878 3360 1926 et
3396 1872 3546 1928 vives
3576 1872 3766 1942 (Deut_

2165 1983 2259 2037 vi;
2291 1970 2433 2025 Luc.
2473 1970 2551 2037 χ),
2590 1991 2613 2017 ι
2649 1967 2742 2022 sed
2771 1976 2963 2040 gentes
3006 1984 3166 2024 nemo
3196 1968 3475 2025 conduxit.
3508 1969 3768 2025 Debitum

2167 2074 2397 2128 namque
2427 2063 2540 2111 erat
2568 2073 2667 2127 per
2695 2057 2882 2112 orbem
2915 2065 3170 2113 terrarum
3194 2058 3551 2129 Evangelium
3584 2058 3775 2129 praedi-

2166 2147 2296 2212 cari,
2356 2153 2408 2201 et
2463 2153 2653 2219 gentes
2706 2144 2831 2202 ﬁdei
2882 2146 3265 2216 justiﬁcatione
3321 2147 3538 2202 salvari.
3599 2148 3771 2203 Aliter

2166 2264 2322 2303 mane
2354 2256 2431 2303 est
2460 2247 2685 2318 pueritia
2728 2261 2741 2317 ;
2795 2248 2968 2317 tertia,
3017 2247 3378 2303 adolescentia
3424 2247 3772 2320 proﬁciscens

530 2363 552 2390 σε
589 2338 955 2397 Conventione
1001 2344 1180 2392 autem
1221 2335 1363 2390 facta
1408 2350 1530 2389 cum
1561 2333 1821 2405 operariis
1849 2350 1915 2388 ex
1946 2332 2049 2388 de-
2080 2320 2133 2380 Β
2163 2338 2217 2391 in
2238 2337 2403 2392 altum
2436 2336 2586 2406 quasi
2616 2335 2725 2404 sol;
2756 2343 2927 2402 sexta,
2960 2335 3251 2406 juventus;
3278 2352 3436 2403 nona,
3473 2345 3764 2405 senectus;

452 2428 605 2485 nario
635 2428 847 2495 diurno,
880 2425 1026 2481 misit
1061 2440 1155 2480 eos
1181 2424 1239 2479 in
1284 2423 1498 2479 vineam
1528 2439 1701 2478 suam.
1738 2446 1759 2471 υ
1796 2424 2052 2478 Conven-

454 2529 528 2584 tio
582 2526 684 2582 fuit
738 2524 1051 2581 conﬁrmata
1104 2522 1389 2592 promissio
1447 2521 1589 2592 quod
1647 2521 1713 2576 ad
1757 2520 2051 2591 imaginem

452 2616 553 2673 Dei
610 2622 788 2671 essent
850 2611 1203 2677 reformandi,
1262 2611 1304 2666 si
1368 2610 1662 2666 Ecclesiam
1733 2608 2052 2665 aediﬁcando

451 2704 712 2777 Decalogi
769 2700 1036 2757 mandatis
1088 2699 1409 2755 insisterent.
1473 2701 1536 2754 In
1602 2697 1823 2753 denario
1890 2698 2055 2770 igitur

451 2794 683 2867 ﬁguram
700 2792 845 2864 regis
864 2790 1114 2857 habente,
1139 2787 1230 2858 qui
1245 2789 1373 2843 olim
1396 2803 1493 2859 per
1510 2804 1545 2842 κ
1568 2802 1817 2841 nummos
1836 2801 1955 2841 com
1961 2802 2052 2855 pu-

452 2891 683 2958 tabatur,
716 2896 769 2945 et
794 2885 1118 2944 obedientiaa
1146 2884 1451 2955 praemium,
1485 2891 1538 2939 et
1558 2884 1683 2953 quia
1702 2900 1767 2938 ex
1791 2881 2051 2954 Decalogi

444 2978 786 3038 observantia
814 2976 1073 3049 operariis
1092 2976 1268 3042 datur,
1302 2973 1586 3029 manifeste
1617 2971 1969 3045 signiﬁcatur.

531 3093 554 3120 α
585 3069 657 3125 Bt
685 3082 931 3141 egressus
959 3066 1103 3121 circa
1127 3067 1316 3120 horam
1351 3064 1560 3118 tertiam
1585 3061 1719 3118 vidit
1746 3062 1881 3117 alios
1909 3069 2053 3115 stan-

451 3176 529 3225 tes
556 3165 612 3222 in
643 3166 759 3222 foro
789 3164 1008 3230 otiosos,
1040 3170 1087 3218 et
1119 3162 1255 3217 dixit
1274 3161 1413 3216 illis:
1448 3163 1526 3216 Ite
1556 3168 1609 3215 et
1634 3175 1732 3215 vos
1753 3176 1808 3213 in
1837 3160 2051 3214 vineam

451 3271 652 3324 meam,
684 3262 738 3310 et
763 3253 908 3324 quod
940 3252 1147 3322 justum
1205 3250 1368 3305 fuerit
1422 3249 1565 3305 dabo
1614 3248 1793 3304 vobis.
1834 3248 1918 3302 llli
1948 3264 2051 3302 au-

451 3354 562 3403 tem
611 3343 879 3400 abierunt.
916 3364 939 3389 »
1001 3341 1102 3395 Per
1155 3339 1332 3394 forum
1370 3339 1603 3392 mundus
1658 3337 1936 3408 accipitur,
1996 3336 2052 3389 in

454 3447 562 3506 quo
616 3430 919 3498 calumniae,
976 3428 1208 3498 injuria,
1268 3428 1657 3493 contentiones,
1717 3426 2051 3481 diversorum

454 3528 797 3602 negotiorum
828 3522 1184 3591 difﬁcultates,
1230 3538 1446 3594 semper
1486 3523 1847 3588 tumultuosae,
1880 3528 1933 3576 et
1959 3521 2052 3576 ubi

456 3617 643 3676 omnia
697 3622 823 3669 sunt
876 3612 1109 3670 venalia.
1185 3612 1499 3667 Peccatores
1551 3611 1798 3666 dicuntur
1835 3610 2050 3675 mortui,

455 3723 567 3765 non
594 3704 774 3762 otiosi.
807 3702 956 3759 Sicut
983 3701 1128 3757 enim
1156 3699 1347 3756 surdus
1393 3700 1536 3770 apud
1584 3700 1875 3755 Dominum
1915 3698 2056 3753 dici-
2084 3676 2134 3740 δ
2165 3707 2386 3779 primos.
2452 3729 2473 3755 υ

459 3814 545 3862 tur
571 3802 663 3875 qui
689 3816 799 3857 non
830 3799 982 3856 audit
1028 3814 1149 3870 que
1196 3797 1295 3853 Dei
1325 3804 1466 3862 sunt,
1515 3796 1611 3852 sed
1650 3812 1772 3867 quae
1800 3793 2004 3851 diaboli
2039 3810 2053 3865 ;

458 3908 652 3959 caecus,
684 3906 781 3963 per
807 3889 961 3959 cujus
988 3889 1174 3945 oculos
1201 3885 1452 3941 diabolus
1496 3886 1662 3951 videt,
1718 3900 1828 3940 non
1873 3885 2055 3940 Deus:

458 3991 535 4048 sic
561 3990 651 4061 qui
682 3985 900 4044 diabolo
946 3986 1081 4043 vivit
1111 3992 1352 4041 mortuus
1407 3991 1486 4039 est
1538 3984 1673 4039 Deo.
1724 3984 1927 4053 Raptor
1950 3999 2060 4038 non

461 4090 541 4138 est
567 4081 789 4146 otiosus,
821 4076 917 4132 sed
955 4082 1217 4130 mortuus.
1277 4072 1555 4140 Ebriosus,
1609 4072 1925 4129 fornicarius
1951 4088 2061 4127 non

460 4177 584 4227 sunt
610 4166 787 4237 otiosi,
811 4164 908 4222 sed
944 4164 1170 4233 mortui;
1203 4162 1293 4218 ille
1324 4170 1503 4219 autem
1534 4161 1625 4233 qui
1656 4162 1788 4218 nihil
1816 4162 1956 4218 tollit
1982 4168 2064 4216 est

460 4267 680 4334 otiosus,
713 4262 813 4319 nisi
843 4262 910 4318 de
956 4262 1067 4317 suis
1107 4260 1200 4316 det
1247 4258 1652 4332 impotentibus.
1688 4260 1779 4315 Vis
1805 4276 1913 4315 non
1944 4277 2060 4315 esse

460 4354 707 4411 otiosus?
734 4351 882 4407 Nihil
909 4350 1086 4415 tollas,
1137 4356 1191 4403 et
1216 4347 1283 4404 de
1313 4348 1417 4403 tuis
1444 4348 1539 4405 des
1572 4363 1669 4419 pro
1700 4349 1835 4415 Deo,
1866 4356 1923 4403 ut
1950 4365 2062 4404 non

468 4443 563 4499 tibi
592 4442 763 4507 vivas,
795 4438 891 4494 sed
928 4439 1063 4493 Deo.
1097 4437 1189 4492 Vis
1222 4452 1331 4493 non
1358 4453 1474 4492 esse
1502 4436 1705 4492 otiosus
1733 4438 1762 4489 ‘?
1787 4437 1981 4507 Jejuna
2008 4443 2063 4492 et

466 4532 537 4587 da
566 4546 665 4603 pro
692 4530 807 4585 Deo
835 4525 980 4597 quod
1007 4524 1335 4581 manducare
1393 4524 1562 4581 debes
1615 4532 1668 4581 et
1712 4525 1918 4581 bibere.
1970 4524 2063 4581 Vis

465 4635 574 4677 non
629 4632 745 4674 esse
801 4615 1047 4671 otiosus?
1094 4613 1151 4669 Si
1196 4612 1311 4668 sine
1368 4629 1535 4669 uxore
1575 4629 1633 4670 es
1673 4630 1741 4670 ne
1788 4614 2063 4685 quaesieris

464 4732 711 4783 uxorem,
744 4711 839 4769 sed
868 4725 1095 4781 operare
1136 4710 1305 4767 vitam
1336 4710 1609 4766 castitatis.
1643 4710 1700 4767 Si
1729 4711 1898 4768 dicis:
1939 4713 2062 4768 Non

467 4821 683 4880 possum
712 4801 1007 4866 abstinere,
1040 4799 1268 4856 ostendo
1295 4799 1390 4854 tibi
1421 4807 1476 4855 ut
1505 4806 1558 4855 et
1584 4814 1807 4856 uxorem
1839 4800 2059 4868 habeas,

464 4905 520 4953 et
563 4893 816 4952 castitatis
866 4891 1034 4947 vitam
1089 4888 1265 4945 colas.
1329 4889 1551 4944 Abstine
1595 4896 1645 4944 te
1674 4906 1707 4945 a
1735 4898 2064 4946 menstruata

464 4994 518 5043 et
543 4990 880 5056 praegnante,
912 4980 1228 5037 erubescere
1276 4979 1454 5034 facere
1495 4978 1639 5049 quod
1668 4980 1923 5035 animalia
1952 4996 2060 5035 non

465 5075 689 5130 faciunt.
729 5070 930 5141 thuid
975 5086 1183 5138 servus,
1243 5068 1516 5138 accipiens
1565 5084 1748 5123 mnam
1781 5085 1813 5123 a
1839 5068 2061 5125 domino

464 5177 582 5227 suo,
612 5159 860 5216 audivit:
899 5181 921 5208 α
987 5158 1155 5215 Serve
1201 5173 1436 5227 nequam
1478 5155 1700 5227 (Matth.
1750 5158 1904 5226 viu');
1940 5181 1963 5207 ι»
2010 5166 2063 5215 et

464 5249 651 5319 utquid
681 5248 873 5302 missus
930 5254 1009 5302 est
1062 5247 1119 5301 in
1175 5262 1444 5301 carcerem
1469 5247 1497 5299 ‘2
1539 5246 1665 5316 quia
1720 5246 1851 5301 nihil
1881 5247 2061 5302 lucra-

463 5345 547 5393 tus
573 5335 745 5391 estde
776 5348 865 5391 ea.
904 5334 961 5390 Si
1008 5350 1139 5407 ergo
1172 5334 1263 5389 ille
1319 5351 1431 5390 non
1474 5335 1576 5390 erit
1627 5335 1864 5406 impunis
1890 5335 1944 5391 in
1974 5336 2064 5392 die

458 5424 647 5497 judicii
677 5423 768 5493 qui
798 5422 998 5477 otiosus
1043 5423 1185 5478 stetit
1246 5423 1301 5477 in
1333 5422 1470 5489 foro,
1525 5423 1655 5494 quid
1713 5424 1875 5479 faciet
1926 5442 2060 5496 pec-

462 5523 629 5579 cator,
662 5520 715 5568 et
744 5526 925 5565 mnam
956 5526 1107 5564 suam
1127 5511 1402 5580 perdens?
1439 5534 1461 5562 «ι
1497 5513 1692 5567 Iterum
1724 5520 1901 5568 autem
1932 5515 2064 5570 exiit

459 5604 599 5662 circa
626 5609 835 5657 sextam
883 5600 1091 5665 horam,
1151 5606 1203 5653 et
1258 5615 1476 5667 nonam,
1528 5607 1581 5654 et
1626 5601 1750 5656 fecit
1779 5602 2048 5659 similiter.

459 5693 615 5753 Circa
638 5687 981 5747 undecimam
1039 5701 1166 5743 vero
1215 5685 1347 5742 exiit
1398 5694 1451 5743 et
1495 5687 1699 5746 invenit
1744 5690 1881 5749 alios
1906 5700 2060 5749 stan-

2089 5038 2141 5098 D

2160 2425 2465 2495 undecima,
2524 2424 2796 2495 decrepita
2852 2431 3001 2480 aetas.
3064 2425 3282 2479 Videtur
3334 2425 3513 2495 itaque
3571 2441 3768 2497 prima:

2162 2518 2307 2571 horae
2334 2531 2449 2569 esse
2478 2514 2752 2585 operarios
2790 2513 3096 2569 Samuelem
3144 2522 3195 2569 et
3240 2514 3550 2583 Jeremiam,
3602 2515 3768 2568 Joan-

2159 2631 2283 2669 nem
2343 2612 2673 2684 Baptistam;
2736 2612 2922 2681 tertias,
2982 2612 3103 2667 illos
3132 2611 3282 2682 quia
3311 2611 3596 2683 pubertate
3643 2613 3764 2667 Deo

2158 2703 2359 2757 servire
2408 2708 2722 2773 cmperunt;
2774 2709 2958 2767 sextae,
3005 2700 3157 2770 quia
3186 2708 3393 2755 matura
3418 2707 3615 2770 aetate;
3655 2715 3765 2755 no—

2160 2808 2244 2847 nae
2273 2791 2361 2861 qui
2389 2790 2505 2860 jam
2555 2789 2856 2845 declinante
2913 2796 3069 2845 aetate
3124 2790 3193 2843 aut
3247 2788 3493 2856 senium;
3527 2788 3766 2844 undeci-

2162 2898 2266 2936 mae
2323 2880 2412 2950 qui
2471 2880 2657 2934 ultima
2716 2886 3007 2934 senectute.
3068 2879 3365 2949 Torpentes
3417 2893 3550 2951 ergo
3590 2894 3766 2949 usque

2158 2970 2225 3025 ad
2247 2970 2489 3024 ultimam
2541 2976 2754 3024 aetatem
2811 2976 2956 3023 recte
3012 2968 3357 3039 increpantur
3401 2967 3470 3022 de
3519 2968 3657 3034 otio,
3712 2977 3771 3023 ut

2158 3068 2243 3125 vel
2274 3068 2328 3122 in
2358 3068 2558 3123 ultimis
2613 3067 2946 3138 resipiscant.
3008 3066 3197 3121 Nullus
3254 3065 3454 3138 quippe
3502 3066 3768 3121 conduxit

2160 3158 2310 3223 tales,
2344 3158 2469 3211 licet
2495 3156 2573 3211 eis
2603 3156 2718 3211 vias
2750 3156 2876 3212 vita;
2921 3156 3263 3226 praedicaret,
3310 3154 3435 3225 quia
3464 3155 3637 3210 solius
3666 3155 3765 3211 Dei

2160 3255 2240 3301 est
2267 3246 2410 3301 intus
2438 3245 2630 3301 docere
2658 3246 2747 3300 cui
2773 3245 3013 3300 nondum
3044 3243 3380 3300 obedierunt.

2236 3366 2258 3391 ι
2294 3345 2429 3398 Cum
2484 3358 2603 3399 sero
2658 3350 2839 3398 autem
2887 3342 3087 3398 factum
3134 3350 3292 3406 esset,
3342 3340 3473 3397 dicit
3498 3341 3769 3397 Dominus

2160 3432 2332 3489 vineae
2362 3431 2692 3503 procuratori
2720 3446 2837 3500 suo,
2870 3453 2893 3480 υ
2929 3432 3033 3487 hoc
3056 3439 3152 3499 est,
3176 3430 3262 3485 vel
3281 3431 3437 3485 Pater
3454 3429 3587 3485 dicit
3610 3431 3766 3496 Filio,

2160 3530 2244 3585 vel
2275 3529 2439 3585 Filius
2469 3529 2686 3600 Spiritui
2718 3536 2939 3584 sancto:
2973 3552 2995 3576 α
3030 3528 3177 3583 Voca
3206 3527 3485 3599 operarios
3512 3535 3567 3582 et
3596 3528 3765 3584 redde

2164 3618 2269 3672 illis
2315 3618 2641 3685 mercedem,
2702 3617 2965 3689 incipiens
3012 3633 3045 3671 a
3099 3616 3405 3673 novissimis
3465 3633 3642 3687 usque
3698 3616 3769 3671 ad

2539 3706 2830 3761 Considera
2906 3704 3033 3777 quia
3085 3721 3207 3761 sero
3278 3720 3388 3760 non
3436 3704 3544 3761 alio
3603 3722 3768 3761 mane

2163 3805 2338 3861 reddit
2393 3804 2716 3860 mercedem.
2769 3803 2912 3877 Ergo
2970 3802 3144 3859 adhuc
3190 3809 3364 3858 stante
3408 3803 3612 3858 saeculo
3640 3804 3767 3873 isto,

2160 3894 2424 3964 judicium
2473 3893 2573 3948 erit
2626 3900 2845 3965 propter
2900 3891 3034 3947 duas
3077 3892 3331 3947 rationes.
3364 3891 3610 3947 Primum
3640 3894 3769 3964 quia

2166 3992 2389 4039 ventura
2426 3981 2702 4037 beatitudo
2760 3990 2837 4037 est
2892 3996 3099 4037 merces
3148 3981 3390 4051 justitiae,
3439 3980 3644 4037 deinde
3701 3999 3769 4037 ne

2168 4088 2475 4153 peccatores
2545 4078 2763 4135 videant
2844 4078 3252 4145 beatitudinem,
3341 4078 3557 4133 dicente
3633 4096 3767 4151 pro-

2167 4170 2360 4241 pheta:
2398 4192 2420 4218 «
2478 4168 2716 4224 Tollatur
2760 4167 2959 4239 impius
3013 4183 3080 4222 ne
3137 4166 3317 4222 videat
3369 4166 3609 4240 gloriam
3667 4169 3768 4223 Dei

2167 4259 2295 4329 (Ιδα.
2329 4264 2502 4329 XXVI).
2530 4280 2553 4305 »ι

2244 4370 2265 4397 α
2301 4349 2435 4404 Cum
2465 4345 2735 4401 venissent
2762 4360 2891 4418 ergo
2922 4344 3014 4415 qui
3044 4357 3182 4400 circa
3202 4341 3545 4400 undecimam
3578 4347 3768 4402 horam

2167 4452 2447 4512 venerant,
2488 4452 2809 4515 acceperunt
2836 4442 3077 4516 singulos
3124 4440 3392 4498 denarios.
3426 4464 3450 4490 υ
3506 4441 3772 4512 Quamvis

2170 4536 2481 4593 felicitatem
2501 4533 2901 4589 resurrectionis
2928 4547 3117 4587 omnes
3151 4530 3280 4600 justi
3323 4532 3599 4603 accepturi
3626 4540 3769 4603 sunt,

2169 4635 2351 4683 tamen
2380 4624 2506 4696 quia
2535 4623 2627 4679 alii
2649 4621 2913 4693 accipient
2941 4621 3089 4692 prius
3134 4634 3316 4686 unam,
3358 4619 3449 4674 alii
3486 4627 3616 4690 post
3644 4619 3771 4675 mul-

2170 4733 2268 4793 tas,
2299 4722 2375 4777 illi
2404 4721 2652 4777 dicuntur
2688 4720 2894 4792 priores
2948 4717 3215 4790 accipere,
3266 4716 3356 4786 qui
3399 4716 3551 4786 prius
3595 4717 3770 4773 modi-

2168 4830 2291 4870 cum
2321 4810 2579 4880 temporis
2605 4808 2891 4881 accipient.
2945 4808 3133 4876 Itaque
3186 4804 3463 4861 novissimi
3494 4805 3549 4860 in
3582 4806 3768 4863 labore

2168 4909 2323 4959 erunt
2351 4899 2508 4973 primi
2541 4899 2596 4952 in
2624 4897 2887 4969 praemio;
2937 4903 2991 4951 et.
3046 4893 3207 4964 primi
3260 4894 3313 4948 in
3344 4893 3550 4965 labore,
3588 4896 3768 4951 novis-

2170 4991 2292 5048 simi
2321 4991 2376 5044 in
2407 4987 2651 5061 praemio.
2711 4986 2776 5041 Et
2830 4985 2956 5055 quia
3008 4982 3258 5040 denarius
3309 4982 3399 5039 ille
3426 4984 3539 5039 vita
3566 4993 3769 5041 aeterna

2170 5086 2269 5145 est,
2301 5075 2536 5145 mquales
2563 5078 2718 5127 erunt
2744 5070 2800 5125 in
2827 5069 2921 5124 illa
2948 5069 3195 5123 mercede
3224 5068 3404 5139 primi,
3444 5069 3586 5124 sic-ut
3611 5068 3765 5135 Abel,

2167 5168 2303 5231 Noe,
2343 5172 2594 5233 tanquam
2648 5161 2825 5232 prima
2879 5158 2968 5215 vel
3023 5158 3180 5212 tertia
3226 5158 3360 5212 hora
3387 5157 3567 5213 vocati
3595 5158 3667 5213 ad
3692 5173 3771 5212 ne.

2169 5264 2372 5325 gnum;
2406 5256 2461 5303 et
2486 5245 2765 5302 novissimi
2795 5243 2885 5314 qui
2913 5243 2983 5298 ab
3003 5241 3236 5299 adventu
3262 5256 3530 5312 corporeo
3546 5241 3768 5298 Domini

2170 5339 2321 5411 quasi
2351 5338 2405 5392 in
2435 5335 2722 5391 undecima
2770 5335 2900 5389 hora
2955 5332 3072 5387 sine
3124 5331 3306 5399 aliqua
3354 5330 3607 5386 tarditate
3634 5346 3771 5403 prae-

2169 5424 2411 5482 veniunt.
2472 5420 2781 5476 Meritorum
2829 5416 3046 5489 quidem
3094 5415 3402 5472 diversitate
3458 5415 3765 5487 fulgebunt,

2171 5514 2306 5571 alius
2334 5511 2530 5584 magis,
2563 5508 2700 5565 alius
2721 5507 2897 5562 minus
2921 5521 2934 5575 ;
2967 5505 3197 5575 ideoque
3225 5503 3616 5576 paterfamilias
3642 5518 3769 5576 pro-

2169 5602 2313 5658 misit
2333 5618 2389 5656 se
2418 5600 2668 5655 daturum
2723 5596 2949 5668 singulis
2994 5592 3139 5665 quod
3181 5593 3386 5663 justum
3436 5592 3617 5648 fuerit.
3652 5594 3766 5648 Ve-

2166 5697 2454 5751 rumtatem
2483 5686 2709 5761 aequalis
2758 5685 2858 5745 erit
2900 5684 3011 5742 vita
3062 5689 3283 5754 aeterna,
3331 5681 3588 5740 omnibus
3628 5680 3763 5740 nulli
