4062 6074
310 223 418 279 845

1234 218 1827 277 DEFLORATIONES
1864 217 1969 277 SS.
2017 220 2322 286 PATRUM.
2355 250 2423 261 —-
2454 220 2587 276 LIB.
2628 220 2677 277 Ῑ.

3504 225 3607 279 846

310 349 528 421 longior
548 348 636 404 vel
664 346 885 404 brevior
925 345 1052 417 quia
1101 362 1209 403 non
1257 346 1479 403 habebit
1530 345 1713 402 ﬁnem.
1773 345 1904 401 Sero
1933 345 1986 406 A
2018 345 2159 415 Quid
2188 346 2383 417 quaeris
2411 346 2643 418 amplius
2662 348 2691 400 ‘?
2724 334 2886 415 Vade,
2915 363 3201 418 persevera
3228 348 3284 402 in
3313 347 3509 420 adepta
3521 349 3612 419 ju.

314 446 515 502 factum
546 453 643 513 est,
676 445 992 516 cuicumque
1020 443 1141 499 ﬁnis
1171 445 1295 501 vitae
1324 444 1490 501 venit.
1520 447 1567 498 Α
1608 444 1913 501 novissimis

320 534 570 590 denarios
596 534 983 604 paterfamilias
1009 533 1232 589 reddere
1264 533 1425 605 cmpit
1457 548 1471 601 ;
1503 533 1595 603 qui
1636 533 1705 587 ad
1747 550 1910 604 para-

321 624 423 679 disi
451 625 673 694 requien
704 624 850 695 prius
879 625 1141 679 latronem
1164 640 1325 693 quam
1377 624 1587 677 Petrum
1635 623 1906 694 perduxit.

318 721 424 790 Qui
456 722 590 777 latro
620 729 675 777 et
700 720 744 775 si
773 737 872 791 per
899 727 1113 776 aetatem
1141 735 1249 775 non
1280 719 1429 775 venit
1456 719 1525 774 ad
1546 719 1908 790 undecimam,

315 810 465 868 venit
493 818 675 868 tamen
711 826 830 866 sero
868 826 965 881 per
1012 824 1249 880 poenam.
1302 808 1392 864 Sic
1434 808 1723 879 aliquando
1767 810 1913 880 prius

316 906 729 955 remunerantur
755 914 875 953 sero
903 898 1179 955 venientes
1207 896 1295 967 qui
1328 897 1475 968 prius
1503 896 1569 950 de
1598 898 1914 968 corporibus

316 1004 523 1053 exeunt
549 1013 711 1067 quam
741 996 831 1066 qui
852 995 907 1050 in
923 994 1163 1068 pueritiis
1190 993 1364 1050 vocati
1392 1001 1532 1049 sunt.
1572 1017 1594 1042 ‹‹
1628 994 1914 1050 Venientes

317 1093 497 1142 autem
528 1086 688 1157 primi
709 1085 949 1141 arbitrati
969 1092 1091 1139 sunt
1110 1084 1254 1154 quod
1276 1083 1395 1155 plus
1415 1090 1589 1139 essent
1620 1084 1909 1155 accepturi.

313 1177 835 1244 Acceperuntautem
857 1174 1018 1229 etiam
1037 1173 1138 1245 ipsi
1160 1173 1402 1245 singulos
1412 1172 1680 1228 denarios.
1706 1195 1726 1220 υ
1750 1172 1913 1228 Eam-

316 1270 440 1326 dem
471 1271 671 1335 scilicet
698 1270 1010 1328 Trinitatem
1041 1286 1163 1324 cum
1192 1267 1445 1341 gentibus
1467 1267 1769 1338 justiﬁcatis
1815 1286 1913 1325 ac-

316 1360 517 1432 cipient
567 1367 707 1416 retro
765 1360 962 1425 vocati,
1021 1358 1342 1414 conformati
1402 1357 1628 1414 claritati
1695 1359 1911 1415 Christi.

318 1450 454 1504 Cum
484 1458 663 1505 tamen
694 1449 868 1521 primo
898 1456 1157 1504 venerunt
1186 1449 1275 1518 qui
1306 1449 1538 1520 populus
1556 1447 1654 1504 Dei
1676 1448 1744 1503 ab
1764 1449 1915 1504 initio

318 1548 652 1616 exstiterant,
682 1545 923 1601 arbitrati
950 1552 1074 1600 sunt
1114 1544 1258 1616 quod
1305 1553 1512 1617 gentes,
1565 1544 1713 1616 prius
1758 1544 1916 1601 idolis

316 1637 628 1703 servientes,
660 1634 839 1690 minus
867 1642 1045 1690 essent
1071 1634 1362 1704 accepturi.

393 1794 416 1820 ι
450 1770 515 1824 Et
544 1769 866 1841 accipientes
884 1768 1294 1824 murmurabant
1320 1768 1574 1826 adversus
1615 1769 1912 1840 patremfa-

319 1868 515 1934 milias,
548 1867 786 1922 dicentes
814 1886 826 1921 :
860 1866 926 1920 Hi
956 1866 1233 1922 novissimi
1263 1883 1370 1922 una
1398 1868 1531 1922 hora
1561 1866 1821 1933 fecerunt,
1863 1876 1916 1923 et

316 1972 476 2026 pares
513 1955 634 2010 illos
671 1955 827 2011 nobis
892 1954 1084 2022 fecisti,
1152 1955 1244 2025 qui
1309 1955 1639 2027 portavimus
1705 1956 1916 2028 pondus

317 2045 425 2101 diei
455 2053 693 2102 emistus.
723 2067 745 2093 υ
771 2044 987 2114 Antiqui
1018 2044 1109 2115 qui
1128 2052 1252 2116 post
1271 2045 1435 2117 longa
1454 2044 1649 2100 inferni
1674 2052 1917 2115 tempora

318 2143 388 2199 ad
426 2143 622 2199 coelum
662 2148 1026 2214 pervenerunt
1071 2142 1222 2213 quasi
1270 2150 1394 2214 post
1433 2143 1913 2198 murmurationem

319 2232 599 2288 denarium
633 2232 921 2303 accipiunt.
952 2232 1065 2286 Nos
1091 2238 1270 2286 autem
1308 2232 1422 2286 sine
1468 2232 1911 2298 murmuratione,

319 2321 446 2392 quia
474 2337 601 2377 mox
631 2328 687 2375 ut
715 2320 783 2375 de
830 2335 1057 2390 corpore
1102 2320 1330 2387 eximus,
1389 2320 1502 2374 sine
1559 2336 1712 2376 mora
1768 2337 1912 2392 prae-

321 2420 493 2475 mium
525 2419 837 2490 accipimus.
881 2419 949 2473 Et
996 2418 1290 2473 notandum
1339 2418 1464 2488 quia
1508 2418 1760 2473 denarius
1806 2435 1916 2473 non

321 2509 444 2565 totis
472 2508 693 2563 insimul
722 2507 1002 2579 accipitur,
1040 2507 1135 2562 sed
1181 2506 1295 2563 veri
1340 2507 1570 2561 cultores
1626 2507 1917 2578 spiritualis

317 2598 492 2654 vinea:
522 2597 578 2651 in
624 2598 725 2652 hac
744 2596 854 2653 vita
882 2596 1214 2667 centuplum,
1247 2595 1440 2650 deinde
1471 2596 1689 2664 ccelum,
1715 2604 1767 2651 et
1795 2604 1916 2668 post

312 2695 503 2766 judicii
524 2694 1010 2751 remunerationem
1040 2693 1310 2764 duplicem
1357 2692 1550 2748 stolam
1600 2692 1905 2749 habebunt.

314 2785 606 2841 Denarium
637 2784 801 2857 igitur
829 2782 1170 2854 accipientes,
1202 2798 1313 2836 non
1359 2798 1427 2836 ex
1476 2782 1681 2837 invidia
1725 2783 1915 2856 gratiae

316 2881 652 2930 murmurant
688 2872 944 2929 adversus
988 2870 1310 2927 novissimos
1357 2870 1651 2942 operarios,
1697 2871 1791 2926 sed
1846 2888 1914 2927 ex

314 2970 619 3045 ignorantia
637 2976 962 3024 secretorum
993 2968 1248 3023 adversus
1276 2968 1748 3039 patremfamilias.
1803 2970 1913 3024 Ta-

314 3061 381 3115 lis
408 3076 538 3132 ergo
569 3067 647 3113 est
676 3058 780 3130 pim
818 3058 1153 3129 superiorum
1197 3057 1557 3128 inquisitionis
1605 3074 1916 3113 murmura-
1944 3064 1994 3130 Ο

316 3150 408 3205 tio.
441 3147 584 3218 Quid
612 3163 788 3203 causae
832 3154 912 3200 est
967 3146 1111 3217 quod
1165 3147 1370 3201 tamdiu
1428 3146 1676 3202 distulisti
1727 3147 1911 3219 ignem

313 3247 435 3304 calli
470 3248 523 3301 in
565 3255 763 3303 terram
802 3246 1013 3301 mittere
1054 3253 1108 3300 et
1144 3245 1458 3301 accendere.
1499 3248 1605 3300 Aut
1650 3262 1815 3316 quare
1844 3246 1915 3302 ad

313 3338 416 3394 hoc
445 3344 657 3408 tempus
687 3351 798 3391 non
824 3334 1107 3390 reservasti
1157 3350 1274 3389 nos.
1333 3334 1432 3391 Vel
1485 3335 1763 3392 novissimi
1820 3352 1914 3390 cur

314 3435 561 3496 tempora
589 3432 773 3481 nostra
800 3424 1078 3480 nobiscum
1119 3439 1230 3478 non
1258 3423 1578 3479 habuerunt.
1621 3425 1725 3478 Aut
1769 3424 1912 3480 unde

310 3523 369 3580 ﬁt
397 3523 544 3594 quod
574 3521 852 3579 novissimi
892 3537 999 3577 non
1056 3520 1361 3576 habuerunt
1411 3529 1657 3592 tempora
1708 3529 1907 3591 nostra,

309 3620 363 3669 et
390 3628 490 3668 nos
518 3620 762 3683 tempora
789 3610 1105 3666 novissima.
1145 3608 1322 3678 Quare
1355 3610 1516 3664 etiam
1565 3610 1767 3680 dispari
1805 3627 1909 3667 vo-

310 3701 507 3758 cationi
544 3716 643 3773 par
677 3701 834 3755 datur
870 3699 1173 3771 praemium.
1231 3699 1302 3754 Et
1358 3699 1595 3768 plurima
1649 3699 1706 3754 in
1770 3701 1912 3756 hunc

309 3799 533 3855 modum
560 3804 975 3868 conquerantur.
1036 3796 1251 3852 Pondus
1304 3795 1573 3869 signiﬁcat
1627 3812 1763 3867 opus
1810 3797 1909 3867 ju-

308 3888 488 3956 stitiae,
519 3893 680 3944 astus
706 3885 1198 3957 concupiscentiam
1229 3886 1435 3941 saeculi.
1467 3887 1583 3942 Hoc
1611 3886 1735 3942 ideo
1776 3886 1910 3943 dici-

312 3985 415 4046 tur,
448 3977 576 4048 quia
594 3976 725 4032 olim
742 3975 995 4031 omnibus
1012 3972 1169 4029 bonis
1190 3974 1421 4029 mundus
1457 3976 1899 4046 prosperabatur.

311 4076 380 4131 Et
404 4075 527 4131 ideo
556 4074 648 4145 qui
679 4081 805 4129 tunc
834 4072 1048 4128 fuerunt
1073 4088 1197 4127 cum
1227 4071 1424 4141 majori
1454 4072 1766 4129 difﬁcultate
1810 4075 1906 4145 ju-

309 4164 508 4220 stitiam
538 4169 904 4226 servaverunt,
931 4161 1053 4231 quia
1080 4160 1307 4216 felicitas
1327 4161 1513 4215 mundi
1543 4160 1908 4233 impedimen-

310 4261 422 4310 tum
451 4260 534 4309 est
561 4252 788 4310 animae.
832 4250 1059 4306 Multum
1098 4264 1231 4319 ergo
1261 4256 1387 4305 tunc
1433 4258 1548 4305 erat
1593 4250 1767 4306 bonus
1816 4247 1909 4322 qui

301 4352 479 4423 justus
516 4358 725 4422 poterat
760 4366 878 4405 esse
910 4364 924 4419 ;
955 4348 1185 4403 multum
1236 4363 1367 4403 vero
1422 4349 1598 4403 malus
1652 4349 1743 4419 qui
1799 4366 1909 4406 non

2018 434 2180 490 stitia.
2253 446 2256 449 '
3403 459 3406 463 ’

2096 554 2117 580 «ι
2153 532 2287 588 Volo
2313 538 2491 586 autem
2524 537 2576 587 et
2601 529 2727 586 huic
2756 531 3048 589 novissimo
3081 531 3211 588 dare
3237 532 3371 588 sicut
3400 541 3452 589 et
3492 533 3610 588 tibi.

2019 621 2098 674 An
2127 636 2233 675 non
2265 620 2388 675 licet
2417 620 2547 674 mihi
2578 620 2722 690 quod
2750 622 2873 676 volo
2904 621 3124 677 facere?
3144 623 3224 676 An
3267 623 3451 677 oculus
3497 631 3616 678 tuus

2021 724 2257 778 nequam
2290 716 2387 777 est,
2420 709 2547 779 quia
2572 725 2675 781 ego
2702 709 2880 765 bonus
2906 726 3024 765 sum
3055 711 3083 763 ‘?
3117 732 3138 758 υ
3178 710 3311 765 Volo
3362 718 3419 766 ut
3464 726 3613 767 core-

2019 795 2671 868 qualis‘etconcorporalis
2692 798 2786 853 tibi
2806 798 2898 853 ﬁat
2916 799 3147 870 populus
3165 799 3402 872 gentilis.
3425 799 3616 856 Nonne

2018 893 2255 955 potestas
2283 893 2363 941 est
2385 886 2584 956 judicis
2604 888 2690 943 vel
2714 887 2977 956 justitiam
3007 888 3203 957 facere,
3261 889 3351 943 vel
3409 888 3618 944 miseri-

2020 975 2259 1030 cordiam
2290 976 2375 1030 cui
2405 977 2519 1030 vult
2548 976 2878 1046 impendere.
2912 977 3056 1032 Cave
3084 992 3217 1049 ergo
3242 993 3312 1031 ne
3334 977 3616 1033 occasione

2020 1063 2274 1119 bonitatis
2328 1063 2512 1120 invido
2569 1065 2727 1119 oculo
2783 1065 3088 1136 proximum
3142 1065 3422 1135 respicias.
3487 1065 3618 1121 Mihi

2022 1160 2201 1209 autem
2233 1152 2333 1208 soli
2380 1152 2635 1209 invisibili
2684 1161 2738 1208 et
2783 1155 3074 1210 immortali
3120 1155 3437 1210 saeculorum
3481 1155 3618 1227 Regi

2022 1248 2227 1297 secreta
2256 1257 2377 1298 mea
2406 1244 2581 1297 honor
2606 1249 2661 1297 et
2686 1242 2862 1314 gloria
2909 1251 2963 1298 et
3014 1243 3211 1298 saecula
3262 1245 3607 1300 saeculorum.

2028 1352 2051 1379 α
2085 1330 2176 1385 Sic
2205 1338 2359 1385 erunt
2387 1330 2665 1387 novissimi
2695 1331 2855 1402 primi
2889 1349 2902 1385 :
2945 1338 3000 1387 et
3044 1331 3208 1401 primi
3251 1332 3550 1387 novissimi.
3589 1356 3612 1380 »

2023 1417 2132 1485 Sic,
2165 1418 2414 1475 videlicet
2440 1426 2498 1473 ut
2526 1428 2800 1474 ostensum
2831 1428 2931 1487 est,
2979 1421 3335 1491 aequabantur
3382 1421 3616 1477 novissi-

2021 1507 2097 1561 mi
2127 1514 2178 1563 et
2204 1508 2384 1577 primi.
2416 1508 2565 1564 Sicut
2591 1509 2737 1563 enim
2766 1510 2820 1563 in
2850 1525 3051 1565 corona
3094 1525 3194 1565 nec
3248 1510 3459 1565 initium
3514 1518 3617 1579 est,

2021 1612 2122 1653 nec
2150 1595 2272 1651 ﬁnis
2300 1612 2313 1665 ;
2348 1597 2422 1652 ita
2451 1598 2590 1653 inter
2616 1607 2845 1665 sanctos,
2881 1606 3140 1669 quantum
3170 1597 3239 1653 ad
3291 1606 3520 1670 tempus,
3565 1599 3619 1652 in

1939 1704 1992 1764 Β
2024 1682 2112 1741 illo
2140 1686 2337 1742 saeculo
2368 1702 2529 1742 nemo
2559 1687 2882 1744 novissimus
2919 1686 3129 1757 dicitur,
3183 1703 3343 1743 nemo
3392 1687 3618 1760 primus.

2029 1806 2050 1831 (ι
2085 1782 2234 1838 Multi
2263 1783 2406 1838 enim
2438 1792 2560 1839 sunt
2585 1786 2783 1855 vocati,
2818 1784 2974 1857 pauci
3023 1801 3150 1840 vero
3207 1786 3389 1841 electi.
3435 1808 3456 1833 υ
3509 1786 3623 1840 Hoc

2024 1888 2132 1927 non
2152 1872 2220 1927 ad
2248 1872 2550 1944 superiores
2596 1882 2827 1942 sanctos,
2879 1874 2974 1929 sed
3022 1873 3090 1928 ad
3136 1881 3325 1945 gentes
3372 1873 3621 1943 pertinet,

2024 1962 2149 2031 quia
2176 1962 2357 2031 plures
2384 1963 2452 2017 ad
2477 1961 2641 2017 ﬁdem
2667 1964 2905 2032 veniunt,
2942 1962 3121 2034 plures
3142 1962 3398 2018 Ecclesiae
3439 1964 3622 2035 parie-

2024 2057 2103 2105 tes
2130 2049 2375 2122 implent,
2406 2051 2500 2107 sed
2530 2053 2600 2107 ad
2626 2068 2855 2124 regnum
2887 2052 3046 2124 pauci
3079 2051 3457 2123 perducuntur.
3507 2052 3624 2107 Ali-

2026 2145 2134 2193 ter:
2168 2139 2424 2194 Nonnulli
2454 2155 2552 2209 per
2580 2140 2784 2212 primos
2811 2141 3117 2213 intelligunt
3148 2156 3256 2196 non
3305 2141 3479 2197 solum
3527 2142 3627 2196 bo-

2024 2243 2141 2296 nos,
2180 2227 2275 2282 sed
2304 2236 2357 2283 et
2385 2228 2647 2298 quosdam
2677 2229 2767 2300 qui
2797 2236 3077 2301 coeperunt
3104 2229 3159 2284 in
3188 2229 3368 2299 vinea,
3418 2236 3472 2285 et
3514 2246 3626 2286 non

2025 2326 2527 2387 perseveraverunt.
2567 2318 2632 2372 Hi
2664 2335 2731 2373 ex
2761 2317 2967 2374 invidia
3014 2317 3428 2374 novissimorum
3470 2334 3625 2373 mur-

2024 2413 2238 2461 murant
2268 2407 2452 2475 ;velut
2480 2407 2557 2462 illi
2588 2408 2678 2478 qui
2708 2407 2859 2463 initio
2909 2408 3175 2464 nascentis
3220 2407 3474 2465 Ecclesia:
3522 2424 3626 2464 vo-

2023 2495 2155 2550 catis
2185 2512 2253 2550 ex
2290 2496 2541 2568 gentibus
2576 2512 2632 2551 se
2676 2496 3056 2568 praeferebant.
3080 2499 3267 2567 Itaque
3288 2496 3356 2552 de
3386 2512 3630 2553 commu-

2025 2584 2163 2639 niter
2191 2584 2347 2639 dictis
2375 2585 2624 2654 quaedam
2654 2585 2958 2641 referuntur
2985 2586 3053 2640 ab
3098 2586 3293 2653 bonos,
3342 2593 3401 2641 ut
3446 2585 3577 2641 illud
3611 2603 3624 2639 :

2030 2694 2052 2721 α
2086 2673 2225 2728 Volo
2256 2673 2350 2727 tibi
2382 2673 2518 2728 sicut
2544 2680 2597 2728 et
2625 2674 2747 2729 huic
2775 2674 3070 2729 novissimo
3101 2674 3256 2729 dare.
3300 2697 3321 2723 ι)
3365 2676 3447 2730 Ad
3494 2675 3631 2730 alios

2021 2775 2151 2815 vero
2184 2759 2318 2815 falso
2350 2768 2597 2831 putantes
2624 2761 2903 2816 denarium
2935 2778 2993 2817 se
3021 2769 3351 2833 accepturos,
3376 2762 3626 2832 quaedam

2025 2849 2310 2919 pertinent,
2342 2857 2401 2903 ut
2429 2849 2559 2903 illud
2593 2869 2605 2905 :
2646 2873 2667 2899 α
2704 2851 2769 2904 Et
2795 2850 3120 2920 accipientes
3140 2851 3565 2906 murmurabant.
3594 2871 3617 2898 υ

2024 2937 2294 2992 Etdeinde
2310 2953 2322 2989 :
2354 2959 2375 2987 σε
2397 2939 2479 2992 An
2491 2938 2677 2993 oculus
2692 2947 2808 2993 tuus
2820 2955 3051 3009 nequam
3066 2948 3162 3007 est,
3179 2940 3306 3009 quia
3323 2955 3431 3012 ego
3450 2939 3627 2995 bonus

2023 3043 2140 3081 sum
2154 3027 2182 3080 ἱ)
2197 3027 2464 3092 —Erunt,
2482 3027 2674 3097 inquit,
2695 3026 2977 3083 novissimi
3000 3028 3180 3099 primi,
3197 3037 3249 3083 et
3270 3029 3429 3098 primi
3452 3028 3639 3085 novisr

2021 3115 2144 3169 simi
2168 3132 2180 3168 :
2208 3136 2230 3164 ι»
2261 3116 2404 3186 quod
2428 3116 2596 3172 Judaei
2617 3116 2684 3171 de
2704 3117 2881 3186 capite
2901 3124 3179 3173 vertantur
3198 3118 3254 3171 in
3288 3117 3537 3187 caudam,
3569 3125 3624 3174 et

2019 3229 2119 3269 nos
2147 3213 2214 3268 de
2244 3213 2414 3269 cauda
2435 3222 2705 3269 mutemur
2726 3214 2781 3267 in
2802 3221 2982 3286 caput.
3001 3215 3156 3271 Unde
3176 3217 3388 3287 Moyses
3406 3215 3461 3269 in
3483 3216 3625 3271 Deu-

2018 3302 2349 3357 teronomio:
2380 3325 2402 3352 ‹‹
2428 3304 2651 3358 Advena
2672 3303 2762 3373 qui
2783 3311 2963 3360 tecum
2984 3312 3223 3359 moratur
3240 3305 3493 3360 ascendet
3523 3321 3633 3359 su-.

2016 3407 2117 3461 per
2136 3400 2222 3459 te;
2256 3392 2348 3447 ille
2381 3393 2481 3448 erit
2509 3392 2565 3447 in
2595 3400 2778 3464 caput,
2809 3400 2863 3447 et
2892 3400 2947 3448 tu
2976 3394 3082 3448 eris
3109 3394 3163 3448 in
3178 3393 3406 3450 caudam
3426 3394 3620 3462 (Deut.

2021 3480 2234 3550 xxvui).
2263 3503 2286 3530 »
2315 3480 2472 3550 Quod
2490 3489 2668 3536 tamen
2689 3481 2843 3536 multi
2867 3489 2973 3538 tam
2993 3482 3271 3538 novissimi
3286 3499 3447 3554 quam
3462 3483 3633 3555 primi

2017 3570 2375 3641 reprobentur
2404 3570 2627 3625 terribili
2655 3572 2921 3627 sententia
2943 3571 3223 3627 subditur:
3258 3595 3280 3622 «ι
3305 3572 3452 3627 Multi
3474 3572 3620 3628 enim

2018 3666 2141 3715 sunt
2167 3659 2383 3718 vocati»
2407 3659 2477 3714 ad
2496 3658 2712 3729 ﬁdem,«
2735 3660 2891 3731 pauci
2903 3676 3033 3718 vero
3049 3661 3204 3717 electi
3228 3684 3249 3711 υ
3276 3661 3344 3716 ad
3365 3677 3627 3734 regnum.

2335 3836 2570 3895 SERMO
2608 3838 2685 3894 IN
2723 3837 3258 3896 SEPTUAGESIMA
3270 3876 3287 3897 .

2094 4036 2117 4064 «
2148 4014 2409 4087 Lapidem
2457 4015 2705 4088 caliginis
2759 4022 2812 4070 et
2864 4015 3113 4071 umbram
3169 4015 3357 4071 mortis
3410 4014 3616 4074 dividet

2016 4111 2225 4159 torrens
2253 4120 2286 4159 a
2312 4104 2515 4175 populo
2542 4103 2923 4175 peregrinante
2949 4105 3087 4174 (Job.
3121 4106 3338 4174 xxvui).
3376 4127 3398 4153 υ
3450 4106 3612 4177 Lapis

2017 4200 2097 4247 est
2125 4191 2321 4247 duritia
2346 4191 2678 4261 Judaeorum,
2708 4191 2886 4263 caligo
2917 4190 3203 4247 inﬁdelitas
3231 4209 3438 4248 eorum.
3470 4194 3625 4257 Mors

2018 4288 2098 4337 est
2126 4281 2393 4347 diabolus,
2410 4280 2604 4335 umbra
2625 4278 2743 4349 ejus
2761 4280 2979 4351 gentilis
2998 4282 3246 4353 pepulus.
3272 4281 3420 4338 Sicut
3465 4283 3612 4339 enim

2016 4370 2210 4425 umbra
2236 4369 2448 4440 corpori
2478 4369 2863 4437 conformatur,
2896 4370 2969 4425 ita
2998 4370 3112 4442 ipse
3170 4371 3446 4427 diabolum
3488 4372 3610 4427 imi-

307 4441 452 4514 fugit
478 4440 547 4496 ad
575 4441 772 4506 Deum,
803 4454 928 4494 cum
975 4437 1220 4509 pluribus
1274 4436 1685 4493 adversitatibus
1739 4439 1898 4509 primi

2016 4458 2176 4514 tando
2207 4458 2255 4512 ei
2286 4427 2680 4514 crinsimilatur.
2721 4427 2956 4530 Populus
3001 4427 3352 4532 peregrinaris
3407 4468 3487 4516 est
3538 4460 3608 4516 ﬁ-

306 4530 490 4585 videat
545 4528 828 4583 mundum.
895 4526 1110 4581 Pondus
1174 4525 1336 4581 etiam
1396 4534 1626 4597 possunt
1676 4527 1904 4601 intelligi

308 4642 539 4682 onerosa
566 4624 824 4681 mandata
852 4623 1010 4695 legis,
1041 4630 1202 4679 aestus
1229 4639 1358 4679 vero
1388 4639 1548 4678 urens
1586 4641 1735 4681 error
1780 4633 1902 4681 ten-

306 4716 566 4772 tationum
605 4730 712 4786 quo
761 4713 1069 4769 conﬂabant
1132 4712 1359 4784 maligni
1425 4713 1643 4784 spiritus
1695 4714 1753 4769 in
1807 4732 1904 4770 an-

306 4804 482 4875 tiquos
511 4803 581 4860 ad
608 4803 1009 4859 aemulationem
1037 4800 1280 4874 gentium
1313 4816 1404 4855 eos
1434 4802 1719 4859 irritantes.

384 4963 406 4989 (ι
450 4941 517 4994 At
554 4938 645 4994 ille
672 4935 1023 5009 respondens,
1066 4935 1157 4989 uni
1210 4950 1396 4990 eorum
1454 4935 1631 4993 dixit:
1691 4939 1895 5009 Amice,

306 5044 416 5084 non
444 5028 585 5084 facio
616 5027 712 5082 tibi
742 5025 1017 5096 injuriam.
1043 5023 1235 5079 Nonne
1268 5041 1336 5078 ex
1366 5023 1587 5082 denario
1635 5030 1898 5086 conveni-

302 5117 368 5172 sti
398 5133 611 5173 mecum
631 5117 659 5169 ἰ)
678 5115 829 5171 Tolle
858 5113 1003 5185 quod
1031 5121 1180 5168 tuum
1211 5119 1308 5181 est,
1341 5121 1394 5169 et
1421 5114 1579 5171 vade.
1617 5137 1638 5164 υ

372 5248 479 5307 Uni
508 5247 703 5303 dicitur
731 5245 1088 5317 respondisse,
1116 5246 1240 5315 quia
1260 5262 1358 5317 par
1393 5254 1508 5302 erat
1552 5248 1609 5302 in
1646 5250 1899 5307 omnibus

301 5335 673 5394 murmurandi
704 5335 935 5392 occasio.
971 5335 1188 5389 Amicus
1242 5335 1341 5390 iste
1396 5338 1755 5407 prot0plastus
1806 5340 1896 5396 in-

300 5427 579 5500 telligitur,
605 5433 659 5482 et
679 5424 769 5481 illo
795 5432 1038 5495 tempore
1057 5422 1354 5479 credentes.
1380 5426 1511 5480 Cum
1536 5427 1664 5482 dicit
1701 5446 1768 5484 ex
1806 5429 1897 5485 de-

297 5524 488 5592 nario;
523 5523 628 5579 tale
657 5530 736 5578 est
765 5521 915 5591 quasi
968 5521 1145 5576 dicat:
1213 5522 1515 5577 Mercedem
1571 5526 1895 5594 promissam

299 5613 571 5686 recepisti,
603 5613 708 5667 hoc
738 5619 818 5667 est
846 5609 1142 5682 imaginem
1173 5617 1226 5665 et
1257 5610 1663 5669 similitudinem
1693 5632 1893 5686 meam,

299 5729 410 5771 non
440 5711 657 5770 alterius
682 5707 951 5768 consortio
981 5708 1238 5764 minuitur
1264 5708 1358 5764 tibi
1384 5712 1669 5782 praemium
1682 5715 1886 5773 meriti.

2010 4548 2147 4604 delis
2176 4548 2407 4620 populus
2435 4546 2492 4602 in
2516 4547 2678 4618 hujus
2705 4547 2829 4605 vitae
2878 4548 3067 4604 exsilio
3113 4549 3406 4620 suspirans.
3464 4552 3605 4607 Tor-

2008 4664 2133 4703 rens
2159 4655 2236 4702 est
2262 4647 2453 4719 igneus
2479 4646 2673 4704 ﬂuvius
2702 4646 2792 4717 qui
2821 4664 2852 4702 a
2882 4647 3020 4703 facie
3048 4646 3267 4704 Domini
3306 4649 3600 4721 egreditur,

2009 4753 2106 4807 per
2134 4753 2294 4806 quem
2324 4734 2498 4791 ﬁdelis
2527 4736 2758 4808 populus
2784 4736 2854 4790 ab
2903 4735 3103 4797 inﬁdeli
3154 4737 3210 4791 in
3262 4737 3466 4791 ultimis
3520 4755 3603 4795 se-

2008 4826 2259 4880 cernitur.
2291 4824 2549 4895 Lapidem
2577 4840 2708 4896 ergo
2737 4824 3002 4896 caliginis,
3037 4832 3091 4879 et
3120 4825 3369 4881 umbram
3414 4812 3627 4882 mortis

2011 4923 2274 4970 torrensa
2310 4913 2513 4983 populo
2564 4913 2940 4985 peregrinante
2998 4912 3220 4982 dividet,
3278 4930 3399 4969 cum
3457 4914 3601 4987 ignis

2008 5004 2229 5059 extremi
2255 5001 2444 5072 judicii
2474 5001 2688 5057 Judzeos
2716 5001 2767 5054 in
2798 5000 3023 5073 perfidia
3052 5001 3231 5071 duros,
3275 5010 3325 5057 et
3370 4998 3600 5077 gentiles

2004 5094 2061 5147 in
2091 5093 2295 5147 malitia
2321 5091 2539 5146 diabolo
2569 5089 2894 5159 conformes,
2958 5107 2989 5145 a
3035 5089 3335 5147 Christiano
3393 5094 3596 5164 populo

2004 5191 2064 5238 ut
2089 5182 2292 5237 zizania
2322 5198 2353 5236 a
2383 5181 2555 5236 tritico
2586 5179 2841 5247 secludet,
2872 5187 2925 5235 et
2952 5180 3166 5236 camino
3215 5180 3466 5238 infernali
3517 5184 3598 5239 in-

2003 5273 2246 5337 volvens,
2279 5270 2394 5343 igni
2423 5269 2849 5340 inexstinguibili
2896 5276 3099 5336 exuret,
3160 5276 3213 5325 et
3268 5270 3441 5341 patria
3496 5290 3599 5345 pa-

2003 5359 2166 5415 radisi
2197 5359 2455 5431 p0pulum
2484 5374 2595 5413 non
2624 5358 2864 5412 exsulem
2906 5358 2962 5411 in
3008 5364 3209 5413 aeterna
3254 5359 3600 5419 tabernacula

2003 5447 2243 5518 recipiet.
2278 5447 2655 5519 Peregrinator
2682 5454 2859 5502 autem
2889 5445 3056 5518 hujus
3103 5448 3228 5503 vitae
3270 5446 3445 5505 ﬁdelis
3489 5467 3595 5523 po-

2001 5537 2115 5607 puli
2145 5536 2658 5608 praesignabaturin
2711 5535 2913 5607 populo
2969 5535 3213 5604 Iudaico,
3274 5553 3410 5608 quos
3462 5538 3596 5595 duro

2002 5626 2220 5683 servitio
2251 5626 2415 5697 longo
2466 5632 2710 5696 tempore
2766 5633 3107 5698 oppresserat
3160 5627 3388 5682 Pharao.
3449 5626 3593 5683 Olim

2003 5731 2236 5787 namque
2263 5714 2522 5772 Hebraeus
2553 5714 2787 5788 populus
2840 5714 3117 5771 descendit
3173 5714 3229 5770 in
3282 5715 3592 5789 Egyptum,
