  <div class='ocr_page' id='page_1' title='image "/cluster/home/n/w/nwhite01/storage/ocr_20150623/157/hvd.32044054760152/429.png"; bbox 0 0 4062 6074; ppageno 0'>
   <div class='ocr_carea' id='block_1_1' title="bbox 424 290 532 346">
    <p class='ocr_par' dir='ltr' id='par_1_1' title="bbox 424 290 532 346">
     <span class='ocr_line' id='line_1_1' title="bbox 424 290 532 346; baseline 0 -1"><span class='ocrx_word' id='word_1_1' title='bbox 424 290 532 346; x_wconf 66' lang='lat' dir='ltr'>8L7</span> 
     </span>
    </p>
   </div>
   <div class='ocr_carea' id='block_1_2' title="bbox 1559 276 2588 340">
    <p class='ocr_par' dir='ltr' id='par_1_2' title="bbox 1559 276 2588 340">
     <span class='ocr_line' id='line_1_2' title="bbox 1559 276 2588 340; baseline -0.001 -4"><span class='ocrx_word' id='word_1_2' title='bbox 1559 276 1900 340; x_wconf 78' lang='lat' dir='ltr'>WERNERI</span> <span class='ocrx_word' id='word_1_3' title='bbox 1935 277 2223 337; x_wconf 80' lang='lat' dir='ltr'>ABBATIS</span> <span class='ocrx_word' id='word_1_4' title='bbox 2261 279 2318 337; x_wconf 92' lang='lat' dir='ltr'>S.</span> <span class='ocrx_word' id='word_1_5' title='bbox 2369 279 2588 336; x_wconf 76' lang='lat' dir='ltr'><strong>BLASII</strong></span> 
     </span>
    </p>
   </div>
   <div class='ocr_carea' id='block_1_3' title="bbox 3619 283 3726 337">
    <p class='ocr_par' dir='ltr' id='par_1_3' title="bbox 3619 283 3726 337">
     <span class='ocr_line' id='line_1_3' title="bbox 3619 283 3726 337; baseline -0.009 0"><span class='ocrx_word' id='word_1_6' title='bbox 3619 283 3726 337; x_wconf 64' lang='lat'>8‘8</span> 
     </span>
    </p>
   </div>
   <div class='ocr_carea' id='block_1_4' title="bbox 432 405 3722 477">
    <p class='ocr_par' dir='ltr' id='par_1_4' title="bbox 432 405 3722 477">
     <span class='ocr_line' id='line_1_4' title="bbox 432 405 3722 477; baseline -0.001 -10"><span class='ocrx_word' id='word_1_7' title='bbox 432 414 559 468; x_wconf 90' lang='lat' dir='ltr'>dum</span> <span class='ocrx_word' id='word_1_8' title='bbox 589 427 711 468; x_wconf 89' lang='lat' dir='ltr'>eum</span> <span class='ocrx_word' id='word_1_9' title='bbox 737 412 906 467; x_wconf 86' lang='lat' dir='ltr'>fames</span> <span class='ocrx_word' id='word_1_10' title='bbox 959 408 1165 477; x_wconf 85' lang='lat' dir='ltr'>alllixit,</span> <span class='ocrx_word' id='word_1_11' title='bbox 1215 406 1309 465; x_wconf 90' lang='lat' dir='ltr'>sed</span> <span class='ocrx_word' id='word_1_12' title='bbox 1363 424 1486 464; x_wconf 90' lang='lat' dir='ltr'>cum</span> <span class='ocrx_word' id='word_1_13' title='bbox 1546 407 1759 461; x_wconf 79' lang='lat' dir='ltr'>Pharao</span> <span class='ocrx_word' id='word_1_14' title='bbox 1813 405 2015 461; x_wconf 84' lang='lat' dir='ltr'>crudeli</span> <span class='ocrx_word' id='word_1_15' title='bbox 2047 406 2101 465; x_wconf 82' lang='grc' dir='ltr'><strong>Α</strong></span> <span class='ocrx_word' id='word_1_16' title='bbox 2133 405 2306 461; x_wconf 85' lang='lat' dir='ltr'>Finito</span> <span class='ocrx_word' id='word_1_17' title='bbox 2337 414 2512 462; x_wconf 88' lang='lat' dir='ltr'>autem</span> <span class='ocrx_word' id='word_1_18' title='bbox 2547 406 2729 461; x_wconf 87' lang='lat' dir='ltr'>mundi</span> <span class='ocrx_word' id='word_1_19' title='bbox 2766 405 3010 475; x_wconf 79' lang='lat' dir='ltr'>termino,</span> <span class='ocrx_word' id='word_1_20' title='bbox 3043 424 3162 463; x_wconf 92' lang='lat' dir='ltr'>cum</span> <span class='ocrx_word' id='word_1_21' title='bbox 3211 424 3404 465; x_wconf 79' lang='lat' dir='ltr'>uxores</span> <span class='ocrx_word' id='word_1_22' title='bbox 3449 417 3502 464; x_wconf 80' lang='lat' dir='ltr'>et</span> <span class='ocrx_word' id='word_1_23' title='bbox 3559 409 3722 477; x_wconf 83' lang='lat' dir='ltr'>ﬁlios,</span> 
     </span>
    </p>
   </div>
   <div class='ocr_carea' id='block_1_5' title="bbox 428 504 2023 577">
    <p class='ocr_par' dir='ltr' id='par_1_5' title="bbox 428 504 2023 577">
     <span class='ocr_line' id='line_1_5' title="bbox 428 504 2023 577; baseline -0.005 -12"><span class='ocrx_word' id='word_1_24' title='bbox 428 508 666 567; x_wconf 76' lang='lat' dir='ltr'>servituti</span> <span class='ocrx_word' id='word_1_25' title='bbox 695 508 920 564; x_wconf 86' lang='lat' dir='ltr'>addixit.</span> <span class='ocrx_word' id='word_1_26' title='bbox 950 506 1053 577; x_wconf 87' lang='lat' dir='ltr'>Qui</span> <span class='ocrx_word' id='word_1_27' title='bbox 1095 523 1217 563; x_wconf 90' lang='lat' dir='ltr'>cum</span> <span class='ocrx_word' id='word_1_28' title='bbox 1266 506 1335 562; x_wconf 89' lang='lat' dir='ltr'>ad</span> <span class='ocrx_word' id='word_1_29' title='bbox 1381 505 1672 561; x_wconf 90' lang='lat' dir='ltr'>Dominum</span> <span class='ocrx_word' id='word_1_30' title='bbox 1729 504 2023 559; x_wconf 87' lang='lat' dir='ltr'>clamarent</span> 
     </span>
    </p>
   </div>
   <div class='ocr_carea' id='block_1_6' title="bbox 428 593 2023 673">
    <p class='ocr_par' dir='ltr' id='par_1_6' title="bbox 428 593 2023 673">
     <span class='ocr_line' id='line_1_6' title="bbox 428 593 2023 673; baseline -0.008 -17"><span class='ocrx_word' id='word_1_31' title='bbox 428 600 649 673; x_wconf 75' lang='lat' dir='ltr'>Moysen</span> <span class='ocrx_word' id='word_1_32' title='bbox 676 597 754 655; x_wconf 88' lang='lat' dir='ltr'>eis</span> <span class='ocrx_word' id='word_1_33' title='bbox 781 596 943 665; x_wconf 92' lang='lat' dir='ltr'>misit,</span> <span class='ocrx_word' id='word_1_34' title='bbox 978 596 1068 667; x_wconf 88' lang='lat' dir='ltr'>qui</span> <span class='ocrx_word' id='word_1_35' title='bbox 1099 595 1279 651; x_wconf 88' lang='lat' dir='ltr'>multis</span> <span class='ocrx_word' id='word_1_36' title='bbox 1304 594 1478 667; x_wconf 84' lang='lat' dir='ltr'>plagis</span> <span class='ocrx_word' id='word_1_37' title='bbox 1534 600 1587 649; x_wconf 90' lang='lat' dir='ltr'>et</span> <span class='ocrx_word' id='word_1_38' title='bbox 1638 593 1806 665; x_wconf 82' lang='lat' dir='ltr'>signis</span> <span class='ocrx_word' id='word_1_39' title='bbox 1851 594 2023 665; x_wconf 52' lang='lat' dir='ltr'>[Egy-</span> 
     </span>
    </p>
   </div>
   <div class='ocr_carea' id='block_1_7' title="bbox 428 681 2023 759">
    <p class='ocr_par' dir='ltr' id='par_1_7' title="bbox 428 681 2023 759">
     <span class='ocr_line' id='line_1_7' title="bbox 428 681 2023 759; baseline -0.006 -15"><span class='ocrx_word' id='word_1_40' title='bbox 428 696 583 759; x_wconf 90' lang='lat' dir='ltr'>ptum</span> <span class='ocrx_word' id='word_1_41' title='bbox 614 686 893 758; x_wconf 80' lang='lat' dir='ltr'>percussit,</span> <span class='ocrx_word' id='word_1_42' title='bbox 923 686 1183 758; x_wconf 88' lang='lat' dir='ltr'>populum</span> <span class='ocrx_word' id='word_1_43' title='bbox 1204 684 1303 739; x_wconf 88' lang='lat' dir='ltr'>Dei</span> <span class='ocrx_word' id='word_1_44' title='bbox 1331 700 1431 754; x_wconf 92' lang='lat' dir='ltr'>per</span> <span class='ocrx_word' id='word_1_45' title='bbox 1461 699 1609 739; x_wconf 90' lang='lat' dir='ltr'>mare</span> <span class='ocrx_word' id='word_1_46' title='bbox 1665 682 1906 736; x_wconf 84' lang='lat' dir='ltr'>Rubrum</span> <span class='ocrx_word' id='word_1_47' title='bbox 1966 681 2023 736; x_wconf 91' lang='lat' dir='ltr'>in</span> 
     </span>
    </p>
   </div>
   <div class='ocr_carea' id='block_1_8' title="bbox 431 781 2024 855">
    <p class='ocr_par' dir='ltr' id='par_1_8' title="bbox 431 781 2024 855">
     <span class='ocr_line' id='line_1_8' title="bbox 431 781 2024 855; baseline -0.004 -14"><span class='ocrx_word' id='word_1_48' title='bbox 431 792 627 843; x_wconf 89' lang='lat' dir='ltr'>terram</span> <span class='ocrx_word' id='word_1_49' title='bbox 656 785 909 841; x_wconf 88' lang='lat' dir='ltr'>ﬂuentem</span> <span class='ocrx_word' id='word_1_50' title='bbox 939 784 1026 840; x_wconf 88' lang='lat' dir='ltr'>lac</span> <span class='ocrx_word' id='word_1_51' title='bbox 1051 791 1105 839; x_wconf 90' lang='lat' dir='ltr'>et</span> <span class='ocrx_word' id='word_1_52' title='bbox 1132 783 1239 839; x_wconf 90' lang='lat' dir='ltr'>mel</span> <span class='ocrx_word' id='word_1_53' title='bbox 1268 781 1540 855; x_wconf 87' lang='lat' dir='ltr'>perduxit.</span> <span class='ocrx_word' id='word_1_54' title='bbox 1596 782 1696 837; x_wconf 88' lang='lat' dir='ltr'>Per</span> <span class='ocrx_word' id='word_1_55' title='bbox 1734 781 2024 852; x_wconf 74' lang='lat' dir='ltr'>Egyptum</span> 
     </span>
    </p>
   </div>
   <div class='ocr_carea' id='block_1_9' title="bbox 434 870 2024 944">
    <p class='ocr_par' dir='ltr' id='par_1_9' title="bbox 434 870 2024 944">
     <span class='ocr_line' id='line_1_9' title="bbox 434 870 2024 944; baseline -0.006 -13"><span class='ocrx_word' id='word_1_56' title='bbox 434 875 523 931; x_wconf 89' lang='lat' dir='ltr'>hic</span> <span class='ocrx_word' id='word_1_57' title='bbox 544 873 776 930; x_wconf 90' lang='lat' dir='ltr'>mundus</span> <span class='ocrx_word' id='word_1_58' title='bbox 802 871 1154 944; x_wconf 83' lang='lat' dir='ltr'>signiﬁcatur,</span> <span class='ocrx_word' id='word_1_59' title='bbox 1186 872 1243 927; x_wconf 91' lang='lat' dir='ltr'>in</span> <span class='ocrx_word' id='word_1_60' title='bbox 1272 887 1378 941; x_wconf 90' lang='lat' dir='ltr'>quo</span> <span class='ocrx_word' id='word_1_61' title='bbox 1423 886 1596 944; x_wconf 89' lang='lat' dir='ltr'>genus</span> <span class='ocrx_word' id='word_1_62' title='bbox 1642 870 1935 923; x_wconf 90' lang='lat' dir='ltr'>humanum</span> <span class='ocrx_word' id='word_1_63' title='bbox 1991 881 2024 921; x_wconf 91' lang='lat' dir='ltr'>a</span> 
     </span>
    </p>
   </div>
   <div class='ocr_carea' id='block_1_10' title="bbox 432 958 2026 1037">
    <p class='ocr_par' dir='ltr' id='par_1_10' title="bbox 432 958 2026 1037">
     <span class='ocr_line' id='line_1_10' title="bbox 432 958 2026 1037; baseline -0.004 -18"><span class='ocrx_word' id='word_1_64' title='bbox 432 963 667 1037; x_wconf 83' lang='lat' dir='ltr'>paradisi</span> <span class='ocrx_word' id='word_1_65' title='bbox 693 963 869 1033; x_wconf 90' lang='lat' dir='ltr'>patria</span> <span class='ocrx_word' id='word_1_66' title='bbox 895 962 1285 1035; x_wconf 80' lang='lat' dir='ltr'>peregrinatur,</span> <span class='ocrx_word' id='word_1_67' title='bbox 1317 969 1369 1016; x_wconf 90' lang='lat' dir='ltr'>et</span> <span class='ocrx_word' id='word_1_68' title='bbox 1396 977 1430 1015; x_wconf 89' lang='lat' dir='ltr'>a</span> <span class='ocrx_word' id='word_1_69' title='bbox 1466 958 1684 1014; x_wconf 87' lang='lat' dir='ltr'>diabolo</span> <span class='ocrx_word' id='word_1_70' title='bbox 1728 958 1881 1031; x_wconf 81' lang='lat' dir='ltr'>gravi</span> <span class='ocrx_word' id='word_1_71' title='bbox 1928 973 2026 1028; x_wconf 83' lang='lat' dir='ltr'>op-</span> 
     </span>
    </p>
   </div>
   <div class='ocr_carea' id='block_1_11' title="bbox 433 1055 2027 1134">
    <p class='ocr_par' dir='ltr' id='par_1_11' title="bbox 433 1055 2027 1134">
     <span class='ocr_line' id='line_1_11' title="bbox 433 1055 2027 1134; baseline -0.006 -17"><span class='ocrx_word' id='word_1_72' title='bbox 433 1061 710 1134; x_wconf 89' lang='lat' dir='ltr'>pressione</span> <span class='ocrx_word' id='word_1_73' title='bbox 739 1059 1077 1132; x_wconf 87' lang='lat' dir='ltr'>subjugatur.</span> <span class='ocrx_word' id='word_1_74' title='bbox 1108 1058 1205 1115; x_wconf 90' lang='lat' dir='ltr'>Cui</span> <span class='ocrx_word' id='word_1_75' title='bbox 1251 1056 1321 1114; x_wconf 88' lang='lat' dir='ltr'>ad</span> <span class='ocrx_word' id='word_1_76' title='bbox 1359 1058 1530 1113; x_wconf 91' lang='lat' dir='ltr'>Deum</span> <span class='ocrx_word' id='word_1_77' title='bbox 1577 1072 1676 1126; x_wconf 88' lang='lat' dir='ltr'>per</span> <span class='ocrx_word' id='word_1_78' title='bbox 1715 1055 1891 1125; x_wconf 89' lang='lat' dir='ltr'>justos</span> <span class='ocrx_word' id='word_1_79' title='bbox 1937 1071 2027 1109; x_wconf 89' lang='lat' dir='ltr'>vo-</span> 
     </span>
    </p>
   </div>
   <div class='ocr_carea' id='block_1_12' title="bbox 436 1145 2027 1218">
    <p class='ocr_par' dir='ltr' id='par_1_12' title="bbox 436 1145 2027 1218">
     <span class='ocr_line' id='line_1_12' title="bbox 436 1145 2027 1218; baseline -0.006 -10"><span class='ocrx_word' id='word_1_80' title='bbox 436 1150 701 1218; x_wconf 84' lang='lat' dir='ltr'>ciferanti,</span> <span class='ocrx_word' id='word_1_81' title='bbox 760 1148 999 1205; x_wconf 88' lang='lat' dir='ltr'>Christus</span> <span class='ocrx_word' id='word_1_82' title='bbox 1051 1147 1121 1203; x_wconf 89' lang='lat' dir='ltr'>ad</span> <span class='ocrx_word' id='word_1_83' title='bbox 1199 1146 1539 1202; x_wconf 90' lang='lat' dir='ltr'>liberandum</span> <span class='ocrx_word' id='word_1_84' title='bbox 1613 1145 1855 1209; x_wconf 88' lang='lat' dir='ltr'>mittitur,</span> <span class='ocrx_word' id='word_1_85' title='bbox 1928 1158 2027 1213; x_wconf 88' lang='lat' dir='ltr'>per</span> 
     </span>
    </p>
   </div>
   <div class='ocr_carea' id='block_1_13' title="bbox 437 1233 2026 1312">
    <p class='ocr_par' dir='ltr' id='par_1_13' title="bbox 437 1233 2026 1312">
     <span class='ocr_line' id='line_1_13' title="bbox 437 1233 2026 1312; baseline -0.005 -17"><span class='ocrx_word' id='word_1_86' title='bbox 437 1255 599 1312; x_wconf 86' lang='lat' dir='ltr'>quem</span> <span class='ocrx_word' id='word_1_87' title='bbox 628 1237 862 1293; x_wconf 90' lang='lat' dir='ltr'>mundus</span> <span class='ocrx_word' id='word_1_88' title='bbox 898 1237 1077 1293; x_wconf 88' lang='lat' dir='ltr'>multis</span> <span class='ocrx_word' id='word_1_89' title='bbox 1116 1236 1389 1291; x_wconf 84' lang='lat' dir='ltr'>miraculis</span> <span class='ocrx_word' id='word_1_90' title='bbox 1427 1234 1745 1303; x_wconf 87' lang='lat' dir='ltr'>concutitur,</span> <span class='ocrx_word' id='word_1_91' title='bbox 1793 1233 2026 1304; x_wconf 89' lang='lat' dir='ltr'>populus</span> 
     </span>
    </p>
   </div>
   <div class='ocr_carea' id='block_1_14' title="bbox 434 1329 2024 1410">
    <p class='ocr_par' dir='ltr' id='par_1_14' title="bbox 434 1329 2024 1410">
     <span class='ocr_line' id='line_1_14' title="bbox 434 1329 2024 1410; baseline -0.005 -18"><span class='ocrx_word' id='word_1_92' title='bbox 434 1352 532 1410; x_wconf 89' lang='lat' dir='ltr'>per</span> <span class='ocrx_word' id='word_1_93' title='bbox 559 1351 709 1391; x_wconf 90' lang='lat' dir='ltr'>mare</span> <span class='ocrx_word' id='word_1_94' title='bbox 733 1334 995 1400; x_wconf 83' lang='lat' dir='ltr'>Rubrum,</span> <span class='ocrx_word' id='word_1_95' title='bbox 1026 1333 1082 1387; x_wconf 90' lang='lat' dir='ltr'>id</span> <span class='ocrx_word' id='word_1_96' title='bbox 1111 1340 1189 1389; x_wconf 88' lang='lat' dir='ltr'>est</span> <span class='ocrx_word' id='word_1_97' title='bbox 1215 1348 1312 1404; x_wconf 90' lang='lat' dir='ltr'>per</span> <span class='ocrx_word' id='word_1_98' title='bbox 1338 1331 1686 1402; x_wconf 84' lang='lat' dir='ltr'>baptismum,</span> <span class='ocrx_word' id='word_1_99' title='bbox 1709 1329 1775 1386; x_wconf 90' lang='lat' dir='ltr'>ad</span> <span class='ocrx_word' id='word_1_100' title='bbox 1793 1330 2024 1400; x_wconf 85' lang='lat' dir='ltr'>patriam</span> 
     </span>
    </p>
   </div>
   <div class='ocr_carea' id='block_1_15' title="bbox 436 1418 2026 1497">
    <p class='ocr_par' dir='ltr' id='par_1_15' title="bbox 436 1418 2026 1497">
     <span class='ocr_line' id='line_1_15' title="bbox 436 1418 2026 1497; baseline -0.004 -18"><span class='ocrx_word' id='word_1_101' title='bbox 436 1423 669 1497; x_wconf 80' lang='lat' dir='ltr'>paradisi</span> <span class='ocrx_word' id='word_1_102' title='bbox 697 1422 985 1490; x_wconf 85' lang='lat' dir='ltr'>reducitur,</span> <span class='ocrx_word' id='word_1_103' title='bbox 1017 1421 1109 1477; x_wconf 89' lang='lat' dir='ltr'>ubi</span> <span class='ocrx_word' id='word_1_104' title='bbox 1137 1423 1244 1477; x_wconf 90' lang='lat' dir='ltr'>mel</span> <span class='ocrx_word' id='word_1_105' title='bbox 1277 1429 1331 1476; x_wconf 91' lang='lat' dir='ltr'>et</span> <span class='ocrx_word' id='word_1_106' title='bbox 1385 1421 1469 1476; x_wconf 90' lang='lat' dir='ltr'>lac</span> <span class='ocrx_word' id='word_1_107' title='bbox 1523 1418 1776 1488; x_wconf 84' lang='lat' dir='ltr'>exundat,</span> <span class='ocrx_word' id='word_1_108' title='bbox 1835 1418 1889 1473; x_wconf 93' lang='lat' dir='ltr'>id</span> <span class='ocrx_word' id='word_1_109' title='bbox 1946 1425 2026 1474; x_wconf 90' lang='lat' dir='ltr'>est</span> 
     </span>
    </p>
   </div>
   <div class='ocr_carea' id='block_1_16' title="bbox 434 1509 1587 1571">
    <p class='ocr_par' dir='ltr' id='par_1_16' title="bbox 434 1509 1587 1571">
     <span class='ocr_line' id='line_1_16' title="bbox 434 1509 1587 1571; baseline -0.004 -2"><span class='ocrx_word' id='word_1_110' title='bbox 434 1512 706 1571; x_wconf 77' lang='lat' dir='ltr'>afﬂuentia</span> <span class='ocrx_word' id='word_1_111' title='bbox 733 1511 974 1567; x_wconf 90' lang='lat' dir='ltr'>omnium</span> <span class='ocrx_word' id='word_1_112' title='bbox 1003 1510 1271 1566; x_wconf 90' lang='lat' dir='ltr'>bonorum</span> <span class='ocrx_word' id='word_1_113' title='bbox 1301 1509 1587 1566; x_wconf 84' lang='lat' dir='ltr'>exuberat.</span> 
     </span>
    </p>
   </div>
   <div class='ocr_carea' id='block_1_17' title="bbox 508 1649 2022 1726">
    <p class='ocr_par' dir='ltr' id='par_1_17' title="bbox 508 1649 2022 1726">
     <span class='ocr_line' id='line_1_17' title="bbox 508 1649 2022 1726; baseline -0.005 -15"><span class='ocrx_word' id='word_1_114' title='bbox 508 1655 635 1710; x_wconf 65' lang='lat' dir='ltr'>Haec</span> <span class='ocrx_word' id='word_1_115' title='bbox 661 1651 1024 1726; x_wconf 84' lang='lat' dir='ltr'>peregrinatio</span> <span class='ocrx_word' id='word_1_116' title='bbox 1054 1651 1401 1707; x_wconf 89' lang='lat' dir='ltr'>nihilominus</span> <span class='ocrx_word' id='word_1_117' title='bbox 1430 1667 1526 1724; x_wconf 88' lang='lat' dir='ltr'>per</span> <span class='ocrx_word' id='word_1_118' title='bbox 1554 1649 1803 1706; x_wconf 90' lang='lat' dir='ltr'>eumdem</span> <span class='ocrx_word' id='word_1_119' title='bbox 1844 1665 2022 1721; x_wconf 88' lang='lat' dir='ltr'>popu-</span> 
     </span>
    </p>
   </div>
   <div class='ocr_carea' id='block_1_18' title="bbox 2130 493 3727 567">
    <p class='ocr_par' dir='ltr' id='par_1_18' title="bbox 2130 493 3727 567">
     <span class='ocr_line' id='line_1_18' title="bbox 2130 493 3727 567; baseline 0.004 -21"><span class='ocrx_word' id='word_1_120' title='bbox 2130 493 2183 547; x_wconf 92' lang='lat' dir='ltr'>id</span> <span class='ocrx_word' id='word_1_121' title='bbox 2213 502 2289 548; x_wconf 85' lang='lat' dir='ltr'>est</span> <span class='ocrx_word' id='word_1_122' title='bbox 2327 511 2551 565; x_wconf 83' lang='lat' dir='ltr'>corpora</span> <span class='ocrx_word' id='word_1_123' title='bbox 2581 503 2634 549; x_wconf 88' lang='lat' dir='ltr'>et</span> <span class='ocrx_word' id='word_1_124' title='bbox 2661 511 2825 567; x_wconf 81' lang='lat' dir='ltr'>Opera</span> <span class='ocrx_word' id='word_1_125' title='bbox 2851 494 3131 566; x_wconf 90' lang='lat' dir='ltr'>recipiunt,</span> <span class='ocrx_word' id='word_1_126' title='bbox 3157 505 3279 552; x_wconf 90' lang='lat' dir='ltr'>tunc</span> <span class='ocrx_word' id='word_1_127' title='bbox 3300 514 3481 554; x_wconf 85' lang='lat' dir='ltr'>verum</span> <span class='ocrx_word' id='word_1_128' title='bbox 3506 499 3727 553; x_wconf 84' lang='lat' dir='ltr'>alleluia</span> 
     </span>
    </p>
   </div>
   <div class='ocr_carea' id='block_1_19' title="bbox 2125 583 3727 657">
    <p class='ocr_par' dir='ltr' id='par_1_19' title="bbox 2125 583 3727 657">
     <span class='ocr_line' id='line_1_19' title="bbox 2125 583 3727 657; baseline 0.006 -22"><span class='ocrx_word' id='word_1_129' title='bbox 2125 583 2435 652; x_wconf 88' lang='lat' dir='ltr'>jubilabuut</span> <span class='ocrx_word' id='word_1_130' title='bbox 2466 624 2479 649; x_wconf 89' lang='lat'>,</span> <span class='ocrx_word' id='word_1_131' title='bbox 2541 585 2666 654; x_wconf 84' lang='lat' dir='ltr'>quia</span> <span class='ocrx_word' id='word_1_132' title='bbox 2730 601 2851 640; x_wconf 85' lang='lat' dir='ltr'>cum</span> <span class='ocrx_word' id='word_1_133' title='bbox 2916 601 3139 657; x_wconf 89' lang='lat' dir='ltr'>corpore</span> <span class='ocrx_word' id='word_1_134' title='bbox 3203 595 3257 643; x_wconf 89' lang='lat' dir='ltr'>et</span> <span class='ocrx_word' id='word_1_135' title='bbox 3318 588 3500 644; x_wconf 89' lang='lat' dir='ltr'>anima</span> <span class='ocrx_word' id='word_1_136' title='bbox 3561 588 3727 645; x_wconf 85' lang='lat' dir='ltr'>simul</span> 
     </span>
    </p>
   </div>
   <div class='ocr_carea' id='block_1_20' title="bbox 2130 672 3109 746">
    <p class='ocr_par' dir='ltr' id='par_1_20' title="bbox 2130 672 3109 746">
     <span class='ocr_line' id='line_1_20' title="bbox 2130 672 3109 746; baseline 0.005 -22"><span class='ocrx_word' id='word_1_137' title='bbox 2130 672 2439 742; x_wconf 85' lang='lat' dir='ltr'>perenniter</span> <span class='ocrx_word' id='word_1_138' title='bbox 2464 672 2516 725; x_wconf 89' lang='lat' dir='ltr'>in</span> <span class='ocrx_word' id='word_1_139' title='bbox 2539 673 2713 746; x_wconf 78' lang='lat' dir='ltr'>gloria</span> <span class='ocrx_word' id='word_1_140' title='bbox 2744 674 3109 730; x_wconf 79' lang='lat' dir='ltr'>exsultabunt.</span> 
     </span>
    </p>
   </div>
   <div class='ocr_carea' id='block_1_21' title="bbox 2820 867 3045 910">
    <p class='ocr_par' dir='ltr' id='par_1_21' title="bbox 2820 867 3045 910">
     <span class='ocr_line' id='line_1_21' title="bbox 2820 867 3045 910; baseline -0.004 -2"><span class='ocrx_word' id='word_1_141' title='bbox 2820 867 3045 910; x_wconf 76' lang='lat' dir='ltr'>DIVISIO.</span> 
     </span>
    </p>
   </div>
   <div class='ocr_carea' id='block_1_22' title="bbox 2203 1020 3725 1097">
    <p class='ocr_par' dir='ltr' id='par_1_22' title="bbox 2203 1020 3725 1097">
     <span class='ocr_line' id='line_1_22' title="bbox 2203 1020 3725 1097; baseline 0.003 -20"><span class='ocrx_word' id='word_1_142' title='bbox 2203 1020 2342 1092; x_wconf 89' lang='lat' dir='ltr'>Quia</span> <span class='ocrx_word' id='word_1_143' title='bbox 2389 1023 2569 1093; x_wconf 87' lang='lat' dir='ltr'>hodie,</span> <span class='ocrx_word' id='word_1_144' title='bbox 2619 1023 2939 1094; x_wconf 88' lang='lat' dir='ltr'>charissimi,</span> <span class='ocrx_word' id='word_1_145' title='bbox 2995 1024 3262 1081; x_wconf 86' lang='lat' dir='ltr'>canticum</span> <span class='ocrx_word' id='word_1_146' title='bbox 3318 1024 3501 1082; x_wconf 74' lang='lat' dir='ltr'>latitise</span> <span class='ocrx_word' id='word_1_147' title='bbox 3556 1024 3725 1097; x_wconf 85' lang='lat' dir='ltr'>depo-</span> 
     </span>
    </p>
   </div>
   <div class='ocr_carea' id='block_1_23' title="bbox 2131 1113 3729 1185">
    <p class='ocr_par' dir='ltr' id='par_1_23' title="bbox 2131 1113 3729 1185">
     <span class='ocr_line' id='line_1_23' title="bbox 2131 1113 3729 1185; baseline 0.001 -19"><span class='ocrx_word' id='word_1_148' title='bbox 2131 1113 2355 1178; x_wconf 89' lang='lat' dir='ltr'>suimus,</span> <span class='ocrx_word' id='word_1_149' title='bbox 2388 1119 2442 1166; x_wconf 93' lang='lat' dir='ltr'>et</span> <span class='ocrx_word' id='word_1_150' title='bbox 2470 1114 2739 1168; x_wconf 83' lang='lat' dir='ltr'>canticum</span> <span class='ocrx_word' id='word_1_151' title='bbox 2774 1113 2994 1169; x_wconf 71' lang='lat' dir='ltr'>tristitiae</span> <span class='ocrx_word' id='word_1_152' title='bbox 3020 1113 3365 1185; x_wconf 90' lang='lat' dir='ltr'>sumpsimus,</span> <span class='ocrx_word' id='word_1_153' title='bbox 3396 1115 3521 1171; x_wconf 91' lang='lat' dir='ltr'>volo</span> <span class='ocrx_word' id='word_1_154' title='bbox 3568 1113 3729 1170; x_wconf 89' lang='lat' dir='ltr'>vobis</span> 
     </span>
    </p>
   </div>
   <div class='ocr_carea' id='block_1_24' title="bbox 2132 1200 3729 1274">
    <p class='ocr_par' dir='ltr' id='par_1_24' title="bbox 2132 1200 3729 1274">
     <span class='ocr_line' id='line_1_24' title="bbox 2132 1200 3729 1274; baseline 0.002 -19"><span class='ocrx_word' id='word_1_155' title='bbox 2132 1200 2201 1256; x_wconf 91' lang='lat' dir='ltr'>de</span> <span class='ocrx_word' id='word_1_156' title='bbox 2229 1201 2381 1256; x_wconf 91' lang='lat' dir='ltr'>libris</span> <span class='ocrx_word' id='word_1_157' title='bbox 2403 1202 2686 1274; x_wconf 80' lang='lat' dir='ltr'>gentilium</span> <span class='ocrx_word' id='word_1_158' title='bbox 2718 1202 2955 1258; x_wconf 84' lang='lat' dir='ltr'>breviter</span> <span class='ocrx_word' id='word_1_159' title='bbox 2981 1202 3205 1258; x_wconf 86' lang='lat' dir='ltr'>recitare</span> <span class='ocrx_word' id='word_1_160' title='bbox 3263 1203 3492 1273; x_wconf 87' lang='lat' dir='ltr'>qualiter</span> <span class='ocrx_word' id='word_1_161' title='bbox 3545 1203 3729 1258; x_wconf 88' lang='lat' dir='ltr'>melo-</span> 
     </span>
    </p>
   </div>
   <div class='ocr_carea' id='block_1_25' title="bbox 2134 1289 3730 1358">
    <p class='ocr_par' dir='ltr' id='par_1_25' title="bbox 2134 1289 3730 1358">
     <span class='ocr_line' id='line_1_25' title="bbox 2134 1289 3730 1358; baseline 0.001 -15"><span class='ocrx_word' id='word_1_162' title='bbox 2134 1289 2279 1345; x_wconf 88' lang='lat' dir='ltr'>diam</span> <span class='ocrx_word' id='word_1_163' title='bbox 2327 1289 2743 1346; x_wconf 88' lang='lat' dir='ltr'>delectationum</span> <span class='ocrx_word' id='word_1_164' title='bbox 2799 1290 2983 1346; x_wconf 91' lang='lat' dir='ltr'>mundi</span> <span class='ocrx_word' id='word_1_165' title='bbox 3039 1290 3280 1346; x_wconf 87' lang='lat' dir='ltr'>debeatis</span> <span class='ocrx_word' id='word_1_166' title='bbox 3332 1291 3620 1358; x_wconf 85' lang='lat' dir='ltr'>declinare,</span> <span class='ocrx_word' id='word_1_167' title='bbox 3670 1298 3730 1345; x_wconf 93' lang='lat' dir='ltr'>ut</span> 
     </span>
    </p>
   </div>
   <div class='ocr_carea' id='block_1_26' title="bbox 2132 1387 3725 1460">
    <p class='ocr_par' dir='ltr' id='par_1_26' title="bbox 2132 1387 3725 1460">
     <span class='ocr_line' id='line_1_26' title="bbox 2132 1387 3725 1460; baseline 0.001 -19"><span class='ocrx_word' id='word_1_168' title='bbox 2132 1387 2345 1460; x_wconf 88' lang='lat' dir='ltr'>possitis</span> <span class='ocrx_word' id='word_1_169' title='bbox 2376 1387 2523 1458; x_wconf 90' lang='lat' dir='ltr'>prius</span> <span class='ocrx_word' id='word_1_170' title='bbox 2566 1405 2689 1443; x_wconf 90' lang='lat' dir='ltr'>cum</span> <span class='ocrx_word' id='word_1_171' title='bbox 2744 1388 2955 1460; x_wconf 89' lang='lat' dir='ltr'>angelis</span> <span class='ocrx_word' id='word_1_172' title='bbox 3009 1387 3220 1443; x_wconf 89' lang='lat' dir='ltr'>dulcem</span> <span class='ocrx_word' id='word_1_173' title='bbox 3278 1388 3613 1444; x_wconf 88' lang='lat' dir='ltr'>harmoniam</span> <span class='ocrx_word' id='word_1_174' title='bbox 3671 1388 3725 1442; x_wconf 90' lang='lat' dir='ltr'>in</span> 
     </span>
    </p>
   </div>
   <div class='ocr_carea' id='block_1_27' title="bbox 2133 1476 3727 1547">
    <p class='ocr_par' dir='ltr' id='par_1_27' title="bbox 2133 1476 3727 1547">
     <span class='ocr_line' id='line_1_27' title="bbox 2133 1476 3727 1547; baseline 0.001 -17"><span class='ocrx_word' id='word_1_175' title='bbox 2133 1476 2284 1530; x_wconf 63' lang='lat' dir='ltr'>caelis</span> <span class='ocrx_word' id='word_1_176' title='bbox 2338 1492 2610 1533; x_wconf 88' lang='lat' dir='ltr'>resonare.</span> <span class='ocrx_word' id='word_1_177' title='bbox 2670 1476 2957 1532; x_wconf 89' lang='lat' dir='ltr'>Gemmam</span> <span class='ocrx_word' id='word_1_178' title='bbox 3014 1493 3247 1547; x_wconf 87' lang='lat' dir='ltr'>namque</span> <span class='ocrx_word' id='word_1_179' title='bbox 3301 1477 3357 1532; x_wconf 93' lang='lat' dir='ltr'>in</span> <span class='ocrx_word' id='word_1_180' title='bbox 3406 1492 3561 1533; x_wconf 68' lang='lat' dir='ltr'>caeno</span> <span class='ocrx_word' id='word_1_181' title='bbox 3634 1477 3727 1531; x_wconf 82' lang='lat' dir='ltr'>in-</span> 
     </span>
    </p>
   </div>
   <div class='ocr_carea' id='block_1_28' title="bbox 2133 1564 3727 1639">
    <p class='ocr_par' dir='ltr' id='par_1_28' title="bbox 2133 1564 3727 1639">
     <span class='ocr_line' id='line_1_28' title="bbox 2133 1564 3727 1639; baseline 0 -18"><span class='ocrx_word' id='word_1_182' title='bbox 2133 1573 2349 1621; x_wconf 88' lang='lat' dir='ltr'>ventam</span> <span class='ocrx_word' id='word_1_183' title='bbox 2380 1564 2540 1621; x_wconf 85' lang='lat' dir='ltr'>debet</span> <span class='ocrx_word' id='word_1_184' title='bbox 2571 1566 2797 1636; x_wconf 88' lang='lat' dir='ltr'>quilibet</span> <span class='ocrx_word' id='word_1_185' title='bbox 2824 1565 2892 1622; x_wconf 94' lang='lat' dir='ltr'>de</span> <span class='ocrx_word' id='word_1_186' title='bbox 2921 1565 3030 1622; x_wconf 93' lang='lat' dir='ltr'>luto</span> <span class='ocrx_word' id='word_1_187' title='bbox 3064 1566 3270 1634; x_wconf 90' lang='lat' dir='ltr'>tollere,</span> <span class='ocrx_word' id='word_1_188' title='bbox 3301 1574 3354 1622; x_wconf 91' lang='lat' dir='ltr'>et</span> <span class='ocrx_word' id='word_1_189' title='bbox 3406 1567 3461 1621; x_wconf 91' lang='lat' dir='ltr'>in</span> <span class='ocrx_word' id='word_1_190' title='bbox 3518 1567 3727 1639; x_wconf 85' lang='lat' dir='ltr'>regium</span> 
     </span>
    </p>
   </div>
   <div class='ocr_carea' id='block_1_29' title="bbox 2133 1654 3728 1726">
    <p class='ocr_par' dir='ltr' id='par_1_29' title="bbox 2133 1654 3728 1726">
     <span class='ocr_line' id='line_1_29' title="bbox 2133 1654 3728 1726; baseline 0 -17"><span class='ocrx_word' id='word_1_191' title='bbox 2133 1661 2510 1710; x_wconf 86' lang='lat' dir='ltr'>ornamentum</span> <span class='ocrx_word' id='word_1_192' title='bbox 2539 1670 2757 1726; x_wconf 90' lang='lat' dir='ltr'>ponere.</span> <span class='ocrx_word' id='word_1_193' title='bbox 2792 1656 2873 1709; x_wconf 90' lang='lat' dir='ltr'>Ita</span> <span class='ocrx_word' id='word_1_194' title='bbox 2901 1662 2954 1711; x_wconf 94' lang='lat' dir='ltr'>et</span> <span class='ocrx_word' id='word_1_195' title='bbox 2981 1654 3155 1722; x_wconf 89' lang='lat' dir='ltr'>decet,</span> <span class='ocrx_word' id='word_1_196' title='bbox 3188 1655 3231 1711; x_wconf 92' lang='lat' dir='ltr'>si</span> <span class='ocrx_word' id='word_1_197' title='bbox 3280 1670 3314 1710; x_wconf 89' lang='lat' dir='ltr'>a</span> <span class='ocrx_word' id='word_1_198' title='bbox 3362 1654 3521 1711; x_wconf 88' lang='lat' dir='ltr'>nobis</span> <span class='ocrx_word' id='word_1_199' title='bbox 3562 1655 3728 1726; x_wconf 83' lang='lat' dir='ltr'>quid-</span> 
     </span>
    </p>
   </div>
   <div class='ocr_carea' id='block_1_30' title="bbox 436 1739 3732 1823">
    <p class='ocr_par' dir='ltr' id='par_1_30' title="bbox 436 1739 3732 1823">
     <span class='ocr_line' id='line_1_30' title="bbox 436 1739 3732 1823; baseline -0.001 -21"><span class='ocrx_word' id='word_1_200' title='bbox 436 1745 547 1804; x_wconf 89' lang='lat' dir='ltr'>lum</span> <span class='ocrx_word' id='word_1_201' title='bbox 578 1741 1042 1815; x_wconf 67' lang='lat' dir='ltr'>praeﬁgurabatur,</span> <span class='ocrx_word' id='word_1_202' title='bbox 1073 1740 1201 1795; x_wconf 90' lang='lat' dir='ltr'>dum</span> <span class='ocrx_word' id='word_1_203' title='bbox 1232 1739 1285 1794; x_wconf 92' lang='lat' dir='ltr'>in</span> <span class='ocrx_word' id='word_1_204' title='bbox 1344 1740 1669 1811; x_wconf 83' lang='lat' dir='ltr'>Babylonica</span> <span class='ocrx_word' id='word_1_205' title='bbox 1715 1739 2023 1809; x_wconf 82' lang='lat' dir='ltr'>captivitate</span> <span class='ocrx_word' id='word_1_206' title='bbox 2052 1763 2104 1823; x_wconf 80' lang='grc' dir='ltr'>Β</span> <span class='ocrx_word' id='word_1_207' title='bbox 2135 1759 2296 1814; x_wconf 91' lang='lat' dir='ltr'>quam</span> <span class='ocrx_word' id='word_1_208' title='bbox 2328 1743 2455 1798; x_wconf 90' lang='lat' dir='ltr'>utile</span> <span class='ocrx_word' id='word_1_209' title='bbox 2485 1743 2538 1796; x_wconf 92' lang='lat' dir='ltr'>in</span> <span class='ocrx_word' id='word_1_210' title='bbox 2571 1741 2721 1797; x_wconf 88' lang='lat' dir='ltr'>libris</span> <span class='ocrx_word' id='word_1_211' title='bbox 2748 1744 3033 1815; x_wconf 88' lang='lat' dir='ltr'>gentilium</span> <span class='ocrx_word' id='word_1_212' title='bbox 3062 1744 3378 1816; x_wconf 86' lang='lat' dir='ltr'>reperiatur,</span> <span class='ocrx_word' id='word_1_213' title='bbox 3437 1743 3507 1799; x_wconf 89' lang='lat' dir='ltr'>ad</span> <span class='ocrx_word' id='word_1_214' title='bbox 3561 1743 3732 1800; x_wconf 77' lang='lat' dir='ltr'>aediﬁ-</span> 
     </span>
    </p>
   </div>
   <div class='ocr_carea' id='block_1_31' title="bbox 437 1827 2020 1910">
    <p class='ocr_par' dir='ltr' id='par_1_31' title="bbox 437 1827 2020 1910">
     <span class='ocr_line' id='line_1_31' title="bbox 437 1827 2020 1910; baseline -0.006 -20"><span class='ocrx_word' id='word_1_215' title='bbox 437 1850 536 1910; x_wconf 90' lang='lat' dir='ltr'>per</span> <span class='ocrx_word' id='word_1_216' title='bbox 561 1849 668 1888; x_wconf 77' lang='lat' dir='ltr'>Lxx</span> <span class='ocrx_word' id='word_1_217' title='bbox 690 1847 861 1888; x_wconf 91' lang='lat' dir='ltr'>annos</span> <span class='ocrx_word' id='word_1_218' title='bbox 896 1830 1229 1886; x_wconf 89' lang='lat' dir='ltr'>morabatur.</span> <span class='ocrx_word' id='word_1_219' title='bbox 1283 1828 1784 1885; x_wconf 87' lang='lat' dir='ltr'>Nabuchodonosor</span> <span class='ocrx_word' id='word_1_220' title='bbox 1825 1827 2020 1883; x_wconf 89' lang='lat' dir='ltr'>etenim</span> 
     </span>
    </p>
   </div>
   <div class='ocr_carea' id='block_1_32' title="bbox 435 1925 2025 2002">
    <p class='ocr_par' dir='ltr' id='par_1_32' title="bbox 435 1925 2025 2002">
     <span class='ocr_line' id='line_1_32' title="bbox 435 1925 2025 2002; baseline -0.007 -13"><span class='ocrx_word' id='word_1_221' title='bbox 435 1948 533 1989; x_wconf 88' lang='lat' dir='ltr'>rex</span> <span class='ocrx_word' id='word_1_222' title='bbox 561 1928 889 2002; x_wconf 73' lang='lat' dir='ltr'>Babylonize,</span> <span class='ocrx_word' id='word_1_223' title='bbox 922 1927 1255 1986; x_wconf 84' lang='lat' dir='ltr'>Hierusalem</span> <span class='ocrx_word' id='word_1_224' title='bbox 1286 1926 1558 1993; x_wconf 88' lang='lat' dir='ltr'>obsidens,</span> <span class='ocrx_word' id='word_1_225' title='bbox 1590 1925 1869 1996; x_wconf 82' lang='lat' dir='ltr'>destruxit,</span> <span class='ocrx_word' id='word_1_226' title='bbox 1920 1941 2025 1997; x_wconf 90' lang='lat' dir='ltr'>po-</span> 
     </span>
    </p>
   </div>
   <div class='ocr_carea' id='block_1_33' title="bbox 436 2014 2027 2094">
    <p class='ocr_par' dir='ltr' id='par_1_33' title="bbox 436 2014 2027 2094">
     <span class='ocr_line' id='line_1_33' title="bbox 436 2014 2027 2094; baseline -0.005 -18"><span class='ocrx_word' id='word_1_227' title='bbox 436 2022 620 2094; x_wconf 91' lang='lat' dir='ltr'>pulum</span> <span class='ocrx_word' id='word_1_228' title='bbox 652 2019 707 2074; x_wconf 91' lang='lat' dir='ltr'>in</span> <span class='ocrx_word' id='word_1_229' title='bbox 735 2018 1082 2090; x_wconf 82' lang='lat' dir='ltr'>Babyloniam</span> <span class='ocrx_word' id='word_1_230' title='bbox 1114 2017 1383 2088; x_wconf 88' lang='lat' dir='ltr'>captivum</span> <span class='ocrx_word' id='word_1_231' title='bbox 1414 2016 1584 2085; x_wconf 80' lang='lat' dir='ltr'>duxit,</span> <span class='ocrx_word' id='word_1_232' title='bbox 1644 2015 1734 2085; x_wconf 90' lang='lat' dir='ltr'>qui</span> <span class='ocrx_word' id='word_1_233' title='bbox 1790 2014 1864 2069; x_wconf 88' lang='lat' dir='ltr'>ibi</span> <span class='ocrx_word' id='word_1_234' title='bbox 1921 2031 2027 2068; x_wconf 83' lang='lat' dir='ltr'>Lxx</span> 
     </span>
    </p>
   </div>
   <div class='ocr_carea' id='block_1_34' title="bbox 436 2103 2027 2181">
    <p class='ocr_par' dir='ltr' id='par_1_34' title="bbox 436 2103 2027 2181">
     <span class='ocr_line' id='line_1_34' title="bbox 436 2103 2027 2181; baseline -0.004 -17"><span class='ocrx_word' id='word_1_235' title='bbox 436 2108 591 2181; x_wconf 84' lang='lat' dir='ltr'>annis</span> <span class='ocrx_word' id='word_1_236' title='bbox 630 2107 689 2162; x_wconf 91' lang='lat' dir='ltr'>in</span> <span class='ocrx_word' id='word_1_237' title='bbox 744 2106 953 2162; x_wconf 87' lang='lat' dir='ltr'>tristitia</span> <span class='ocrx_word' id='word_1_238' title='bbox 1008 2104 1306 2173; x_wconf 83' lang='lat' dir='ltr'>habitabat,</span> <span class='ocrx_word' id='word_1_239' title='bbox 1368 2104 1634 2160; x_wconf 88' lang='lat' dir='ltr'>canticum</span> <span class='ocrx_word' id='word_1_240' title='bbox 1690 2103 1889 2158; x_wconf 57' lang='lat' dir='ltr'>latitia;</span> <span class='ocrx_word' id='word_1_241' title='bbox 1920 2118 2027 2158; x_wconf 91' lang='lat' dir='ltr'>non</span> 
     </span>
    </p>
   </div>
   <div class='ocr_carea' id='block_1_35' title="bbox 436 2202 2028 2277">
    <p class='ocr_par' dir='ltr' id='par_1_35' title="bbox 436 2202 2028 2277">
     <span class='ocr_line' id='line_1_35' title="bbox 436 2202 2028 2277; baseline -0.006 -12"><span class='ocrx_word' id='word_1_242' title='bbox 436 2207 745 2272; x_wconf 86' lang='lat' dir='ltr'>resonabat,</span> <span class='ocrx_word' id='word_1_243' title='bbox 776 2221 980 2277; x_wconf 90' lang='lat' dir='ltr'>organa</span> <span class='ocrx_word' id='word_1_244' title='bbox 1012 2203 1081 2260; x_wconf 90' lang='lat' dir='ltr'>ad</span> <span class='ocrx_word' id='word_1_245' title='bbox 1109 2203 1300 2259; x_wconf 86' lang='lat' dir='ltr'>salices</span> <span class='ocrx_word' id='word_1_246' title='bbox 1327 2202 1622 2275; x_wconf 86' lang='lat' dir='ltr'>suspendit,</span> <span class='ocrx_word' id='word_1_247' title='bbox 1651 2202 1805 2273; x_wconf 81' lang='lat' dir='ltr'>juxta</span> <span class='ocrx_word' id='word_1_248' title='bbox 1835 2202 2028 2256; x_wconf 87' lang='lat' dir='ltr'>sedens</span> 
     </span>
    </p>
   </div>
   <div class='ocr_carea' id='block_1_36' title="bbox 435 2291 2026 2358">
    <p class='ocr_par' dir='ltr' id='par_1_36' title="bbox 435 2291 2026 2358">
     <span class='ocr_line' id='line_1_36' title="bbox 435 2291 2026 2358; baseline -0.006 -4"><span class='ocrx_word' id='word_1_249' title='bbox 435 2296 601 2353; x_wconf 94' lang='lat' dir='ltr'>ﬂevit.</span> <span class='ocrx_word' id='word_1_250' title='bbox 634 2294 823 2351; x_wconf 90' lang='lat' dir='ltr'>Finitis</span> <span class='ocrx_word' id='word_1_251' title='bbox 850 2309 960 2350; x_wconf 83' lang='lat' dir='ltr'>Lxx</span> <span class='ocrx_word' id='word_1_252' title='bbox 988 2292 1160 2358; x_wconf 91' lang='lat' dir='ltr'>annis,</span> <span class='ocrx_word' id='word_1_253' title='bbox 1194 2291 1261 2348; x_wconf 91' lang='lat' dir='ltr'>ad</span> <span class='ocrx_word' id='word_1_254' title='bbox 1290 2291 1621 2346; x_wconf 86' lang='lat' dir='ltr'>Hierusalem</span> <span class='ocrx_word' id='word_1_255' title='bbox 1651 2296 1875 2358; x_wconf 86' lang='lat' dir='ltr'>remeat,</span> <span class='ocrx_word' id='word_1_256' title='bbox 1918 2291 2026 2346; x_wconf 87' lang='lat' dir='ltr'>Pa-</span> 
     </span>
    </p>
   </div>
   <div class='ocr_carea' id='block_1_37' title="bbox 436 2379 2029 2455">
    <p class='ocr_par' dir='ltr' id='par_1_37' title="bbox 436 2379 2029 2455">
     <span class='ocr_line' id='line_1_37' title="bbox 436 2379 2029 2455; baseline -0.005 -14"><span class='ocrx_word' id='word_1_257' title='bbox 436 2385 566 2442; x_wconf 87' lang='lat' dir='ltr'>scha</span> <span class='ocrx_word' id='word_1_258' title='bbox 594 2398 717 2439; x_wconf 93' lang='lat' dir='ltr'>cum</span> <span class='ocrx_word' id='word_1_259' title='bbox 747 2381 947 2455; x_wconf 88' lang='lat' dir='ltr'>gaudio</span> <span class='ocrx_word' id='word_1_260' title='bbox 993 2379 1249 2449; x_wconf 89' lang='lat' dir='ltr'>celebrat,</span> <span class='ocrx_word' id='word_1_261' title='bbox 1307 2386 1493 2452; x_wconf 90' lang='lat' dir='ltr'>postea</span> <span class='ocrx_word' id='word_1_262' title='bbox 1548 2394 1668 2435; x_wconf 92' lang='lat' dir='ltr'>cum</span> <span class='ocrx_word' id='word_1_263' title='bbox 1725 2394 1921 2434; x_wconf 89' lang='lat' dir='ltr'>uxores</span> <span class='ocrx_word' id='word_1_264' title='bbox 1975 2386 2029 2434; x_wconf 88' lang='lat' dir='ltr'>et</span> 
     </span>
    </p>
   </div>
   <div class='ocr_carea' id='block_1_38' title="bbox 432 2475 2025 2549">
    <p class='ocr_par' dir='ltr' id='par_1_38' title="bbox 432 2475 2025 2549">
     <span class='ocr_line' id='line_1_38' title="bbox 432 2475 2025 2549; baseline -0.004 -12"><span class='ocrx_word' id='word_1_265' title='bbox 432 2480 532 2537; x_wconf 83' lang='lat' dir='ltr'>ﬁlii</span> <span class='ocrx_word' id='word_1_266' title='bbox 557 2486 837 2546; x_wconf 77' lang='lat' dir='ltr'>venerunt,</span> <span class='ocrx_word' id='word_1_267' title='bbox 869 2477 1069 2549; x_wconf 88' lang='lat' dir='ltr'>duplex</span> <span class='ocrx_word' id='word_1_268' title='bbox 1088 2475 1347 2549; x_wconf 83' lang='lat' dir='ltr'>gaudium</span> <span class='ocrx_word' id='word_1_269' title='bbox 1376 2476 1695 2532; x_wconf 90' lang='lat' dir='ltr'>habuerunt.</span> <span class='ocrx_word' id='word_1_270' title='bbox 1727 2477 1854 2532; x_wconf 77' lang='lat' dir='ltr'>Haec</span> <span class='ocrx_word' id='word_1_271' title='bbox 1899 2492 2025 2532; x_wconf 90' lang='lat' dir='ltr'>om-</span> 
     </span>
    </p>
   </div>
   <div class='ocr_carea' id='block_1_39' title="bbox 432 2565 2021 2639">
    <p class='ocr_par' dir='ltr' id='par_1_39' title="bbox 432 2565 2021 2639">
     <span class='ocr_line' id='line_1_39' title="bbox 432 2565 2021 2639; baseline -0.004 -12"><span class='ocrx_word' id='word_1_272' title='bbox 432 2569 542 2639; x_wconf 86' lang='lat' dir='ltr'>nia,</span> <span class='ocrx_word' id='word_1_273' title='bbox 600 2566 919 2637; x_wconf 90' lang='lat' dir='ltr'>charissimi,</span> <span class='ocrx_word' id='word_1_274' title='bbox 975 2565 1044 2622; x_wconf 91' lang='lat' dir='ltr'>ad</span> <span class='ocrx_word' id='word_1_275' title='bbox 1098 2573 1418 2637; x_wconf 66' lang='lat' dir='ltr'>praesentem</span> <span class='ocrx_word' id='word_1_276' title='bbox 1473 2565 1615 2620; x_wconf 87' lang='lat' dir='ltr'>diem</span> <span class='ocrx_word' id='word_1_277' title='bbox 1688 2565 2021 2638; x_wconf 88' lang='lat' dir='ltr'>respiciunt:</span> 
     </span>
    </p>
   </div>
   <div class='ocr_carea' id='block_1_40' title="bbox 433 2654 2022 2728">
    <p class='ocr_par' dir='ltr' id='par_1_40' title="bbox 433 2654 2022 2728">
     <span class='ocr_line' id='line_1_40' title="bbox 433 2654 2022 2728; baseline -0.005 -11"><span class='ocrx_word' id='word_1_278' title='bbox 433 2660 550 2716; x_wconf 65' lang='lat' dir='ltr'>hec</span> <span class='ocrx_word' id='word_1_279' title='bbox 575 2657 759 2714; x_wconf 90' lang='lat' dir='ltr'>omnia</span> <span class='ocrx_word' id='word_1_280' title='bbox 786 2664 966 2712; x_wconf 87' lang='lat' dir='ltr'>nostra</span> <span class='ocrx_word' id='word_1_281' title='bbox 1008 2664 1251 2727; x_wconf 87' lang='lat' dir='ltr'>tempora</span> <span class='ocrx_word' id='word_1_282' title='bbox 1296 2654 1775 2728; x_wconf 62' lang='lat' dir='ltr'>praesignaverunt.</span> <span class='ocrx_word' id='word_1_283' title='bbox 1828 2655 2022 2710; x_wconf 80' lang='lat' dir='ltr'>Hieru-</span> 
     </span>
    </p>
   </div>
   <div class='ocr_carea' id='block_1_41' title="bbox 430 2750 2022 2827">
    <p class='ocr_par' dir='ltr' id='par_1_41' title="bbox 430 2750 2022 2827">
     <span class='ocr_line' id='line_1_41' title="bbox 430 2750 2022 2827; baseline -0.005 -14"><span class='ocrx_word' id='word_1_284' title='bbox 430 2756 597 2814; x_wconf 83' lang='lat' dir='ltr'>salem</span> <span class='ocrx_word' id='word_1_285' title='bbox 628 2762 711 2812; x_wconf 90' lang='lat' dir='ltr'>est</span> <span class='ocrx_word' id='word_1_286' title='bbox 740 2753 1036 2827; x_wconf 81' lang='lat' dir='ltr'>paradisus,</span> <span class='ocrx_word' id='word_1_287' title='bbox 1072 2752 1574 2809; x_wconf 87' lang='lat' dir='ltr'>Nabuchodonosor</span> <span class='ocrx_word' id='word_1_288' title='bbox 1620 2760 1700 2808; x_wconf 90' lang='lat' dir='ltr'>est</span> <span class='ocrx_word' id='word_1_289' title='bbox 1755 2750 2022 2816; x_wconf 89' lang='lat' dir='ltr'>diabolus,</span> 
     </span>
    </p>
   </div>
   <div class='ocr_carea' id='block_1_42' title="bbox 430 2840 2023 2916">
    <p class='ocr_par' dir='ltr' id='par_1_42' title="bbox 430 2840 2023 2916">
     <span class='ocr_line' id='line_1_42' title="bbox 430 2840 2023 2916; baseline -0.005 -14"><span class='ocrx_word' id='word_1_290' title='bbox 430 2844 724 2916; x_wconf 85' lang='lat' dir='ltr'>Babylonia</span> <span class='ocrx_word' id='word_1_291' title='bbox 757 2851 836 2899; x_wconf 91' lang='lat' dir='ltr'>est</span> <span class='ocrx_word' id='word_1_292' title='bbox 860 2842 950 2899; x_wconf 89' lang='lat' dir='ltr'>hic</span> <span class='ocrx_word' id='word_1_293' title='bbox 977 2842 1224 2897; x_wconf 92' lang='lat' dir='ltr'>mundus.</span> <span class='ocrx_word' id='word_1_294' title='bbox 1248 2841 1747 2898; x_wconf 82' lang='lat' dir='ltr'>Nabuchodonosor</span> <span class='ocrx_word' id='word_1_295' title='bbox 1765 2840 2023 2912; x_wconf 83' lang='lat' dir='ltr'>pepulum</span> 
     </span>
    </p>
   </div>
   <div class='ocr_carea' id='block_1_43' title="bbox 427 2929 2025 3006">
    <p class='ocr_par' dir='ltr' id='par_1_43' title="bbox 427 2929 2025 3006">
     <span class='ocr_line' id='line_1_43' title="bbox 427 2929 2025 3006; baseline -0.004 -16"><span class='ocrx_word' id='word_1_296' title='bbox 427 2933 484 2990; x_wconf 88' lang='lat' dir='ltr'>in</span> <span class='ocrx_word' id='word_1_297' title='bbox 512 2933 864 3006; x_wconf 85' lang='lat' dir='ltr'>Babyloniam</span> <span class='ocrx_word' id='word_1_298' title='bbox 894 2931 1162 3003; x_wconf 88' lang='lat' dir='ltr'>captivum</span> <span class='ocrx_word' id='word_1_299' title='bbox 1210 2931 1380 3001; x_wconf 85' lang='lat' dir='ltr'>duxit,</span> <span class='ocrx_word' id='word_1_300' title='bbox 1443 2937 1495 2986; x_wconf 88' lang='lat' dir='ltr'>et</span> <span class='ocrx_word' id='word_1_301' title='bbox 1550 2929 1797 2985; x_wconf 88' lang='lat' dir='ltr'>diabolus</span> <span class='ocrx_word' id='word_1_302' title='bbox 1851 2946 2025 3002; x_wconf 86' lang='lat' dir='ltr'>genus</span> 
     </span>
    </p>
   </div>
   <div class='ocr_carea' id='block_1_44' title="bbox 428 3027 2023 3100">
    <p class='ocr_par' dir='ltr' id='par_1_44' title="bbox 428 3027 2023 3100">
     <span class='ocr_line' id='line_1_44' title="bbox 428 3027 2023 3100; baseline -0.004 -13"><span class='ocrx_word' id='word_1_303' title='bbox 428 3030 723 3087; x_wconf 84' lang='lat' dir='ltr'>humanum</span> <span class='ocrx_word' id='word_1_304' title='bbox 751 3030 808 3085; x_wconf 91' lang='lat' dir='ltr'>in</span> <span class='ocrx_word' id='word_1_305' title='bbox 838 3031 978 3085; x_wconf 92' lang='lat' dir='ltr'>hunc</span> <span class='ocrx_word' id='word_1_306' title='bbox 1008 3028 1268 3084; x_wconf 91' lang='lat' dir='ltr'>mundum</span> <span class='ocrx_word' id='word_1_307' title='bbox 1296 3027 1527 3097; x_wconf 82' lang='lat' dir='ltr'>seduxit,</span> <span class='ocrx_word' id='word_1_308' title='bbox 1578 3028 1670 3083; x_wconf 92' lang='lat' dir='ltr'>ubi</span> <span class='ocrx_word' id='word_1_309' title='bbox 1716 3043 1921 3100; x_wconf 87' lang='lat' dir='ltr'>organa</span> <span class='ocrx_word' id='word_1_310' title='bbox 1966 3027 2023 3081; x_wconf 91' lang='lat' dir='ltr'>in</span> 
     </span>
    </p>
   </div>
   <div class='ocr_carea' id='block_1_45' title="bbox 424 3115 2102 3191">
    <p class='ocr_par' dir='ltr' id='par_1_45' title="bbox 424 3115 2102 3191">
     <span class='ocr_line' id='line_1_45' title="bbox 424 3115 2102 3191; baseline -0.003 -16"><span class='ocrx_word' id='word_1_311' title='bbox 424 3119 622 3175; x_wconf 83' lang='lat' dir='ltr'>salices</span> <span class='ocrx_word' id='word_1_312' title='bbox 646 3117 941 3191; x_wconf 89' lang='lat' dir='ltr'>suspendit,</span> <span class='ocrx_word' id='word_1_313' title='bbox 976 3124 1029 3173; x_wconf 91' lang='lat' dir='ltr'>et</span> <span class='ocrx_word' id='word_1_314' title='bbox 1079 3116 1272 3173; x_wconf 90' lang='lat' dir='ltr'>sedens</span> <span class='ocrx_word' id='word_1_315' title='bbox 1326 3116 1576 3187; x_wconf 79' lang='lat' dir='ltr'>lacrymis</span> <span class='ocrx_word' id='word_1_316' title='bbox 1626 3116 1761 3171; x_wconf 90' lang='lat' dir='ltr'>ﬂuit.</span> <span class='ocrx_word' id='word_1_317' title='bbox 1823 3116 2026 3172; x_wconf 88' lang='lat' dir='ltr'>Salices</span> <span class='ocrx_word' id='word_1_318' title='bbox 2053 3115 2102 3179; x_wconf 87' lang='lat' dir='ltr'>C</span> 
     </span>
    </p>
   </div>
   <div class='ocr_carea' id='block_1_46' title="bbox 432 3205 2011 3276">
    <p class='ocr_par' dir='ltr' id='par_1_46' title="bbox 432 3205 2011 3276">
     <span class='ocr_line' id='line_1_46' title="bbox 432 3205 2011 3276; baseline -0.002 -13"><span class='ocrx_word' id='word_1_319' title='bbox 432 3207 590 3265; x_wconf 82' lang='lat' dir='ltr'>facile</span> <span class='ocrx_word' id='word_1_320' title='bbox 612 3215 765 3264; x_wconf 74' lang='lat' dir='ltr'>terrae</span> <span class='ocrx_word' id='word_1_321' title='bbox 819 3206 1142 3276; x_wconf 76' lang='lat' dir='ltr'>coalescant,</span> <span class='ocrx_word' id='word_1_322' title='bbox 1202 3205 1361 3262; x_wconf 82' lang='lat' dir='ltr'>facile</span> <span class='ocrx_word' id='word_1_323' title='bbox 1424 3206 1606 3262; x_wconf 75' lang='lat' dir='ltr'>incisa:</span> <span class='ocrx_word' id='word_1_324' title='bbox 1658 3205 2011 3261; x_wconf 81' lang='lat' dir='ltr'>revirescunt.</span> 
     </span>
    </p>
   </div>
   <div class='ocr_carea' id='block_1_47' title="bbox 432 3302 2025 3374">
    <p class='ocr_par' dir='ltr' id='par_1_47' title="bbox 432 3302 2025 3374">
     <span class='ocr_line' id='line_1_47' title="bbox 432 3302 2025 3374; baseline -0.004 -12"><span class='ocrx_word' id='word_1_325' title='bbox 432 3304 637 3362; x_wconf 89' lang='lat' dir='ltr'>Salices</span> <span class='ocrx_word' id='word_1_326' title='bbox 661 3312 784 3361; x_wconf 92' lang='lat' dir='ltr'>sunt</span> <span class='ocrx_word' id='word_1_327' title='bbox 823 3302 1010 3359; x_wconf 91' lang='lat' dir='ltr'>mundi</span> <span class='ocrx_word' id='word_1_328' title='bbox 1061 3311 1327 3359; x_wconf 87' lang='lat' dir='ltr'>amatores</span> <span class='ocrx_word' id='word_1_329' title='bbox 1383 3303 1473 3374; x_wconf 89' lang='lat' dir='ltr'>qui</span> <span class='ocrx_word' id='word_1_330' title='bbox 1529 3303 1738 3358; x_wconf 86' lang='lat' dir='ltr'>radices</span> <span class='ocrx_word' id='word_1_331' title='bbox 1792 3318 1915 3357; x_wconf 90' lang='lat' dir='ltr'>suas</span> <span class='ocrx_word' id='word_1_332' title='bbox 1968 3302 2025 3357; x_wconf 91' lang='lat' dir='ltr'>in</span> 
     </span>
    </p>
   </div>
   <div class='ocr_carea' id='block_1_48' title="bbox 432 3391 2024 3462">
    <p class='ocr_par' dir='ltr' id='par_1_48' title="bbox 432 3391 2024 3462">
     <span class='ocr_line' id='line_1_48' title="bbox 432 3391 2024 3462; baseline -0.003 -12"><span class='ocrx_word' id='word_1_333' title='bbox 432 3402 645 3450; x_wconf 89' lang='lat' dir='ltr'>terrena</span> <span class='ocrx_word' id='word_1_334' title='bbox 694 3392 995 3458; x_wconf 90' lang='lat' dir='ltr'>miserunt,</span> <span class='ocrx_word' id='word_1_335' title='bbox 1077 3391 1271 3462; x_wconf 88' lang='lat' dir='ltr'>quibus</span> <span class='ocrx_word' id='word_1_336' title='bbox 1353 3391 1657 3447; x_wconf 88' lang='lat' dir='ltr'>transitoria</span> <span class='ocrx_word' id='word_1_337' title='bbox 1728 3406 1826 3462; x_wconf 90' lang='lat' dir='ltr'>pro</span> <span class='ocrx_word' id='word_1_338' title='bbox 1898 3398 2024 3447; x_wconf 91' lang='lat' dir='ltr'>voto</span> 
     </span>
    </p>
   </div>
   <div class='ocr_carea' id='block_1_49' title="bbox 430 3479 2028 3552">
    <p class='ocr_par' dir='ltr' id='par_1_49' title="bbox 430 3479 2028 3552">
     <span class='ocr_line' id='line_1_49' title="bbox 430 3479 2028 3552; baseline -0.003 -14"><span class='ocrx_word' id='word_1_339' title='bbox 430 3481 671 3539; x_wconf 70' lang='lat' dir='ltr'>afﬂuunt.</span> <span class='ocrx_word' id='word_1_340' title='bbox 702 3484 765 3537; x_wconf 84' lang='lat' dir='ltr'>In</span> <span class='ocrx_word' id='word_1_341' title='bbox 792 3482 890 3536; x_wconf 89' lang='lat' dir='ltr'>has</span> <span class='ocrx_word' id='word_1_342' title='bbox 910 3479 1040 3550; x_wconf 88' lang='lat' dir='ltr'>justi</span> <span class='ocrx_word' id='word_1_343' title='bbox 1097 3495 1303 3552; x_wconf 87' lang='lat' dir='ltr'>organa</span> <span class='ocrx_word' id='word_1_344' title='bbox 1356 3480 1705 3551; x_wconf 87' lang='lat' dir='ltr'>suspendunt,</span> <span class='ocrx_word' id='word_1_345' title='bbox 1766 3479 1889 3549; x_wconf 86' lang='lat' dir='ltr'>quia</span> <span class='ocrx_word' id='word_1_346' title='bbox 1946 3480 2028 3534; x_wconf 91' lang='lat' dir='ltr'>his</span> 
     </span>
    </p>
   </div>
   <div class='ocr_carea' id='block_1_50' title="bbox 433 3574 2027 3652">
    <p class='ocr_par' dir='ltr' id='par_1_50' title="bbox 433 3574 2027 3652">
     <span class='ocr_line' id='line_1_50' title="bbox 433 3574 2027 3652; baseline -0.002 -18"><span class='ocrx_word' id='word_1_347' title='bbox 433 3576 636 3652; x_wconf 81' lang='lat' dir='ltr'>gaudia</span> <span class='ocrx_word' id='word_1_348' title='bbox 671 3575 858 3632; x_wconf 89' lang='lat' dir='ltr'>mundi</span> <span class='ocrx_word' id='word_1_349' title='bbox 886 3574 1216 3644; x_wconf 91' lang='lat' dir='ltr'>relinquunt.</span> <span class='ocrx_word' id='word_1_350' title='bbox 1296 3574 1506 3629; x_wconf 88' lang='lat' dir='ltr'>Deﬂent</span> <span class='ocrx_word' id='word_1_351' title='bbox 1566 3576 1831 3642; x_wconf 89' lang='lat' dir='ltr'>sedentes,</span> <span class='ocrx_word' id='word_1_352' title='bbox 1901 3575 2027 3645; x_wconf 89' lang='lat' dir='ltr'>quia</span> 
     </span>
    </p>
   </div>
   <div class='ocr_carea' id='block_1_51' title="bbox 434 3663 2026 3736">
    <p class='ocr_par' dir='ltr' id='par_1_51' title="bbox 434 3663 2026 3736">
     <span class='ocr_line' id='line_1_51' title="bbox 434 3663 2026 3736; baseline -0.003 -12"><span class='ocrx_word' id='word_1_353' title='bbox 434 3664 666 3724; x_wconf 86' lang='lat' dir='ltr'>humiles</span> <span class='ocrx_word' id='word_1_354' title='bbox 694 3680 880 3722; x_wconf 90' lang='lat' dir='ltr'>eorum</span> <span class='ocrx_word' id='word_1_355' title='bbox 911 3663 1178 3720; x_wconf 89' lang='lat' dir='ltr'>interitum</span> <span class='ocrx_word' id='word_1_356' title='bbox 1236 3671 1359 3718; x_wconf 90' lang='lat' dir='ltr'>sunt</span> <span class='ocrx_word' id='word_1_357' title='bbox 1412 3679 1533 3717; x_wconf 92' lang='lat' dir='ltr'>cum</span> <span class='ocrx_word' id='word_1_358' title='bbox 1587 3680 1787 3736; x_wconf 88' lang='lat' dir='ltr'>magno</span> <span class='ocrx_word' id='word_1_359' title='bbox 1840 3663 2026 3719; x_wconf 92' lang='lat' dir='ltr'>dolore</span> 
     </span>
    </p>
   </div>
   <div class='ocr_carea' id='block_1_52' title="bbox 430 3751 2029 3831">
    <p class='ocr_par' dir='ltr' id='par_1_52' title="bbox 430 3751 2029 3831">
     <span class='ocr_line' id='line_1_52' title="bbox 430 3751 2029 3831; baseline -0.003 -19"><span class='ocrx_word' id='word_1_360' title='bbox 430 3763 731 3831; x_wconf 83' lang='lat' dir='ltr'>gementes.</span> <span class='ocrx_word' id='word_1_361' title='bbox 763 3755 865 3808; x_wconf 91' lang='lat' dir='ltr'>Per</span> <span class='ocrx_word' id='word_1_362' title='bbox 888 3768 1092 3826; x_wconf 89' lang='lat' dir='ltr'>organa</span> <span class='ocrx_word' id='word_1_363' title='bbox 1121 3751 1283 3808; x_wconf 88' lang='lat' dir='ltr'>etiam</span> <span class='ocrx_word' id='word_1_364' title='bbox 1314 3752 1546 3808; x_wconf 70' lang='lat' dir='ltr'>caalcstis</span> <span class='ocrx_word' id='word_1_365' title='bbox 1598 3752 1841 3809; x_wconf 83' lang='lat' dir='ltr'>doctrina</span> <span class='ocrx_word' id='word_1_366' title='bbox 1889 3753 2029 3809; x_wconf 87' lang='lat' dir='ltr'>acci-</span> 
     </span>
    </p>
   </div>
   <div class='ocr_carea' id='block_1_53' title="bbox 437 3850 2030 3929">
    <p class='ocr_par' dir='ltr' id='par_1_53' title="bbox 437 3850 2030 3929">
     <span class='ocr_line' id='line_1_53' title="bbox 437 3850 2030 3929; baseline -0.003 -18"><span class='ocrx_word' id='word_1_367' title='bbox 437 3854 582 3929; x_wconf 91' lang='lat' dir='ltr'>pitur</span> <span class='ocrx_word' id='word_1_368' title='bbox 609 3869 731 3924; x_wconf 64' lang='lat' dir='ltr'>quaa</span> <span class='ocrx_word' id='word_1_369' title='bbox 759 3852 812 3907; x_wconf 88' lang='lat' dir='ltr'>in</span> <span class='ocrx_word' id='word_1_370' title='bbox 843 3850 1034 3907; x_wconf 89' lang='lat' dir='ltr'>salices</span> <span class='ocrx_word' id='word_1_371' title='bbox 1079 3850 1437 3922; x_wconf 90' lang='lat' dir='ltr'>suspenditur,</span> <span class='ocrx_word' id='word_1_372' title='bbox 1497 3851 1626 3906; x_wconf 90' lang='lat' dir='ltr'>dum</span> <span class='ocrx_word' id='word_1_373' title='bbox 1684 3852 2030 3908; x_wconf 72' lang='lat' dir='ltr'>saecularibus</span> 
     </span>
    </p>
   </div>
   <div class='ocr_carea' id='block_1_54' title="bbox 436 3940 2031 4014">
    <p class='ocr_par' dir='ltr' id='par_1_54' title="bbox 436 3940 2031 4014">
     <span class='ocr_line' id='line_1_54' title="bbox 436 3940 2031 4014; baseline -0.004 -14"><span class='ocrx_word' id='word_1_374' title='bbox 436 3943 679 4002; x_wconf 89' lang='lat' dir='ltr'>doctrina</span> <span class='ocrx_word' id='word_1_375' title='bbox 706 3940 960 4014; x_wconf 89' lang='lat' dir='ltr'>spiritalis</span> <span class='ocrx_word' id='word_1_376' title='bbox 986 3940 1331 4007; x_wconf 89' lang='lat' dir='ltr'>subtrahitur,</span> <span class='ocrx_word' id='word_1_377' title='bbox 1364 3941 1490 4011; x_wconf 88' lang='lat' dir='ltr'>quia</span> <span class='ocrx_word' id='word_1_378' title='bbox 1535 3941 1604 3996; x_wconf 89' lang='lat' dir='ltr'>ab</span> <span class='ocrx_word' id='word_1_379' title='bbox 1658 3941 1736 3996; x_wconf 85' lang='lat' dir='ltr'>eis</span> <span class='ocrx_word' id='word_1_380' title='bbox 1792 3950 2031 3997; x_wconf 89' lang='lat' dir='ltr'>contem-</span> 
     </span>
    </p>
   </div>
   <div class='ocr_carea' id='block_1_55' title="bbox 437 4027 2032 4102">
    <p class='ocr_par' dir='ltr' id='par_1_55' title="bbox 437 4027 2032 4102">
     <span class='ocr_line' id='line_1_55' title="bbox 437 4027 2032 4102; baseline -0.003 -12"><span class='ocrx_word' id='word_1_381' title='bbox 437 4027 601 4090; x_wconf 80' lang='lat' dir='ltr'>nitur.</span> <span class='ocrx_word' id='word_1_382' title='bbox 635 4032 736 4087; x_wconf 90' lang='lat' dir='ltr'>Per</span> <span class='ocrx_word' id='word_1_383' title='bbox 765 4045 873 4086; x_wconf 78' lang='lat' dir='ltr'>LXX</span> <span class='ocrx_word' id='word_1_384' title='bbox 902 4045 1072 4086; x_wconf 90' lang='lat' dir='ltr'>annos</span> <span class='ocrx_word' id='word_1_385' title='bbox 1102 4028 1297 4101; x_wconf 89' lang='lat' dir='ltr'>quibus</span> <span class='ocrx_word' id='word_1_386' title='bbox 1343 4030 1576 4102; x_wconf 90' lang='lat' dir='ltr'>p0pulus</span> <span class='ocrx_word' id='word_1_387' title='bbox 1627 4029 1682 4084; x_wconf 93' lang='lat' dir='ltr'>in</span> <span class='ocrx_word' id='word_1_388' title='bbox 1738 4030 2032 4101; x_wconf 81' lang='lat' dir='ltr'>Babylonia</span> 
     </span>
    </p>
   </div>
   <div class='ocr_carea' id='block_1_56' title="bbox 440 4126 2029 4204">
    <p class='ocr_par' dir='ltr' id='par_1_56' title="bbox 440 4126 2029 4204">
     <span class='ocr_line' id='line_1_56' title="bbox 440 4126 2029 4204; baseline -0.002 -18"><span class='ocrx_word' id='word_1_389' title='bbox 440 4128 797 4204; x_wconf 81' lang='lat' dir='ltr'>aﬂligebatur,</span> <span class='ocrx_word' id='word_1_390' title='bbox 828 4135 1035 4199; x_wconf 79' lang='lat' dir='ltr'>septem</span> <span class='ocrx_word' id='word_1_391' title='bbox 1092 4126 1263 4183; x_wconf 87' lang='lat' dir='ltr'>millia</span> <span class='ocrx_word' id='word_1_392' title='bbox 1317 4142 1581 4183; x_wconf 91' lang='lat' dir='ltr'>annorum</span> <span class='ocrx_word' id='word_1_393' title='bbox 1638 4126 2029 4199; x_wconf 79' lang='lat' dir='ltr'>intelliguntur,</span> 
     </span>
    </p>
   </div>
   <div class='ocr_carea' id='block_1_57' title="bbox 440 4215 2022 4294">
    <p class='ocr_par' dir='ltr' id='par_1_57' title="bbox 440 4215 2022 4294">
     <span class='ocr_line' id='line_1_57' title="bbox 440 4215 2022 4294; baseline -0.003 -18"><span class='ocrx_word' id='word_1_394' title='bbox 440 4220 634 4294; x_wconf 89' lang='lat' dir='ltr'>quibus</span> <span class='ocrx_word' id='word_1_395' title='bbox 663 4234 835 4292; x_wconf 86' lang='lat' dir='ltr'>genus</span> <span class='ocrx_word' id='word_1_396' title='bbox 882 4218 1176 4272; x_wconf 91' lang='lat' dir='ltr'>humanum</span> <span class='ocrx_word' id='word_1_397' title='bbox 1224 4215 1280 4271; x_wconf 89' lang='lat' dir='ltr'>in</span> <span class='ocrx_word' id='word_1_398' title='bbox 1327 4217 1427 4272; x_wconf 90' lang='lat' dir='ltr'>hac</span> <span class='ocrx_word' id='word_1_399' title='bbox 1467 4216 1581 4272; x_wconf 89' lang='lat' dir='ltr'>vita</span> <span class='ocrx_word' id='word_1_400' title='bbox 1625 4215 2022 4289; x_wconf 88' lang='lat' dir='ltr'>peregrinatur.</span> 
     </span>
    </p>
   </div>
   <div class='ocr_carea' id='block_1_58' title="bbox 442 4303 2032 4377">
    <p class='ocr_par' dir='ltr' id='par_1_58' title="bbox 442 4303 2032 4377">
     <span class='ocr_line' id='line_1_58' title="bbox 442 4303 2032 4377; baseline -0.002 -11"><span class='ocrx_word' id='word_1_401' title='bbox 442 4309 594 4366; x_wconf 84' lang='lat' dir='ltr'>Sicut</span> <span class='ocrx_word' id='word_1_402' title='bbox 648 4307 792 4364; x_wconf 89' lang='lat' dir='ltr'>enim</span> <span class='ocrx_word' id='word_1_403' title='bbox 848 4312 1058 4377; x_wconf 88' lang='lat' dir='ltr'>septem</span> <span class='ocrx_word' id='word_1_404' title='bbox 1115 4303 1305 4377; x_wconf 88' lang='lat' dir='ltr'>primis</span> <span class='ocrx_word' id='word_1_405' title='bbox 1359 4304 1550 4362; x_wconf 86' lang='lat' dir='ltr'>diebus</span> <span class='ocrx_word' id='word_1_406' title='bbox 1605 4312 1717 4361; x_wconf 89' lang='lat' dir='ltr'>tota</span> <span class='ocrx_word' id='word_1_407' title='bbox 1789 4314 2032 4363; x_wconf 87' lang='lat' dir='ltr'>creatura</span> 
     </span>
    </p>
   </div>
   <div class='ocr_carea' id='block_1_59' title="bbox 441 4402 2030 4478">
    <p class='ocr_par' dir='ltr' id='par_1_59' title="bbox 441 4402 2030 4478">
     <span class='ocr_line' id='line_1_59' title="bbox 441 4402 2030 4478; baseline -0.002 -16"><span class='ocrx_word' id='word_1_408' title='bbox 441 4405 759 4478; x_wconf 86' lang='lat' dir='ltr'>disponitur,</span> <span class='ocrx_word' id='word_1_409' title='bbox 794 4403 865 4458; x_wconf 90' lang='lat' dir='ltr'>ita</span> <span class='ocrx_word' id='word_1_410' title='bbox 894 4419 991 4475; x_wconf 89' lang='lat' dir='ltr'>per</span> <span class='ocrx_word' id='word_1_411' title='bbox 1017 4408 1221 4474; x_wconf 89' lang='lat' dir='ltr'>septem</span> <span class='ocrx_word' id='word_1_412' title='bbox 1252 4402 1424 4457; x_wconf 90' lang='lat' dir='ltr'>millia</span> <span class='ocrx_word' id='word_1_413' title='bbox 1452 4420 1715 4459; x_wconf 90' lang='lat' dir='ltr'>annorum</span> <span class='ocrx_word' id='word_1_414' title='bbox 1745 4404 1833 4461; x_wconf 92' lang='lat' dir='ltr'>hic</span> <span class='ocrx_word' id='word_1_415' title='bbox 1868 4421 2030 4460; x_wconf 89' lang='lat' dir='ltr'>mun-</span> 
     </span>
    </p>
   </div>
   <div class='ocr_carea' id='block_1_60' title="bbox 2144 1831 3730 1902">
    <p class='ocr_par' dir='ltr' id='par_1_60' title="bbox 2144 1831 3730 1902">
     <span class='ocr_line' id='line_1_60' title="bbox 2144 1831 3730 1902; baseline 0.001 -16"><span class='ocrx_word' id='word_1_416' title='bbox 2144 1831 2412 1887; x_wconf 89' lang='lat' dir='ltr'>cationem</span> <span class='ocrx_word' id='word_1_417' title='bbox 2446 1831 2701 1887; x_wconf 69' lang='lat' dir='ltr'>Ecclesia:</span> <span class='ocrx_word' id='word_1_418' title='bbox 2732 1833 2927 1887; x_wconf 87' lang='lat' dir='ltr'>Christi</span> <span class='ocrx_word' id='word_1_419' title='bbox 2981 1849 3194 1902; x_wconf 74' lang='lat' dir='ltr'>sponsa:</span> <span class='ocrx_word' id='word_1_420' title='bbox 3253 1840 3504 1889; x_wconf 83' lang='lat' dir='ltr'>vertatur.</span> <span class='ocrx_word' id='word_1_421' title='bbox 3533 1833 3730 1889; x_wconf 56' lang='lat' dir='ltr'>Saeculi</span> 
     </span>
    </p>
   </div>
   <div class='ocr_carea' id='block_1_61' title="bbox 2134 1920 3731 1991">
    <p class='ocr_par' dir='ltr' id='par_1_61' title="bbox 2134 1920 3731 1991">
     <span class='ocr_line' id='line_1_61' title="bbox 2134 1920 3731 1991; baseline 0.004 -18"><span class='ocrx_word' id='word_1_422' title='bbox 2134 1920 2403 1991; x_wconf 87' lang='lat' dir='ltr'>sapientes</span> <span class='ocrx_word' id='word_1_423' title='bbox 2430 1920 2670 1975; x_wconf 89' lang='lat' dir='ltr'>scribunt</span> <span class='ocrx_word' id='word_1_424' title='bbox 2702 1929 2805 1975; x_wconf 90' lang='lat' dir='ltr'>tres</span> <span class='ocrx_word' id='word_1_425' title='bbox 2834 1921 3049 1977; x_wconf 88' lang='lat' dir='ltr'>Sirenes</span> <span class='ocrx_word' id='word_1_426' title='bbox 3077 1921 3133 1975; x_wconf 93' lang='lat' dir='ltr'>in</span> <span class='ocrx_word' id='word_1_427' title='bbox 3162 1921 3335 1977; x_wconf 90' lang='lat' dir='ltr'>insula</span> <span class='ocrx_word' id='word_1_428' title='bbox 3356 1922 3520 1977; x_wconf 89' lang='lat' dir='ltr'>maris</span> <span class='ocrx_word' id='word_1_429' title='bbox 3563 1922 3731 1979; x_wconf 79' lang='lat' dir='ltr'>fuisse</span> 
     </span>
    </p>
   </div>
   <div class='ocr_carea' id='block_1_62' title="bbox 2136 2009 3727 2067">
    <p class='ocr_par' dir='ltr' id='par_1_62' title="bbox 2136 2009 3727 2067">
     <span class='ocr_line' id='line_1_62' title="bbox 2136 2009 3727 2067; baseline 0.001 -4"><span class='ocrx_word' id='word_1_430' title='bbox 2136 2015 2186 2063; x_wconf 90' lang='lat' dir='ltr'>et</span> <span class='ocrx_word' id='word_1_431' title='bbox 2214 2009 2587 2064; x_wconf 86' lang='lat' dir='ltr'>suavissimam</span> <span class='ocrx_word' id='word_1_432' title='bbox 2617 2009 2938 2065; x_wconf 88' lang='lat' dir='ltr'>cantilenam</span> <span class='ocrx_word' id='word_1_433' title='bbox 2983 2010 3169 2064; x_wconf 77' lang='lat' dir='ltr'>divisis</span> <span class='ocrx_word' id='word_1_434' title='bbox 3222 2009 3398 2065; x_wconf 90' lang='lat' dir='ltr'>modis</span> <span class='ocrx_word' id='word_1_435' title='bbox 3449 2010 3727 2067; x_wconf 85' lang='lat' dir='ltr'>cecinisse.</span> 
     </span>
    </p>
   </div>
   <div class='ocr_carea' id='block_1_63' title="bbox 2137 2106 3720 2181">
    <p class='ocr_par' dir='ltr' id='par_1_63' title="bbox 2137 2106 3720 2181">
     <span class='ocr_line' id='line_1_63' title="bbox 2137 2106 3720 2181; baseline 0 -18"><span class='ocrx_word' id='word_1_436' title='bbox 2137 2107 2253 2163; x_wconf 88' lang='lat' dir='ltr'>Una</span> <span class='ocrx_word' id='word_1_437' title='bbox 2282 2106 2480 2178; x_wconf 90' lang='lat' dir='ltr'>quippe</span> <span class='ocrx_word' id='word_1_438' title='bbox 2506 2123 2658 2175; x_wconf 84' lang='lat' dir='ltr'>voce,</span> <span class='ocrx_word' id='word_1_439' title='bbox 2691 2108 2858 2163; x_wconf 86' lang='lat' dir='ltr'>altera</span> <span class='ocrx_word' id='word_1_440' title='bbox 2887 2107 3039 2177; x_wconf 90' lang='lat' dir='ltr'>tibia,</span> <span class='ocrx_word' id='word_1_441' title='bbox 3092 2109 3245 2165; x_wconf 89' lang='lat' dir='ltr'>tertia</span> <span class='ocrx_word' id='word_1_442' title='bbox 3297 2110 3411 2181; x_wconf 82' lang='lat' dir='ltr'>lyra</span> <span class='ocrx_word' id='word_1_443' title='bbox 3464 2109 3720 2164; x_wconf 87' lang='lat' dir='ltr'>canebat.</span> 
     </span>
    </p>
   </div>
   <div class='ocr_carea' id='block_1_64' title="bbox 2135 2195 3733 2271">
    <p class='ocr_par' dir='ltr' id='par_1_64' title="bbox 2135 2195 3733 2271">
     <span class='ocr_line' id='line_1_64' title="bbox 2135 2195 3733 2271; baseline 0.002 -22"><span class='ocrx_word' id='word_1_444' title='bbox 2135 2195 2231 2250; x_wconf 66' lang='lat' dir='ltr'>Hze</span> <span class='ocrx_word' id='word_1_445' title='bbox 2263 2195 2534 2250; x_wconf 85' lang='lat' dir='ltr'>habebant</span> <span class='ocrx_word' id='word_1_446' title='bbox 2563 2196 2730 2250; x_wconf 89' lang='lat' dir='ltr'>facies</span> <span class='ocrx_word' id='word_1_447' title='bbox 2757 2197 3063 2265; x_wconf 87' lang='lat' dir='ltr'>mulierum,</span> <span class='ocrx_word' id='word_1_448' title='bbox 3096 2198 3209 2253; x_wconf 88' lang='lat' dir='ltr'>alas</span> <span class='ocrx_word' id='word_1_449' title='bbox 3264 2206 3319 2253; x_wconf 93' lang='lat' dir='ltr'>et</span> <span class='ocrx_word' id='word_1_450' title='bbox 3373 2215 3579 2271; x_wconf 88' lang='lat' dir='ltr'>ungues</span> <span class='ocrx_word' id='word_1_451' title='bbox 3633 2214 3733 2254; x_wconf 86' lang='lat' dir='ltr'>vo-</span> 
     </span>
    </p>
   </div>
   <div class='ocr_carea' id='block_1_65' title="bbox 2136 2283 3731 2355">
    <p class='ocr_par' dir='ltr' id='par_1_65' title="bbox 2136 2283 3731 2355">
     <span class='ocr_line' id='line_1_65' title="bbox 2136 2283 3731 2355; baseline 0.001 -17"><span class='ocrx_word' id='word_1_452' title='bbox 2136 2284 2361 2339; x_wconf 90' lang='lat' dir='ltr'>lucrum.</span> <span class='ocrx_word' id='word_1_453' title='bbox 2394 2283 2597 2339; x_wconf 90' lang='lat' dir='ltr'>Omnes</span> <span class='ocrx_word' id='word_1_454' title='bbox 2626 2301 2792 2340; x_wconf 89' lang='lat' dir='ltr'>naves</span> <span class='ocrx_word' id='word_1_455' title='bbox 2846 2293 3232 2355; x_wconf 68' lang='lat' dir='ltr'>praetereuntes</span> <span class='ocrx_word' id='word_1_456' title='bbox 3285 2286 3546 2342; x_wconf 86' lang='lat' dir='ltr'>suavitate</span> <span class='ocrx_word' id='word_1_457' title='bbox 3601 2302 3731 2341; x_wconf 86' lang='lat' dir='ltr'>can-</span> 
     </span>
    </p>
   </div>
   <div class='ocr_carea' id='block_1_66' title="bbox 2136 2372 3727 2445">
    <p class='ocr_par' dir='ltr' id='par_1_66' title="bbox 2136 2372 3727 2445">
     <span class='ocr_line' id='line_1_66' title="bbox 2136 2372 3727 2445; baseline 0.001 -18"><span class='ocrx_word' id='word_1_458' title='bbox 2136 2380 2218 2427; x_wconf 90' lang='lat' dir='ltr'>tus</span> <span class='ocrx_word' id='word_1_459' title='bbox 2245 2372 2521 2440; x_wconf 89' lang='lat' dir='ltr'>sistebant,</span> <span class='ocrx_word' id='word_1_460' title='bbox 2552 2380 2742 2429; x_wconf 89' lang='lat' dir='ltr'>nautas</span> <span class='ocrx_word' id='word_1_461' title='bbox 2797 2390 2991 2430; x_wconf 86' lang='lat' dir='ltr'>somno</span> <span class='ocrx_word' id='word_1_462' title='bbox 3049 2390 3337 2445; x_wconf 83' lang='lat' dir='ltr'>Oppressos</span> <span class='ocrx_word' id='word_1_463' title='bbox 3397 2374 3727 2442; x_wconf 86' lang='lat' dir='ltr'>lacerabant,</span> 
     </span>
    </p>
   </div>
   <div class='ocr_carea' id='block_1_67' title="bbox 2134 2461 3733 2535">
    <p class='ocr_par' dir='ltr' id='par_1_67' title="bbox 2134 2461 3733 2535">
     <span class='ocr_line' id='line_1_67' title="bbox 2134 2461 3733 2535; baseline 0.001 -19"><span class='ocrx_word' id='word_1_464' title='bbox 2134 2478 2300 2517; x_wconf 86' lang='lat' dir='ltr'>naves</span> <span class='ocrx_word' id='word_1_465' title='bbox 2328 2462 2442 2517; x_wconf 88' lang='lat' dir='ltr'>salo</span> <span class='ocrx_word' id='word_1_466' title='bbox 2474 2461 2891 2535; x_wconf 89' lang='lat' dir='ltr'>immergebant.</span> <span class='ocrx_word' id='word_1_467' title='bbox 2953 2464 3196 2534; x_wconf 92' lang='lat' dir='ltr'>Cumque</span> <span class='ocrx_word' id='word_1_468' title='bbox 3247 2463 3464 2535; x_wconf 87' lang='lat' dir='ltr'>quidem</span> <span class='ocrx_word' id='word_1_469' title='bbox 3514 2464 3733 2535; x_wconf 79' lang='lat' dir='ltr'>Ulysses</span> 
     </span>
    </p>
   </div>
   <div class='ocr_carea' id='block_1_68' title="bbox 2133 2551 3731 2625">
    <p class='ocr_par' dir='ltr' id='par_1_68' title="bbox 2133 2551 3731 2625">
     <span class='ocr_line' id='line_1_68' title="bbox 2133 2551 3731 2625; baseline 0.001 -20"><span class='ocrx_word' id='word_1_470' title='bbox 2133 2567 2349 2606; x_wconf 86' lang='lat' dir='ltr'>necesse</span> <span class='ocrx_word' id='word_1_471' title='bbox 2408 2551 2632 2606; x_wconf 89' lang='lat' dir='ltr'>haberet</span> <span class='ocrx_word' id='word_1_472' title='bbox 2685 2551 2758 2606; x_wconf 92' lang='lat' dir='ltr'>ibi</span> <span class='ocrx_word' id='word_1_473' title='bbox 2814 2553 3292 2625; x_wconf 72' lang='lat' dir='ltr'>praeternavigare,</span> <span class='ocrx_word' id='word_1_474' title='bbox 3335 2553 3494 2624; x_wconf 88' lang='lat' dir='ltr'>jussit</span> <span class='ocrx_word' id='word_1_475' title='bbox 3545 2569 3604 2608; x_wconf 89' lang='lat' dir='ltr'>se</span> <span class='ocrx_word' id='word_1_476' title='bbox 3659 2551 3731 2608; x_wconf 87' lang='lat' dir='ltr'>ad</span> 
     </span>
    </p>
   </div>
   <div class='ocr_carea' id='block_1_69' title="bbox 2134 2639 3733 2712">
    <p class='ocr_par' dir='ltr' id='par_1_69' title="bbox 2134 2639 3733 2712">
     <span class='ocr_line' id='line_1_69' title="bbox 2134 2639 3733 2712; baseline 0.003 -19"><span class='ocrx_word' id='word_1_477' title='bbox 2134 2639 2335 2694; x_wconf 88' lang='lat' dir='ltr'>malum</span> <span class='ocrx_word' id='word_1_478' title='bbox 2363 2639 2517 2695; x_wconf 82' lang='lat' dir='ltr'>navis</span> <span class='ocrx_word' id='word_1_479' title='bbox 2546 2639 2736 2712; x_wconf 86' lang='lat' dir='ltr'>ligare,</span> <span class='ocrx_word' id='word_1_480' title='bbox 2768 2640 2928 2696; x_wconf 91' lang='lat' dir='ltr'>sociis</span> <span class='ocrx_word' id='word_1_481' title='bbox 2983 2650 3162 2696; x_wconf 89' lang='lat' dir='ltr'>autem</span> <span class='ocrx_word' id='word_1_482' title='bbox 3220 2659 3342 2698; x_wconf 91' lang='lat' dir='ltr'>cum</span> <span class='ocrx_word' id='word_1_483' title='bbox 3399 2659 3523 2698; x_wconf 87' lang='lat' dir='ltr'>cera</span> <span class='ocrx_word' id='word_1_484' title='bbox 3572 2658 3733 2711; x_wconf 84' lang='lat' dir='ltr'>aures</span> 
     </span>
    </p>
   </div>
   <div class='ocr_carea' id='block_1_70' title="bbox 2133 2728 3735 2801">
    <p class='ocr_par' dir='ltr' id='par_1_70' title="bbox 2133 2728 3735 2801">
     <span class='ocr_line' id='line_1_70' title="bbox 2133 2728 3735 2801; baseline 0.002 -18"><span class='ocrx_word' id='word_1_485' title='bbox 2133 2728 2418 2793; x_wconf 87' lang='lat' dir='ltr'>obdurare,</span> <span class='ocrx_word' id='word_1_486' title='bbox 2453 2736 2504 2783; x_wconf 90' lang='lat' dir='ltr'>et</span> <span class='ocrx_word' id='word_1_487' title='bbox 2558 2728 2635 2783; x_wconf 92' lang='lat' dir='ltr'>sic</span> <span class='ocrx_word' id='word_1_488' title='bbox 2686 2729 2981 2801; x_wconf 91' lang='lat' dir='ltr'>periculum</span> <span class='ocrx_word' id='word_1_489' title='bbox 3036 2731 3234 2786; x_wconf 68' lang='lat' dir='ltr'>illaesus</span> <span class='ocrx_word' id='word_1_490' title='bbox 3287 2730 3475 2801; x_wconf 88' lang='lat' dir='ltr'>evasit,</span> <span class='ocrx_word' id='word_1_491' title='bbox 3530 2738 3585 2786; x_wconf 89' lang='lat' dir='ltr'>et</span> <span class='ocrx_word' id='word_1_492' title='bbox 3637 2746 3735 2786; x_wconf 84' lang='lat' dir='ltr'>eas</span> 
     </span>
    </p>
   </div>
   <div class='ocr_carea' id='block_1_71' title="bbox 2132 2817 3729 2891">
    <p class='ocr_par' dir='ltr' id='par_1_71' title="bbox 2132 2817 3729 2891">
     <span class='ocr_line' id='line_1_71' title="bbox 2132 2817 3729 2891; baseline 0.003 -20"><span class='ocrx_word' id='word_1_493' title='bbox 2132 2817 2380 2872; x_wconf 87' lang='lat' dir='ltr'>ﬂuctibus</span> <span class='ocrx_word' id='word_1_494' title='bbox 2406 2817 2710 2872; x_wconf 90' lang='lat' dir='ltr'>submersit.</span> <span class='ocrx_word' id='word_1_495' title='bbox 2740 2819 2868 2874; x_wconf 75' lang='lat' dir='ltr'>Haec</span> <span class='ocrx_word' id='word_1_496' title='bbox 2908 2826 3049 2886; x_wconf 90' lang='lat' dir='ltr'>sunt,</span> <span class='ocrx_word' id='word_1_497' title='bbox 3103 2818 3421 2888; x_wconf 89' lang='lat' dir='ltr'>charissimi,</span> <span class='ocrx_word' id='word_1_498' title='bbox 3480 2819 3729 2891; x_wconf 71' lang='lat' dir='ltr'>mystica,</span> 
     </span>
    </p>
   </div>
   <div class='ocr_carea' id='block_1_72' title="bbox 2133 2906 3730 2978">
    <p class='ocr_par' dir='ltr' id='par_1_72' title="bbox 2133 2906 3730 2978">
     <span class='ocr_line' id='line_1_72' title="bbox 2133 2906 3730 2978; baseline 0.003 -19"><span class='ocrx_word' id='word_1_499' title='bbox 2133 2906 2381 2976; x_wconf 85' lang='lat' dir='ltr'>quamvis</span> <span class='ocrx_word' id='word_1_500' title='bbox 2433 2922 2532 2976; x_wconf 90' lang='lat' dir='ltr'>per</span> <span class='ocrx_word' id='word_1_501' title='bbox 2587 2906 2836 2963; x_wconf 88' lang='lat' dir='ltr'>inimicos</span> <span class='ocrx_word' id='word_1_502' title='bbox 2886 2907 3081 2964; x_wconf 88' lang='lat' dir='ltr'>Christi</span> <span class='ocrx_word' id='word_1_503' title='bbox 3135 2909 3354 2978; x_wconf 88' lang='lat' dir='ltr'>scripta.</span> <span class='ocrx_word' id='word_1_504' title='bbox 3416 2908 3516 2963; x_wconf 90' lang='lat' dir='ltr'>Per</span> <span class='ocrx_word' id='word_1_505' title='bbox 3576 2924 3730 2964; x_wconf 85' lang='lat' dir='ltr'>mare</span> 
     </span>
    </p>
   </div>
   <div class='ocr_carea' id='block_1_73' title="bbox 2131 3003 3729 3077">
    <p class='ocr_par' dir='ltr' id='par_1_73' title="bbox 2131 3003 3729 3077">
     <span class='ocr_line' id='line_1_73' title="bbox 2131 3003 3729 3077; baseline 0.003 -19"><span class='ocrx_word' id='word_1_506' title='bbox 2131 3003 2272 3058; x_wconf 90' lang='lat' dir='ltr'>istud</span> <span class='ocrx_word' id='word_1_507' title='bbox 2295 3004 2549 3059; x_wconf 64' lang='lat' dir='ltr'>steculum</span> <span class='ocrx_word' id='word_1_508' title='bbox 2581 3003 2916 3077; x_wconf 87' lang='lat' dir='ltr'>intelligitur,</span> <span class='ocrx_word' id='word_1_509' title='bbox 2976 3005 3120 3076; x_wconf 90' lang='lat' dir='ltr'>quod</span> <span class='ocrx_word' id='word_1_510' title='bbox 3175 3006 3442 3062; x_wconf 90' lang='lat' dir='ltr'>continuis</span> <span class='ocrx_word' id='word_1_511' title='bbox 3496 3006 3729 3062; x_wconf 87' lang='lat' dir='ltr'>tribula—</span> 
     </span>
    </p>
   </div>
   <div class='ocr_carea' id='block_1_74' title="bbox 2132 3092 3727 3167">
    <p class='ocr_par' dir='ltr' id='par_1_74' title="bbox 2132 3092 3727 3167">
     <span class='ocr_line' id='line_1_74' title="bbox 2132 3092 3727 3167; baseline 0.003 -22"><span class='ocrx_word' id='word_1_512' title='bbox 2132 3092 2337 3148; x_wconf 91' lang='lat' dir='ltr'>tionum</span> <span class='ocrx_word' id='word_1_513' title='bbox 2369 3092 2618 3163; x_wconf 90' lang='lat' dir='ltr'>procellis</span> <span class='ocrx_word' id='word_1_514' title='bbox 2646 3093 2897 3149; x_wconf 89' lang='lat' dir='ltr'>volvitur.</span> <span class='ocrx_word' id='word_1_515' title='bbox 2929 3094 3111 3149; x_wconf 87' lang='lat' dir='ltr'>Insula</span> <span class='ocrx_word' id='word_1_516' title='bbox 3139 3102 3219 3150; x_wconf 92' lang='lat' dir='ltr'>est</span> <span class='ocrx_word' id='word_1_517' title='bbox 3237 3094 3423 3149; x_wconf 91' lang='lat' dir='ltr'>mundi</span> <span class='ocrx_word' id='word_1_518' title='bbox 3441 3095 3727 3167; x_wconf 85' lang='lat' dir='ltr'>gaudium,</span> 
     </span>
    </p>
   </div>
   <div class='ocr_carea' id='block_1_75' title="bbox 2132 3180 3730 3255">
    <p class='ocr_par' dir='ltr' id='par_1_75' title="bbox 2132 3180 3730 3255">
     <span class='ocr_line' id='line_1_75' title="bbox 2132 3180 3730 3255; baseline 0.003 -20"><span class='ocrx_word' id='word_1_519' title='bbox 2132 3180 2277 3251; x_wconf 90' lang='lat' dir='ltr'>quod</span> <span class='ocrx_word' id='word_1_520' title='bbox 2334 3181 2537 3236; x_wconf 89' lang='lat' dir='ltr'>crebris</span> <span class='ocrx_word' id='word_1_521' title='bbox 2588 3181 2865 3237; x_wconf 87' lang='lat' dir='ltr'>doloribus</span> <span class='ocrx_word' id='word_1_522' title='bbox 2934 3182 3287 3255; x_wconf 90' lang='lat' dir='ltr'>intercipitur,</span> <span class='ocrx_word' id='word_1_523' title='bbox 3364 3185 3499 3239; x_wconf 90' lang='lat' dir='ltr'>sicut</span> <span class='ocrx_word' id='word_1_524' title='bbox 3582 3184 3730 3239; x_wconf 91' lang='lat' dir='ltr'>littus</span> 
     </span>
    </p>
   </div>
   <div class='ocr_carea' id='block_1_76' title="bbox 2131 3269 3729 3343">
    <p class='ocr_par' dir='ltr' id='par_1_76' title="bbox 2131 3269 3729 3343">
     <span class='ocr_line' id='line_1_76' title="bbox 2131 3269 3729 3343; baseline 0.002 -18"><span class='ocrx_word' id='word_1_525' title='bbox 2131 3269 2333 3325; x_wconf 89' lang='lat' dir='ltr'>crebris</span> <span class='ocrx_word' id='word_1_526' title='bbox 2361 3269 2520 3324; x_wconf 90' lang='lat' dir='ltr'>undis</span> <span class='ocrx_word' id='word_1_527' title='bbox 2571 3270 2861 3342; x_wconf 88' lang='lat' dir='ltr'>impetitur.</span> <span class='ocrx_word' id='word_1_528' title='bbox 2919 3272 3050 3327; x_wconf 88' lang='lat' dir='ltr'>Tres</span> <span class='ocrx_word' id='word_1_529' title='bbox 3106 3272 3340 3340; x_wconf 87' lang='lat' dir='ltr'>Sirenes,</span> <span class='ocrx_word' id='word_1_530' title='bbox 3400 3289 3521 3343; x_wconf 60' lang='lat' dir='ltr'>quae</span> <span class='ocrx_word' id='word_1_531' title='bbox 3573 3272 3729 3330; x_wconf 85' lang='lat' dir='ltr'>suavi</span> 
     </span>
    </p>
   </div>
   <div class='ocr_carea' id='block_1_77' title="bbox 2134 3358 3727 3433">
    <p class='ocr_par' dir='ltr' id='par_1_77' title="bbox 2134 3358 3727 3433">
     <span class='ocr_line' id='line_1_77' title="bbox 2134 3358 3727 3433; baseline 0.003 -20"><span class='ocrx_word' id='word_1_532' title='bbox 2134 3365 2291 3413; x_wconf 89' lang='lat' dir='ltr'>cantu</span> <span class='ocrx_word' id='word_1_533' title='bbox 2321 3359 2638 3430; x_wconf 88' lang='lat' dir='ltr'>navigantes</span> <span class='ocrx_word' id='word_1_534' title='bbox 2692 3358 3049 3417; x_wconf 81' lang='lat' dir='ltr'>demulcendo</span> <span class='ocrx_word' id='word_1_535' title='bbox 3095 3359 3150 3414; x_wconf 92' lang='lat' dir='ltr'>in</span> <span class='ocrx_word' id='word_1_536' title='bbox 3199 3376 3448 3416; x_wconf 89' lang='lat' dir='ltr'>somnum</span> <span class='ocrx_word' id='word_1_537' title='bbox 3493 3369 3727 3433; x_wconf 89' lang='lat' dir='ltr'>vertunt,</span> 
     </span>
    </p>
   </div>
   <div class='ocr_carea' id='block_1_78' title="bbox 2132 3445 3731 3519">
    <p class='ocr_par' dir='ltr' id='par_1_78' title="bbox 2132 3445 3731 3519">
     <span class='ocr_line' id='line_1_78' title="bbox 2132 3445 3731 3519; baseline 0.003 -17"><span class='ocrx_word' id='word_1_538' title='bbox 2132 3453 2257 3502; x_wconf 89' lang='lat' dir='ltr'>sunt</span> <span class='ocrx_word' id='word_1_539' title='bbox 2313 3454 2421 3502; x_wconf 90' lang='lat' dir='ltr'>tres</span> <span class='ocrx_word' id='word_1_540' title='bbox 2476 3445 2860 3504; x_wconf 90' lang='lat' dir='ltr'>delectationes</span> <span class='ocrx_word' id='word_1_541' title='bbox 2915 3464 3033 3519; x_wconf 72' lang='lat' dir='ltr'>qua)</span> <span class='ocrx_word' id='word_1_542' title='bbox 3091 3449 3256 3505; x_wconf 90' lang='lat' dir='ltr'>corda</span> <span class='ocrx_word' id='word_1_543' title='bbox 3312 3450 3591 3506; x_wconf 90' lang='lat' dir='ltr'>hominum</span> <span class='ocrx_word' id='word_1_544' title='bbox 3658 3450 3731 3506; x_wconf 89' lang='lat' dir='ltr'>ad</span> 
     </span>
    </p>
   </div>
   <div class='ocr_carea' id='block_1_79' title="bbox 2133 3535 3733 3609">
    <p class='ocr_par' dir='ltr' id='par_1_79' title="bbox 2133 3535 3733 3609">
     <span class='ocr_line' id='line_1_79' title="bbox 2133 3535 3733 3609; baseline 0.003 -18"><span class='ocrx_word' id='word_1_545' title='bbox 2133 3535 2265 3591; x_wconf 89' lang='lat' dir='ltr'>vitia</span> <span class='ocrx_word' id='word_1_546' title='bbox 2294 3535 2562 3604; x_wconf 91' lang='lat' dir='ltr'>molliunt,</span> <span class='ocrx_word' id='word_1_547' title='bbox 2596 3544 2650 3591; x_wconf 92' lang='lat' dir='ltr'>et</span> <span class='ocrx_word' id='word_1_548' title='bbox 2680 3537 2734 3590; x_wconf 91' lang='lat' dir='ltr'>in</span> <span class='ocrx_word' id='word_1_549' title='bbox 2782 3552 3032 3592; x_wconf 91' lang='lat' dir='ltr'>somnum</span> <span class='ocrx_word' id='word_1_550' title='bbox 3075 3538 3263 3593; x_wconf 90' lang='lat' dir='ltr'>mortis</span> <span class='ocrx_word' id='word_1_551' title='bbox 3316 3538 3534 3594; x_wconf 89' lang='lat' dir='ltr'>ducunt.</span> <span class='ocrx_word' id='word_1_552' title='bbox 3594 3537 3733 3609; x_wconf 65' lang='lat' dir='ltr'>Qua</span> 
     </span>
    </p>
   </div>
   <div class='ocr_carea' id='block_1_80' title="bbox 2133 3625 3733 3696">
    <p class='ocr_par' dir='ltr' id='par_1_80' title="bbox 2133 3625 3733 3696">
     <span class='ocr_line' id='line_1_80' title="bbox 2133 3625 3733 3696; baseline 0.003 -16"><span class='ocrx_word' id='word_1_553' title='bbox 2133 3625 2370 3680; x_wconf 89' lang='lat' dir='ltr'>humana</span> <span class='ocrx_word' id='word_1_554' title='bbox 2397 3640 2532 3682; x_wconf 90' lang='lat' dir='ltr'>voce</span> <span class='ocrx_word' id='word_1_555' title='bbox 2558 3632 2755 3691; x_wconf 88' lang='lat' dir='ltr'>cantat,</span> <span class='ocrx_word' id='word_1_556' title='bbox 2788 3632 2864 3681; x_wconf 87' lang='lat' dir='ltr'>est</span> <span class='ocrx_word' id='word_1_557' title='bbox 2892 3626 3137 3695; x_wconf 88' lang='lat' dir='ltr'>avaritia,</span> <span class='ocrx_word' id='word_1_558' title='bbox 3189 3643 3310 3696; x_wconf 71' lang='lat' dir='ltr'>quae</span> <span class='ocrx_word' id='word_1_559' title='bbox 3354 3627 3464 3682; x_wconf 90' lang='lat' dir='ltr'>suis</span> <span class='ocrx_word' id='word_1_560' title='bbox 3517 3628 3733 3684; x_wconf 80' lang='lat' dir='ltr'>audito-</span> 
     </span>
    </p>
   </div>
   <div class='ocr_carea' id='block_1_81' title="bbox 2134 3712 3731 3789">
    <p class='ocr_par' dir='ltr' id='par_1_81' title="bbox 2134 3712 3731 3789">
     <span class='ocr_line' id='line_1_81' title="bbox 2134 3712 3731 3789; baseline 0.003 -21"><span class='ocrx_word' id='word_1_561' title='bbox 2134 3713 2282 3768; x_wconf 89' lang='lat' dir='ltr'>ribus</span> <span class='ocrx_word' id='word_1_562' title='bbox 2310 3712 2687 3783; x_wconf 84' lang='lat' dir='ltr'>hujuscemodi</span> <span class='ocrx_word' id='word_1_563' title='bbox 2720 3713 3026 3769; x_wconf 91' lang='lat' dir='ltr'>modulatur</span> <span class='ocrx_word' id='word_1_564' title='bbox 3053 3715 3320 3771; x_wconf 89' lang='lat' dir='ltr'>carmina:</span> <span class='ocrx_word' id='word_1_565' title='bbox 3354 3716 3522 3772; x_wconf 85' lang='lat' dir='ltr'>Multa</span> <span class='ocrx_word' id='word_1_566' title='bbox 3559 3732 3731 3789; x_wconf 92' lang='lat' dir='ltr'>opor-</span> 
     </span>
    </p>
   </div>
   <div class='ocr_carea' id='block_1_82' title="bbox 2136 3804 3736 3875">
    <p class='ocr_par' dir='ltr' id='par_1_82' title="bbox 2136 3804 3736 3875">
     <span class='ocr_line' id='line_1_82' title="bbox 2136 3804 3736 3875; baseline 0.003 -18"><span class='ocrx_word' id='word_1_567' title='bbox 2136 3809 2211 3857; x_wconf 91' lang='lat' dir='ltr'>tet</span> <span class='ocrx_word' id='word_1_568' title='bbox 2266 3811 2320 3857; x_wconf 90' lang='lat' dir='ltr'>te</span> <span class='ocrx_word' id='word_1_569' title='bbox 2376 3818 2733 3875; x_wconf 83' lang='lat' dir='ltr'>congregare,</span> <span class='ocrx_word' id='word_1_570' title='bbox 2793 3810 2851 3857; x_wconf 92' lang='lat' dir='ltr'>ut</span> <span class='ocrx_word' id='word_1_571' title='bbox 2896 3804 3164 3875; x_wconf 89' lang='lat' dir='ltr'>possimus</span> <span class='ocrx_word' id='word_1_572' title='bbox 3219 3804 3421 3860; x_wconf 83' lang='lat' dir='ltr'>famam</span> <span class='ocrx_word' id='word_1_573' title='bbox 3496 3806 3736 3862; x_wconf 90' lang='lat' dir='ltr'>nominis</span> 
     </span>
    </p>
   </div>
   <div class='ocr_carea' id='block_1_83' title="bbox 2137 3891 3737 3964">
    <p class='ocr_par' dir='ltr' id='par_1_83' title="bbox 2137 3891 3737 3964">
     <span class='ocr_line' id='line_1_83' title="bbox 2137 3891 3737 3964; baseline 0.003 -17"><span class='ocrx_word' id='word_1_574' title='bbox 2137 3892 2212 3947; x_wconf 92' lang='lat' dir='ltr'>tui</span> <span class='ocrx_word' id='word_1_575' title='bbox 2239 3891 2439 3962; x_wconf 91' lang='lat' dir='ltr'>ubique</span> <span class='ocrx_word' id='word_1_576' title='bbox 2468 3892 2712 3958; x_wconf 87' lang='lat' dir='ltr'>dilatare,</span> <span class='ocrx_word' id='word_1_577' title='bbox 2747 3892 3089 3963; x_wconf 87' lang='lat' dir='ltr'>sepulchrum</span> <span class='ocrx_word' id='word_1_578' title='bbox 3149 3910 3365 3964; x_wconf 89' lang='lat' dir='ltr'>quoque</span> <span class='ocrx_word' id='word_1_579' title='bbox 3406 3895 3621 3951; x_wconf 91' lang='lat' dir='ltr'>Domini</span> <span class='ocrx_word' id='word_1_580' title='bbox 3682 3903 3737 3951; x_wconf 87' lang='lat' dir='ltr'>et</span> 
     </span>
    </p>
   </div>
   <div class='ocr_carea' id='block_1_84' title="bbox 2138 3980 3737 4057">
    <p class='ocr_par' dir='ltr' id='par_1_84' title="bbox 2138 3980 3737 4057">
     <span class='ocr_line' id='line_1_84' title="bbox 2138 3980 3737 4057; baseline 0.002 -20"><span class='ocrx_word' id='word_1_581' title='bbox 2138 3981 2245 4037; x_wconf 87' lang='lat' dir='ltr'>alia</span> <span class='ocrx_word' id='word_1_582' title='bbox 2309 3980 2427 4036; x_wconf 92' lang='lat' dir='ltr'>loca</span> <span class='ocrx_word' id='word_1_583' title='bbox 2476 3981 2722 4049; x_wconf 87' lang='lat' dir='ltr'>lustrare,</span> <span class='ocrx_word' id='word_1_584' title='bbox 2782 3981 3038 4037; x_wconf 88' lang='lat' dir='ltr'>ecclesias</span> <span class='ocrx_word' id='word_1_585' title='bbox 3090 3990 3409 4053; x_wconf 89' lang='lat' dir='ltr'>restaurare,</span> <span class='ocrx_word' id='word_1_586' title='bbox 3464 4000 3737 4057; x_wconf 87' lang='lat' dir='ltr'>pauperes</span> 
     </span>
    </p>
   </div>
   <div class='ocr_carea' id='block_1_85' title="bbox 2137 4068 3736 4145">
    <p class='ocr_par' dir='ltr' id='par_1_85' title="bbox 2137 4068 3736 4145">
     <span class='ocr_line' id='line_1_85' title="bbox 2137 4068 3736 4145; baseline 0.003 -19"><span class='ocrx_word' id='word_1_587' title='bbox 2137 4068 2569 4142; x_wconf 83' lang='lat' dir='ltr'>consanguineos</span> <span class='ocrx_word' id='word_1_588' title='bbox 2594 4077 2713 4125; x_wconf 91' lang='lat' dir='ltr'>tuos</span> <span class='ocrx_word' id='word_1_589' title='bbox 2756 4070 3036 4140; x_wconf 87' lang='lat' dir='ltr'>adjuvare.</span> <span class='ocrx_word' id='word_1_590' title='bbox 3094 4071 3209 4127; x_wconf 86' lang='lat' dir='ltr'>Tali</span> <span class='ocrx_word' id='word_1_591' title='bbox 3261 4072 3515 4145; x_wconf 83' lang='lat' dir='ltr'>pestifero</span> <span class='ocrx_word' id='word_1_592' title='bbox 3571 4083 3736 4131; x_wconf 85' lang='lat' dir='ltr'>cantu</span> 
     </span>
    </p>
   </div>
   <div class='ocr_carea' id='block_1_86' title="bbox 2138 4157 3738 4235">
    <p class='ocr_par' dir='ltr' id='par_1_86' title="bbox 2138 4157 3738 4235">
     <span class='ocr_line' id='line_1_86' title="bbox 2138 4157 3738 4235; baseline 0.003 -21"><span class='ocrx_word' id='word_1_593' title='bbox 2138 4174 2233 4214; x_wconf 91' lang='lat' dir='ltr'>cor</span> <span class='ocrx_word' id='word_1_594' title='bbox 2255 4158 2404 4214; x_wconf 89' lang='lat' dir='ltr'>avari</span> <span class='ocrx_word' id='word_1_595' title='bbox 2433 4157 2707 4214; x_wconf 90' lang='lat' dir='ltr'>demulcet</span> <span class='ocrx_word' id='word_1_596' title='bbox 2763 4175 2932 4229; x_wconf 88' lang='lat' dir='ltr'>usque</span> <span class='ocrx_word' id='word_1_597' title='bbox 2970 4159 3100 4215; x_wconf 91' lang='lat' dir='ltr'>dum</span> <span class='ocrx_word' id='word_1_598' title='bbox 3126 4175 3280 4233; x_wconf 37' lang='lat' dir='ltr'>‘eum</span> <span class='ocrx_word' id='word_1_599' title='bbox 3335 4177 3499 4233; x_wconf 85' lang='lat' dir='ltr'>sopor</span> <span class='ocrx_word' id='word_1_600' title='bbox 3550 4163 3738 4235; x_wconf 86' lang='lat' dir='ltr'>oppri-</span> 
     </span>
    </p>
   </div>
   <div class='ocr_carea' id='block_1_87' title="bbox 2139 4248 3737 4319">
    <p class='ocr_par' dir='ltr' id='par_1_87' title="bbox 2139 4248 3737 4319">
     <span class='ocr_line' id='line_1_87' title="bbox 2139 4248 3737 4319; baseline 0.003 -17"><span class='ocrx_word' id='word_1_601' title='bbox 2139 4254 2266 4315; x_wconf 89' lang='lat' dir='ltr'>met,</span> <span class='ocrx_word' id='word_1_602' title='bbox 2300 4254 2353 4302; x_wconf 91' lang='lat' dir='ltr'>et</span> <span class='ocrx_word' id='word_1_603' title='bbox 2381 4255 2507 4303; x_wconf 94' lang='lat' dir='ltr'>tunc</span> <span class='ocrx_word' id='word_1_604' title='bbox 2552 4262 2771 4303; x_wconf 87' lang='lat' dir='ltr'>carnem</span> <span class='ocrx_word' id='word_1_605' title='bbox 2827 4248 2945 4318; x_wconf 91' lang='lat' dir='ltr'>ejus</span> <span class='ocrx_word' id='word_1_606' title='bbox 2999 4248 3243 4319; x_wconf 87' lang='lat' dir='ltr'>lacerat;</span> <span class='ocrx_word' id='word_1_607' title='bbox 3302 4250 3487 4305; x_wconf 89' lang='lat' dir='ltr'>navim</span> <span class='ocrx_word' id='word_1_608' title='bbox 3540 4250 3737 4307; x_wconf 83' lang='lat' dir='ltr'>ﬂuctus</span> 
     </span>
    </p>
   </div>
   <div class='ocr_carea' id='block_1_88' title="bbox 2138 4335 3738 4406">
    <p class='ocr_par' dir='ltr' id='par_1_88' title="bbox 2138 4335 3738 4406">
     <span class='ocr_line' id='line_1_88' title="bbox 2138 4335 3738 4406; baseline 0.003 -15"><span class='ocrx_word' id='word_1_609' title='bbox 2138 4335 2382 4403; x_wconf 89' lang='lat' dir='ltr'>devorat,</span> <span class='ocrx_word' id='word_1_610' title='bbox 2414 4336 2542 4406; x_wconf 89' lang='lat' dir='ltr'>quia</span> <span class='ocrx_word' id='word_1_611' title='bbox 2570 4336 2658 4392; x_wconf 91' lang='lat' dir='ltr'>hic</span> <span class='ocrx_word' id='word_1_612' title='bbox 2684 4336 2850 4392; x_wconf 89' lang='lat' dir='ltr'>miser</span> <span class='ocrx_word' id='word_1_613' title='bbox 2877 4337 3140 4394; x_wconf 90' lang='lat' dir='ltr'>violenter</span> <span class='ocrx_word' id='word_1_614' title='bbox 3182 4338 3460 4395; x_wconf 91' lang='lat' dir='ltr'>doloribus</span> <span class='ocrx_word' id='word_1_615' title='bbox 3515 4355 3549 4395; x_wconf 90' lang='lat' dir='ltr'>a</span> <span class='ocrx_word' id='word_1_616' title='bbox 3592 4339 3738 4396; x_wconf 83' lang='lat' dir='ltr'>vitiis</span> 
     </span>
    </p>
   </div>
   <div class='ocr_carea' id='block_1_89' title="bbox 2142 4424 3738 4501">
    <p class='ocr_par' dir='ltr' id='par_1_89' title="bbox 2142 4424 3738 4501">
     <span class='ocr_line' id='line_1_89' title="bbox 2142 4424 3738 4501; baseline 0.003 -21"><span class='ocrx_word' id='word_1_617' title='bbox 2142 4424 2252 4480; x_wconf 91' lang='lat' dir='ltr'>suis</span> <span class='ocrx_word' id='word_1_618' title='bbox 2279 4425 2544 4493; x_wconf 89' lang='lat' dir='ltr'>avellitur,</span> <span class='ocrx_word' id='word_1_619' title='bbox 2576 4432 2631 4480; x_wconf 91' lang='lat' dir='ltr'>et</span> <span class='ocrx_word' id='word_1_620' title='bbox 2657 4432 2874 4482; x_wconf 57' lang='lat' dir='ltr'>interna</span> <span class='ocrx_word' id='word_1_621' title='bbox 2900 4425 3135 4482; x_wconf 65' lang='lat' dir='ltr'>ﬂammae</span> <span class='ocrx_word' id='word_1_622' title='bbox 3178 4427 3543 4501; x_wconf 87' lang='lat' dir='ltr'>immergitur.</span> <span class='ocrx_word' id='word_1_623' title='bbox 3600 4427 3738 4498; x_wconf 73' lang='lat' dir='ltr'>Qua:</span> 
     </span>
    </p>
   </div>
   <div class='ocr_carea' id='block_1_90' title="bbox 441 4477 3740 4586">
    <p class='ocr_par' dir='ltr' id='par_1_90' title="bbox 441 4477 3740 4586">
     <span class='ocr_line' id='line_1_90' title="bbox 441 4477 3740 4586; baseline 0.001 -36"><span class='ocrx_word' id='word_1_624' title='bbox 441 4477 545 4550; x_wconf 81' lang='lat' dir='ltr'>dus</span> <span class='ocrx_word' id='word_1_625' title='bbox 571 4490 787 4550; x_wconf 85' lang='lat' dir='ltr'>extendi</span> <span class='ocrx_word' id='word_1_626' title='bbox 813 4489 1065 4586; x_wconf 79' lang='lat' dir='ltr'>creditur.</span> <span class='ocrx_word' id='word_1_627' title='bbox 1100 4490 1269 4563; x_wconf 87' lang='lat' dir='ltr'>Igitur</span> <span class='ocrx_word' id='word_1_628' title='bbox 1296 4491 1338 4545; x_wconf 91' lang='lat' dir='ltr'>si</span> <span class='ocrx_word' id='word_1_629' title='bbox 1368 4499 1572 4586; x_wconf 62' lang='lat' dir='ltr'>septeni</span> <span class='ocrx_word' id='word_1_630' title='bbox 1609 4492 1797 4586; x_wconf 76' lang='lat' dir='ltr'>millia</span> <span class='ocrx_word' id='word_1_631' title='bbox 1852 4510 2028 4550; x_wconf 90' lang='lat' dir='ltr'>anno-</span> <span class='ocrx_word' id='word_1_632' title='bbox 2058 4477 2111 4539; x_wconf 84' lang='lat' dir='ltr'>D</span> 
     </span>
    </p>
   </div>
   <div class='ocr_carea' id='block_1_91' title="bbox 440 4579 2029 4654">
    <p class='ocr_par' dir='ltr' id='par_1_91' title="bbox 440 4579 2029 4654">
     <span class='ocr_line' id='line_1_91' title="bbox 440 4579 2029 4654; baseline -0.003 -13"><span class='ocrx_word' id='word_1_633' title='bbox 440 4599 559 4641; x_wconf 91' lang='lat' dir='ltr'>rum</span> <span class='ocrx_word' id='word_1_634' title='bbox 590 4582 646 4636; x_wconf 91' lang='lat' dir='ltr'>in</span> <span class='ocrx_word' id='word_1_635' title='bbox 673 4579 978 4654; x_wconf 83' lang='lat' dir='ltr'>septuagies</span> <span class='ocrx_word' id='word_1_636' title='bbox 1005 4586 1259 4635; x_wconf 90' lang='lat' dir='ltr'>centenos</span> <span class='ocrx_word' id='word_1_637' title='bbox 1288 4594 1458 4635; x_wconf 90' lang='lat' dir='ltr'>annos</span> <span class='ocrx_word' id='word_1_638' title='bbox 1512 4579 1776 4650; x_wconf 86' lang='lat' dir='ltr'>diviseris,</span> <span class='ocrx_word' id='word_1_639' title='bbox 1826 4589 1879 4636; x_wconf 91' lang='lat' dir='ltr'>et</span> <span class='ocrx_word' id='word_1_640' title='bbox 1926 4598 2029 4638; x_wconf 90' lang='lat' dir='ltr'>an-</span> 
     </span>
    </p>
   </div>
   <div class='ocr_carea' id='block_1_92' title="bbox 443 4675 2032 4746">
    <p class='ocr_par' dir='ltr' id='par_1_92' title="bbox 443 4675 2032 4746">
     <span class='ocr_line' id='line_1_92' title="bbox 443 4675 2032 4746; baseline -0.003 -8"><span class='ocrx_word' id='word_1_641' title='bbox 443 4697 573 4738; x_wconf 89' lang='lat' dir='ltr'>num</span> <span class='ocrx_word' id='word_1_642' title='bbox 604 4678 669 4735; x_wconf 90' lang='lat' dir='ltr'>de</span> <span class='ocrx_word' id='word_1_643' title='bbox 701 4685 915 4734; x_wconf 91' lang='lat' dir='ltr'>centum</span> <span class='ocrx_word' id='word_1_644' title='bbox 947 4676 1102 4731; x_wconf 84' lang='lat' dir='ltr'>annis</span> <span class='ocrx_word' id='word_1_645' title='bbox 1132 4675 1283 4746; x_wconf 90' lang='lat' dir='ltr'>quasi</span> <span class='ocrx_word' id='word_1_646' title='bbox 1312 4676 1577 4732; x_wconf 89' lang='lat' dir='ltr'>decimam</span> <span class='ocrx_word' id='word_1_647' title='bbox 1636 4677 1865 4745; x_wconf 90' lang='lat' dir='ltr'>dederis,</span> <span class='ocrx_word' id='word_1_648' title='bbox 1922 4694 2032 4733; x_wconf 80' lang='lat' dir='ltr'>Lxx</span> 
     </span>
    </p>
   </div>
   <div class='ocr_carea' id='block_1_93' title="bbox 441 4764 2030 4839">
    <p class='ocr_par' dir='ltr' id='par_1_93' title="bbox 441 4764 2030 4839">
     <span class='ocr_line' id='line_1_93' title="bbox 441 4764 2030 4839; baseline -0.003 -12"><span class='ocrx_word' id='word_1_649' title='bbox 441 4785 613 4828; x_wconf 81' lang='lat' dir='ltr'>annos</span> <span class='ocrx_word' id='word_1_650' title='bbox 640 4766 886 4823; x_wconf 90' lang='lat' dir='ltr'>habebis.</span> <span class='ocrx_word' id='word_1_651' title='bbox 920 4766 1083 4821; x_wconf 90' lang='lat' dir='ltr'>Porro</span> <span class='ocrx_word' id='word_1_652' title='bbox 1114 4764 1157 4819; x_wconf 92' lang='lat' dir='ltr'>si</span> <span class='ocrx_word' id='word_1_653' title='bbox 1188 4764 1255 4820; x_wconf 88' lang='lat' dir='ltr'>de</span> <span class='ocrx_word' id='word_1_654' title='bbox 1293 4766 1632 4839; x_wconf 88' lang='lat' dir='ltr'>septuaginta</span> <span class='ocrx_word' id='word_1_655' title='bbox 1678 4767 1831 4822; x_wconf 90' lang='lat' dir='ltr'>anuis</span> <span class='ocrx_word' id='word_1_656' title='bbox 1886 4767 2030 4823; x_wconf 90' lang='lat' dir='ltr'>diem</span> 
     </span>
    </p>
   </div>
   <div class='ocr_carea' id='block_1_94' title="bbox 437 4852 2032 4932">
    <p class='ocr_par' dir='ltr' id='par_1_94' title="bbox 437 4852 2032 4932">
     <span class='ocr_line' id='line_1_94' title="bbox 437 4852 2032 4932; baseline -0.003 -17"><span class='ocrx_word' id='word_1_657' title='bbox 437 4875 538 4932; x_wconf 89' lang='lat' dir='ltr'>pro</span> <span class='ocrx_word' id='word_1_658' title='bbox 566 4874 708 4915; x_wconf 89' lang='lat' dir='ltr'>anno</span> <span class='ocrx_word' id='word_1_659' title='bbox 736 4853 1051 4921; x_wconf 87' lang='lat' dir='ltr'>decimabis,</span> <span class='ocrx_word' id='word_1_660' title='bbox 1084 4868 1192 4908; x_wconf 82' lang='lat' dir='ltr'>Lxx</span> <span class='ocrx_word' id='word_1_661' title='bbox 1219 4852 1335 4909; x_wconf 90' lang='lat' dir='ltr'>dies</span> <span class='ocrx_word' id='word_1_662' title='bbox 1373 4854 1729 4927; x_wconf 90' lang='lat' dir='ltr'>computabis.</span> <span class='ocrx_word' id='word_1_663' title='bbox 1788 4855 1853 4910; x_wconf 88' lang='lat' dir='ltr'>Hi</span> <span class='ocrx_word' id='word_1_664' title='bbox 1910 4864 2032 4911; x_wconf 90' lang='lat' dir='ltr'>sunt</span> 
     </span>
    </p>
   </div>
   <div class='ocr_carea' id='block_1_95' title="bbox 438 4951 2030 5026">
    <p class='ocr_par' dir='ltr' id='par_1_95' title="bbox 438 4951 2030 5026">
     <span class='ocr_line' id='line_1_95' title="bbox 438 4951 2030 5026; baseline -0.004 -11"><span class='ocrx_word' id='word_1_665' title='bbox 438 4957 525 5015; x_wconf 91' lang='lat' dir='ltr'>isti</span> <span class='ocrx_word' id='word_1_666' title='bbox 556 4956 672 5012; x_wconf 91' lang='lat' dir='ltr'>dies</span> <span class='ocrx_word' id='word_1_667' title='bbox 699 4954 893 5026; x_wconf 84' lang='lat' dir='ltr'>quibus</span> <span class='ocrx_word' id='word_1_668' title='bbox 924 4951 1161 5008; x_wconf 84' lang='lat' dir='ltr'>Ecclesia</span> <span class='ocrx_word' id='word_1_669' title='bbox 1189 4951 1294 5007; x_wconf 91' lang='lat' dir='ltr'>alia</span> <span class='ocrx_word' id='word_1_670' title='bbox 1323 4967 1431 5007; x_wconf 91' lang='lat' dir='ltr'>non</span> <span class='ocrx_word' id='word_1_671' title='bbox 1470 4959 1704 5024; x_wconf 90' lang='lat' dir='ltr'>resonat,</span> <span class='ocrx_word' id='word_1_672' title='bbox 1753 4953 1879 5023; x_wconf 88' lang='lat' dir='ltr'>quia</span> <span class='ocrx_word' id='word_1_673' title='bbox 1922 4969 2030 5008; x_wconf 81' lang='lat' dir='ltr'>Lxx</span> 
     </span>
    </p>
   </div>
   <div class='ocr_carea' id='block_1_96' title="bbox 437 5040 2029 5116">
    <p class='ocr_par' dir='ltr' id='par_1_96' title="bbox 437 5040 2029 5116">
     <span class='ocr_line' id='line_1_96' title="bbox 437 5040 2029 5116; baseline -0.004 -13"><span class='ocrx_word' id='word_1_674' title='bbox 437 5063 608 5104; x_wconf 88' lang='lat' dir='ltr'>annos</span> <span class='ocrx_word' id='word_1_675' title='bbox 635 5041 957 5116; x_wconf 88' lang='lat' dir='ltr'>captivitatis</span> <span class='ocrx_word' id='word_1_676' title='bbox 985 5040 1054 5097; x_wconf 88' lang='lat' dir='ltr'>ad</span> <span class='ocrx_word' id='word_1_677' title='bbox 1085 5040 1402 5096; x_wconf 90' lang='lat' dir='ltr'>memoriam</span> <span class='ocrx_word' id='word_1_678' title='bbox 1431 5048 1669 5110; x_wconf 84' lang='lat' dir='ltr'>revocat,</span> <span class='ocrx_word' id='word_1_679' title='bbox 1703 5042 1793 5111; x_wconf 89' lang='lat' dir='ltr'>qui</span> <span class='ocrx_word' id='word_1_680' title='bbox 1821 5049 2029 5112; x_wconf 85' lang='lat' dir='ltr'>septem</span> 
     </span>
    </p>
   </div>
   <div class='ocr_carea' id='block_1_97' title="bbox 436 5129 2017 5204">
    <p class='ocr_par' dir='ltr' id='par_1_97' title="bbox 436 5129 2017 5204">
     <span class='ocr_line' id='line_1_97' title="bbox 436 5129 2017 5204; baseline -0.003 -14"><span class='ocrx_word' id='word_1_681' title='bbox 436 5136 606 5191; x_wconf 91' lang='lat' dir='ltr'>millia</span> <span class='ocrx_word' id='word_1_682' title='bbox 634 5150 900 5189; x_wconf 89' lang='lat' dir='ltr'>annorum</span> <span class='ocrx_word' id='word_1_683' title='bbox 934 5140 1129 5187; x_wconf 62' lang='lat' dir='ltr'>nostra:</span> <span class='ocrx_word' id='word_1_684' title='bbox 1167 5129 1617 5203; x_wconf 87' lang='lat' dir='ltr'>peregrinationis</span> <span class='ocrx_word' id='word_1_685' title='bbox 1660 5130 2017 5204; x_wconf 70' lang='lat' dir='ltr'>praesignant.</span> 
     </span>
    </p>
   </div>
   <div class='ocr_carea' id='block_1_98' title="bbox 436 5227 2028 5299">
    <p class='ocr_par' dir='ltr' id='par_1_98' title="bbox 436 5227 2028 5299">
     <span class='ocr_line' id='line_1_98' title="bbox 436 5227 2028 5299; baseline -0.002 -12"><span class='ocrx_word' id='word_1_686' title='bbox 436 5232 565 5287; x_wconf 87' lang='lat' dir='ltr'>Ideo</span> <span class='ocrx_word' id='word_1_687' title='bbox 596 5231 754 5285; x_wconf 88' lang='lat' dir='ltr'>etiam</span> <span class='ocrx_word' id='word_1_688' title='bbox 789 5246 929 5285; x_wconf 91' lang='lat' dir='ltr'>nunc</span> <span class='ocrx_word' id='word_1_689' title='bbox 958 5228 1094 5283; x_wconf 91' lang='lat' dir='ltr'>liber</span> <span class='ocrx_word' id='word_1_690' title='bbox 1124 5227 1351 5284; x_wconf 90' lang='lat' dir='ltr'>Genesis</span> <span class='ocrx_word' id='word_1_691' title='bbox 1381 5227 1594 5299; x_wconf 87' lang='lat' dir='ltr'>legitur,</span> <span class='ocrx_word' id='word_1_692' title='bbox 1628 5228 1683 5282; x_wconf 92' lang='lat' dir='ltr'>in</span> <span class='ocrx_word' id='word_1_693' title='bbox 1712 5245 1818 5299; x_wconf 91' lang='lat' dir='ltr'>quo</span> <span class='ocrx_word' id='word_1_694' title='bbox 1846 5229 2028 5299; x_wconf 88' lang='lat' dir='ltr'>lapsus</span> 
     </span>
    </p>
   </div>
   <div class='ocr_carea' id='block_1_99' title="bbox 439 5316 2017 5390">
    <p class='ocr_par' dir='ltr' id='par_1_99' title="bbox 439 5316 2017 5390">
     <span class='ocr_line' id='line_1_99' title="bbox 439 5316 2017 5390; baseline -0.003 -13"><span class='ocrx_word' id='word_1_695' title='bbox 439 5319 674 5377; x_wconf 89' lang='lat' dir='ltr'>hominis</span> <span class='ocrx_word' id='word_1_696' title='bbox 702 5319 768 5374; x_wconf 90' lang='lat' dir='ltr'>de</span> <span class='ocrx_word' id='word_1_697' title='bbox 797 5317 1044 5390; x_wconf 87' lang='lat' dir='ltr'>paradiso</span> <span class='ocrx_word' id='word_1_698' title='bbox 1076 5316 1128 5371; x_wconf 91' lang='lat' dir='ltr'>in</span> <span class='ocrx_word' id='word_1_699' title='bbox 1158 5318 1302 5372; x_wconf 88' lang='lat' dir='ltr'>hunc</span> <span class='ocrx_word' id='word_1_700' title='bbox 1357 5316 1616 5371; x_wconf 87' lang='lat' dir='ltr'>mundum</span> <span class='ocrx_word' id='word_1_701' title='bbox 1674 5316 2017 5373; x_wconf 87' lang='lat' dir='ltr'>describitur.</span> 
     </span>
    </p>
   </div>
   <div class='ocr_carea' id='block_1_100' title="bbox 434 5404 2023 5479">
    <p class='ocr_par' dir='ltr' id='par_1_100' title="bbox 434 5404 2023 5479">
     <span class='ocr_line' id='line_1_100' title="bbox 434 5404 2023 5479; baseline -0.002 -15"><span class='ocrx_word' id='word_1_702' title='bbox 434 5408 581 5465; x_wconf 83' lang='lat' dir='ltr'>Istud</span> <span class='ocrx_word' id='word_1_703' title='bbox 607 5416 815 5479; x_wconf 88' lang='lat' dir='ltr'>tempus</span> <span class='ocrx_word' id='word_1_704' title='bbox 843 5406 1036 5463; x_wconf 91' lang='lat' dir='ltr'>dicitur</span> <span class='ocrx_word' id='word_1_705' title='bbox 1063 5404 1494 5478; x_wconf 88' lang='lat' dir='ltr'>Septuagesima,</span> <span class='ocrx_word' id='word_1_706' title='bbox 1525 5406 1652 5476; x_wconf 90' lang='lat' dir='ltr'>quia</span> <span class='ocrx_word' id='word_1_707' title='bbox 1697 5405 1766 5461; x_wconf 92' lang='lat' dir='ltr'>ab</span> <span class='ocrx_word' id='word_1_708' title='bbox 1812 5407 2023 5462; x_wconf 84' lang='lat' dir='ltr'>hodier-</span> 
     </span>
    </p>
   </div>
   <div class='ocr_carea' id='block_1_101' title="bbox 435 5502 2026 5574">
    <p class='ocr_par' dir='ltr' id='par_1_101' title="bbox 435 5502 2026 5574">
     <span class='ocr_line' id='line_1_101' title="bbox 435 5502 2026 5574; baseline -0.003 -11"><span class='ocrx_word' id='word_1_709' title='bbox 435 5523 506 5563; x_wconf 87' lang='lat' dir='ltr'>na</span> <span class='ocrx_word' id='word_1_710' title='bbox 533 5505 621 5560; x_wconf 91' lang='lat' dir='ltr'>die</span> <span class='ocrx_word' id='word_1_711' title='bbox 651 5520 818 5574; x_wconf 91' lang='lat' dir='ltr'>usque</span> <span class='ocrx_word' id='word_1_712' title='bbox 849 5503 904 5557; x_wconf 90' lang='lat' dir='ltr'>iu</span> <span class='ocrx_word' id='word_1_713' title='bbox 932 5502 1224 5558; x_wconf 89' lang='lat' dir='ltr'>secundum</span> <span class='ocrx_word' id='word_1_714' title='bbox 1286 5504 1501 5558; x_wconf 68' lang='lat' dir='ltr'>Paschaa</span> <span class='ocrx_word' id='word_1_715' title='bbox 1556 5502 1852 5558; x_wconf 86' lang='lat' dir='ltr'>Sabbatum</span> <span class='ocrx_word' id='word_1_716' title='bbox 1903 5512 2026 5559; x_wconf 88' lang='lat' dir='ltr'>sunt</span> 
     </span>
    </p>
   </div>
   <div class='ocr_carea' id='block_1_102' title="bbox 432 5590 2023 5663">
    <p class='ocr_par' dir='ltr' id='par_1_102' title="bbox 432 5590 2023 5663">
     <span class='ocr_line' id='line_1_102' title="bbox 432 5590 2023 5663; baseline -0.003 -12"><span class='ocrx_word' id='word_1_717' title='bbox 432 5594 549 5651; x_wconf 89' lang='lat' dir='ltr'>dies</span> <span class='ocrx_word' id='word_1_718' title='bbox 580 5610 706 5659; x_wconf 83' lang='lat' dir='ltr'>Lxx,</span> <span class='ocrx_word' id='word_1_719' title='bbox 740 5591 955 5663; x_wconf 90' lang='lat' dir='ltr'>quando</span> <span class='ocrx_word' id='word_1_720' title='bbox 1005 5590 1111 5644; x_wconf 90' lang='lat' dir='ltr'>duo</span> <span class='ocrx_word' id='word_1_721' title='bbox 1168 5597 1447 5645; x_wconf 89' lang='lat' dir='ltr'>cantantur</span> <span class='ocrx_word' id='word_1_722' title='bbox 1499 5590 1731 5648; x_wconf 91' lang='lat' dir='ltr'>alleluia.</span> <span class='ocrx_word' id='word_1_723' title='bbox 1790 5592 2023 5663; x_wconf 88' lang='lat' dir='ltr'>P0pulus</span> 
     </span>
    </p>
   </div>
   <div class='ocr_carea' id='block_1_103' title="bbox 431 5678 2022 5751">
    <p class='ocr_par' dir='ltr' id='par_1_103' title="bbox 431 5678 2022 5751">
     <span class='ocr_line' id='line_1_103' title="bbox 431 5678 2022 5751; baseline -0.003 -10"><span class='ocrx_word' id='word_1_724' title='bbox 431 5683 501 5742; x_wconf 82' lang='lat' dir='ltr'>ad</span> <span class='ocrx_word' id='word_1_725' title='bbox 531 5681 864 5739; x_wconf 87' lang='lat' dir='ltr'>Hierusalem</span> <span class='ocrx_word' id='word_1_726' title='bbox 893 5695 1138 5734; x_wconf 89' lang='lat' dir='ltr'>reversus</span> <span class='ocrx_word' id='word_1_727' title='bbox 1162 5694 1284 5733; x_wconf 91' lang='lat' dir='ltr'>cum</span> <span class='ocrx_word' id='word_1_728' title='bbox 1345 5678 1549 5751; x_wconf 88' lang='lat' dir='ltr'>gaudio</span> <span class='ocrx_word' id='word_1_729' title='bbox 1605 5680 1851 5749; x_wconf 80' lang='lat' dir='ltr'>exsultat,</span> <span class='ocrx_word' id='word_1_730' title='bbox 1897 5681 2022 5751; x_wconf 90' lang='lat' dir='ltr'>quia</span> 
     </span>
    </p>
   </div>
   <div class='ocr_carea' id='block_1_104' title="bbox 433 5766 2011 5842">
    <p class='ocr_par' dir='ltr' id='par_1_104' title="bbox 433 5766 2011 5842">
     <span class='ocr_line' id='line_1_104' title="bbox 433 5766 2011 5842; baseline -0.003 -10"><span class='ocrx_word' id='word_1_731' title='bbox 433 5772 675 5832; x_wconf 79' lang='lat' dir='ltr'>ﬁdelium</span> <span class='ocrx_word' id='word_1_732' title='bbox 702 5769 899 5829; x_wconf 66' lang='lat' dir='ltr'>animae</span> <span class='ocrx_word' id='word_1_733' title='bbox 936 5784 1077 5825; x_wconf 91' lang='lat' dir='ltr'>nunc</span> <span class='ocrx_word' id='word_1_734' title='bbox 1130 5766 1388 5842; x_wconf 77' lang='lat' dir='ltr'>gaudium</span> <span class='ocrx_word' id='word_1_735' title='bbox 1446 5766 1663 5823; x_wconf 88' lang='lat' dir='ltr'>Domini</span> <span class='ocrx_word' id='word_1_736' title='bbox 1713 5768 2011 5827; x_wconf 89' lang='lat' dir='ltr'>intrabunt.</span> 
     </span>
    </p>
   </div>
   <div class='ocr_carea' id='block_1_105' title="bbox 2140 4602 3735 4676">
    <p class='ocr_par' dir='ltr' id='par_1_105' title="bbox 2140 4602 3735 4676">
     <span class='ocr_line' id='line_1_105' title="bbox 2140 4602 3735 4676; baseline 0.003 -19"><span class='ocrx_word' id='word_1_737' title='bbox 2140 4602 2290 4657; x_wconf 91' lang='lat' dir='ltr'>tica:</span> <span class='ocrx_word' id='word_1_738' title='bbox 2347 4602 2569 4658; x_wconf 76' lang='lat' dir='ltr'>Iuvenis</span> <span class='ocrx_word' id='word_1_739' title='bbox 2625 4618 2683 4657; x_wconf 90' lang='lat' dir='ltr'>es</span> <span class='ocrx_word' id='word_1_740' title='bbox 2737 4609 2792 4658; x_wconf 93' lang='lat' dir='ltr'>et</span> <span class='ocrx_word' id='word_1_741' title='bbox 2845 4603 3022 4668; x_wconf 90' lang='lat' dir='ltr'>nobis,</span> <span class='ocrx_word' id='word_1_742' title='bbox 3080 4602 3247 4660; x_wconf 89' lang='lat' dir='ltr'>debes</span> <span class='ocrx_word' id='word_1_743' title='bbox 3306 4612 3356 4660; x_wconf 90' lang='lat' dir='ltr'>te</span> <span class='ocrx_word' id='word_1_744' title='bbox 3413 4606 3735 4676; x_wconf 57' lang='lat' dir='ltr'>praeclarum</span> 
     </span>
    </p>
   </div>
   <div class='ocr_carea' id='block_1_106' title="bbox 2139 4690 3736 4750">
    <p class='ocr_par' dir='ltr' id='par_1_106' title="bbox 2139 4690 3736 4750">
     <span class='ocr_line' id='line_1_106' title="bbox 2139 4690 3736 4750; baseline 0.003 -4"><span class='ocrx_word' id='word_1_745' title='bbox 2139 4690 2395 4746; x_wconf 81' lang='lat' dir='ltr'>exhibere</span> <span class='ocrx_word' id='word_1_746' title='bbox 2421 4690 2702 4746; x_wconf 89' lang='lat' dir='ltr'>universis.</span> <span class='ocrx_word' id='word_1_747' title='bbox 2758 4691 2905 4747; x_wconf 91' lang='lat' dir='ltr'>Nulli</span> <span class='ocrx_word' id='word_1_748' title='bbox 2976 4690 3317 4748; x_wconf 90' lang='lat' dir='ltr'>inimicorum</span> <span class='ocrx_word' id='word_1_749' title='bbox 3381 4700 3591 4750; x_wconf 90' lang='lat' dir='ltr'>tuorum</span> <span class='ocrx_word' id='word_1_750' title='bbox 3642 4694 3736 4750; x_wconf 89' lang='lat' dir='ltr'>de-</span> 
     </span>
    </p>
   </div>
   <div class='ocr_carea' id='block_1_107' title="bbox 2138 4778 3738 4854">
    <p class='ocr_par' dir='ltr' id='par_1_107' title="bbox 2138 4778 3738 4854">
     <span class='ocr_line' id='line_1_107' title="bbox 2138 4778 3738 4854; baseline 0.004 -21"><span class='ocrx_word' id='word_1_751' title='bbox 2138 4778 2234 4834; x_wconf 91' lang='lat' dir='ltr'>bes</span> <span class='ocrx_word' id='word_1_752' title='bbox 2263 4794 2504 4850; x_wconf 89' lang='lat' dir='ltr'>parcere,</span> <span class='ocrx_word' id='word_1_753' title='bbox 2528 4778 2623 4834; x_wconf 88' lang='lat' dir='ltr'>sed</span> <span class='ocrx_word' id='word_1_754' title='bbox 2651 4794 2841 4836; x_wconf 90' lang='lat' dir='ltr'>omnes</span> <span class='ocrx_word' id='word_1_755' title='bbox 2895 4779 3089 4850; x_wconf 88' lang='lat' dir='ltr'>quibus</span> <span class='ocrx_word' id='word_1_756' title='bbox 3142 4782 3439 4850; x_wconf 73' lang='lat' dir='ltr'>pmvalere</span> <span class='ocrx_word' id='word_1_757' title='bbox 3495 4784 3738 4854; x_wconf 89' lang='lat' dir='ltr'>potueris</span> 
     </span>
    </p>
   </div>
   <div class='ocr_carea' id='block_1_108' title="bbox 2137 4867 3731 4936">
    <p class='ocr_par' dir='ltr' id='par_1_108' title="bbox 2137 4867 3731 4936">
     <span class='ocr_line' id='line_1_108' title="bbox 2137 4867 3731 4936; baseline 0.003 -13"><span class='ocrx_word' id='word_1_758' title='bbox 2137 4867 2403 4936; x_wconf 88' lang='lat' dir='ltr'>occidere,</span> <span class='ocrx_word' id='word_1_759' title='bbox 2463 4875 2588 4923; x_wconf 93' lang='lat' dir='ltr'>tunc</span> <span class='ocrx_word' id='word_1_760' title='bbox 2640 4868 2824 4923; x_wconf 89' lang='lat' dir='ltr'>dicunt</span> <span class='ocrx_word' id='word_1_761' title='bbox 2877 4871 2930 4923; x_wconf 91' lang='lat' dir='ltr'>te</span> <span class='ocrx_word' id='word_1_762' title='bbox 2996 4868 3201 4923; x_wconf 91' lang='lat' dir='ltr'>bonum</span> <span class='ocrx_word' id='word_1_763' title='bbox 3285 4885 3401 4926; x_wconf 90' lang='lat' dir='ltr'>esse</span> <span class='ocrx_word' id='word_1_764' title='bbox 3481 4870 3731 4927; x_wconf 92' lang='lat' dir='ltr'>militem.</span> 
     </span>
    </p>
   </div>
   <div class='ocr_carea' id='block_1_109' title="bbox 2136 4956 3737 5031">
    <p class='ocr_par' dir='ltr' id='par_1_109' title="bbox 2136 4956 3737 5031">
     <span class='ocr_line' id='line_1_109' title="bbox 2136 4956 3737 5031; baseline 0.003 -21"><span class='ocrx_word' id='word_1_765' title='bbox 2136 4956 2238 5011; x_wconf 77' lang='lat' dir='ltr'>Alii</span> <span class='ocrx_word' id='word_1_766' title='bbox 2266 4957 2413 5012; x_wconf 89' lang='lat' dir='ltr'>canit</span> <span class='ocrx_word' id='word_1_767' title='bbox 2438 4958 2555 5012; x_wconf 68' lang='lat' dir='ltr'>hazc</span> <span class='ocrx_word' id='word_1_768' title='bbox 2586 4975 2598 5012; x_wconf 93' lang='lat'>:</span> <span class='ocrx_word' id='word_1_769' title='bbox 2631 4956 2963 5012; x_wconf 88' lang='lat' dir='ltr'>Hierusalem</span> <span class='ocrx_word' id='word_1_770' title='bbox 3013 4956 3179 5013; x_wconf 89' lang='lat' dir='ltr'>debes</span> <span class='ocrx_word' id='word_1_771' title='bbox 3235 4974 3481 5031; x_wconf 88' lang='lat' dir='ltr'>pergere,</span> <span class='ocrx_word' id='word_1_772' title='bbox 3538 4960 3737 5016; x_wconf 83' lang='lat' dir='ltr'>multas</span> 
     </span>
    </p>
   </div>
   <div class='ocr_carea' id='block_1_110' title="bbox 2137 5043 3736 5117">
    <p class='ocr_par' dir='ltr' id='par_1_110' title="bbox 2137 5043 3736 5117">
     <span class='ocr_line' id='line_1_110' title="bbox 2137 5043 3736 5117; baseline 0.002 -16"><span class='ocrx_word' id='word_1_773' title='bbox 2137 5046 2505 5117; x_wconf 59' lang='lat' dir='ltr'>eleemosynas</span> <span class='ocrx_word' id='word_1_774' title='bbox 2537 5044 2787 5113; x_wconf 89' lang='lat' dir='ltr'>tribuere,</span> <span class='ocrx_word' id='word_1_775' title='bbox 2822 5053 2945 5101; x_wconf 88' lang='lat' dir='ltr'>tunc</span> <span class='ocrx_word' id='word_1_776' title='bbox 2974 5043 3071 5101; x_wconf 84' lang='lat' dir='ltr'>fies</span> <span class='ocrx_word' id='word_1_777' title='bbox 3098 5044 3357 5114; x_wconf 77' lang='lat' dir='ltr'>famosus,</span> <span class='ocrx_word' id='word_1_778' title='bbox 3391 5055 3445 5103; x_wconf 90' lang='lat' dir='ltr'>et</span> <span class='ocrx_word' id='word_1_779' title='bbox 3496 5048 3566 5103; x_wconf 89' lang='lat' dir='ltr'>ab</span> <span class='ocrx_word' id='word_1_780' title='bbox 3617 5064 3736 5104; x_wconf 85' lang='lat' dir='ltr'>om-</span> 
     </span>
    </p>
   </div>
   <div class='ocr_carea' id='block_1_111' title="bbox 2136 5133 3731 5194">
    <p class='ocr_par' dir='ltr' id='par_1_111' title="bbox 2136 5133 3731 5194">
     <span class='ocr_line' id='line_1_111' title="bbox 2136 5133 3731 5194; baseline 0.004 -6"><span class='ocrx_word' id='word_1_781' title='bbox 2136 5135 2294 5189; x_wconf 91' lang='lat' dir='ltr'>nibus</span> <span class='ocrx_word' id='word_1_782' title='bbox 2322 5134 2515 5191; x_wconf 89' lang='lat' dir='ltr'>diceris</span> <span class='ocrx_word' id='word_1_783' title='bbox 2543 5133 2737 5190; x_wconf 89' lang='lat' dir='ltr'>bonus.</span> <span class='ocrx_word' id='word_1_784' title='bbox 2767 5134 3053 5191; x_wconf 90' lang='lat' dir='ltr'>Conversis</span> <span class='ocrx_word' id='word_1_785' title='bbox 3081 5143 3260 5191; x_wconf 90' lang='lat' dir='ltr'>autem</span> <span class='ocrx_word' id='word_1_786' title='bbox 3317 5137 3552 5192; x_wconf 91' lang='lat' dir='ltr'>concinit</span> <span class='ocrx_word' id='word_1_787' title='bbox 3604 5137 3683 5193; x_wconf 93' lang='lat' dir='ltr'>sic</span> <span class='ocrx_word' id='word_1_788' title='bbox 3717 5157 3731 5194; x_wconf 90' lang='lat'><strong>:</strong></span> 
     </span>
    </p>
   </div>
   <div class='ocr_carea' id='block_1_112' title="bbox 2135 5222 3731 5295">
    <p class='ocr_par' dir='ltr' id='par_1_112' title="bbox 2135 5222 3731 5295">
     <span class='ocr_line' id='line_1_112' title="bbox 2135 5222 3731 5295; baseline 0.002 -16"><span class='ocrx_word' id='word_1_789' title='bbox 2135 5223 2293 5293; x_wconf 60' lang='lat' dir='ltr'>Saepe</span> <span class='ocrx_word' id='word_1_790' title='bbox 2322 5222 2489 5278; x_wconf 89' lang='lat' dir='ltr'>debes</span> <span class='ocrx_word' id='word_1_791' title='bbox 2511 5223 2782 5293; x_wconf 88' lang='lat' dir='ltr'>jejunare,</span> <span class='ocrx_word' id='word_1_792' title='bbox 2813 5239 2956 5295; x_wconf 66' lang='lat' dir='ltr'>saepe</span> <span class='ocrx_word' id='word_1_793' title='bbox 2987 5239 3161 5292; x_wconf 87' lang='lat' dir='ltr'>orare,</span> <span class='ocrx_word' id='word_1_794' title='bbox 3193 5225 3303 5280; x_wconf 90' lang='lat' dir='ltr'>alta</span> <span class='ocrx_word' id='word_1_795' title='bbox 3327 5240 3461 5281; x_wconf 88' lang='lat' dir='ltr'>voce</span> <span class='ocrx_word' id='word_1_796' title='bbox 3488 5233 3731 5294; x_wconf 84' lang='lat' dir='ltr'>cantare,</span> 
     </span>
    </p>
   </div>
   <div class='ocr_carea' id='block_1_113' title="bbox 2134 5308 3735 5370">
    <p class='ocr_par' dir='ltr' id='par_1_113' title="bbox 2134 5308 3735 5370">
     <span class='ocr_line' id='line_1_113' title="bbox 2134 5308 3735 5370; baseline 0.003 -5"><span class='ocrx_word' id='word_1_797' title='bbox 2134 5319 2260 5365; x_wconf 92' lang='lat' dir='ltr'>tunc</span> <span class='ocrx_word' id='word_1_798' title='bbox 2288 5308 2473 5365; x_wconf 88' lang='lat' dir='ltr'>audies</span> <span class='ocrx_word' id='word_1_799' title='bbox 2504 5317 2555 5365; x_wconf 92' lang='lat' dir='ltr'>te</span> <span class='ocrx_word' id='word_1_800' title='bbox 2583 5325 2773 5365; x_wconf 91' lang='lat' dir='ltr'>omnes</span> <span class='ocrx_word' id='word_1_801' title='bbox 2792 5326 3028 5366; x_wconf 88' lang='lat' dir='ltr'>consono</span> <span class='ocrx_word' id='word_1_802' title='bbox 3058 5326 3153 5367; x_wconf 90' lang='lat' dir='ltr'>ore</span> <span class='ocrx_word' id='word_1_803' title='bbox 3207 5318 3267 5366; x_wconf 91' lang='lat' dir='ltr'>ut</span> <span class='ocrx_word' id='word_1_804' title='bbox 3320 5320 3563 5369; x_wconf 89' lang='lat' dir='ltr'>sanctum</span> <span class='ocrx_word' id='word_1_805' title='bbox 3618 5314 3735 5370; x_wconf 85' lang='lat' dir='ltr'>lau-</span> 
     </span>
    </p>
   </div>
   <div class='ocr_carea' id='block_1_114' title="bbox 2131 5398 3731 5472">
    <p class='ocr_par' dir='ltr' id='par_1_114' title="bbox 2131 5398 3731 5472">
     <span class='ocr_line' id='line_1_114' title="bbox 2131 5398 3731 5472; baseline 0.004 -19"><span class='ocrx_word' id='word_1_806' title='bbox 2131 5399 2287 5454; x_wconf 88' lang='lat' dir='ltr'>dare.</span> <span class='ocrx_word' id='word_1_807' title='bbox 2326 5398 2515 5454; x_wconf 84' lang='lat' dir='ltr'>Talem</span> <span class='ocrx_word' id='word_1_808' title='bbox 2542 5399 2865 5454; x_wconf 90' lang='lat' dir='ltr'>cantilenam</span> <span class='ocrx_word' id='word_1_809' title='bbox 2897 5414 3037 5455; x_wconf 91' lang='lat' dir='ltr'>vano</span> <span class='ocrx_word' id='word_1_810' title='bbox 3068 5399 3217 5455; x_wconf 88' lang='lat' dir='ltr'>cordi</span> <span class='ocrx_word' id='word_1_811' title='bbox 3270 5399 3502 5470; x_wconf 89' lang='lat' dir='ltr'>insonat,</span> <span class='ocrx_word' id='word_1_812' title='bbox 3559 5418 3731 5472; x_wconf 86' lang='lat' dir='ltr'>usque</span> 
     </span>
    </p>
   </div>
   <div class='ocr_carea' id='block_1_115' title="bbox 2131 5495 3731 5571">
    <p class='ocr_par' dir='ltr' id='par_1_115' title="bbox 2131 5495 3731 5571">
     <span class='ocr_line' id='line_1_115' title="bbox 2131 5495 3731 5571; baseline 0.003 -20"><span class='ocrx_word' id='word_1_813' title='bbox 2131 5495 2260 5551; x_wconf 92' lang='lat' dir='ltr'>dum</span> <span class='ocrx_word' id='word_1_814' title='bbox 2289 5496 2545 5552; x_wconf 89' lang='lat' dir='ltr'>miserum</span> <span class='ocrx_word' id='word_1_815' title='bbox 2577 5514 2610 5553; x_wconf 88' lang='lat' dir='ltr'>a</span> <span class='ocrx_word' id='word_1_816' title='bbox 2636 5498 2781 5554; x_wconf 92' lang='lat' dir='ltr'>bono</span> <span class='ocrx_word' id='word_1_817' title='bbox 2812 5513 3034 5553; x_wconf 87' lang='lat' dir='ltr'>vaceum</span> <span class='ocrx_word' id='word_1_818' title='bbox 3064 5513 3273 5571; x_wconf 82' lang='lat' dir='ltr'>vorago</span> <span class='ocrx_word' id='word_1_819' title='bbox 3323 5499 3513 5555; x_wconf 87' lang='lat' dir='ltr'>mortis</span> <span class='ocrx_word' id='word_1_820' title='bbox 3563 5500 3731 5557; x_wconf 88' lang='lat' dir='ltr'>devo-</span> 
     </span>
    </p>
   </div>
   <div class='ocr_carea' id='block_1_116' title="bbox 2129 5584 3730 5659">
    <p class='ocr_par' dir='ltr' id='par_1_116' title="bbox 2129 5584 3730 5659">
     <span class='ocr_line' id='line_1_116' title="bbox 2129 5584 3730 5659; baseline 0.002 -19"><span class='ocrx_word' id='word_1_821' title='bbox 2129 5593 2229 5640; x_wconf 90' lang='lat' dir='ltr'>rat.</span> <span class='ocrx_word' id='word_1_822' title='bbox 2262 5584 2395 5654; x_wconf 66' lang='lat' dir='ltr'>Quaa</span> <span class='ocrx_word' id='word_1_823' title='bbox 2426 5586 2596 5641; x_wconf 90' lang='lat' dir='ltr'>melos</span> <span class='ocrx_word' id='word_1_824' title='bbox 2623 5586 2875 5659; x_wconf 89' lang='lat' dir='ltr'>exprimit</span> <span class='ocrx_word' id='word_1_825' title='bbox 2906 5587 3040 5657; x_wconf 86' lang='lat' dir='ltr'>lyra,</span> <span class='ocrx_word' id='word_1_826' title='bbox 3072 5594 3127 5642; x_wconf 91' lang='lat' dir='ltr'>et</span> <span class='ocrx_word' id='word_1_827' title='bbox 3169 5586 3401 5655; x_wconf 88' lang='lat' dir='ltr'>luxuria,</span> <span class='ocrx_word' id='word_1_828' title='bbox 3451 5605 3571 5659; x_wconf 75' lang='lat' dir='ltr'>qua:</span> <span class='ocrx_word' id='word_1_829' title='bbox 3617 5589 3730 5644; x_wconf 89' lang='lat' dir='ltr'>suis</span> 
     </span>
    </p>
   </div>
   <div class='ocr_carea' id='block_1_117' title="bbox 2127 5683 3728 5755">
    <p class='ocr_par' dir='ltr' id='par_1_117' title="bbox 2127 5683 3728 5755">
     <span class='ocr_line' id='line_1_117' title="bbox 2127 5683 3728 5755; baseline 0.002 -18"><span class='ocrx_word' id='word_1_830' title='bbox 2127 5683 2454 5753; x_wconf 90' lang='lat' dir='ltr'>sequacibus</span> <span class='ocrx_word' id='word_1_831' title='bbox 2485 5683 2612 5740; x_wconf 89' lang='lat' dir='ltr'>talia</span> <span class='ocrx_word' id='word_1_832' title='bbox 2659 5684 2902 5755; x_wconf 63' lang='lat' dir='ltr'>precinit</span> <span class='ocrx_word' id='word_1_833' title='bbox 2938 5684 3310 5741; x_wconf 88' lang='lat' dir='ltr'>modulamina</span> <span class='ocrx_word' id='word_1_834' title='bbox 3340 5701 3352 5738; x_wconf 88' lang='lat'>:</span> <span class='ocrx_word' id='word_1_835' title='bbox 3398 5685 3728 5755; x_wconf 67' lang='lat' dir='ltr'>Adolescens</span> 
     </span>
    </p>
   </div>
   <div class='ocr_carea' id='block_1_118' title="bbox 2127 5773 3722 5849">
    <p class='ocr_par' dir='ltr' id='par_1_118' title="bbox 2127 5773 3722 5849">
     <span class='ocr_line' id='line_1_118' title="bbox 2127 5773 3722 5849; baseline 0.002 -19"><span class='ocrx_word' id='word_1_836' title='bbox 2127 5787 2209 5843; x_wconf 88' lang='lat' dir='ltr'>es,</span> <span class='ocrx_word' id='word_1_837' title='bbox 2235 5773 2441 5847; x_wconf 87' lang='lat' dir='ltr'>poteris</span> <span class='ocrx_word' id='word_1_838' title='bbox 2471 5790 2592 5831; x_wconf 90' lang='lat' dir='ltr'>cum</span> <span class='ocrx_word' id='word_1_839' title='bbox 2623 5773 2951 5846; x_wconf 89' lang='lat' dir='ltr'>quibuslibet</span> <span class='ocrx_word' id='word_1_840' title='bbox 2976 5774 3173 5849; x_wconf 89' lang='lat' dir='ltr'>puellis</span> <span class='ocrx_word' id='word_1_841' title='bbox 3204 5774 3408 5846; x_wconf 88' lang='lat' dir='ltr'>ludere,</span> <span class='ocrx_word' id='word_1_842' title='bbox 3436 5782 3625 5848; x_wconf 85' lang='lat' dir='ltr'>postea</span> <span class='ocrx_word' id='word_1_843' title='bbox 3667 5776 3722 5833; x_wconf 89' lang='lat' dir='ltr'>in</span> 
     </span>
    </p>
   </div>
  </div>
