4062 6074
347 262 450 315 849

1292 261 1877 320 DEFLORATIONES
1916 263 2015 324 SS.
2061 263 2358 319 PATRUM.
2401 295 2469 305 —
2508 263 2634 319 LIB.
2676 264 2725 318 Ι.

3534 263 3642 320 850

349 391 627 440 senectute
658 385 956 457 corrigere.
1013 387 1148 442 Ηωο
1197 387 1401 460 insigni
1441 387 1616 444 forma
1664 389 1932 458 splendet,

2053 405 2199 460 denti
2232 423 2456 462 numero
2485 406 2704 463 dictum.
2730 405 2862 476 Quze
2883 414 3062 463 autem
3087 406 3311 463 intentio
3329 406 3647 462 addentium

350 475 466 529 haec
496 474 706 545 magnis
735 475 930 544 opibus
961 475 1172 546 pollet;
1206 477 1342 531 hanc
1384 476 1427 531 si
1478 478 1752 543 habueris,
1785 495 1936 550 mag-

349 579 479 617 num
510 561 814 633 proficuum
847 565 1223 636 consequeris,
1276 573 1458 620 tamen
1505 567 1742 620 animam
1794 575 1934 620 tuam

351 661 489 715 bene
519 660 736 716 salvare
761 662 985 731 poteris.
1019 663 1133 716 Tali
1166 663 1327 718 modo
1361 665 1637 734 permollit
1659 681 1751 719 cor
1781 665 1939 718 luxu-

353 749 506 814 riosi,
541 765 718 821 usque
749 751 876 804 dum
909 759 1133 822 repente
1176 760 1349 806 morte
1397 761 1713 824 perventum
1745 753 1936 808 absm-

352 837 440 893 bet
473 838 631 893 turbo
679 838 885 910 Cocyti.
921 839 1110 895 Facies
1140 841 1417 895 habebant
1463 842 1771 909 mulierum,
1815 842 1937 914 quia

349 935 425 989 nil
456 935 530 989 ita
559 943 793 990 mentem
848 936 1082 990 hominis
1127 937 1264 992 adeo
1321 937 1541 1005 alienat,
1583 955 1744 1010 quam
1790 955 1942 994 amor

349 1024 665 1081 mulierum.
703 1024 828 1078 Alas
857 1025 1137 1080 habebant
1185 1025 1492 1096 volucrum,
1549 1027 1678 1099 quia
1723 1044 1940 1098 semper

351 1121 430 1169 est
461 1112 711 1168 instabile
759 1112 1094 1169 desiderium
1140 1115 1568 1172 mundanorum.
1623 1118 1764 1172 Nam
1795 1132 1938 1173 nunc

348 1210 474 1276 hoc,
508 1209 595 1265 vel
625 1218 726 1266 hoc
756 1215 1050 1282 appetunt;
1085 1228 1226 1267 nunc
1259 1228 1392 1268 vero
1413 1212 1545 1268 illud
1577 1222 1628 1268 et
1649 1213 1779 1268 illud
1811 1228 1941 1268 con-

347 1299 654 1370 cupiscunt.
694 1301 918 1372 Ungues
948 1300 1112 1355 etiam
1155 1301 1428 1356 habebant
1476 1303 1778 1371 volucrum,
1813 1303 1939 1374 quia

345 1414 482 1471 quos
512 1398 578 1452 ad
638 1407 858 1469 peccata
913 1401 1253 1470 pertrahunt,
1299 1399 1582 1454 doloribus
1639 1401 1940 1455 lacerantes

348 1487 416 1542 ad
447 1486 647 1542 inferni
677 1487 960 1543 cruciatus
989 1489 1304 1543 detrahunt.
1364 1490 1584 1560 Ulysses
1628 1490 1822 1545 dicitur
1853 1505 1941 1543 sa-

347 1576 529 1646 piens.
571 1576 668 1631 liic
699 1576 904 1630 illaesus
955 1577 1394 1648 praeternavigat,
1438 1577 1561 1649 quia
1606 1578 1938 1633 Christianus

349 1673 580 1745 populus
614 1691 735 1729 vere
767 1674 986 1744 sapiens
1017 1675 1070 1729 in
1115 1675 1242 1729 navi
1289 1675 1550 1730 Ecclesia:
1593 1691 1746 1730 mare
1779 1675 1939 1745 hujus

347 1762 532 1818 saeculi
582 1771 920 1834 supernatat.
979 1764 1164 1818 Timor
1203 1764 1416 1818 Domini
1461 1781 1521 1818 se
1564 1765 1634 1819 ad
1684 1765 1934 1819 arborem
1969 1745 2020 1804 Β

348 1852 526 1917 navis,
557 1852 609 1906 id
640 1861 721 1906 est
752 1853 819 1906 ad
849 1867 1068 1908 crucem
1092 1852 1308 1918 Christi,
1333 1852 1486 1924 ligat,
1513 1853 1676 1908 sociis
1703 1869 1852 1919 cera,
1886 1855 1940 1909 id

347 1960 431 2004 est
459 1950 834 2005 incarnatione
853 1951 1048 2006 Christi
1070 1951 1310 2005 auditum
1334 1951 1628 2021 obsigillat,
1653 1960 1708 2006 ut
1739 1968 1770 2006 a
1800 1953 1943 2007 vitiis

349 2047 400 2094 et
432 2039 889 2109 concupiscentiis
920 2056 1016 2094 cor
1044 2048 1288 2094 avertant
1335 2044 1388 2094 et
1430 2040 1547 2094 sola
1579 2040 1821 2095 cmlestia
1852 2058 1942 2112 ap-

347 2136 555 2199 petant.
595 2129 816 2182 Sirenes
840 2129 1285 2200 submerguntur,
1321 2129 1451 2199 quia
1481 2129 1941 2198 concupiscentiae

347 2214 418 2269 ab
447 2213 568 2282 ejus
598 2213 787 2284 vigore
817 2213 1037 2283 spiritus
1058 2213 1429 2284 praemunitum
1487 2213 1596 2283 lpsi
1627 2214 1779 2269 illaesi
1807 2230 1940 2270 eva-

346 2301 480 2356 dunt
509 2301 830 2372 periculum,
861 2304 990 2374 quia
1040 2310 1160 2373 post
1194 2303 1479 2358 victoriam
1525 2302 1594 2357 ad
1625 2311 1939 2359 sanctorum

345 2399 678 2470 perveniunt
707 2399 990 2472 gaudium.

344 2522 583 2580 SERMO
614 2525 706 2578 DE
745 2523 1299 2590 SEPTUAGESHIA,
1353 2525 1811 2582 SEXAGESIMA
1854 2527 1942 2581 ET

844 2613 1446 2682 QUINQUAGESIMA.

411 2718 751 2784 Charissimi,
777 2719 939 2776 lectio
973 2720 1239 2776 hodierna
1283 2737 1385 2777 nos
1415 2723 1678 2779 admonet
1711 2723 1942 2795 qualiter

339 2807 620 2863 victoriam
649 2808 1014 2875 obtineamus,
1046 2809 1115 2864 de
1163 2826 1267 2880 qua
1303 2811 1663 2882 loquebamur
1689 2812 1744 2866 in
1775 2829 1942 2882 supe-

342 2892 600 2948 rioribus.
635 2892 774 2948 Dicit
805 2892 948 2947 enim
983 2909 995 2947 :
1035 2917 1056 2942 α
1090 2894 1330 2950 Nescitis
1361 2895 1506 2967 quod
1529 2896 1582 2950 hi
1613 2896 1704 2968 qui
1734 2896 1788 2950 in
1819 2904 1936 2951 sta-

337 2988 424 3045 cio
454 2997 697 3055 currunt,
747 3005 940 3045 omnes
970 2990 1191 3062 quidem
1232 2999 1475 3060 currunt,
1514 2992 1616 3047 sed
1659 3008 1799 3048 unus
1840 3007 1938 3049 ac-

2046 503 2188 549 esset
2223 496 2519 550 videamus.
2555 496 2771 551 illorum
2815 497 2982 565 igitur
3019 496 3107 569 qui
3158 497 3446 566 septimam
3486 496 3646 552 addi-

2044 582 2239 638 derunt.
2267 583 2490 640 intentio
2521 584 2590 639 fui
2653 603 2725 640 vu
2767 585 2987 641 auferre
3031 584 3382 641 Dominnicas
3436 601 3450 640 :
3501 584 3645 641 unde

2049 692 2331 737 remanent
2378 701 2506 748 XLII,
2543 701 2664 754 quae
2731 685 2891 739 etiam
2967 685 3109 755 apud
3168 685 3431 756 quosdam
3485 683 3637 740 cele-

2047 771 2373 827 brabantur.
2441 772 2549 827 Sed
2606 781 2855 828 octavam
2913 773 3235 828 addentium
3280 773 3505 829 intentio
3544 771 3643 829 fuit

2050 886 2143 925 vni
2221 869 2436 926 auferre
2507 871 2838 934 Dominicas,
2910 880 2964 926 et
3017 888 3110 926 νιιι
3184 872 3398 944 quintas
3449 871 3633 927 ferias.

2050 953 2258 1009 Ablatis
2319 954 2403 1008 his
2454 972 2542 1009 χνι
2602 963 2884 1010 remanent
2913 973 2991 1021 χι,
3027 965 3084 1011 ut
3137 957 3366 1012 totidem
3416 955 3640 1026 jejuna-

2048 1051 2192 1113 rent,
2227 1052 2353 1114 quot
2381 1051 2432 1098 et
2465 1044 2743 1100 Dominus.
2791 1045 3048 1100 Similiter
3095 1060 3296 1100 nonam
3327 1044 3642 1100 addentium

2050 1140 2147 1194 fuit
2176 1140 2403 1196 intentio
2433 1157 2489 1194 ix
2522 1141 2732 1196 auferre
2767 1141 3076 1197 Dominicos
3118 1141 3255 1207 dies,
3301 1148 3354 1194 et
3381 1147 3460 1195 tot
3489 1139 3643 1212 quin-

2052 1237 2131 1284 tas
2161 1228 2342 1298 ferias,
2393 1238 2442 1284 et
2489 1235 2566 1284 tot
2609 1230 2872 1285 Sabbata.
2928 1229 3226 1286 Dominica;
3255 1227 3643 1285 auferebantur

2047 1327 2272 1390 pr0pter
2303 1320 2770 1386 resurrectionem,
2805 1318 3006 1390 quinte
3031 1318 3181 1374 feria
3210 1326 3433 1390 pr0pter
3452 1332 3643 1373 ascen-

2048 1409 2284 1475 sionem,
2310 1408 2542 1462 Sabbata
2570 1424 2636 1462 ne
2659 1423 2716 1462 sa
2729 1408 3083 1462 bbizarentur
3104 1423 3227 1464 cum
3250 1406 3474 1462 Judaeis.
3499 1406 3642 1475 Qua—

2048 1509 2358 1581 dragesima
2390 1509 2574 1564 ﬁnitur
2603 1509 2654 1564 in
2685 1525 2843 1565 coena
2872 1509 3107 1576 Domini,
3127 1509 3272 1580 quod
3302 1508 3640 1565 celebratum

2049 1617 2130 1663 est
2160 1609 2395 1680 typicum
2428 1608 2661 1662 Pascha.
2702 1607 3172 1681 Quinquagesima
3192 1616 3368 1662 autem
3392 1606 3442 1660 in
3467 1605 3639 1674 prima

2048 1697 2208 1763 feria,
2260 1697 2380 1768 ipso
2435 1697 2851 1752 resurrectionis
2909 1697 3036 1764 die;
3097 1695 3456 1768 Sexagesima
3510 1693 3643 1750 feria

2051 1795 2104 1849 in
2149 1809 2205 1848 ιν
2255 1794 2406 1857 feria,
2467 1794 2744 1850 mediante
2801 1795 3031 1850 solemni
3094 1796 3352 1858 Paschze;
3399 1793 3642 1864 Septua-

2051 1884 2262 1954 gesima
2293 1883 2347 1935 in
2379 1899 2452 1937 vu
2500 1883 2655 1948 feria,
2711 1883 2979 1954 depositis
3021 1883 3160 1938 albis
3190 1882 3454 1938 vestibus.
3493 1881 3641 1938 Inter

2052 1970 2542 2044 Quadragesimam
2573 1980 2624 2026 et
2655 1971 3196 2045 Quinquagesimam,
3228 1989 3280 2026 v1
3310 1971 3428 2027 dies
3470 1979 3597 2026 sunt
3624 1983 3637 2038 ;

2051 2070 2190 2124 inter
2247 2070 2766 2143 Quinquagesimam
2824 2078 2877 2124 et
2931 2069 3338 2142 Sexagesimam
3382 2085 3456 2136 vi,
3497 2067 3644 2125 inter

2051 2159 2469 2232 Sexagesimam
2501 2167 2550 2214 et
2583 2159 3052 2231 Septuagesimam
3103 2175 3177 2215 v1.
3209 2160 3277 2214 Et
3306 2167 3466 2214 vnter
3495 2155 3644 2214 ducti

2052 2246 2252 2303 faciunt
2280 2264 2448 2313 xvm;
2482 2246 2535 2302 in
2567 2263 2674 2319 quo
2704 2248 3020 2318 mysterium
3050 2247 3334 2318 reperitur.
3375 2247 3519 2301 Nam
3551 2244 3641 2301 di-

2052 2345 2200 2400 visus
2249 2345 2444 2416 duplex
2503 2344 2736 2415 simplici
2796 2352 3175 2414 comparatur.
3229 2344 3329 2399 Per
3370 2341 3642 2415 duplicem

2050 2434 2252 2505 duplex
2289 2450 2446 2488 mors
2498 2443 2702 2499 nostra,
2747 2449 2842 2504 per
2882 2432 3187 2503 simplicem
3218 2431 3452 2504 simplex
3495 2446 3644 2487 mors

2052 2523 2266 2580 Domini
2309 2522 2627 2593 designatur
2668 2541 2682 2588 ;
2733 2521 2896 2594 cujus
2941 2529 3117 2578 morte
3177 2520 3408 2591 simplici
3461 2527 3647 2576 nostra

2049 2637 2205 2676 mors
2235 2621 2431 2692 duplex
2454 2621 2707 2675 damnata
2731 2627 2832 2675 est.
2859 2618 2915 2675 Si
2937 2618 3080 2673 enim
3103 2617 3192 2674 ille
3215 2617 3487 2689 duplicem
3519 2632 3647 2688 gus-

2049 2717 2232 2774 tasset,
2266 2725 2368 2764 nos
2399 2724 2430 2763 a
2461 2709 2608 2764 nulla
2638 2709 2956 2764 liberasset.
3012 2707 3156 2762 Inter
3185 2704 3347 2761 finem
3386 2704 3645 2774 Quadra-

2048 2799 2272 2872 gesima:
2305 2806 2357 2853 et
2389 2797 2894 2869 Quinquagesimaa,
2918 2796 3026 2851 duo
3054 2801 3180 2850 sunt
3209 2794 3360 2850 dies:
3395 2793 3645 2850 similiter

2046 2903 2098 2951 et
2132 2896 2181 2950 in
2212 2894 2451 2950 caeteris.
2485 2895 2588 2949 Ter
2607 2893 2750 2948 enim
2769 2893 2876 2948 duo
2898 2891 3104 2948 faciunt
3134 2907 3257 2947 sex.
3290 2892 3347 2947 In
3371 2907 3479 2963 quo
3507 2907 3645 2961 prae-

2045 2986 2247 3040 cedens
2278 2982 2492 3049 divisio,
2527 2982 2957 3054 praecedensque
2988 2981 3307 3054 mysterium
3338 2979 3632 3051 reperitur.

336 3077 465 3148 cipit
496 3078 738 3134 brevium
767 3079 818 3149 (I
847 3079 973 3136 Cor.
1015 3085 1110 3144 ix).
1148 3103 1169 3127 υ
1204 3082 1321 3136 Mos
1367 3081 1509 3149 apud
1551 3081 1776 3138 Grazcos
1807 3098 1931 3137 ser-
1961 3098 2009 3161 ρ
2041 3076 2237 3129 Verum
2268 3073 2311 3128 si
2343 3089 2569 3130 sensum
2601 3071 2921 3143 spiritalium
2977 3070 3366 3142 scripturarum
3395 3084 3631 3143 genera-

339 3167 592 3233 vabatur,
629 3167 776 3238 quod
804 3167 1089 3238 praemium
1119 3167 1344 3240 aliquod
1375 3170 1694 3226 cursoribus
1724 3185 1930 3241 propo-

334 3256 588 3324 nebatur,
621 3256 766 3329 quod
799 3264 982 3312 tamen
1011 3272 1116 3312 non
1147 3259 1398 3314 omnibus
1433 3259 1798 3326 currentibus,
1831 3259 1929 3316 sed

333 3345 435 3399 soli
465 3345 720 3417 primitus
767 3345 1120 3415 praevenienti
1173 3347 1434 3402 dabatur.
1475 3349 1725 3420 Regnum
1755 3349 1928 3404 60310-

332 3449 454 3488 rum
486 3434 643 3490 nobis
672 3433 726 3488 in
756 3434 979 3506 praemio
1026 3435 1361 3505 proponitur,
1394 3437 1462 3492 ad
1493 3437 1638 3509 quod
1669 3454 1771 3494 nos
1803 3438 1928 3494 totis

334 3531 548 3586 viribus
578 3549 799 3588 currere
829 3547 988 3588 sacra
1033 3531 1313 3602 Scriptura
1351 3535 1616 3600 hortatur,
1658 3535 1788 3606 quia
1817 3551 1926 3592 non

332 3620 588 3678 omnibus
643 3638 745 3692 per
798 3620 961 3676 tidem
1019 3622 1377 3690 currentibus,
1436 3623 1534 3679 sed
1591 3623 1722 3680 solis
1769 3625 1926 3681 bonis

329 3709 592 3780 Oper-ibus
639 3709 694 3764 in
744 3709 909 3764 ﬁnem
944 3711 1416 3781 perseverantibus
1462 3712 1718 3768 donatur.
1773 3713 1924 3769 Alius

326 3815 447 3854 mos
476 3798 618 3870 apud
669 3815 768 3855 eos
797 3807 950 3855 erat:
1000 3798 1140 3854 Nudi
1189 3799 1311 3856 oleo
1341 3800 1587 3871 peruncti
1626 3801 1786 3857 simul
1817 3801 1924 3858 col-

326 3895 690 3964 luctabantur,
731 3902 890 3966 atque
944 3894 1182 3952 victores
1230 3912 1363 3952 auro
1407 3905 1458 3953 et
1501 3897 1656 3953 lauro
1686 3913 1922 3955 corona-

336 3983 554 4038 bantur.
586 3984 720 4050 Nos,
754 3983 1114 4049 dilectissimi,
1141 3984 1264 4040 oleo
1312 3985 1624 4042 chrismatis
1664 3988 1919 4057 peruncti

328 4087 552 4142 sumus;
585 4072 710 4128 ideo
739 4089 768 4126 a
798 4073 942 4128 vitiis
973 4073 1124 4139 nudi,
1157 4089 1281 4129 cum
1330 4075 1550 4131 diabolo
1590 4075 1781 4132 luctari
1828 4075 1922 4131 de-

327 4161 537 4229 bemus,
595 4161 724 4234 quia
782 4177 890 4216 non
949 4169 1034 4217 est
1090 4162 1251 4216 nobis
1309 4163 1619 4220 colluctatio
1650 4165 1920 4220 adversus

326 4275 543 4315 carnem
574 4266 628 4314 et
656 4258 1001 4330 sanguinem,
1035 4258 1132 4314 sed
1162 4259 1422 4314 adversus
1453 4261 1707 4316 vitiorum
1735 4270 1788 4317 et
1815 4262 1920 4317 dte-

327 4363 548 4403 monum
571 4346 971 4403 infestationem
995 4347 1216 4420 (Ep/tes.
1243 4349 1346 4419 vx).
1386 4349 1442 4404 Si
1465 4365 1599 4420 ergo
1622 4349 1914 4416 luxuriam,

328 4437 486 4504 iram,
515 4436 720 4502 odium,
755 4435 840 4492 vel
871 4436 1019 4492 aliud
1065 4437 1250 4492 vitium
1300 4437 1610 4503 vicerimus,
1658 4454 1912 4494 coronam
1945 4461 1995 4520 D

327 4541 392 4581 ex
439 4541 578 4580 auro
632 4533 685 4580 et
736 4523 889 4580 lauro
965 4525 1306 4591 habebimus,
1371 4524 1492 4598 quia
1566 4525 1914 4596 splendorem

325 4630 546 4678 aeternae
585 4622 842 4678 claritatis
873 4623 926 4676 in
957 4623 1198 4678 vernauti
1246 4623 1508 4693 paradiso
1555 4623 1907 4694 recipiemus.

328 4711 512 4781 Quare
542 4719 721 4766 autem
753 4712 869 4767 hazc
901 4710 1184 4766 Dominica
1217 4727 1342 4776 Lxx,
1376 4727 1614 4783 sequens
1648 4729 1735 4778 Lx,
1765 4713 1919 4766 item-

328 4816 432 4872 que
464 4799 569 4854 alia
597 4807 822 4856 vocetur
849 4816 900 4866 L,
933 4799 1223 4871 diligenter
1244 4799 1630 4870 perdicendum
1662 4808 1763 4854 est.
1800 4802 1920 4857 Fer-

329 4896 414 4944 tur
445 4888 588 4944 enim
618 4889 1030 4960 Telesphorum,
1066 4889 1322 4943 Romana:
1342 4888 1490 4942 urbis
1519 4905 1732 4960 papam,
1757 4889 1919 4960 septi-

328 5002 476 5042 mam
494 4986 899 5042 hebdomadam
913 4985 1211 5051 addidisse,
1235 5002 1394 5057 quam
1410 5001 1441 5039 a
1461 5001 1601 5041 souo
1619 4985 1922 5057 praeceden-

330 5084 398 5138 tis
426 5085 659 5150 numeri,
684 5084 890 5140 scilicet
920 5099 1012 5149 XL,
1050 5083 1570 5157 Quinquagesimam
1602 5084 1916 5139 nominavit.

330 5181 593 5238 Octavam
625 5181 784 5236 etiam
842 5181 1238 5236 hebdomadam
1287 5181 1390 5235 viri
1441 5181 1574 5251 justi
1631 5182 1914 5248 addentes,

329 5269 578 5326 similiter
599 5286 705 5324 nun
737 5279 793 5325 ut
823 5287 887 5324 ιχ
920 5270 1022 5323 sint
1073 5271 1191 5324 dies
1241 5287 1414 5342 usque
1463 5271 1529 5325 ad
1564 5272 1920 5328 resurrectio-

329 5385 477 5433 nem,
512 5369 608 5424 sed
638 5384 664 5422 a
699 5383 834 5423 sono
867 5367 1224 5437 praecedentis
1252 5367 1467 5422 numeri
1509 5368 1918 5442 Sexagesimam

326 5465 761 5538 appellaverunt.
814 5463 917 5517 Alii
973 5480 1175 5518 nonam
1231 5465 1585 5536 septimanam
1634 5467 1916 5533 addentes,

327 5580 356 5619 a
389 5579 524 5620 sono
553 5561 752 5634 prioris
782 5561 985 5616 nameri
1039 5561 1508 5634 Septuagesimam
1558 5579 1922 5635 nuncupave-

329 5671 478 5717 runt.
515 5662 584 5717 Et
623 5661 668 5715 si
709 5675 853 5714 nunc
892 5658 1104 5713 decima
1154 5661 1466 5727 adderetur,
1515 5676 1623 5716 non
1664 5661 1917 5732 Decage-

328 5749 506 5820 simae,
539 5749 638 5808 sed
667 5747 1045 5821 Octogesimae
1075 5763 1273 5806 nomen
1316 5750 1617 5814 sortiretur,
1651 5765 1680 5804 a
1710 5763 1920 5821 praece-

2040 3163 2148 3219 lem
2180 3161 2458 3234 inspicias,
2491 3161 2544 3218 in
2575 3161 2824 3218 omnibus
2855 3159 3175 3232 mysterium
3209 3159 3501 3234 reperitur.

2401 3288 2690 3345 Dominica
2721 3287 2783 3343 in
2813 3284 3256 3359 Septuagesima.

2114 3419 2135 3443 α
2169 3394 2318 3450 Exiit
2347 3393 2438 3466 qui
2468 3393 2700 3449 seminat
2727 3392 3002 3448 seminare
3032 3408 3221 3448 semen
3252 3409 3431 3460 suum,
3464 3401 3570 3449 etc.
3596 3414 3619 3440 η

2037 3485 2262 3555 (Matth.
2319 3482 2498 3551 xvm.)
2555 3481 2716 3537 Multa
2769 3481 2822 3536 in
2878 3481 3159 3552 parabolis
3205 3481 3461 3554 loquitur,
3503 3481 3632 3552 quia

2036 3573 2081 3628 si
2111 3580 2304 3629 cuncta
2334 3570 2652 3643 parabolice
2668 3571 3006 3641 loqueretur_
3029 3569 3236 3643 absque
3256 3571 3629 3626 emolumento

2034 3667 2395 3724 recessissent
2423 3666 2714 3721 auditores.
2742 3666 3004 3721 Parabola
3029 3673 3109 3722 est
3137 3682 3317 3721 rerum
3348 3667 3402 3722 in
3433 3675 3629 3722 natura

2031 3755 2462 3828 discrepantium
2491 3755 2594 3810 sub
2629 3753 2809 3825 aliqua
2842 3754 3198 3810 similitudine
3226 3755 3368 3812 facta
3395 3770 3626 3826 compa-

2031 3847 2196 3901 ratio.
2261 3845 2420 3901 Sator
2473 3845 2565 3915 qui
2621 3844 2745 3898 exiit
2793 3844 3083 3910 seminare,
3145 3843 3264 3915 ipse
3308 3843 3478 3898 Filius
3525 3842 3626 3899 Dei

2030 3939 2368 4012 intelligitur,
2403 3938 2492 4010 qui
2525 3939 2712 3993 exiens
2742 3938 2810 3992 de
2840 3938 2962 3992 sinu
2994 3937 3170 3992 Patris
3202 3937 3351 3992 venit
3380 3937 3434 3990 in
3461 3952 3624 3990 mun-

2029 4029 2162 4083 dum
2195 4029 2264 4082 ad
2287 4027 2662 4083 seminandum
2695 4042 2795 4097 per
2829 4043 2888 4080 se
2918 4040 2981 4080 ac
3018 4041 3119 4095 per
3151 4040 3282 4079 suos
3309 4023 3625 4079 hominibus

2030 4119 2250 4174 verbum
2269 4116 2512 4172 veritatis
2529 4115 2674 4186 quod
2694 4115 2837 4184 apud
2862 4116 3072 4169 Patrem
3097 4113 3248 4167 vidit.
3262 4133 3284 4160 α
3317 4113 3385 4166 Et
3400 4111 3526 4166 dum
3545 4128 3628 4168 se-

2027 4207 2212 4273 minat,
2245 4204 2494 4276 quaedam
2524 4203 2836 4260 ceciderunt
2867 4217 3031 4257 secus
3052 4201 3192 4257 viam
3223 4209 3276 4257 et
3305 4199 3621 4256 conculcata

2027 4312 2172 4367 sunt,
2206 4310 2258 4357 et
2290 4309 2553 4357 venerunt
2575 4300 2826 4354 volucres
2848 4300 2991 4368 cmli,
3025 4307 3079 4355 et
3106 4298 3464 4355 comederunt
3484 4315 3568 4355 ea.
3593 4321 3614 4348 ι»

2027 4391 2291 4460 Quaedam
2321 4389 2656 4454 ceciderunt,
2703 4387 2962 4443 subaudis
3007 4405 3182 4458 grana
3220 4389 3341 4446 sive
3388 4386 3618 4454 semina,

2026 4497 2183 4535 secus
2215 4480 2374 4534 viam.
2436 4478 2532 4533 Via
2587 4485 2674 4532 est
2722 4493 2878 4532 mens
2931 4477 3196 4533 malarum
3227 4477 3617 4551 cogitationum

2027 4577 2216 4632 sedulo
2246 4583 2425 4630 meatu
2454 4577 2580 4631 trita
2623 4583 2677 4630 et
2721 4575 2984 4630 arefacta.
3025 4575 3127 4631 Ubi
3159 4575 3450 4645 dupliciter
3479 4573 3615 4646 perit

2027 4682 2235 4731 semen,
2268 4665 2394 4736 quia
2423 4665 2654 4719 transitu
2709 4664 3002 4721 carnalium
3059 4665 3445 4737 cogitationum
3477 4677 3616 4718 con-

2027 4753 2290 4819 culcatur,
2315 4762 2367 4808 et
2397 4754 2675 4810 daemones
2705 4753 2996 4811 comedunt
3017 4753 3169 4816 illud,
3196 4752 3249 4806 id
3271 4760 3355 4807 est
3377 4751 3614 4824 quadam

2028 4843 2393 4900 delectatione
2425 4844 2639 4914 rapiunt
2670 4852 2723 4899 et
2750 4843 3064 4909 absorbent,
3116 4849 3172 4897 ut
3215 4856 3318 4898 nec
3344 4839 3615 4896 memoria

2029 4949 2184 4989 mens
2215 4940 2396 4989 teneat
2425 4933 2570 5004 quod
2591 4948 2696 5002 ope
2718 4931 2982 5004 neglexit.
3010 4929 3305 4986 Daemones
3324 4937 3503 4984 autem
3525 4943 3619 4984 vo-

2027 5023 2208 5079 lucres
2255 5021 2377 5078 coeli
2421 5021 2774 5093 appellantur,
2837 5020 2921 5074 vel
2973 5019 3102 5091 quia
3132 5026 3256 5074 sunt
3292 5016 3531 5074 caelestis
3561 5025 3617 5072 et

2028 5111 2326 5184 spiritualis
2353 5119 2580 5177 naturae,
2612 5110 2696 5166 vel
2725 5111 2855 5182 quia
2888 5109 2941 5162 in
2974 5123 3102 5162 aere
3133 5105 3401 5162 habitant.
3445 5128 3466 5154 ι
3495 5105 3614 5162 Alia

2029 5217 2209 5264 autem
2239 5207 2546 5264 ceciderunt
2579 5207 2631 5261 in
2663 5216 2904 5280 petrosa,
2938 5204 3030 5261 ubi
3060 5220 3169 5260 non
3201 5204 3473 5260 habebant
3503 5211 3614 5259 ter-

2031 5314 2149 5352 ram
2198 5298 2446 5352 multam.
2500 5299 2566 5350 Et
2613 5297 2867 5352 continuo
2914 5304 3104 5350 exorta
3143 5301 3290 5359 sunt,
3345 5292 3468 5364 quia
3508 5308 3618 5348 non

2031 5386 2298 5441 habebant
2329 5385 2667 5440 altitudinem
2698 5393 2874 5440 terrae.
2909 5383 3034 5440 Sole
3063 5392 3242 5439 autem
3273 5392 3392 5438 orto
3421 5389 3620 5438 astua-

2031 5483 2241 5540 verunt,
2272 5482 2323 5528 et
2355 5473 2480 5544 quia
2521 5489 2626 5528 non
2675 5473 2952 5528 habebant
3000 5473 3240 5529 radicem
3272 5478 3550 5526 aruerunt.
3591 5491 3614 5521 ι

2032 5572 2250 5627 Semina
2281 5588 2408 5644 quae
2432 5571 2628 5626 cadunt
2657 5571 2711 5626 in
2741 5579 2979 5641 petrosa,
3024 5570 3077 5624 id
3107 5577 3192 5625 est
3220 5585 3389 5640 super
3418 5577 3617 5625 terram

2031 5661 2199 5733 petris
2229 5660 2615 5725 abundantem,
2648 5660 2960 5733 germinare
3002 5659 3218 5731 quidem
3253 5658 3358 5713 cito
3392 5663 3621 5728 queunt,

2033 5750 2128 5808 sed
2184 5765 2295 5808 non
2350 5748 2540 5824 ﬂgitur
2612 5748 2785 5820 radix,
2842 5748 2972 5823 quia
3028 5754 3182 5806 terrae
3255 5743 3622 5813 altitudinem,
