4010 6074
429 298 531 352 851

1579 289 1886 347 VEBNERI
1923 288 2214 346 ABBATIS
2253 289 2310 345 S.
2355 287 2579 345 BLASII

3621 295 3722 347 852

432 420 540 476 hoc
570 425 653 475 est
681 416 1112 490 profunditatem
1141 434 1252 474 non
1278 418 1457 484 habet,
1493 420 1547 472 et
1628 415 1834 470 idcirco
1890 421 2024 470 aestu
2055 413 2110 474 A
2141 414 2237 468 sed
2269 420 2321 468 et
2351 413 2405 468 in
2434 412 2589 469 factis
2619 411 2908 484 parabolas
2937 427 3078 477 esse,
3106 411 3160 466 id
3190 411 3449 485 estsigna
3480 413 3733 486 mystica-

437 508 574 564 solis
603 507 828 562 arescit.
869 507 1026 562 Petra
1049 507 1323 579 significat
1355 507 1442 562 hic
1469 505 1723 561 duritiam
1754 509 2028 576 protersz

443 596 664 661 mentis,
699 603 844 650 terra
874 611 1007 651 vero
1036 596 1312 650 lenitatem
1336 595 1531 650 animae
1561 594 1887 658 obedientis,
1947 594 2029 648 sol

437 693 620 740 autem
632 685 902 739 fervorem
927 686 1315 754 persecutoris.
1337 683 1492 738 Cadit
1512 690 1865 754 ergotsemen
1882 683 2030 737 verbi

439 798 605 853 super
626 789 834 852 petram
868 781 1085 850 quando
1115 782 1404 836 dulcedine
1437 780 1859 850 promissionum
1912 795 2033 834 mo—

441 887 530 934 vet
562 879 883 933 indomitum
914 894 1025 942 cor,
1059 878 1208 933 nullo
1239 895 1379 933 verae
1400 877 1524 932 fidei
1546 893 1764 932 vomere
1783 885 2032 948 penetra-

441 975 575 1022 tum.
601 967 704 1024 Ubi
725 983 831 1021 nan
849 968 1146 1036 invenit,ut
1169 967 1341 1022 Lucas
1379 967 1452 1020 ait
1479 969 1633 1036 (Luc.
1673 970 1813 1036 xm),
1836 968 2031 1021 humo-

441 1083 575 1132 rem,
600 1066 654 1120 id
678 1074 758 1121 est
779 1066 985 1121 virtutis
1007 1081 1272 1120 amorem.
1298 1067 1364 1120 Et
1382 1065 1560 1120 statim
1580 1073 1821 1120 exortum
1837 1073 1914 1119 est
1939 1081 2036 1135 per

442 1154 876 1212 recordationem
934 1159 1323 1221 tantummodo,
1395 1170 1504 1209 non
1561 1170 1661 1224 per
1717 1153 2033 1219 efﬁcaciam,

447 1244 706 1316 quoniam
734 1259 842 1297 non
873 1243 1110 1297 habebat
1153 1243 1489 1298 altitudinem
1533 1250 1691 1297 terrae
1719 1244 1772 1296 in
1804 1242 2036 1313 profun-

445 1333 671 1389 ditatem
721 1331 850 1386 boni
903 1332 1106 1397 cordis,
1165 1331 1257 1386 ubi
1335 1331 1513 1386 solide
1571 1331 1910 1386 fundaretur.
1971 1332 2040 1385 Et

446 1421 664 1494 quando
693 1429 913 1476 exortus
943 1430 1024 1475 est
1046 1420 1149 1485 sol,
1175 1419 1229 1475 id
1246 1429 1327 1476 est
1349 1428 1514 1476 aestus
1536 1421 1930 1490 persecutionis
1953 1420 2036 1475 vel

443 1517 732 1589 cujuslibet
762 1517 1144 1582 tribulationis,
1177 1517 1514 1581 exaestuavit,
1539 1517 1593 1572 id
1611 1527 1690 1572 est
1720 1518 1785 1571 ad
1818 1517 2040 1572 siccita-

448 1616 559 1662 tem
591 1605 754 1670 venit,
789 1613 841 1660 et
871 1622 936 1662 ex
969 1613 1079 1662 toto
1103 1608 1330 1672 exaruit,
1355 1623 1421 1662 eo
1453 1607 1597 1676 quod
1620 1606 1759 1661 firmi
1781 1607 2038 1661 desiderii

446 1695 688 1751 radicem
720 1711 829 1749 non
856 1696 1106 1750 habebat.
1140 1696 1378 1750 Altitudo
1401 1697 1601 1767 quippe
1631 1704 1791 1751 terra)
1814 1704 1895 1750 est
1927 1711 2039 1765 pro~

2139 519 2256 556 rum
2291 517 2492 567 rerum,
2529 518 2665 572 quas
2694 500 2940 572 perversi
2974 516 3084 556 non
3127 508 3432 570 penetrant.
3471 503 3730 557 Seorsum

2137 600 2317 647 autem
2363 590 2647 661 discipulis
2697 591 2809 644 suis
2851 589 3160 644 disserebat
3210 590 3419 645 omnia.
3475 591 3560 644 Illi
3592 592 3734 646 enim

2139 689 2289 762 digni
2319 698 2474 744 erant
2515 690 2702 744 audire
2743 689 3006 758 mysteria
3060 687 3115 741 in
3172 687 3362 743 intimo
3406 689 3733 758 penetrabili

2139 779 2437 848 sapientiae,
2481 779 2572 849 qui
2613 778 2837 833 remotis
2893 778 3284 848 cogitationum
3329 777 3654 832 tumultibus
3683 779 3733 832 in

2141 867 2429 923 solitudine
2459 869 2714 922 virtutum
2736 867 3148 938 permanebant.
3190 891 3209 913 α
3231 868 3357 922 Ideo
3387 866 3440 921 in
3459 867 3737 936 parabolis

2141 966 2338 1035 loquor
2355 965 2454 1029 eis,
2479 965 2600 1035 quia
2616 965 2865 1020 videntes
2894 981 3003 1020 non
3037 965 3238 1029 vident,
3255 965 3610 1020 etaudientes
3631 982 3738 1020 non

2140 1051 2362 1104 audiunt
2393 1066 2568 1121 neque
2610 1049 2948 1122 intelligunt,
2981 1058 3032 1104 et
3062 1049 3390 1120 adimpletur
3419 1049 3474 1103 in
3504 1050 3587 1104 eis
3618 1066 3741 1120 pro-

2143 1138 2322 1210 phetia
2338 1137 2496 1193 Isaiae
2518 1138 2893 1209 dicentis(lsa.
2916 1140 2987 1207 v1)
3013 1157 3024 1192 :
3064 1138 3266 1192 Audito
3283 1137 3542 1203 audietis,
3559 1146 3612 1192 et
3633 1155 3742 1194 non

2144 1235 2491 1307 intelligetis:
2527 1243 2579 1290 et
2607 1235 2857 1291 videntes
2886 1234 3160 1304 videbitis,
3180 1242 3232 1290 et
3263 1251 3371 1290 non
3402 1235 3690 1290 videbitis.
3717 1263 3736 1284 η

2145 1323 2400 1378 \‘identes
2422 1340 2530 1377 non
2566 1324 2765 1390 vident,
2798 1325 2902 1380 hoc
2928 1331 3030 1387 est,
3082 1323 3303 1395 ingenio
3344 1334 3744 1394 praesumentes

2145 1429 2204 1466 se
2233 1413 2441 1478 videre,
2475 1413 2759 1483 privantur
2788 1412 3053 1483 spirituali
3085 1411 3400 1480 intellectu;
3433 1422 3488 1468 et
3507 1413 3745 1468 audien-

2145 1517 2227 1563 tes
2257 1509 2385 1564 foris
2407 1524 2514 1563 non
2545 1509 2768 1564 audiunt
2800 1509 2966 1565 corde
2987 1509 3134 1580 quod
3157 1517 3240 1563 est
3269 1525 3376 1563 non
3406 1509 3747 1580 intelligere.

2144 1598 2299 1654 Unde
2359 1598 2562 1652 Isaias:
2624 1598 2830 1652 Auditu
2885 1598 3143 1653 exteriori
3202 1598 3437 1652 audietis
3486 1599 3750 1670 praedica—

2145 1694 2348 1749 tionem
2380 1694 2575 1750 Christi
2632 1703 2684 1750 et
2732 1711 2841 1751 non
2873 1695 3208 1768 intelligetis;
3241 1701 3298 1751 et
3338 1696 3595 1751 videntes
3635 1697 3747 1752 fre-

450 1793 589 1848 bitas
618 1791 782 1846 animi
811 1792 1114 1863 disciplinis
1161 1793 1478 1849 coelestibus
1516 1794 1712 1848 eruditi
1743 1802 1793 1848 et
1829 1796 1885 1848 in
1917 1802 2040 1848 ten-
2071 1768 2121 1826 Β
2153 1791 2384 1854 quenter
2415 1783 2674 1838 “debilis
2721 1784 2982 1840 exteriori
3029 1785 3146 1841 ViSll
3192 1784 3456 1840 miracllla
3493 1786 3635 1854 eius.
3694 1793 3747 1840 ει

449 1881 740 1937 tationibus
757 1881 991 1952 probati.
1017 1905 1038 1929 ιι
1067 1882 1192 1937 Alia
1213 1891 1390 1937 autem
1413 1883 1728 1939 ceciderunt
1750 1882 1803 1936 in
1833 1883 2036 1954 spinas,

449 1987 502 2036 et
521 1987 813 2036 creverunt
831 1979 1022 2049 spinae,
1047 1988 1099 2036 et
1121 1979 1522 2036 suﬁ'ocaverunt
1544 1997 1624 2035 ea.
1651 2004 1670 2029 n
1695 1981 1810 2035 Alia
1833 1981 2038 2036 semina

445 2068 761 2126 ceciderunt
808 2068 860 2123 in
899 2069 1106 2140 spinas,
1167 2070 1270 2125 boc
1327 2078 1410 2124 est
1463 2070 1601 2126 inter
1630 2070 1844 2141 spinas.
1883 2071 2039 2124 Cadit

445 2174 662 2231 quoque
691 2157 920 2214 verbum
943 2159 1043 2214 Dei
1074 2158 1219 2214 inter
1267 2159 1472 2230 spinas,
1516 2175 1648 2215 cum
1692 2159 1980 2230 suscipitur
2008 2176 2038 2214 a

442 2247 610 2305 corde
640 2247 953 2304 divitiarum
984 2262 1136 2316 cura,
1172 2247 1506 2316 sollicitudo,
1539 2257 1591 2304 et
1621 2256 1754 2304 tunc
1783 2249 2039 2319 multipli-

444 2349 583 2400 catae
609 2344 815 2399 divitiae
845 2362 966 2417 quae
996 2361 1097 2415 per
1126 2345 1311 2415 spinas
1339 2346 1739 2418 intelliguntur,
1771 2355 2039 2415 occupant

445 2442 708 2500 mentem,
741 2442 798 2488 ut
828 2433 1036 2488 fructus
1065 2434 1364 2505 spiritualis
1407 2434 1462 2489 in
1507 2451 1575 2490 ea
1615 2434 1881 2506 proﬁcere
1929 2452 2039 2490 non

441 2521 640 2594 possit.
679 2545 701 2570 α
737 2521 858 2577 Alia
889 2539 1021 2578 vero
1064 2523 1380 2579 occiderunt
1411 2524 1464 2577 in
1499 2532 1696 2579 terram
1729 2525 1949 2592 bonam,
1989 2533 2040 2580 et

446 2619 649 2674 dabant
678 2620 942 2682 fructum,
981 2620 1129 2675 aliud
1162 2621 1545 2685 centesimum,
1575 2623 1717 2676 aliud
1752 2623 2043 2693 sexagesi-

443 2718 612 2773 mum,
637 2707 780 2764 aliud
804 2708 1157 2765 tricesimum.
1187 2732 1209 2758 »
1237 2710 1327 2766 Sic
1348 2711 1400 2765 in
1423 2716 1568 2766 terra
1597 2713 1737 2766 mala
1756 2720 1866 2767 tres
1887 2712 2040 2767 fuere

444 2797 807 2864 diversitates,
843 2798 922 2854 sic
950 2807 1078 2854 sunt
1110 2799 1162 2853 in
1187 2798 1329 2854 bona
1352 2807 1483 2856 tres.
1507 2799 1658 2854 Alius
1689 2801 1832 2855 enim
1865 2801 2041 2858 bonus

444 2899 550 2962 est,
584 2895 722 2950 alius
744 2895 958 2965 melior,
993 2904 1047 2951 et
1075 2896 1215 2951 alius
1238 2898 1494 2967 optimus.
1520 2900 1650 2953 Cum
1673 2899 1928 2953 denarius
1951 2917 2042 2954 nu-

443 3000 629 3040 merus
659 3001 760 3055 pro
793 2985 1126 3055 perfectione
1157 2986 1326 3042 soleat
1383 2986 1575 3058 accipi,
1610 2987 1736 3059 quia
1766 2987 1819 3042 in
1849 2989 2041 3044 decem

445 3075 741 3145 praeceptis
807 3073 947 3147 legis
1006 3075 1256 3130 custodia
1317 3076 1642 3144 continetur,
1700 3078 2040 3133 centonarius

2147 1889 2256 1927 non
2286 1871 2541 1928 videbitis
2588 1873 2747 1929 oculo
2792 1875 3011 1930 mentis.
3059 1897 3081 1922 α
3133 1876 3506 1930 Incrassatuln
3538 1882 3625 1930 est
3653 1881 3747 1931 οόι·

2145 1970 2331 2042 populi
2388 1971 2575 2041 hujus,
2633 1979 2685 2026 et
2740 1972 2960 2028 auribus
3019 1971 3266 2044 graviter
3314 1971 3630 2040 audierunt,
3690 1981 3743 2029 et

2146 2059 2334 2114 oculos
2383 2076 2512 2114 suos
2559 2059 2889 2129 clauserunt,
2943 2061 3233 2132 nequando
3273 2061 3451 2116 oculis
3495 2062 3740 2127 videant,

2145 2157 2198 2204 et
2220 2149 2443 2203 auribus
2463 2149 2707 2216 audiant,
2733 2157 2784 2204 et
2805 2149 2972 2205 corde
2993 2150 3322 2220 intelligant,
3351 2157 3403 2206 et
3421 2158 3745 2206 convertan-

2146 2243 2236 2293 tur
2265 2246 2316 2292 et
2346 2253 2533 2292 sanem
2554 2254 2650 2293 eos
2671 2239 2872 2307 (ibid.).
2893 2264 2914 2287 ει
2978 2239 3330 2294 Abundantia
3387 2239 3614 2294 malitiae
3649 2240 3740 2293 di-

2144 2326 2286 2383 citur
2304 2327 2662 2381 incrassatum
2691 2328 3123 2384 corJudteorum.
3147 2329 3498 2398 Quapropter
3527 2329 3743 2400 ingrate

2145 2424 2503 2486 susceperunt
2547 2416 2717 2471 verba
2764 2416 3002 2482 Domini,
3050 2417 3195 2488 quod
3238 2417 3334 2471 fuit
3371 2417 3617 2490 graviter
3656 2433 3749 2470 au-

2146 2505 2290 2559 dire.
2323 2504 2528 2560 Oculos
2561 2520 2695 2559 suos
2727 2505 2988 2560 clausisse
3019 2505 3290 2574 dicuntur,
3319 2521 3388 2561 ne
3419 2505 3750 2560 arbitremur

2146 2619 2271 2658 esse
2313 2601 2528 2672 culpam
2579 2610 2806 2668 naturae,
2873 2617 2981 2656 non
3039 2602 3358 2657 voluntatis.
3416 2603 3551 2658 Cum
3603 2605 3749 2658 enim

2147 2699 2370 2762 possent
2387 2689 2630 2762 cogitare
2647 2699 2700 2744 et
2719 2691 3053 2763 intelligere,
3073 2699 3391 2747 averterunt
3410 2708 3525 2762 prae
3545 2691 3749 2746 invidia

2147 2777 2396 2833 intuitum
2446 2779 2661 2845 mentis,
2712 2788 2763 2834 et
2809 2779 2884 2834 ita
2931 2780 3034 2850 ipsi
3088 2780 3191 2834 sibi
3235 2794 3401 2836 causa
3443 2781 3667 2836 fuerunt
3695 2790 3752 2837 ut

2147 2877 2296 2931 Deus
2309 2893 2404 2932 eos
2421 2877 2733 2932 deserendo
2755 2877 3261 2948 exczecaret.lUnde
3281 2879 3525 2934 Joannes
3546 2897 3559 2932 :
3580 2902 3602 2924 α
3622 2880 3753 2934 Pro.

2147 2974 2331 3036 pterea
2381 2983 2487 3021 non
2521 2973 2810 3036 potuerunt
2863 2965 3106 3034 credere,
3169 2967 3292 3038 quia
3340 2968 3481 3022 dixit
3523 2968 3746 3024 Isaias:

2149 3055 2460 3110 Excmcavit
2487 3055 2678 3110 oculos
2708 3070 2897 3109 eorum
2944 3062 3000 3109 ut
3032 3071 3138 3110 non
3178 3055 3394 3109 videant
3419 3058 3606 3118 (Joan.
3633 3074 3748 3123 xu;

445 3125 539 3234 ξυί
567 3125 666 3233 pe;
694 3125 1111 3233 ωυηηῖηοθωηι
1143 3164 1429 3219 denarium
1481 3125 1676 3237 surgi},
1713 3181 1811 3235 pro
1839 3183 2041 3239 magna
2069 3125 2118 3188 Ο
2148 3145 2261 3200 Isa.
2285 3145 2407 3239 ou).-
2426 3167 2448 3192 ιι
2468 3144 2618 3239 .Quia
2640 3144 2881 3214 priedixit
2904 3145 3170 3239 Isaias,-in
3194 3145 3386 3215 spiritu
3407 3145 3752 3214 praescientis

444 3250 781 3322 perfectione
812 3251 1056 3322 ponitur.
1097 3253 1268 3307 Terra
1298 3269 1434 3326 ergo
1466 3254 1609 3310 bona
1639 3253 1813 3310 fructu
1848 3263 2039 3311 centu-

446 3349 538 3420 plo
586 3350 927 3415 fecundatur,
997 3350 1216 3422 quando
1267 3351 1400 3407 mite
1458 3367 1556 3408 cor
1611 3360 1665 3407 et
1716 3353 1896 3409 docile
1943 3371 2042 3424 per

449 3453 692 3494 amorem
724 3436 959 3508 proximi
987 3439 1238 3504 activam,
1272 3456 1370 3509 per
1397 3457 1634 3496 amorem
1669 3442 1765 3497 Dei
1794 3451 2037 3498 contem-

451 3525 712 3597 plativam
760 3525 1076 3596 adipiscitur
1121 3528 1281 3582 vitam
1332 3535 1383 3583 et
1431 3529 1791 3598 spiritualium
1821 3541 2045 3587 ornatur

452 3613 792 3685 perfectione
823 3614 1106 3670 virtutum.
1137 3619 1197 3670 In
1217 3617 1432 3672 senario
1459 3625 1637 3673 autem
1669 3636 1897 3676 numero
1919 3622 2047 3692 quia

451 3709 643 3766 mundi
674 3718 896 3764 ornatus
925 3711 1172 3782 expletus
1203 3721 1304 3780 est,
1334 3728 1576 3785 congrue
1603 3716 1867 3786 perfectio
1890 3718 2046 3774 bonae

454 3799 810 3869 operationis,
868 3800 1355 3872 in'adimpletione
1412 3803 1712 3877 Decalogi,
1759 3808 2046 3879 sexagesi-

455 3903 578 3954 mus
606 3887 816 3943 fructus
864 3889 1200 3961 intelligitur.
1233 3891 1563 3947 Tricesimus
1593 3909 1733 3948 vero
1760 3893 1963 3950 fructus
1993 3896 2046 3950 in

454 3977 560 4032 lide
585 3986 786 4034 sancta-'2
815 3979 1346 4050 Trinitatisimpletio
1375 3982 1537 4052 legis.

527 4086 656 4141 Ilaec
683 4085 872 4142 dicens
901 4086 1170 4143 clamabat
1201 4104 1212 4141 :
1242 4108 1264 4139 ι
1301 4087 1408 4151 Qui
1429 4089 1588 4145 habet
1610 4105 1773 4146 aures
1793 4091 2053 4147 audiendi

455 4173 665 4229 audiat.
699 4198 722 4224 ιι
745 4174 1065 4248 Ubicunque
1081 4177 1198 4232 hzec
1213 4177 1508 4234 admonitio
1532 4179 1896 4250 interponitur
1916 4198 2053 4254 mys-

459 4263 621 4318 ticum
646 4280 789 4329 esse,
821 4272 872 4319 et
903 4265 1162 4320 attentius
1203 4268 1556 4336 qumrendum
1596 4269 1862 4336 ostendit,
1907 4271 2053 4342 quod

461 4359 687 4414 dicitur:
721 4359 818 4430 qui
848 4360 1012 4416 habet
1040 4377 1201 4417 aures
1221 4363 1424 4428 cordis,
1458 4364 1512 4418 id
1539 4373 1621 4420 est
1641 4365 2052 4440 intelligentiam

464 4455 680 4525 mentis,
711 4457 913 4523 audiat,
946 4459 1050 4514 hoc
1077 4468 1154 4513 est
1185 4459 1532 4529 spiritualiter
1553 4462 1670 4517 haec
1700 4465 1869 4518 verba
1899 4465 2055 4520 intel—

464 4543 624 4616 ligat.
669 4569 689 4592 α
725 4545 792 4598 Ει
821 4546 1150 4602 accedentes
1179 4547 1430 4617 discipuli
1476 4549 1728 4605 dixerunt
1757 4553 1837 4606 ei:
1873 4553 2052 4621 Quare

463 4641 519 4696 in
548 4641 826 4712 parabolis
856 4641 1095 4714 loqueris
1138 4645 1238 4699 eis.
1291 4644 1394 4713 Qui
1425 4647 1764 4716 respondens
1802 4651 1878 4703 ait
1908 4651 2013 4705 illis
2039 4669 2051 4705 :

467 4730 612 4799 Quia
642 4731 798 4787 vobis
818 4731 1002 4786 datum
1023 4741 1107 4788 est
1129 4749 1293 4788 nosse
1313 4735 1574 4804 mysteria
1598 4737 1754 4807 regni
1773 4738 2051 4810 cmlorum,

465 4829 574 4884 illis
603 4837 784 4885 autem
815 4845 922 4886 non
963 4839 1046 4886 est
1089 4829 1302 4886 datum.
1347 4856 1369 4881 ι»
1411 4833 1664 4904 Mysteria
1693 4835 1850 4908 regni
1884 4837 2056 4893 coelo-

466 4944 581 4982 rum
630 4927 686 4984 in
733 4936 940 4984 secreta
995 4927 1401 5000 Scripturarum
1458 4931 1843 4988 revelabuntur
1882 4934 2060 5006 vobis,

467 5019 556 5088 qui
587 5033 798 5074 mecum
831 5019 967 5074 estis
999 5026 1047 5075 et
1072 5019 1399 5089 sequacibus
1429 5020 1622 5074 vestris
1653 5022 1922 5092 spirituali
1970 5024 2058 5079 in-

467 5113 762 5186 telligentia
784 5115 1180 5171 introeuntibus
1197 5117 1264 5171 ad
1288 5133 1396 5182 me,
1424 5136 1446 5167 ι
1480 5116 1586 5172 illis
1613 5126 1790 5173 autem
1823 5119 1911 5190 qui
1937 5119 2063 5176 foris

466 5211 610 5269 sunt,
630 5226 650 5250 η
672 5210 729 5256 ut
749 5205 962 5260 Marcus
979 5205 1165 5261 scribit
1185 5207 1372 5276 (Marc.
1391 5207 1489 5275 tv),
1515 5229 1537 5254 α
1578 5205 1630 5260 in
1648 5207 1923 5277 parabolis
1941 5223 2062 5263 om-

473 5290 566 5345 nia
596 5289 750 5348 fiunt.
779 5315 801 5340 η
833 5292 991 5347 Foris
1022 5293 1222 5365 quippe
1243 5295 1432 5350 dicens
1453 5311 1560 5350 non
1577 5296 1752 5351 solum
1785 5313 1911 5352 esse
1941 5297 2063 5353 illos

471 5387 564 5460 qui
584 5404 760 5458 neque
777 5389 1045 5443 curabant
1063 5390 1264 5446 intrare
1285 5406 1500 5457 navem,
1528 5408 1706 5465 neque
1725 5410 2061 5467 cognoscere

469 5486 776 5551 veritatem,
810 5486 904 5539 sed
937 5493 990 5540 et
1019 5502 1209 5542 omnes
1227 5488 1332 5542 illis
1353 5489 1563 5544 similes
1585 5493 1837 5562 corporis
1867 5510 2061 5549 sensus

473 5590 684 5637 tantum
717 5589 1028 5652 sequentes,
1059 5591 1114 5636 ut
1144 5583 1274 5637 nihil
1322 5585 1677 5654 spiritualiter
1723 5588 2053 5662 intelligant.

473 5681 637 5745 Nota,
685 5677 780 5732 ubi
827 5675 1026 5732 dicitur
1070 5678 1124 5730 in
1165 5680 1447 5748 parabolis
1491 5683 1672 5738 omnia
1709 5683 1828 5740 ﬁeri
1857 5688 1940 5740 his
1971 5688 2062 5759 qui

474 5769 609 5827 foris
666 5774 785 5823 sunt
844 5765 1080 5822 insinuat
1127 5781 1234 5822 non
1281 5767 1462 5824 solum
1511 5770 1564 5825 in
1603 5773 1781 5829 verbis
1821 5774 2056 5843 Domini,

2150 3233 2349 3298 omnia,
2380 3233 2688 3288 Judasorum
2721 3233 3157 3300 excaecationem,
3203 3249 3311 3288 non
3343 3241 3604 3305 poterant
3634 3252 3754 3291 creo

2151 3331 2282 3384 dere
2317 3348 2328 3382 :
2363 3346 2469 3384 non
2503 3329 2646 3400 quod
2690 3345 2756 3383 ex
2801 3330 3123 3385 necessitate
3167 3346 3274 3385 non
3305 3341 3550 3401 possent,
3597 3341 3650 3387 et
3681 3332 3755 3387 ita

2153 3418 2297 3473 nulla
2330 3418 2485 3488 culpa
2515 3426 2660 3472 esset
2690 3419 2792 3483 eis,
2827 3419 2922 3472 sed
2977 3418 3096 3489 quia
3130 3419 3405 3474 nolebant.
3432 3421 3554 3475 Non
3588 3425 3752 3491 pote-

2152 3522 2274 3569 rant
2303 3514 2546 3577 credere,
2604 3512 2728 3584 quia
2763 3512 2863 3566 Dei
2922 3512 3242 3582 ignorantes
3283 3513 3547 3582 justitiam
3597 3532 3755 3570 suam

2155 3611 2394 3659 statuere
2426 3601 2710 3656 volebant.
2750 3601 3111 3656 Exctecantur
3145 3610 3197 3657 et
3240 3602 3586 3670 indurantur,
3627 3606 3756 3676 quia

2155 3701 2412 3774 negando
2442 3699 2683 3753 divinum
2715 3698 3039 3768 adjutorium
3072 3715 3178 3754 non
3220 3700 3568 3769 adjuvantur.
3595 3701 3757 3771 Quod

2156 3800 2336 3844 autem
2369 3789 2568 3844 dicitur
2597 3804 2706 3842 non
2754 3803 2918 3858 posse
2957 3789 3205 3854 credere,
3249 3789 3322 3844 ita
3351 3798 3432 3845 est
3462 3791 3623 3861 culpa
3653 3808 3758 3848 vo-

2153 3879 2378 3934 luntatis
2408 3880 2675 3941 humanas,
2711 3877 2847 3932 sicut
2877 3877 3023 3948 quod
3069 3877 3267 3933 dicitur
3302 3879 3477 3934 Deum
3509 3880 3755 3952 seipsum

2158 3993 2264 4032 non
2293 3993 2457 4049 posse
2500 3992 2701 4050 negare
2732 3978 2807 4045 (II
2855 3978 2999 4032 Tim.
3058 3978 3138 4046 ιι),
3181 3976 3298 4031 laus
3337 3986 3420 4033 est
3460 3979 3756 4034 voluntatis

2159 4068 2381 4123 divinae.
2402 4065 2663 4121 Nolentes
2711 4065 2878 4137 igitur
2907 4064 3100 4120 oculos
3134 4073 3187 4120 et
3219 4082 3380 4122 aures
3411 4069 3633 4136 aperire
3660 4085 3757 4124 ve-

2159 4156 2328 4219 ritati,
2358 4162 2669 4210 meruerunt
2698 4163 2754 4207 ut
2785 4170 3055 4225 nunquam
3087 4154 3307 4210 videant
3335 4155 3527 4221 oculis,
3564 4163 3620 4212 et
3650 4173 3756 4212 non

2161 4256 2380 4310 audiant
2409 4253 2650 4318 auribus,
2684 4259 2737 4307 et
2767 4268 2881 4307 non
2927 4252 3231 4324 intelligant
3270 4254 3471 4323 corde;
3507 4256 3657 4326 quod
3679 4267 3757 4311 est

2164 4359 2339 4414 neque
2374 4342 2575 4406 videre,
2610 4357 2785 4412 neque
2814 4340 3024 4405 audire,
3057 4351 3109 4396 et
3139 4357 3248 4397 non
3265 4349 3662 4398 convertantur
3690 4342 3755 4396 ad

2165 4431 2558 4503 pmnitentiam,
2610 4438 2662 4484 et
2709 4445 2819 4483 non
2865 4439 3123 4484 sanentur
3153 4447 3181 4484 a
3213 4430 3473 4503 peccatis,
3508 4439 3564 4485 ut
3597 4432 3756 4487 inno-

2165 4530 2397 4588 centiam
2429 4529 2714 4600 recipiant.
2776 4528 2872 4583 Vel
2930 4528 3047 4583 ita:
3095 4530 3219 4584 Non
3277 4530 3568 4600 parabolas
3609 4530 3758 4586 multi

2162 4621 2477 4685 audierunt,
2524 4617 2651 4689 quia
2697 4618 2957 4672 excaecati
2991 4627 3162 4686 erant,
3215 4627 3267 4674 et
3315 4619 3441 4674 inde
3473 4619 3757 4687 excaecati,

2165 4735 2288 4774 cum
2319 4716 2574 4788 superbia
2606 4715 2968 4770 incrassatum
3002 4731 3095 4770 cor
3124 4715 3414 4771 habebant.
3447 4717 3759 4773 Excaecatio

2166 4823 2297 4862 vero
2345 4815 2394 4861 et
2452 4805 2842 4876 parabolarum
2901 4803 3204 4859 obscuritas
3260 4803 3356 4859 fuit
3412 4806 3637 4861 occasio
3692 4822 3759 4862 ne

2168 4896 2402 4966 quando,
2447 4895 2552 4949 hoc
2592 4902 2692 4960 est,
2738 4900 2793 4947 ut
2827 4893 3120 4963 aliquando
3159 4893 3432 4948 salubrius
3461 4904 3759 4951 converte-

2167 5002 2354 5049 rentur
2383 5009 2482 5063 per
2512 4991 2680 5055 illum,
2708 4989 2800 5062 qui
2831 4997 2912 5044 est
2942 4989 3204 5044 terribilis
3232 4991 3284 5044 in
3316 4990 3565 5046 consiliis
3597 5008 3762 5064 super

2169 5091 2308 5146 filios
2338 5090 2617 5145 hominum
2650 5087 2825 5158 (Psal.
2875 5089 3020 5154 va),
3067 5085 3265 5159 quibus
3293 5087 3398 5142 vult
3440 5088 3759 5156 miseretur,

2170 5197 2221 5244 et
2242 5204 2380 5258 quos
2402 5188 2514 5243 vult
2527 5187 2682 5256 juste
2704 5186 2908 5241 deserit
2925 5188 3098 5255 (Rom.
3124 5187 3218 5256 ix).
3238 5186 3360 5240 Non
3381 5185 3512 5257 quia
3529 5187 3764 5242 obscure

2170 5286 2317 5340 dicta
2371 5301 2480 5340 non
2535 5283 2940 5348 intellexerunt,
3002 5281 3124 5337 ideo
3175 5297 3282 5337 non
3328 5282 3684 5338 crediderunt
3712 5283 3766 5336 in

2171 5400 2312 5450 eum,
2347 5390 2398 5438 et
2429 5383 2512 5438 sic
2554 5381 2955 5445 cruciﬁxerunt,
3009 5386 3062 5433 et
3107 5380 3185 5435 sic
3229 5388 3352 5451 post
3408 5382 3763 5437 resurrectio-

2171 5498 2293 5536 nem
2340 5480 2571 5536 interriti
2617 5479 2905 5535 miraculis
2951 5481 3020 5536 de
3067 5487 3216 5534 reatu
3252 5479 3475 5548 majoris
3521 5478 3765 5534 criminis

2169 5570 2480 5640 compuncti
2510 5577 2659 5623 sunt.
2701 5569 2861 5624 Unde
2893 5578 3114 5640 accepta
3145 5567 3486 5638 indulgentia
3516 5567 3763 5638 ampliori

2169 5668 2398 5740 ﬂagrant
2446 5667 2760 5723 dilectione.
2822 5667 2900 5722 De
2949 5667 3071 5722 aliis
3101 5667 3229 5723 dicit
3278 5665 3544 5720 Dominus
3567 5668 3618 5735 (Ι
3639 5667 3759 5721 Cor.

2171 5776 2325 5843 xxv):
2365 5797 2386 5827 ‹
2437 5776 2654 5847 Loquor
2699 5774 2779 5832 eis
2827 5775 2882 5830 in
2925 5775 3048 5831 aliis
3089 5772 3314 5848 linguis,
3352 5780 3407 5829 et
3435 5772 3493 5829 in
3527 5771 3649 5828 aliis
3678 5771 3754 5827 la-
