4062 6074
353 324 460 376 853

1257 312 1841 372 DEFLORATIONES
1878 315 1985 373 SS.
2035 316 2346 374 PATRUM.
2389 351 2460 361 —
2495 321 2635 378 LIB.
2677 323 2731 378 ι.

3551 323 3659 381 85L

353 443 478 511 biis,
518 467 540 493 ι
576 443 854 500 manifesta
887 443 1101 500 scilicet
1130 441 1504 514 apostolorum
1535 439 1805 507 doctrina,
1843 461 1866 492 ι
1892 443 1947 497 et
1979 442 2032 502 A
2064 447 2275 514 mortis,
2299 447 2519 504 dolores
2542 449 2733 506 inferni
2757 449 2925 514 (Psal.
2947 447 3110 512 xm).
3140 467 3163 498 ι
3189 447 3418 519 Propter
3435 447 3541 504 hos
3561 448 3660 505 do-

353 559 458 598 nec
487 543 566 599 sic
597 544 885 598 exaudient
915 559 1001 599 me
1031 559 1046 609 ;
1083 566 1102 591 n
1141 541 1209 597 de
1239 540 1322 595 his
1355 555 1486 596 vero
1519 539 1706 594 dicere
1751 547 1950 611 potest,

358 635 445 691 vel
475 635 552 692 sic
583 636 877 691 exaudient
910 652 1016 691 me.

353 787 430 842 De
466 787 910 860 Septuagesima,
943 787 1325 858 Sexagesima,
1348 785 1841 857 Quinquagesima,
1878 801 1943 841 ac

915 876 982 932 de
1007 875 1472 947 Quadragrsima.

425 1025 892 1098 Septuagenarius
921 1026 1113 1081 eadem
1160 1025 1493 1096 perfectione
1538 1026 1816 1096 perfectus
1866 1031 1950 1082 est

353 1132 458 1185 qua
487 1125 541 1170 et
569 1116 1092 1187 quinquagenarius.
1126 1114 1322 1170 Decies
1348 1113 1554 1186 quippe
1583 1123 1790 1185 septem
1840 1131 1949 1170 Lxx

353 1203 509 1259 ﬁunt.
543 1204 1034 1276 Quadragenarius
1087 1220 1212 1260 cum
1269 1203 1633 1276 sexagenario
1693 1203 1948 1260 vicinita-

352 1300 462 1347 tem
494 1293 675 1358 habet,
709 1308 776 1348 eo
797 1293 942 1364 quod
976 1291 1263 1348 conflictus
1304 1293 1424 1347 sine
1467 1291 1797 1364 perfecﬁone
1847 1293 1949 1349 bo-

352 1390 408 1444 ni
449 1390 640 1461 operis
679 1399 729 1446 et
768 1391 1032 1461 perfectio
1072 1391 1192 1445 sine
1234 1389 1488 1446 conflictu
1518 1407 1642 1446 esse
1680 1407 1790 1446 non
1845 1407 1948 1462 po-

352 1487 478 1533 test.
514 1479 1038 1551 Quinquagenarius
1089 1479 1338 1534 similiter
1393 1488 1449 1533 et
1497 1480 1948 1550 septuagenarius

352 1567 683 1624 vicinitatem
714 1569 936 1632 habent,
969 1568 1166 1623 mentis
1194 1577 1248 1622 et
1280 1568 1529 1638 corporis
1578 1566 1948 1638 signiﬁcantes

352 1657 626 1728 requiem.
666 1657 825 1712 Enim
857 1657 1122 1728 scriptum
1153 1665 1235 1712 est
1269 1673 1281 1712 :
1321 1679 1343 1704 α
1379 1657 1531 1712 Data:
1572 1664 1698 1711 sunt
1743 1657 1948 1713 sanctis

353 1744 508 1800 stolae
538 1745 789 1816 singulae,
823 1754 876 1800 et
903 1745 1106 1800 dictum
1164 1753 1247 1800 est
1300 1745 1427 1800 eis:
1486 1745 1838 1816 Requiescile
1893 1753 1948 1800 et

353 1834 641 1899 sustinete,
670 1833 846 1890 donec
902 1834 1189 1905 impleatur
1242 1849 1503 1890 numerus
1559 1833 1792 1889 fratrum
1850 1850 1948 1890 ve-

352 1931 597 1977 strorum
639 1923 826 1992 (Apoc.
859 1929 956 1992 v1).
994 1944 1016 1970 υ
1052 1921 1290 1993 Singulae
1316 1921 1470 1978 stolae
1497 1921 1576 1977 eis
1604 1923 1744 1978 datae
1798 1928 1944 1990 sunt,

355 2020 445 2090 qui
477 2020 674 2075 mentis
703 2020 866 2075 modo
889 2020 1132 2092 requiem
1165 2020 1219 2074 in
1252 2036 1349 2090 spe
1379 2020 1598 2076 habent.
1632 2021 1767 2076 Cum
1813 2035 1948 2076 vero

349 2109 607 2180 impletus
637 2108 795 2164 fuerit
824 2125 1084 2164 numerus
1106 2109 1358 2176 fratrum,
1392 2108 1532 2164 bina:
1553 2109 1712 2165 stola:
1730 2109 1948 2164 dabun-

352 2206 460 2263 tur,
494 2197 749 2268 quoniam
783 2197 980 2252 mentis
1011 2207 1061 2252 et
1089 2197 1341 2267 corporis
1382 2205 1507 2254 tunc
1536 2199 1785 2270 requiem
1816 2214 1951 2269 pos-

350 2287 624 2352 sidebunt,
660 2287 795 2342 sicut
827 2286 1084 2356 scriptum
1117 2296 1196 2342 est
1229 2303 1241 2340 :
1280 2310 1302 2334 υ
1329 2287 1388 2340 In
1416 2294 1561 2341 terra
1589 2303 1687 2342 sua
1714 2287 1951 2358 duplicia

350 2375 713 2447 possidebunt
743 2378 940 2446 (Deut.
980 2377 1118 2445 xxt).
1153 2398 1174 2424 υ
1209 2376 1678 2449 Septuagesimam
1713 2392 1950 2448 namque

350 2467 710 2520 observamus
733 2465 783 2519 in
807 2464 1056 2536 ﬁguram,
1077 2481 1176 2518 LXX
1193 2479 1484 2531 annorum,
1507 2481 1606 2536 per
1620 2481 1755 2537 quos
1769 2465 1951 2522 afflicti

355 2562 482 2609 sunt
511 2552 603 2608 ﬁlii
635 2553 804 2608 Israel
837 2554 892 2607 in
922 2553 1214 2625 Babylone,
1247 2563 1300 2609 et
1330 2554 1469 2610 sicut
1505 2554 1610 2625 ipsi
1659 2563 1949 2625 antequam

350 2658 453 2698 Lxx
481 2643 607 2697 anni
639 2642 924 2698 ﬁnirentur
957 2642 1155 2713 partim
1188 2643 1503 2711 redeuntes,
1555 2643 1946 2715 aliquantulum

353 2730 623 2788 consolati
658 2739 806 2797 sunt,
841 2732 921 2786 sic
951 2739 1006 2786 et
1035 2747 1136 2786 nos
1165 2731 1316 2800 dum,
1351 2730 1517 2786 ﬁnitis
1573 2747 1675 2787 Lxx
1731 2733 1947 2800 diebus,

353 2820 560 2876 luctum
592 2821 921 2892 paenitentiae
953 2820 1080 2876 licet
1111 2836 1221 2876 non
1271 2820 1428 2892 plene
1477 2821 1848 2878 convertimus
1895 2823 1950 2878 in

354 2909 634 2981 gaudium,
667 2910 875 2965 scilicet
903 2910 956 2964 in
990 2909 1077 2965 die
1109 2910 1569 2966 resurrectionnis
1626 2912 1946 2981 Dominicaz,

351 2998 480 3054 licet
510 2998 928 3071 Septuagesima
958 3006 1148 3056 nostra
1180 3015 1351 3071 usque
1396 2999 1463 3053 ad
1514 3015 1757 3072 sequens
1809 3001 1950 3056 Sab-

352 3086 533 3142 hatum
566 3087 899 3160 porrigatur.
934 3087 1002 3142 Et
1036 3089 1173 3143 sicut
1207 3087 1299 3142 ﬁlii
1329 3089 1497 3144 Israel
1540 3097 1666 3144 ante
1717 3089 1949 3160 Septua-

350 3176 624 3247 gesimum
655 3190 858 3230 annum
889 3175 1104 3247 plenam
1138 3192 1333 3248 pacem
1364 3194 1472 3233 non
1505 3177 1832 3242 habuerunt,
1867 3178 1946 3234 sic

351 3280 452 3319 nec
482 3281 604 3330 nos,
638 3257 890 3334 quamvis
921 3266 987 3319 ad
1030 3266 1314 3322 cmlestem
1368 3266 1704 3322 Hierusalem
1755 3282 1951 3323 rever-

351 3361 529 3408 tamur
561 3370 660 3424 per
690 3354 1036 3426 baptismum,
1073 3355 1158 3411 vel
1191 3371 1289 3426 per
1315 3355 1688 3425 pmnitentiam
1721 3355 1950 3412 liberta-

350 3459 461 3508 tem
510 3452 725 3524 plenam
784 3454 1117 3525 recipiemus
1174 3463 1300 3508 ante
1360 3452 1677 3522 Sabhatum,
1729 3455 1949 3526 quando

349 3541 525 3595 anima
592 3549 908 3598 sanctorum
978 3543 1214 3614 requiem
1282 3553 1543 3600 aeternam
1607 3543 1939 3614 percipiunt.

351 3629 616 3685 Jeremias
646 3631 885 3686 ostendit
915 3631 1208 3686 Dominum
1241 3648 1339 3687 nos
1362 3631 1501 3688 velle
1521 3647 1742 3688 cessare
1763 3649 1792 3686 a
1815 3648 1948 3688 voce

349 3719 534 3792 gaudii
568 3720 828 3791 quamdiu
858 3719 912 3774 in
945 3721 1224 3792 Babylone
1256 3721 1536 3789 fuerimus,
1590 3721 1660 3774 ita
1709 3721 1897 3777 dicens
1932 3741 1943 3776 :

355 3831 376 3855 ‹‹
415 3809 479 3863 Et
505 3824 731 3864 cessare
761 3808 953 3864 faciam
982 3826 1010 3864 a
1045 3809 1208 3866 vobis
1241 3825 1405 3866 voces
1438 3809 1620 3882 gaudii
1655 3817 1706 3864 et
1749 3809 1946 3865 laetitia:

348 3897 489 3967 (Jer.
527 3898 654 3967 vn).
691 3920 713 3944 ι»
749 3897 1099 3970 Quapropter
1126 3900 1365 3956 alleluia
1385 3900 1437 3954 in
1460 3899 1553 3954 illo
1574 3908 1814 3968 tempore
1837 3915 1946 3954 non

347 3993 600 4042 cantatur
656 3987 805 4056 apud
858 4004 979 4054 nos,
1039 3995 1092 4043 et
1147 3988 1496 4044 dulcissimus
1551 3988 1783 4059 hymnus
1839 4003 1942 4042 an-

345 4083 616 4157 gelorum,
652 4083 842 4141 Gloria
872 4087 935 4140 in
965 4087 1208 4142 excelsis
1240 4089 1367 4152 Deo,
1395 4103 1516 4158 quas
1559 4085 1773 4142 cantica
1820 4093 1945 4140 sunt

346 4172 608 4228 ctelestia.
635 4172 796 4228 Unde
826 4174 1065 4229 Joannes
1096 4175 1149 4229 in
1181 4175 1509 4247 Apocitlypsi
1543 4194 1554 4230 :
1595 4199 1615 4223 α
1654 4175 1782 4230 Post
1824 4175 1943 4232 haec

344 4261 525 4316 audivi
555 4260 711 4332 quasi
772 4277 964 4318 vocem
1021 4279 1280 4334 magnam
1342 4265 1590 4318 tubarum
1647 4264 1942 4319 multarum

343 4348 398 4403 in
430 4349 570 4405 caelo
599 4349 895 4404 dicentium
930 4369 942 4407 :
980 4351 1213 4407 Alleluia
1241 4352 1432 4423 (.«tpoc.
1465 4355 1596 4419 χιχ),
1635 4376 1658 4401 ιι
1692 4353 1790 4407 sed
1821 4361 1942 4407 tra-

341 4446 460 4493 ctus
489 4455 589 4510 pro
614 4439 832 4496 alleluia
878 4440 1109 4508 canitur,
1141 4442 1232 4513 qui
1289 4442 1475 4496 suavis
1532 4449 1614 4496 est
1668 4441 1890 4496 auribus
1923 4459 1938 4508 ;

2062 530 2204 588 lores
2228 549 2333 588 non
2359 550 2651 603 possumus
2673 534 2845 589 laetari
2869 541 2921 589 et
2948 531 3124 589 securi
3147 549 3290 599 esse,
3315 533 3411 588 sed
3434 549 3652 606 prepa-

2061 635 2186 675 rare
2201 637 2298 677 nos
2319 622 2580 678 debemus
2597 624 2666 679 ad
2686 623 2912 690 bellum,
2935 630 2991 677 ut
3014 621 3318 692 Apostolus
3331 622 3410 676 ait
3439 642 3450 676 :
3481 646 3503 670 α
3530 622 3652 680 0m-

2059 718 2144 772 nis
2173 728 2348 774 autem
2378 721 2467 792 qui
2500 722 2553 775 in
2581 737 2765 793 agone
2794 721 3098 789 contendit,
3150 721 3222 774 ab
3280 720 3534 776 omnibus
3591 738 3652 778 se

2059 808 2291 863 abstinet
2320 811 2370 876 (Ι
2399 811 2519 866 Cor.
2553 813 2656 880 ιχ).
2703 832 2724 856 ι
2762 811 2924 865 Juxta
2955 810 3322 875 Ambrosium,
3347 810 3416 864 ab
3437 811 3523 865 his
3542 826 3651 866 om-

2058 897 2218 951 nibus
2247 914 2366 970 qute
2396 899 2614 954 vitanda
2645 900 2838 955 eadem
2868 898 3091 954 tradidit
3132 898 3419 969 disciplina
3462 907 3652 954 contra

2058 986 2206 1053 vitia,
2233 987 2392 1042 nobis
2414 987 2686 1043 luctamen
2709 996 2812 1044 est.
2833 989 3092 1043 Futurum
3115 995 3197 1042 est
3215 987 3413 1042 bellum
3438 1005 3452 1054 ;
3477 987 3654 1043 absti-

2057 1091 2286 1130 neamus
2317 1093 2418 1130 nos
2449 1077 2524 1130 ab
2581 1077 2665 1132 his
2724 1095 2845 1148 quae
2897 1075 3196 1147 impediunt
3248 1091 3487 1148 pugnam
3545 1093 3652 1132 no-

2059 1179 2252 1224 stram.
2279 1170 2439 1225 Unde
2465 1169 3169 1242 videturnobisprmceptor
3181 1169 3344 1226 ofﬁcii
3363 1170 3500 1226 velle
3521 1179 3652 1227 tem-

2058 1275 2159 1329 pus
2191 1258 2641 1331 Septuagesimte,
2679 1267 2895 1330 tempus
2925 1259 3100 1314 luctus
3131 1275 3275 1326 esse,
3309 1267 3367 1314 ut
3397 1259 3651 1316 Introitus

2058 1347 2261 1402 indicat
2279 1356 2329 1402 et
2346 1347 2647 1403 Graduale.
2672 1347 3096 1420 Sexagenarius,
3118 1348 3368 1418 quoniam
3390 1363 3650 1406 numerus

2057 1435 2335 1506 perfectus
2367 1446 2472 1503 est,
2508 1437 2598 1508 qui
2633 1452 2663 1492 a
2693 1437 2910 1492 senario
2940 1435 3200 1492 nascitur.
3233 1437 3493 1492 Senarius
3519 1453 3653 1508 per-

2057 1524 2230 1580 fectus
2255 1534 2356 1591 est,
2392 1525 2515 1597 quia
2547 1526 2812 1596 perfectio
2843 1525 2970 1581 boni
3000 1525 3180 1596 operis
3209 1533 3311 1580 est.
3353 1525 3458 1580 Sex
3506 1526 3650 1581 enim

2057 1613 2253 1668 diebus
2283 1623 2537 1685 operatus
2569 1623 2650 1670 est
2682 1615 2848 1679 Deus,
2871 1622 2924 1670 et
2954 1623 3106 1669 sexta
3135 1621 3294 1668 aetate
3323 1613 3508 1668 mundi
3556 1629 3651 1669 ve-

2055 1701 2152 1768 nit,
2189 1710 2299 1758 etc.
2341 1703 2408 1757 Et
2449 1711 2598 1759 recte
2651 1703 2927 1774 perfectus
2985 1710 3088 1768 est,
3147 1707 3239 1774 qui
3293 1703 3377 1757 hie
3431 1702 3648 1770 animae,

1980 1803 2030 1862 Β
2062 1809 2184 1862 quze
2213 1791 2473 1864 perfectae
2501 1791 2554 1846 in
2588 1791 2731 1846 bono
2761 1807 2929 1862 opere
2958 1799 3102 1856 sunt,
3133 1807 3234 1862 per
3275 1791 3420 1846 hunc
3464 1807 3653 1848 nume-

2058 1896 2178 1934 rum
2211 1880 2593 1953 designantur.
2617 1880 2684 1934 Et
2712 1880 2782 1935 de
2814 1879 2932 1936 viro
2961 1879 3196 1951 paciﬁco
3222 1879 3486 1951 scriptum
3543 1887 3648 1936 est.

2064 1994 2084 2020 «
2121 1970 2420 2042 Sexaginta
2449 1968 2655 2042 reginae
2683 1976 2737 2024 et
2764 1967 3042 2040 octoginta
3068 1967 3408 2033 concubinae,
3433 1976 3484 2024 et
3512 1968 3652 2025 ado-

2057 2057 2488 2114 lescentularum
2518 2074 2626 2114 non
2657 2065 2741 2113 est
2797 2073 3057 2113 numerus
3112 2057 3278 2125 (Con.
3339 2059 3441 2124 γι).
3481 2080 3502 2104 η
3568 2056 3651 2112 Illi

2059 2148 2204 2203 enim
2235 2148 2329 2218 qui
2360 2147 2412 2201 in
2440 2146 2779 2218 perfectione
2812 2145 2942 2200 boni
2973 2145 3160 2216 operis
3205 2145 3511 2201 consistunt
3556 2161 3652 2202 re-

2061 2235 2206 2308 ginae.
2237 2242 2520 2290 vocantur.
2555 2233 2640 2288 Illi
2669 2242 2848 2288 autem
2878 2234 2971 2304 qui
2999 2233 3179 2288 minus
3208 2232 3430 2305 aliquod
3458 2249 3491 2288 a
3518 2249 3652 2305 per-

2062 2332 2296 2388 fectione
2327 2339 2476 2396 sunt,
2508 2330 2730 2387 nomine
2790 2329 3114 2386 concubinae
3167 2329 3546 2402 designantur,
3604 2336 3657 2386 et

2062 2421 2154 2493 qui
2189 2423 2241 2474 in
2274 2420 2381 2476 ﬁde
2414 2419 2759 2476 solummodo
2789 2427 2934 2483 sunt,
2963 2419 3184 2474 nomine
3221 2417 3658 2474 adolescentula-

2060 2527 2185 2565 rum
2217 2517 2506 2564 vocantur.
2569 2509 2628 2563 In
2681 2507 3038 2579 Sexagesima
3094 2505 3413 2562 circumdati
3469 2521 3659 2562 sumus

2062 2597 2509 2654 tribulationibus
2540 2596 2975 2668 quammaximis,
3008 2610 3073 2652 ac
3101 2595 3148 2650 si
3199 2609 3308 2650 non
3367 2602 3515 2651 esset
3569 2594 3657 2651 lo-

2060 2703 2158 2746 cus
2190 2687 2487 2744 evadendi.
2529 2685 2885 2741 Vendidimus
2922 2700 3022 2740 nos
3052 2683 3155 2740 sub
3185 2692 3430 2755 peccato,
3457 2683 3512 2738 in
3551 2698 3654 2740 no-

2061 2777 2144 2832 bis
2176 2792 2283 2833 non
2312 2785 2395 2832 est
2425 2775 2590 2829 virtus
2621 2773 2892 2829 solvendi.
2928 2773 3088 2829 Unde
3131 2772 3330 2830 dicitur
3376 2771 3430 2826 in
3479 2772 3658 2844 prima

2060 2866 2344 2922 oratione:
2384 2889 2406 2914 α
2443 2865 2611 2928 Deus,
2647 2861 3056 2936 quiconspicis,
3082 2861 3209 2934 quia
3228 2862 3282 2916 in
3303 2859 3456 2916 nulla
3471 2869 3655 2917 nostra

2059 2955 2258 3011 virtute
2279 2951 2652 3009 subsistimus.
2682 2973 2705 3000 ι
2725 2951 2858 3006 Inde
2881 2951 3044 3006 etiam
3065 2950 3226 3022 quasi
3245 2949 3656 3016 dubitantes,an

2060 3044 2325 3100 Dominus
2347 3042 2632 3098 nobiscum
2655 3040 2743 3109 sit,
2763 3040 2820 3094 in
2849 3040 3075 3095 lntroitu
3096 3039 3341 3095 decimus
3363 3058 3380 3096 :
3405 3060 3432 3088 ιι
3452 3039 3658 3094 Exsur-

1977 3161 2026 3226 Ο
2060 3149 2156 3226 ge,
2173 3128 2972 3226 quare-obdormis,.Domine.?
3000 3152 3021 3177 η
3041 3129 3218 3226 (Paul.
3245 3129 3429 3198 xuii.)
3449 3128 3506 3182 In
3529 3126 3655 3199 Epic

2057 3224 2198 3278 stola
2228 3221 2599 3278 confortamur
2629 3219 2699 3274 ab
2730 3218 3014 3290 Apostolo,
3047 3225 3104 3272 ut
3150 3217 3292 3272 viam
3337 3231 3651 3288 quaeramus

2059 3319 2332 3376 evadendi
2350 3317 2418 3373 de
2442 3317 2774 3388 captivitate,
2796 3323 2852 3371 et
2873 3314 3240 3386 despiciemus
3259 3314 3530 3380 dominos,
3563 3310 3655 3384 qui

2057 3426 2160 3465 nos
2191 3409 2260 3464 ad
2292 3407 2586 3464 delendum
2620 3413 2824 3461 tenent.
2859 3402 3358 3474 Dicitindignando
3372 3418 3538 3474 super
3557 3417 3654 3458 eos

2057 3499 2150 3571 qui
2168 3498 2325 3552 malis
2345 3497 2545 3554 cedunt
2570 3515 2580 3550 :
2607 3519 2628 3543 «
2653 3494 2904 3550 Libenter
2924 3492 3163 3549 suffertis
3183 3491 3655 3564 insipientes,cum

2059 3587 2178 3642 sitis
2209 3587 2312 3658 ipsi
2344 3587 2617 3656 sapientes
2640 3583 2713 3654 (II
2742 3583 2862 3640 Cor.
2898 3582 2997 3653 xx).
3037 3603 3059 3632 ι
3097 3580 3231 3636 Inde
3261 3595 3362 3637 nos
3393 3580 3464 3636 de
3485 3579 3651 3635 tribuo

2055 3676 2257 3731 latione
2289 3673 2726 3730 conscendentes
2745 3673 2812 3726 ad
2831 3671 3220 3743 requirendum
3242 3669 3529 3742 proprium
3551 3670 3655 3724 Do-

2055 3765 2265 3819 minum
2296 3771 2562 3830 nostrum,
2595 3761 2830 3817 dicimus
2860 3779 2874 3815 :
2909 3780 2932 3812 ι
2957 3759 3142 3816 Sciant
3161 3766 3375 3830 gentes,
3393 3757 3650 3830 quoniam

2054 3870 2251 3909 nomen
2280 3853 2377 3908 tibi
2407 3853 2556 3907 Deus
2586 3853 2662 3923 (Il
2687 3851 2863 3908 Much.
2895 3850 2956 3919 ι).
2985 3872 3006 3897 »ι
3035 3850 3269 3904 Tractus
3295 3847 3654 3904 ϐοωπιουὶεῆ

2052 3943 2292 3998 ostendit
2321 3950 2519 3997 terram
2550 3947 2884 3997 commotam
2915 3937 3248 3994 conscientia
3275 3943 3646 4006 peccatorum.

2055 4033 2179 4088 Post
2209 4039 2406 4086 terram
2437 4037 2767 4084 commotam
2795 4042 2987 4082 semen
3017 4025 3312 4080 inducitur.
3337 4024 3397 4078 In
3427 4030 3650 4094 septua-

2051 4120 2265 4194 gesima
2286 4117 2555 4188 increpati
2579 4132 2788 4184 sumus,
2812 4115 2937 4186 quia
2957 4113 3119 4168 otiosi
3139 4112 3408 4175 stetimus,
3440 4110 3649 4168 inducti

2050 4224 2239 4265 sumus
2271 4207 2340 4262 ad
2370 4205 2584 4261 vineam
2607 4204 2894 4259 colendam
2929 4221 2948 4268 ;
2978 4202 3031 4256 in
3065 4198 3425 4273 Sexagesima
3460 4206 3643 4256 autem

2049 4313 2240 4353 semen
2263 4294 2518 4364 jacimus.
2552 4293 2687 4348 Haec
2716 4290 2984 4362 procurrit
3006 4289 3075 4344 ad
3098 4295 3347 4361 quartam
3380 4287 3569 4344 feriam
3589 4287 3647 4343 in

2051 4386 2278 4452 Pascha,
2311 4384 2366 4439 in
2398 4398 2510 4454 qua
2540 4380 2716 4437 sancti
2745 4380 2813 4434 ad
2839 4378 3253 4451 percipiendum
3283 4393 3513 4449 regnum
3541 4391 3644 4434 vo-

2051 4482 2266 4530 cantur.
2314 4472 2394 4528 Ad
2433 4471 2580 4544 quod
2620 4485 2721 4525 nos
2783 4484 2883 4539 per
2948 4466 3368 4540 Sexagesimam
3423 4481 3645 4522 currere

343 4536 560 4634 alleluia
585 4545 775 4634 Pu“?
807 4546 1026 4610 ΡΓοΡιθΓ
1054 4539 1317 4594 honorem
1352 4539 1568 4634 Ριίίτξτδὲ-
1595 4539 1800 4612 lingua?
1855 4547 1937 4595 εει
1969 4519 2024 4583 D
2051 4569 2293 4634 oportet.
2338 4519 2476 4616 Nam
2509 4559 2760 4615 senarius
2783 4519 2886 4628 per
2901 4519 3192 4613 dena'itjm
3212 4557 3402 4612 ductus
3417 4570 3482 4610 ιχ
3498 4570 3644 4611 com-

341 4626 686 4696 prteclarius.
726 4628 826 4681 Per
885 4644 991 4682 Lxx
1043 4644 1223 4684 annos
1277 4628 1601 4700 captivitatis
1644 4645 1779 4701 quos
1835 4645 1936 4684 nos

344 4715 675 4770 mutavimus
705 4715 760 4769 in
816 4731 919 4770 Lxx
982 4715 1100 4771 dies
1151 4717 1422 4787 jejunium
1480 4727 1593 4774 erat
1646 4718 1790 4789 apud
1842 4719 1937 4775 Ju-

341 4815 511 4869 dteos.
546 4814 700 4870 Unde
732 4816 995 4870 Dominus
1026 4833 1124 4887 per
1154 4817 1472 4872 Zachariam
1506 4835 1518 4870 :
1561 4842 1581 4867 «
1617 4820 1747 4874 Cum
1791 4819 1935 4888 jeju-

341 4902 549 4958 naretis
577 4911 629 4958 et
658 4903 991 4974 plangeretis
1020 4921 1122 4974 per
1151 4905 1251 4960 bos
1299 4921 1400 4961 Lxx
1445 4922 1641 4970 annos,
1691 4907 1936 4978 nunquid

334 4990 606 5061 jejunium
633 4992 928 5062 jejunastis
960 4993 1090 5048 mihi
1111 4995 1139 5048 ἱ)
1164 5018 1186 5040 η
1223 4996 1364 5063 (Jac.
1398 4998 1521 5064 vn.)
1554 4994 1734 5051 Graeci
1757 4996 1937 5066 proxi-

340 5095 484 5134 mam
513 5081 914 5136 hebdomadam
945 5081 1286 5138 sanctiticant
1315 5099 1420 5138 suo
1462 5083 1694 5152 jejunio.
1742 5083 1934 5140 Clerici

337 5177 532 5245 nostri,
563 5185 788 5233 auctore
821 5178 1158 5249 Telesphoro
1187 5195 1351 5250 papa,
1405 5181 1497 5252 qui
1537 5181 1813 5236 constituit
1862 5198 1936 5236 vn

337 5264 807 5322 hebdomadarum
832 5266 1100 5336 jejunium
1131 5277 1256 5322 ante
1290 5270 1511 5336 Pascha,
1544 5269 1757 5324 tertiam
1799 5286 1925 5324 suo.

336 5354 646 5424 Preceptor
675 5363 857 5410 tamen
887 5354 1050 5410 ofﬁcii
1082 5358 1136 5410 in
1163 5357 1436 5428 superiori
1470 5357 1780 5423 Dominica,
1815 5375 1936 5429 quae

336 5451 566 5497 vocatur
599 5443 1037 5515 Septuagesima,
1065 5445 1327 5514 majorem
1361 5448 1720 5502 mutationem
1752 5447 1936 5518 requi-

333 5539 403 5593 rit
433 5557 593 5611 quam
627 5555 884 5611 agamus.
927 5542 1327 5600 Constitutione
1359 5545 1520 5601 oﬁicii
1555 5546 1635 5599 sui
1661 5546 1934 5615 jejunium

335 5625 389 5679 in
430 5624 782 5681 tribulatione
813 5626 1083 5681 intimavit
1134 5627 1186 5682 in
1241 5629 1413 5699 prima
1462 5632 1709 5686 oratione
1756 5633 1938 5687 missae

339 5713 560 5769 dicens:
591 5736 612 5760 α
639 5715 705 5770 Ut
726 5714 817 5784 qui
835 5713 983 5785 juste
1005 5731 1105 5787 pro
1126 5717 1366 5788 peccatis
1379 5719 1577 5774 nostris
1590 5719 1933 5790 afﬂigimur.-

343 5812 404 5868 In
434 5811 662 5869 Introitu
693 5812 870 5869 dicit:
923 5837 944 5862 α
1006 5813 1496 5872 Circumdederunt
1554 5833 1642 5874 me
1697 5819 1938 5890 gemitus

2046 4652 2178 4725 plet.
2212 4649 2481 4707 Denarius
2511 4657 2689 4704 autem
2719 4647 2788 4702 ad
2814 4645 3128 4702 mercedem
3145 4660 3381 4716 operum
3402 4643 3638 4714 respicit,

2045 4749 2296 4806 senarius
2325 4747 2396 4802 ad
2427 4745 2808 4817 perfectiones,
2845 4742 3055 4800 scilicet
3097 4756 3357 4813 operum.
3406 4739 3463 4795 Si
3516 4738 3640 4811 quis

2044 4839 2208 4910 igitur
2237 4853 2333 4908 per
2375 4834 2761 4906 perfectionem
2791 4831 3112 4888 mercedem
3167 4845 3396 4900 Operum
3454 4827 3640 4898 requi-

2044 4928 2134 4986 rit.
2168 4927 2284 4997 ipse
2316 4923 2585 4995 percipiet
2613 4937 2846 4993 regnum
2892 4918 3038 4992 quod
3095 4918 3255 4974 nobis
3305 4915 3639 4989 promittitur

2043 5016 2095 5071 in
2124 5023 2316 5088 quarta
2347 5012 2484 5069 feria
2511 5009 2773 5084 paschali.

2714 5202 2945 5244 DIVISIO.

2117 5373 2633 5446 Quinquagenarius
2662 5389 2765 5430 nec
2794 5372 2975 5428 minus
3008 5379 3091 5428 est
3119 5373 3394 5444 perfectus
3407 5388 3472 5430 eo
3493 5374 3638 5446 quod

2045 5478 2075 5516 a
2109 5463 2423 5534 septenario
2459 5471 2746 5518 nascatur.
2787 5463 3004 5533 Septies
3029 5461 3172 5518 enim
3240 5470 3452 5535 septem
3509 5463 3646 5518 ﬁunt

2047 5568 2205 5607 xux.
2251 5551 2307 5607 Si
2327 5551 2495 5606 addas
2527 5568 2704 5617 UNUI,
2739 5568 2769 5608 ι
2797 5550 2956 5606 ﬁunt.
3005 5550 3502 5625 Quinquagesimus
3549 5569 3646 5606 an-

2050 5657 2152 5694 nus
2177 5640 2430 5712 jubileus
2461 5640 2776 5707 vocabatur,
2810 5640 2864 5696 id
2909 5648 2992 5696 est
3049 5655 3224 5696 annus
3281 5639 3642 5704 remissionis,

2050 5730 2106 5784 in
2139 5745 2245 5802 quo
2277 5728 2456 5784 omnis
2487 5729 2772 5800 possessio
2804 5729 3176 5785 revertebatur
3231 5731 3301 5785 ad
3363 5727 3643 5783 dominum

2047 5818 2347 5893 proprium,
2384 5825 2436 5875 et
2466 5825 2592 5877 tunc
2620 5819 2799 5876 omnis
2829 5833 3021 5877 servus
3045 5818 3186 5875 liber
3215 5816 3604 5893 egrediebatur
3630 5830 3646 5886 ;
