4062 6074
414 245 521 300 855

1559 237 1902 297 WERNERI
1941 234 2225 322 ABBATIS
2263 235 2328 292 S.
2373 234 2594 291 BLASII

3603 234 3709 291 856

408 381 515 442 _nec
537 365 636 422 bos
666 379 769 420 nec
795 363 980 419 asinus
1011 365 1362 437 operabatur.
1394 366 1462 420 Et
1515 365 1560 419 si
1607 364 1812 437 aliquid
1860 369 2006 418 terra
2036 361 2089 421 A
2121 360 2286 416 totius
2313 368 2600 417 creaturae.
2634 361 2695 416 In
2722 375 2795 414 xr.
2811 357 2993 430 aliqua
3010 373 3144 430 pars
3159 374 3358 430 pugna:
3371 364 3592 430 peracta
3605 367 3710 412 est.

418 463 614 526 sponte
647 454 826 520 ferret,
858 453 1192 524 pauperibus
1231 454 1587 510 tribuebatur.
1644 453 2009 524 Quinquage-

417 544 554 598 sima
582 543 637 598 in
670 543 828 598 tertio
858 543 1033 615 gradu
1083 542 1358 600 consistit.
1411 546 1581 598 Antea
1631 541 2014 597 dubitabamus

419 648 594 696 utrum
635 639 890 711 proprius
921 640 1185 696 Dominus
1217 640 1501 696 nobiscum
1519 642 1686 705 esset,
1714 638 1836 708 jam
1859 645 2016 693 tene-

423 746 544 784 mus
574 729 724 783 illum
757 737 810 783 et
828 728 1056 784 dicimus
1083 744 1095 783 :
1126 754 1147 778 ‹‹
1172 730 1305 784 Esto
1326 729 1458 783 mihi
1478 729 1532 782 in
1554 729 1723 783 Deum
1750 733 2017 798 protecto-

426 834 543 874 rem
562 825 615 872 et
635 817 688 870 in
703 817 881 873 locum
901 817 1100 889 refugii
1117 827 1128 883 (
1144 820 1293 874 PsaI.
1312 819 1477 888 xxx).
1491 841 1510 866 η
1529 819 1708 888 Ipsum
1728 831 2018 886 precamur

429 907 625 964 ducem
649 906 850 960 militiae
867 915 1069 962 nostra-3
1091 907 1351 963 dicendo:
1377 931 1398 955 «
1421 909 1534 962 Dux
1556 906 1686 960 mihi
1702 905 1810 960 eris
1825 912 1879 960 et
1895 921 2018 959 enu-

427 1005 560 1061 tries
590 1021 676 1060 me
707 1006 910 1075 (ibid).
948 1028 968 1053 η
1001 1007 1124 1060 Jam
1152 1006 1206 1059 in
1237 1005 1586 1076 expeditione
1615 1021 1820 1059 sumus.
1866 1003 2019 1060 Unde

417 1101 482 1162 _et
500 1095 796 1165 Apostolus
820 1093 979 1150 nobis
1001 1094 1200 1150 indicat
1223 1094 1418 1166 quibus
1458 1094 1625 1148 armis
1655 1093 1966 1148 muniamur
2002 1111 2015 1147 :

433 1206 455 1231 «ι
489 1185 645 1239 Nunc
674 1192 853 1238 autem
898 1191 1119 1238 manent
1173 1181 1328 1250 fides,
1387 1200 1535 1254 spes,
1593 1182 1856 1246 charitas,
1914 1183 2019 1237 tria

428 1273 548 1328 haec
575 1272 628 1342 (Ι
659 1273 780 1328 Cor.
812 1273 958 1341 xm).
1001 1296 1020 1319 η
1055 1273 1135 1326 De
1165 1273 1362 1344 quibus
1382 1271 1513 1327 dicit
1533 1272 1587 1326 in
1607 1271 1708 1325 alia
1728 1271 2016 1342 Epistola:

433 1385 454 1410 -
491 1365 553 1416 In
582 1361 837 1416 omnibus
869 1368 1148 1416 sumentes
1177 1369 1384 1416 scutum
1416 1359 1543 1416 fidei
1563 1360 1784 1431 (Ephes.
1809 1377 1880 1427 v1,
1910 1383 1931 1409 η
1967 1369 2018 1416 et

425 1458 668 1529 reliqua.
715 1457 1105 1527 Triumphator
1168 1457 1372 1513 militia
1435 1465 1635 1512 nostra:
1689 1457 1835 1511 Deus
1903 1464 2010 1512 est.

427 1547 526 1602 Cui
556 1546 750 1600 dicitur
782 1562 795 1599 :
834 1568 856 1594 α
891 1546 970 1600 Tu
1000 1561 1060 1602 es
1082 1547 1336 1616 Deusqui
1369 1545 1500 1601 facis
1535 1545 1810 1600 mirabilia
1836 1547 2014 1616 (Psal.

429 1635 632 1703 LXXVI).
668 1654 688 1683 ι
716 1635 943 1690 Tractus
974 1650 1106 1690 vero
1125 1635 1360 1691 Domino
1381 1651 1479 1690 nos
1514 1635 1757 1706 praecipit
1789 1635 2013 1700 servire,

2123 449 2263 505 Dicit
2285 449 2446 504 nobis
2467 466 2628 522 quem
2651 448 2700 503 in
2726 446 3167 520 Quadragesima
3179 454 3544 518 protectorem
3567 446 3716 502 invo-

2123 537 2366 593 cavimus
2401 556 2413 590 :
2453 560 2474 585 α
2510 537 2788 593 Invocabit
2815 553 2903 591 me
2935 544 2986 591 et
3016 552 3120 607 ego
3162 535 3451 592 exaudiam
3503 552 3648 602 eum,
3690 560 3712 583 ιο

2125 635 2178 680 et
2208 627 2432 696 reliqua.
2465 627 2704 697 Epistola
2739 625 2812 680 ita
2846 641 2859 680 :
2891 626 3161 697 Tempore
3191 634 3415 696 accepto
3459 625 3718 680 exaudivi

2126 723 2176 770 te
2211 730 2222 782 ;
2257 723 2310 769 et
2338 714 2391 768 in
2424 715 2793 786 Responsorio
2827 733 2838 769 :
2884 715 3127 788 Angelus
3174 714 3411 780 Domini,
3461 714 3708 770 custodi.

2125 815 2186 867 In
2217 814 2412 868 Tractu
2449 833 2459 868 :
2497 814 2658 869 Scuto
2703 813 2949 868 veritatis
3002 812 3321 869 circumdati
3381 829 3586 866 sumus.
3654 813 3721 865 In

2123 902 2457 973 Evangelico
2495 902 2562 956 ad
2601 901 2928 972 triumphum
2969 900 3240 955 tendimus
3275 942 3290 966 ,
3348 898 3406 954 ut
3467 900 3722 955 dicamus

2125 992 2350 1046 inimico
2380 1006 2391 1044 :
2429 991 2596 1057 Vade,
2628 990 2870 1057 Satanas,
2893 989 2948 1044 in
2985 989 3282 1044 interitum.
3346 989 3400 1043 A
3456 989 3720 1060 supradi-

2127 1089 2215 1134 cta
2237 1079 2517 1134 Dominica
2541 1095 2712 1150 usque
2736 1079 2803 1134 ad
2834 1079 3161 1150 baptismum
3195 1094 3310 1132 χιιι
3337 1078 3456 1133 dies
3484 1094 3722 1149 compn-

2128 1175 2324 1224 tantur.
2359 1169 2460 1224 Tot
2489 1183 2619 1224 ecce
2649 1168 2959 1223 mansiones
2993 1167 3206 1222 fuerunt
3249 1166 3477 1223 ﬁliorum
3527 1167 3718 1234 Israel,

2129 1265 2346 1336 quando
2378 1265 2627 1320 exierunt
2657 1265 2724 1321 de
2757 1274 2898 1320 terra
2927 1265 3145 1336 Egypti
3173 1281 3356 1338 usque
3401 1265 3467 1319 ad
3516 1271 3720 1320 terram

2127 1353 2529 1424 promissionis.
2563 1353 2737 1408 Prima
2768 1353 2951 1424 itaque
2990 1354 3202 1408 mansio
3249 1353 3545 1408 vocabatur
3601 1353 3717 1406 Ra-

2127 1457 2328 1506 messe,
2349 1441 2402 1495 id
2423 1449 2504 1496 est
2526 1442 2691 1497 motio
2710 1442 2795 1497 vel
2819 1441 3114 1497 tonitruum
3137 1461 3148 1505 ;
3171 1458 3227 1508 ιι,
3245 1441 3466 1508 Sochot,
3479 1441 3533 1494 id
3549 1449 3631 1496 est
3648 1449 3723 1494 ta-

2127 1530 2478 1584 bernaculum
2501 1546 2608 1596 ;ιιι,
2624 1532 2839 1594 Etham,
2859 1531 2912 1584 id
2931 1539 3012 1586 est
3033 1530 3314 1595 fortitudo,
3330 1529 3416 1586 vel
3433 1529 3716 1600 perfectio;

2126 1634 2204 1685 ιν,
2232 1619 2603 1685 Phihahiroth,
2626 1619 2681 1673 id
2713 1626 2796 1674 est
2827 1636 2888 1675 os
2920 1619 3185 1674 nobilium
3213 1637 3226 1684 ;
3256 1635 3310 1683 v,
3345 1619 3515 1684 Mara,
3549 1618 3602 1672 id
3636 1626 3721 1672 est

426 1723 554 1795 quia
575 1739 674 1778 nos
714 1721 841 1778 fecit
875 1740 887 1776 :
919 1738 1027 1778 non
1057 1723 1106 1778 ei
1137 1723 1223 1779 cui
1253 1724 1618 1794 nosmetipsos
1643 1723 2012 1778 vendidimus.

2131 1707 2484 1773 amaritudo;
2518 1723 2597 1773 vx,
2645 1708 2806 1772 Elim,
2866 1708 2920 1762 id
2981 1716 3065 1763 est
3119 1707 3318 1763 arietes
3374 1707 3587 1771 fortes;
3620 1722 3714 1770 vn,

429 1822 489 1875 In
513 1836 587 1875 ιιι
616 1820 1027 1886 seminavimus,
1061 1820 1113 1874 in
1143 1835 1175 1874 L
1204 1819 1434 1876 fructum
1483 1821 1820 1892 colligimus.
1876 1819 2016 1889 Quid

428 1909 571 1964 enim
603 1925 780 1965 caecus
807 1908 1015 1978 aliquid
1036 1925 1067 1962 a
1090 1909 1319 1964 Domino
1341 1909 1610 1979 quaesivit,
1635 1909 1738 1964 nisi
1770 1917 1825 1963 ut
1865 1909 2016 1964 frue-

426 2006 582 2054 retur
609 1997 834 2061 lumine.
881 1999 1134 2053 Fructum
1183 1998 1452 2068 quaesivit,
1499 1997 1729 2054 fructum
1775 1997 2007 2052 invenit.

423 2088 535 2142 Ista
564 2086 693 2142 luna
713 2086 1014 2142 secundum
1028 2086 1181 2142 Diem
1202 2088 1418 2142 Paschae
1441 2087 1632 2158 tangit.
1666 2088 1812 2142 Sicut
1832 2094 2012 2141 autem

423 2175 679 2232 senarius
717 2174 1110 2246 perfectionem
1169 2175 1439 2231 bonorum
1503 2191 1732 2245 operum
1777 2175 2012 2232 demon-

418 2268 582 2332 strat,
625 2264 700 2320 ita
737 2263 1245 2336 quinquagenarius
1283 2264 1468 2319 omnia
1504 2279 1672 2335 opera
1711 2264 1854 2320 bona
1892 2281 2012 2335 quae

417 2359 769 2431 perficiuntur
799 2375 900 2430 per
932 2375 965 2413 v
997 2375 1194 2414 sensus
1234 2360 1505 2431 corporis.
1553 2360 1859 2432 Quinquies
1907 2363 2010 2417 de-

414 2464 556 2514 cem,
589 2445 800 2503 Lfiunt.
834 2446 890 2501 Si
945 2447 1068 2518 quis
1121 2465 1222 2518 per
1277 2449 1607 2505 exteriorem
1664 2449 2010 2505 administra-

409 2537 615 2593 tionem
645 2553 683 2590 χ
713 2534 883 2592 verba
912 2535 1052 2608 legis
1077 2537 1374 2608 complevit
1421 2538 1476 2592 in
1533 2537 1740 2609 Spiritu
1795 2547 2004 2606 sancto,

409 2641 521 2682 non
549 2625 757 2680 dubitet
785 2625 856 2680 ad
883 2625 1218 2681 consortium
1249 2626 1677 2697 perveniendum
1707 2643 1832 2683 esse
1865 2629 2003 2684 bea-

407 2714 946 2781 mresurrectionis,
978 2731 1102 2786 quae
1158 2715 1466 2772 celebratur
1525 2715 1583 2771 in
1635 2718 1845 2773 Pascha
1893 2719 2002 2773 Do-

405 2803 559 2860 mini.
592 2804 697 2859 Per
725 2803 1029 2858 Sabbatum
1059 2803 1305 2861 venimus
1332 2805 1398 2860 ad
1429 2805 1776 2862 Dominicum
1831 2806 1996 2873 diem,

406 2903 487 2960 sic
514 2911 568 2958 et
607 2918 707 2972 per
745 2901 1117 2972 septiformem
1147 2903 1406 2974 Spiritum
1462 2903 1642 2976 legem
1696 2904 1994 2975 implendo,

404 2993 475 3048 ad
511 2991 986 3047 resurrectionem.
1026 2992 1162 3047 Tres
1235 2993 1440 3065 gradus
1505 3001 1631 3048 sunt
1692 2993 1994 3050 ofﬁciorum

2124 1821 2273 1860 mare
2303 1806 2548 1860 Rubrum
2581 1821 2596 1868 ;
2632 1821 2748 1872 vm,
2783 1805 2896 1870 Sin,
2929 1806 2983 1860 id
3015 1814 3098 1861 est
3128 1805 3317 1873 rubus,
3369 1805 3458 1860 vel
3510 1806 3718 1872 odium,

2125 1895 2244 1948 sive
2275 1894 2601 1964 adju'torium
2637 1910 2648 1963 ;
2683 1910 2764 1964 ix,
2799 1896 3146 1966 Depchapba,
3195 1895 3247 1949 id
3305 1902 3386 1949 est
3435 1893 3667 1964 pulsatio
3703 1910 3716 1962 ;

2126 1997 2186 2049 Χ,
2221 1983 2375 2050 Aliis,
2409 1983 2462 2037 id
2499 1992 2581 2039 est
2615 1983 3010 2039 firmamentum
3044 2003 3058 2050 ;
3093 2001 3170 2045 χι,
3207 1983 3516 2054 Raphidim,
3551 1984 3603 2038 id
3635 1993 3721 2038 est

2123 2071 2410 2127 dissolutio
2443 2071 2657 2127 fortium
2687 2073 2776 2126 vel
2810 2072 3058 2127 remissio
3105 2087 3326 2126 manum
3356 2091 3370 2137 ;
3421 2088 3526 2139 xu,
3562 2073 3716 2138 Sina,

2119 2160 2174 2214 id
2206 2168 2287 2215 est
2322 2161 2476 2215 rufus
2508 2177 2524 2226 ;
2555 2177 2672 2226 xm,
2727 2160 2995 2232 Sepulcra
3047 2161 3503 2232 concupiscentia!
3531 2179 3546 2226 ;
3599 2176 3716 2228 xxv,

2120 2259 2374 2322 Aserotb,
2408 2257 2462 2312 id
2493 2266 2573 2312 est
2603 2257 2823 2314 vincula
2854 2258 2940 2313 vel
2971 2258 3293 2328 disciplina;
3326 2274 3424 2321 xv,
3453 2259 3716 2324 Rechma,

2117 2346 2173 2400 id
2204 2354 2285 2400 est
2317 2346 2525 2401 sonitus
2569 2347 2656 2402 vel
2707 2347 3042 2416 juniperus:
3102 2364 3213 2413 xv1,
3273 2348 3717 2418 Remonphares,

2117 2433 2171 2489 id
2203 2443 2284 2490 est
2313 2435 2495 2505 punici
2529 2435 2656 2488 mali
2687 2435 2918 2499 divisio;
2953 2451 3092 2501 xvu,
3127 2436 3350 2503 Lebria,
3382 2435 3436 2490 id
3466 2443 3550 2490 est
3577 2436 3719 2491 late-

2116 2539 2274 2590 rem;
2307 2540 2464 2588 xvm,
2501 2524 2674 2579 Ressa
2705 2525 2850 2596 quod
2891 2525 3126 2579 vertitur
3184 2525 3239 2579 in
3296 2523 3482 2580 frenos
3513 2541 3528 2590 ;
3587 2540 3715 2589 xxx,

2114 2612 2287 2678 Calta,
2321 2613 2374 2667 id
2406 2621 2488 2668 est
2518 2613 2749 2668 ecclesia
2782 2635 2795 2677 ;
2827 2631 2930 2682 xx,
2965 2614 3195 2684 Sepher,
3243 2612 3296 2668 id
3336 2618 3420 2668 est
3467 2613 3718 2684 pulchri-

2114 2717 2283 2782 tudo;
2319 2734 2442 2783 xxr,
2484 2719 2668 2785 arada,
2706 2718 2758 2773 id
2790 2716 2871 2772 eSt
2905 2718 3230 2774 miraculum
3268 2737 3280 2783 ;
3333 2733 3474 2784 xxu,
3521 2719 3710 2774 Mace-

2111 2805 2247 2873 loth,
2279 2807 2332 2861 id
2365 2815 2447 2862 est
2493 2817 2668 2863 cmtus
2701 2825 2715 2874 ;
2770 2822 2936 2874 XXIII,
2996 2808 3198 2874 Thaad,
3259 2807 3313 2862 id
3369 2815 3452 2862 est
3488 2823 3708 2880 pavor;

2111 2911 2261 2964 xxrv,
2293 2896 2488 2962 Thare,
2522 2896 2578 2950 id
2611 2904 2694 2950 est
2725 2897 2918 2950 militia
2949 2896 3038 2950 vel
3069 2904 3323 2968 pastura;
3385 2912 3527 2962 xxv,
3589 2897 3710 2950 Me—

2107 2985 2288 3051 thcha,
2313 2984 2367 3038 id
2391 2995 2470 3040 est
2492 2986 2755 3055 dulcedo;
2780 3003 2924 3052 xxvr,
2963 2987 3223 3052 Esmona,
3266 2985 3318 3040 id
3362 2993 3442 3040 est
3479 2984 3710 3040 festina-

406 3081 586 3146 trium,
613 3080 736 3152 quia
759 3079 1033 3136 infiximus
1054 3097 1224 3153 usque
1244 3083 1316 3137 ad
1334 3083 1478 3138 hunc
1499 3083 1676 3139 locum
1701 3101 1714 3138 :
1786 3084 2002 3140 Primus
2031 3072 2078 3134 C
2109 3082 2181 3137 tio
2211 3100 2224 3146 ;
2258 3098 2427 3152 xxvn,
2461 3084 2760 3150 Moseroth,
2787 3083 2842 3138 id
2864 3091 2942 3139 est
2974 3083 3271 3149 vinculum,
3303 3083 3389 3139 vel
3421 3081 3714 3154 disciplina

404 3170 645 3227 continet
672 3169 947 3240 planctum
979 3170 1337 3241 captivorum,
1362 3172 1453 3244 qui
1483 3188 1608 3228 esse
1660 3172 1851 3228 nolunt
1896 3175 2005 3228 sub

407 3259 666 3315 dominiis
691 3259 969 3315 vitiorum.
1005 3260 1292 3316 Secundus
1321 3261 1654 3317 voluntatem
1685 3262 1830 3334 fugae
1884 3263 2003 3318 dae-

409 3357 694 3416 monstrat,
727 3348 1023 3404 dummodo
1051 3351 1291 3420 propriis
1318 3351 1584 3405 Dominus
1607 3351 1739 3407 velit
1768 3368 1864 3407 eos
1889 3369 2009 3407 sus-

407 3437 590 3508 cipere
628 3452 692 3492 ac
728 3451 842 3491 non
880 3452 913 3491 a
951 3453 1011 3492 se
1075 3437 1369 3508 repellere.
1443 3439 1658 3494 Tertius
1722 3440 2008 3496 consilium

409 3525 526 3597 agit
563 3525 784 3596 quando
823 3524 998 3598 fugiat
1032 3542 1373 3596 praesumens
1399 3528 1514 3596 jam
1539 3528 1609 3584 de.
1637 3529 2006 3600 susceptione.

410 3627 616 3680 Bonum
647 3622 936 3679 consilium
965 3623 1287 3694 adipiscitur
1311 3625 1466 3696 juxta
1497 3627 1667 3682 verba
1713 3629 1998 3683 Introitus.

413 3713 662 3769 Diximus
700 3720 812 3767 tres
841 3712 1050 3784 gradus
1070 3712 1356 3768 nitentium
1388 3714 1457 3768 ad
1488 3731 1755 3786 pugnam,
1809 3717 2009 3771 simili-

413 3811 498 3858 ter
525 3801 756 3858 dicimus
784 3808 891 3856 tres
920 3801 1176 3857 articulos
1207 3801 1486 3874 triumphi,
1539 3803 1595 3858 id
1641 3814 1727 3859 est
1772 3805 2010 3876 primam

415 3889 663 3950 Sabbati.
685 3897 1062 3960 quartamque,
1095 3898 1148 3945 et
1177 3890 1482 3961 septimam.
1508 3893 1608 3947 Per
1637 3894 1860 3948 eosdem
1881 3894 2011 3948 arti-

416 3979 570 4038 culos
597 3979 833 4050 populus
863 3977 1035 4034 Israel
1065 3978 1134 4033 ad
1161 3978 1383 4050 plenam
1416 3980 1722 4037 libertatem
1745 3984 2010 4052 pervenit.

417 4071 558 4126 Nam
589 4069 786 4124 revisio
814 4067 988 4140 prima
1014 4068 1148 4124 facta
1177 4076 1261 4124 est
1289 4068 1390 4124 sub
1421 4070 1726 4127 Zorobabel
1772 4071 1912 4127 duce
1959 4078 2015 4128 et

416 4161 547 4216 Jesu
576 4158 862 4214 sacerdote
894 4172 1118 4230 magno.
1151 4157 1404 4214 Secunda
1435 4159 1637 4215 revisio
1668 4159 1769 4216 sub
1817 4162 2011 4231 Esdra,

420 4248 561 4305 sicut
589 4247 660 4302 ab
691 4247 884 4303 eodem
929 4246 1192 4318 scriptum
1249 4255 1380 4311 est;
1429 4247 1527 4304 sed
1584 4249 1825 4304 nondum
1882 4251 2019 4305 muri

420 4345 760 4403 Hierusalem
785 4344 1094 4400 reaedificati
1107 4352 1251 4411 sunt,
1268 4346 1425 4416 etqui
1445 4355 1820 4402 remanserant
1840 4356 1894 4402 et
1915 4349 2017 4404 de-
2052 4355 2054 4357 ’

2113 3171 2299 3226 saeculi
2334 3191 2346 3234 ;
2380 3187 2572 3240 χχι-ιιι,
2606 3173 2955 3238 Banetacam,
2989 3171 3045 3226 id
3078 3181 3156 3227 est
3192 3170 3288 3226 ﬁlii
3318 3171 3662 3226 necessitatis
3695 3187 3710 3230 ;

2113 3276 2271 3325 xxix,
2310 3259 2546 3331 Galgad,
2585 3261 2638 3315 id
2671 3269 2752 3316 est
2782 3261 2999 3315 nuntius
3035 3261 3150 3316 sive
3183 3261 3449 3316 accinctio
3477 3258 3566 3315 vel
3613 3275 3716 3314 oc-

2115 3348 2254 3405 cisio
2291 3367 2304 3413 ;
2339 3365 2481 3414 xxx,
2515 3350 2861 3416 Hiethebata,
2894 3349 2948 3404 id
2981 3358 3064 3405 est
3094 3350 3307 3404 bonitas
3339 3365 3352 3418 ;
3388 3364 3532 3413 xxxr,
3597 3347 3716 3401 Eb-

2115 3462 2268 3513 rona,
2305 3447 2358 3500 id
2391 3455 2473 3502 est
2504 3447 2766 3501 transitus
2802 3465 2814 3512 ;
2848 3462 3038 3513 xxx”,
3091 3446 3457 3520 Asiongaber,
3519 3445 3574 3499 id
3632 3451 3718 3500 est

2116 3535 2262 3608 ligna
2288 3535 2393 3589 viri
2427 3554 2439 3602 ;
2471 3551 2678 3601 xxxm,
2713 3536 2827 3600 Sin,
2863 3552 2984 3608 qum
3015 3543 3096 3590 est
3125 3536 3310 3599 cades,
3356 3535 3411 3590 id
3461 3541 3546 3589 est
3587 3549 3714 3588 san-

2116 3631 2203 3679 cta
2237 3638 2250 3692 ;
2286 3641 2488 3691 xxxw,
2522 3625 2600 3680 Or
2632 3623 2684 3678 in
2723 3632 2903 3678 monte
2939 3639 2952 3692 ;
2987 3639 3172 3690 xxxv,
3207 3623 3480 3688 Salmona,
3530 3621 3586 3676 id
3634 3630 3718 3676 est

2117 3712 2466 3782 imaguncula
2500 3732 2514 3776 ;
2547 3727 2746 3777 xxxvx,
2783 3712 3010 3779 Phinon,
3035 3711 3088 3766 id
3125 3719 3209 3766 est
3237 3725 3714 3779 omnes;xxxvn,

2121 3800 2321 3867 Oboth,
2356 3802 2411 3854 id
2441 3809 2523 3855 est
2548 3801 2752 3872 imago,
2791 3801 2874 3856 vel
2904 3802 3201 3872 phitones;
3233 3816 3458 3866 xxxvm,
3509 3800 3717 3854 l-lieba-

2119 3905 2261 3954 rum,
2295 3889 2346 3942 id
2379 3896 2459 3943 est
2482 3904 2708 3944 acervus
2739 3889 2976 3960 lapidum
3010 3909 3028 3956 ,-
3059 3903 3268 3954 xxxrx,
3299 3889 3492 3952 Dibon,
3527 3887 3586 3942 id
3634 3894 3720 3942 est

2121 3985 2370 4052 fortiter;
2406 4002 2490 4051 χι,
2525 3987 3060 4054 helmondablataim,
3123 3986 3177 4041 id
3234 3993 3319 4041 est
3374 3992 3720 4056 contemptus

2123 4075 2426 4130 balatarum
2461 4102 2473 4144 ;
2507 4091 2614 4141 xu,
2647 4077 2885 4130 Abarum
2915 4077 2968 4130 in
3003 4075 3283 4131 montibus
3312 4082 3495 4129 contra
3525 4074 3720 4130 faciem

2121 4165 2330 4228 Nabor,
2358 4165 2409 4218 id
2442 4172 2524 4220 est
2554 4165 2606 4218 in
2639 4173 2853 4219 montes
2885 4163 3302 4231 transeuntium,
3325 4163 3529 4229 Nabor,
3563 4162 3616 4217 id
3637 4169 3720 4218 est

2123 4253 2410 4310 conclusio
2443 4269 2456 4323 ;
2492 4269 2620 4319 xm,
2654 4254 2706 4308 in
2739 4254 3139 4325 campestribus
3179 4255 3337 4309 Moab
3389 4269 3555 4324 super
3610 4253 3723 4308 Jor-

2125 4343 2344 4396 danem.
2380 4343 2507 4398 Haec
2536 4352 2658 4397 sunt
2687 4359 2793 4396 xm
2821 4342 3136 4398 mansiones
3186 4359 3308 4413 quae
3359 4351 3613 4397 notantur
3664 4341 3720 4395 in

424 4433 603 4492 relicti
631 4440 756 4489 sunt
784 4433 853 4489 de
881 4432 1191 4502 captivitate
1220 4433 1275 4487 in
1307 4433 1594 4490 afﬂictione
1622 4443 1792 4490 erant.
1834 4437 2015 4492 Tertia
2044 4432 2094 4491 D
2129 4447 2243 4485 XLII
2276 4431 2492 4486 diebus.
2526 4432 2624 4486 T01
2680 4433 2838 4486 etiam
2907 4431 3292 4502 generationes
3339 4431 3538 4486 Christi
3594 4446 3722 4486 cum

425 4522 630 4581 revisio
670 4521 810 4577 facta
849 4528 932 4576 est
971 4521 1070 4575 sub
1109 4521 1325 4591 eodem,
1397 4525 1474 4578 sic
1540 4524 1685 4578 enim
1753 4524 2018 4595 scriptum

425 4622 506 4673 est
532 4633 544 4668 :
572 4635 594 4660 ιι
623 4610 839 4666 Miserat
859 4617 1037 4664 autem
1061 4627 1155 4666 rex
1176 4610 1454 4681 principes
1473 4611 1705 4666 militum
1727 4621 1780 4667 et
1800 4613 2018 4684 equita-

425 4703 606 4771 tus(ll
630 4701 781 4758 Esdr.
805 4700 885 4770 ιι),
917 4722 930 4748 ο
951 4699 1351 4771 etpaulopost:
1384 4723 1405 4749 «
1431 4701 1494 4755 Et
1514 4701 1635 4756 veni
1653 4702 2016 4771 Hierusalem,

429 4802 482 4850 et
510 4805 663 4847 eram
692 4788 771 4844 ibi.
796 4789 968 4843 tribus
997 4787 1192 4843 diebus
1219 4789 1421 4861 (ibid).
1456 4812 1478 4838 »
1515 4791 1710 4845 Postea
1762 4792 2020 4848 Neemias

427 4879 712 4940 aedificavit
734 4876 1510 4950 templum.Quadragenarius
1526 4894 1740 4951 quoque
1756 4896 2020 4936 numerus

429 4969 700 5042 signiﬁcat
728 4967 1043 5024 conflictum
1077 4965 1356 5024 Ecclesiae.
1414 4967 1688 5024 Perfectus
1739 4977 1822 5024 est
1873 4971 2020 5026 enim

432 5077 497 5119 eo
524 5059 672 5133 quod
699 5073 729 5112 a
759 5056 1110 5129 quaternario
1140 5062 1418 5124 nascatur,
1451 5074 1570 5131 quae
1625 5059 1888 5130 perfectio
1937 5069 2022 5116 est

2128 4529 2393 4584 Jechonia
2420 4528 2506 4582 bis
2536 4536 2848 4598 computata
2879 4537 2931 4585 et
2973 4529 3166 4584 eodem
3223 4529 3463 4584 Christo.
3528 4527 3723 4583 Merito

2129 4618 2293 4690 igitur
2322 4617 2516 4672 eodem
2549 4618 2894 4672 mansionum
2927 4635 3152 4673 numero
3187 4619 3254 4672 ad
3292 4618 3568 4673 caelestem
3617 4633 3722 4688 pa-

2128 4706 2291 4761 triam
2313 4706 2567 4768 tenditur,
2613 4723 2721 4778 quo
2761 4706 2854 4761 filii
2879 4707 3050 4762 Israel
3070 4708 3137 4762 ad
3167 4714 3363 4762 terram
3393 4706 3722 4778 promissio-

2130 4796 2212 4850 nis
2242 4803 2525 4850 venerunt.
2558 4797 2623 4850 Et
2653 4796 2846 4852 merito
2878 4795 2968 4868 qui
2999 4797 3066 4851 ad
3096 4795 3366 4852 Christum
3413 4803 3718 4862 transeunt,

2129 4901 2226 4955 per
2263 4884 2589 4955 baptismum
2646 4885 2841 4940 eodem
2907 4901 3132 4940 numero
3197 4884 3266 4939 ad
3333 4900 3455 4939 eum
3520 4901 3722 4954 perve-

2131 4973 2302 5042 niunt,
2346 4988 2453 5045 quo
2496 4972 2741 5029 Christus
2808 4973 2875 5029 ad
2941 4991 3041 5030 nos
3109 4973 3396 5046 pervenire
3453 4972 3714 5046 dignatus

2125 5070 2241 5118 est.

1151 5338 1725 5434 DOMINICA
1793 5341 1914 5434 IN
1981 5341 2980 5455 QUINQUAGESIMA.

1695 5516 2114 5580 Secumdum
2144 5518 2427 5581 Lucam.

503 5673 526 5699 ι
562 5647 878 5718 Assumpsit
906 5649 1066 5704 Iesus
1095 5647 1381 5705 duodecim
1411 5648 1708 5720 discipulos
1754 5665 1906 5720 suos,
1969 5661 2021 5709 et

419 5740 502 5797 .ait
531 5739 639 5795 illis
674 5757 686 5794 :
718 5738 860 5794 Ecce
890 5736 1239 5822 ascendimus
1273 5737 1733 5811 Hierosolymam,
1773 5747 1830 5794 et
1886 5755 2012 5796 con-

2129 5651 2546 5707 summabuntur
2568 5649 2749 5708 omnia
2780 5667 2899 5721 qua:
2929 5650 3134 5722 scripta
3161 5658 3287 5706 sunt
3323 5651 3392 5706 de
3446 5649 3582 5705 Filio
3627 5650 3726 5706 ho-

2130 5739 2316 5795 minis.
2351 5741 2622 5796 Tradetur
2653 5737 2794 5796 enim
2827 5739 3108 5812 gentibus,
3139 5749 3193 5796 et
3220 5739 3489 5807 illudetur,
3532 5747 3583 5794 et
3618 5737 3723 5793 ﬂa-
