4062 6074
283 297 394 351 857

1224 287 1818 348 DEFLORATIONES
1848 287 1948 344 SS.
1981 285 2292 344 PATRUM.
2325 318 2392 330 —
2421 289 2558 346 LIB.
2599 293 2644 346 ἰ.

3481 295 3584 349 858

284 418 603 492 gellabitur,
631 425 679 474 et
697 425 1044 488 conspuetur.
1063 418 1130 472 Et
1159 423 1448 488 postquam
1481 413 1884 487 ﬁagellaverint
1915 410 1968 472 A
2000 420 2200 484 quanto
2230 413 2406 486 magis
2436 421 2680 482 vetatur,
2715 423 2866 472 tanto
2894 414 3068 488 magis
3099 415 3437 472 accenditur.
3468 418 3585 473 Vir-

283 502 538 558 occident
569 518 715 568 eum,
748 509 802 556 et
833 501 989 556 tertia
1020 501 1108 555 die
1139 505 1398 570 resurget
1427 501 1584 563 (Luc.
1634 501 1812 561 xvtu).
1856 520 1876 545 υ

284 591 344 648 Si
377 590 615 661 apostoli
661 591 815 646 toties
862 589 1170 660 praemoniti
1201 589 1269 642 de
1299 596 1470 642 morte
1503 587 1739 652 Domini,
1773 594 1882 640 tum

284 695 409 734 eum
440 680 657 751 quando
687 680 1116 749 comprehensus
1166 684 1248 731 est
1280 677 1634 747 reliquerunt,
1682 683 1882 747 quanto

283 777 461 848 magis
492 777 1012 843 scandalizarentur,
1047 775 1092 830 si
1132 774 1440 846 praemoniti
1487 789 1595 828 non
1627 773 1878 827 fuissent.

285 865 493 921 Crebro
533 865 699 935 igitur
725 864 976 936 praedixit
1006 865 1107 933 eis,
1149 872 1202 919 et
1249 864 1520 936 passionis
1551 878 1786 933 pmnam,
1831 870 1882 918 et

283 955 698 1012 resurrectionis
719 955 1040 1027 gloriam,ut
1063 970 1188 1009 cum
1219 953 1541 1008 morientem
1571 962 1876 1016 cernerent,

281 1053 448 1108 etiam
478 1061 912 1108 resurrecturum
946 1067 1054 1106 non
1083 1051 1408 1106 dubitarent.
1459 1049 1615 1118 Quod
1645 1048 1880 1103 ostendit

277 1142 671 1213 prophetarum
701 1141 988 1213 prazsagiis
1017 1140 1086 1194 ad
1142 1139 1569 1195 destructionem
1598 1137 1880 1192 haeretico-

279 1247 404 1286 rum
437 1231 488 1284 in
520 1229 764 1285 Ecclesia
797 1228 1124 1284 futurorum.
1176 1251 1200 1276 α
1249 1228 1322 1282 Et
1363 1227 1466 1298 ipsi
1498 1225 1627 1280 nihil
1684 1227 1875 1282 horum

279 1328 705 1384 intellexerunt.
743 1329 811 1383 Et
841 1337 954 1384 erat
985 1345 1081 1383 ver
1106 1344 1195 1382 um
1233 1327 1387 1382 istud
1417 1326 1796 1382 absconditum
1813 1324 1882 1380 ab

281 1417 383 1483 eis,
415 1426 467 1473 et
489 1433 594 1472 non
628 1417 1008 1488 intelligebant
1036 1434 1157 1489 qua}
1177 1417 1520 1474 dicebantur.
1564 1440 1584 1464 ιι

352 1531 606 1602 Legimus
638 1531 689 1585 in
721 1531 1028 1602 Evangelio
1058 1531 1360 1586 secundum
1390 1532 1654 1586 Joannem
1688 1532 1870 1599 (Joan.

278 1629 398 1698 xu),
428 1629 698 1685 dicentem
735 1647 746 1682 :
785 1652 806 1675 α
844 1627 900 1682 Si
933 1629 1202 1683 exaltatus
1250 1627 1402 1684 fuero
1431 1643 1464 1683 a
1493 1635 1656 1694 terra,
1690 1627 1873 1682 omnia

279 1718 494 1772 traham
554 1717 622 1770 ad
674 1716 965 1788 meipsum,
1027 1717 1378 1787 respondisse
1436 1717 1651 1771 turbam
1707 1725 1868 1788 atque

277 1805 508 1859 dixisse.
590 1824 610 1855 ι
645 1805 760 1859 Nos
789 1805 1093 1860 audivimus
1143 1822 1213 1860 ex
1265 1805 1406 1876 lege,
1466 1805 1593 1876 quia
1622 1805 1866 1860 Christus

275 1908 462 1954 manet
492 1899 545 1953 in
577 1907 860 1966 aeternum,
913 1909 965 1956 et
1021 1900 1294 1971 quomodo
1325 1908 1378 1954 tu
1437 1899 1573 1955 dicis
1607 1918 1618 1954 :
1651 1899 1873 1970 Oportet

273 1989 496 2044 exaltari
530 1989 717 2044 Filium
746 1989 1006 2044 hominis.
1052 2013 1072 2037 η
1099 1988 1245 2058 Quid
1274 1996 1357 2044 est
1387 2003 1521 2059 ergo
1544 1989 1689 2059 quod
1711 1988 1876 2045 disci-

271 2078 385 2148 puli
417 2079 546 2132 totis
577 2077 679 2131 sibi
712 2078 1031 2147 replicatam
1066 2077 1367 2132 Dominicae
1413 2077 1682 2147 passionis
1712 2093 1874 2134 arca-

268 2183 404 2223 num
461 2174 736 2239 nequeunt
787 2166 1052 2239 [capere],
1079 2175 1127 2222 et
1171 2167 1364 2233 Iudaei,
1408 2167 1474 2220 ad
1522 2183 1689 2221 unum
1744 2183 1873 2223 ver-

271 2265 401 2320 bum
449 2274 502 2319 et
550 2274 658 2319 tam
717 2265 955 2320 obscure
1013 2266 1271 2335 positum,
1314 2272 1366 2318 ut
1399 2265 1501 2320 hoc
1541 2265 1876 2335 expositione

269 2355 503 2425 dignum
535 2354 875 2425 evangelista
905 2354 1052 2409 dicat
1079 2369 1090 2408 :
1119 2377 1139 2400 ιι
1174 2355 1289 2409 Hoc
1316 2361 1494 2408 autem
1527 2353 1762 2421 dicebat,
1796 2354 1875 2408 in-

271 2443 406 2514 quit,
439 2443 759 2514 signiﬁcans
791 2459 896 2514 qua
946 2451 1116 2498 morte
1148 2451 1293 2498 esset
1347 2443 1648 2508 moriturus,
1689 2467 1710 2490 »
1745 2459 1868 2498 mox

271 2541 393 2612 quia
437 2541 615 2596 crucis
673 2541 932 2596 exaltatio
989 2539 1327 2612 signiﬁcetur
1380 2541 1706 2612 intelligunt,
1764 2540 1867 2595 nisi

269 2629 394 2701 quia
422 2629 675 2699 discipuli
706 2629 864 2701 cujus
897 2631 1060 2685 vitam
1093 2629 1336 2685 maxime
1369 2630 1759 2685 desiderabant
1789 2631 1867 2684 vi-

269 2719 424 2783 dere,
457 2719 582 2789 ejus
605 2727 835 2773 mortem
867 2720 1055 2774 audire
1087 2736 1193 2775 non
1239 2726 1510 2791 poterant,
1539 2735 1698 2790 quem
1754 2735 1862 2774 non

268 2815 444 2870 solum
501 2816 778 2872 hominem
829 2817 1195 2883 innocentem,
1239 2818 1334 2872 sed
1389 2825 1440 2872 et
1471 2818 1644 2871 Deum
1676 2833 1862 2871 verum

265 2905 527 2959 sciebant.
562 2907 720 2960 Hunc
751 2905 1054 2960 nullatenus
1084 2906 1220 2960 mori
1253 2905 1336 2961 vel
1367 2922 1530 2976 posse
1561 2906 1852 2976 putabant.

267 2993 376 3049 Sed
404 3011 526 3050 cum
558 2995 625 3050 de
655 2995 913 3066 passione
965 3011 1065 3050 sua
1096 2995 1178 3049 eis
1235 2993 1570 3066 loqueretur,
1603 2996 1863 3067 putabant

267 3083 409 3154 quod
440 3083 541 3138 sibi
571 3100 668 3154 per
697 3084 986 3156 parabolas
1017 3084 1348 3156 loqueretur.

345 3239 366 3264 α
403 3216 622 3272 Factum
653 3225 736 3271 est
765 3226 949 3274 autem
979 3233 1100 3272 cum
1125 3217 1590 3290 appropinquaret
1617 3219 1859 3285 Iericho,

263 3320 443 3362 caecus
475 3305 698 3377 quidam
757 3305 983 3361 sedebat
1013 3322 1175 3362 secus
1227 3306 1367 3362 viam
1399 3307 1737 3363 mendicans.
1799 3310 1864 3364 Et

260 3411 385 3451 cum
443 3395 655 3448 audiret
713 3397 923 3451 turbam
983 3403 1414 3466 praetereuntem,
1489 3397 1862 3469 interrogabat

261 3493 394 3566 quid
426 3494 531 3548 hoc
563 3501 736 3549 esset.
805 3494 1064 3550 Dixerunt
1105 3501 1282 3548 autem
1313 3493 1382 3559 ei,
1412 3494 1534 3566 quia
1572 3496 1732 3551 Iesus
1752 3498 1860 3551 Na-

261 3597 496 3638 zarenus
527 3583 801 3638 transiret.
841 3605 862 3630 η
897 3582 1056 3652 Quod
1087 3584 1259 3638 Lucas
1298 3584 1367 3638 de
1408 3599 1534 3651 uno,
1582 3585 1685 3640 hoc
1717 3586 1858 3639 Mat-

259 3673 433 3727 thaeus
465 3671 534 3727 de
563 3671 776 3727 duobus
807 3672 966 3728 caecis
1024 3671 1163 3726 dixit
1216 3672 1290 3726 ita
1321 3689 1548 3728 exorsus
1581 3693 1592 3728 :
1622 3697 1642 3721 κ
1678 3675 1858 3746 Egre-

258 3761 462 3826 diente,
505 3761 778 3833 inquiens,
828 3762 957 3818 Iesu
1006 3762 1076 3816 ab
1106 3761 1326 3818 Iericho
1383 3770 1567 3817 secuta
1597 3771 1682 3818 est
1736 3781 1857 3818 eum

259 3859 423 3913 turba
456 3859 622 3914 multa
653 3860 882 3927 (Matth.
923 3860 1032 3928 xx).
1071 3882 1092 3907 »
1128 3858 1282 3914 Multi
1325 3860 1565 3915 latrones
1623 3861 1856 3915 erantin

257 3948 496 4014 Iericho,
530 3947 622 4019 qui
653 3949 999 4019 egredientes
1029 3949 1098 4002 de
1129 3948 1522 4020 Hierosolymis
1560 3948 1614 4002 in
1642 3949 1856 4004 Iericho

253 4035 570 4107 interﬁcere
621 4045 1018 4092 consueverant
1071 4045 1124 4093 et
1185 4037 1499 4093 vulnerare.
1553 4038 1621 4092 Et
1651 4038 1856 4093 idcirco

260 4125 528 4181 Dominus
559 4141 682 4182 cum
710 4125 993 4197 discipulis
1045 4126 1158 4182 suis
1198 4127 1345 4182 venit
1375 4125 1611 4183 liberare
1659 4127 1854 4182 vulne-

258 4233 408 4280 ratos
422 4265 435 4279 .

335 4382 356 4407 α
389 4359 455 4413 Et
476 4373 602 4413 ecce
623 4357 732 4413 duo
750 4357 902 4420 caeci,
924 4375 987 4412 ex
1008 4357 1205 4430 quibus
1221 4366 1332 4413 erat
1349 4358 1700 4413 Bartbimaaus
1715 4357 1856 4412 ﬁlius

255 4447 500 4514 Thimzni,
536 4447 790 4502 sedentes
817 4463 976 4502 secus
1010 4447 1171 4515 viam,
1197 4448 1488 4502 audierunt
1518 4449 1644 4521 quia
1688 4449 1853 4502 Iesus

253 4537 569 4591 Nazarenus
592 4535 863 4602 transiret,
888 4544 940 4590 et
969 4537 1609 4592 clamaveruntdicentes
1643 4553 1657 4592 :
1692 4561 1713 4584 ει
1746 4538 1851 4591 Do-

255 4634 422 4697 mine,
445 4634 709 4689 miserere
736 4633 926 4699 nostri,
962 4633 1034 4688 ﬁli
1079 4635 1255 4689 David
1295 4636 1517 4704 (Matth.
1537 4651 1609 4689 xx
1635 4650 1648 4700 ;
1673 4637 1844 4690 Marc.

255 4721 340 4788 x).
379 4743 400 4767 η
436 4717 594 4788 Quod
625 4720 842 4772 Marcus
874 4719 943 4772 de
987 4721 1160 4775 altero
1192 4735 1337 4775 caeco
1369 4728 1529 4783 tacet,
1573 4718 1646 4772 ita
1680 4719 1855 4773 solvi-

255 4815 366 4876 tur,
399 4815 456 4861 ut
485 4808 577 4861 illa
607 4807 781 4861 soluta
813 4815 897 4861 est
928 4809 1158 4878 quzestio
1189 4808 1258 4862 de
1287 4809 1500 4862 duobus
1548 4808 1642 4879 qui
1673 4807 1851 4878 legio-

257 4911 385 4951 nem
415 4896 725 4950 dmmonum
759 4895 1100 4966 patiebantur
1128 4897 1181 4950 in
1214 4897 1436 4968 regione
1477 4895 1855 4951 Generaseno-

257 5009 398 5048 rum.
430 4994 569 5048 Nam
603 4994 832 5049 duorum
863 5010 1133 5050 caecorum
1164 5011 1336 5050 unum
1369 4993 1532 5050 fuisse
1563 4994 1857 5049 famosissi-

256 5097 402 5136 mum
435 5082 488 5136 in
513 5083 615 5138 hoc
644 5092 890 5154 apparet,
923 5083 1070 5154 quod
1103 5100 1303 5139 nomen
1341 5083 1499 5139 etiam
1532 5084 1704 5154 patris
1733 5083 1853 5153 ejus

257 5171 730 5227 commemoravit.
771 5172 943 5227 Lucas
972 5187 1102 5227 vero
1131 5173 1379 5244 quamvis
1407 5172 1628 5228 omnino
1658 5172 1850 5228 eodem

257 5268 426 5323 modo
459 5267 656 5324 factum
689 5268 758 5323 de
789 5285 935 5323 caeco
965 5278 1370 5337 commemorat,
1431 5278 1609 5324 tamen
1656 5269 1710 5324 in
1741 5269 1852 5325 alio

255 5372 402 5412 caeco
449 5356 864 5430 intelligendum
913 5365 994 5412 est
1028 5373 1126 5428 par
1153 5374 1584 5415 commemorare
1615 5359 1852 5415 miracu-

239 5444 389 5500 .lum.

332 5588 352 5619 ι
387 5568 565 5623 Turba
624 5576 803 5624 autem
836 5568 1152 5641 increpabat
1209 5587 1306 5626 eos
1356 5579 1410 5626 ut
1439 5579 1712 5628 tacerent.
1780 5573 1851 5625 At

243 5665 332 5746 illi
385 5666 563 5737 magis
622 5666 933 5722 clamabant
980 5668 1262 5725 dicentes:
1301 5669 1550 5735 Domine,
1592 5669 1850 5724 miserere

251 5767 450 5842 nostri,
502 5768 577 5823 fili
632 5769 830 5824 David.
887 5790 908 5820 ι
943 5771 1086 5826 Talis
1143 5780 1224 5827 est
1255 5780 1448 5827 natura
1503 5771 1648 5841 ﬁdei,
1703 5771 1848 5844 quod

1992 517 2078 564 tus
2109 510 2253 564 enim
2285 510 2408 566 ﬁdei
2441 529 2628 568 secura
2659 522 2738 569 est
2769 514 2818 568 in
2852 513 3128 585 periculis.

2066 648 2089 672 ι
2125 626 2194 678 Et
2225 625 2371 680 stetit
2398 627 2556 681 Iesus
2587 635 2640 681 et
2689 626 3004 682 convocavit
3037 643 3132 682 eos
3186 637 3236 682 et
3269 626 3344 681 ait
3378 643 3390 682 :
3441 625 3584 696 Quid

1991 713 2152 768 vultis
2170 720 2225 766 ut
2245 712 2435 769 faciam
2458 715 2649 769 vobis?
2671 716 2863 772 Dicunt
2882 715 2957 768 illi
2979 733 2988 768 :
3008 715 3258 782 Domine,
3279 715 3585 785 utaperian-

1991 809 2079 856 tur
2099 802 2243 858 oculi
2275 805 2462 857 nostri.
2503 826 2523 851 η
2586 804 2748 859 Filius
2795 804 2985 872 David,
3018 803 3070 858 id
3103 812 3189 860 est
3218 805 3450 858 humana
3480 820 3585 859 na-

1991 907 2133 966 tura,
2167 915 2344 956 caecos
2373 900 2685 957 illuminare
2708 917 2813 956 non
2837 910 3044 972 potest;
3074 901 3238 956 Filius
3259 911 3438 957 autem
3460 900 3580 968 Dei,

1987 987 2042 1043 id
2071 996 2154 1042 est
2181 988 2384 1053 divina,
2419 990 2720 1046 illuminare
2752 999 2952 1061 potest.
2992 992 3120 1046 Ideo
3149 991 3431 1062 interrogo
3453 989 3584 1062 quid

1986 1077 2174 1134 vultis.
2223 1078 2374 1134 Tunc
2434 1078 2510 1133 illi
2559 1079 2675 1149 jam
2732 1096 2839 1135 non
2866 1080 3118 1135 dixerunt
3159 1098 3172 1134 ε
3214 1079 3464 1147 Domine,
3506 1077 3564 1132 ﬁl

1987 1174 2179 1241 David,
2213 1176 2311 1230 sed
2338 1184 2538 1230 tantum
2575 1192 2587 1230 :
2635 1200 2655 1224 α
2692 1177 2940 1242 Domine,
2975 1185 3032 1231 ut
3077 1177 3392 1248 aperiantur
3438 1176 3580 1233 oculi

1986 1264 2176 1320 nostri.
2214 1289 2234 1312 n
2280 1264 2548 1334 Quamdiu
2580 1265 2834 1321 dixerunt
2865 1265 2936 1320 ﬁli
2966 1265 3166 1334 David,
3199 1283 3468 1338 suspensa
3498 1274 3582 1321 est

1987 1352 2194 1408 sanitas
2221 1371 2234 1419 ;
2266 1369 2390 1409 mox
2420 1361 2474 1408 ut
2505 1354 2756 1409 dixerunt
2785 1355 3180 1420 tantummodo,
3220 1355 3473 1422 Domine,
3498 1355 3580 1408 in-

1985 1450 2103 1504 fusa
2135 1458 2242 1506 est.
2283 1451 2362 1505 Ad
2393 1453 2494 1506 hoc
2516 1452 2678 1507 etiam
2709 1453 3028 1524 interrogat,
3064 1461 3120 1506 nt
3149 1469 3246 1508 cor
3274 1453 3344 1507 ad
3374 1451 3577 1508 oratio-

1983 1555 2109 1594 nem
2140 1539 2355 1606 excitet,
2391 1540 2514 1612 quia
2555 1540 2666 1595 vult
2695 1556 2724 1595 a
2755 1540 2915 1596 nobis
2959 1542 3064 1596 hoc
3093 1541 3201 1612 peti
3255 1541 3398 1612 quod
3428 1557 3574 1611 prae-

1979 1628 2156 1684 noscit
2190 1644 2223 1684 a
2249 1645 2307 1684 se
2337 1629 2564 1684 concedi
2598 1644 2611 1699 ;
2665 1629 2750 1684 vel
2799 1629 3005 1686 idcirco
3038 1630 3259 1702 requirit
3289 1633 3345 1684 ut
3377 1629 3576 1685 creda—

1978 1744 2101 1782 mus
2134 1745 2240 1784 non
2270 1728 2372 1784 nisi
2404 1728 2750 1785 conﬁtentem
2780 1747 2945 1800 posse
2976 1731 3196 1787 salvari.

2061 1856 2083 1881 α
2120 1835 2372 1890 Misertus
2402 1844 2584 1890 autem
2616 1852 2805 1892 eorum
2835 1838 2997 1894 Iesus
3045 1838 3218 1911 tetigit
3246 1839 3435 1894 oculos
3475 1854 3573 1894 eo—

1984 1939 2128 1988 rum,
2163 1931 2217 1977 et
2261 1922 2550 1979 confestim
2603 1926 2872 1995 viderunt,
2931 1935 2984 1982 et
3025 1928 3195 1982 secuti
3243 1936 3370 1982 sunt
3425 1944 3572 1993 eum,

1984 2011 2396 2084 magnificantes
2429 2015 2744 2069 Dominum.
2783 2017 2850 2070 Et
2879 2016 3058 2070 omnis
3092 2016 3263 2085 plebs,
3325 2024 3380 2070 ut
3419 2015 3571 2081 vidit,

1984 2101 2133 2156 dedit
2161 2101 2379 2156 laudem
2412 2103 2663 2158 Domino.
2702 2127 2724 2152 η
2749 2103 2947 2174 Tetigit
2999 2105 3185 2159 oculos
3228 2119 3415 2158 eorum
3447 2119 3572 2159 car-

1986 2199 2199 2267 naliter,
2251 2216 2361 2255 non
2418 2201 2603 2266 verbo,
2647 2202 2770 2273 quia
2833 2201 3011 2257 David
3044 2201 3210 2257 ﬁlium
3259 2218 3383 2256 eum
3409 2202 3569 2257 dixe-

1983 2297 2109 2343 runt
2139 2303 2151 2356 ;
2186 2289 2397 2343 sanavit
2428 2298 2484 2343 ut
2512 2291 2679 2356 Deus,
2714 2291 2842 2362 quia
2873 2291 3242 2348 crediderunt.
3271 2291 3572 2346 Transiens

1982 2377 2180 2448 quippe
2211 2393 2386 2433 czecos
2413 2379 2584 2446 audit,
2627 2386 2778 2434 stans
2809 2395 2942 2436 vero
2987 2379 3272 2443 illuminat,
3307 2379 3434 2450 quia
3473 2395 3574 2448 per

1979 2474 2370 2529 humanitatem
2401 2491 2556 2530 suam
2588 2481 2791 2532 nostra:
2820 2477 3039 2532 cetitati
3070 2475 3394 2547 compatitur
3426 2494 3440 2541 ;
3475 2475 3573 2531 sed

1976 2579 2074 2633 per
2095 2563 2392 2633 potentiam
2421 2564 2715 2619 divinitatis
2746 2565 2927 2620 lumen
2974 2565 3130 2619 nobis
3172 2564 3360 2635 gratiae
3389 2563 3574 2619 infun-

1971 2651 2074 2706 dit.
2129 2651 2279 2706 Videt
2308 2660 2488 2708 autem
2517 2661 2569 2709 et
2625 2653 2867 2726 sequitur
2921 2662 3332 2724 pratereuntem
3362 2655 3568 2719 Iesum,

1975 2739 2065 2810 qui
2098 2739 2299 2795 bonum
2331 2742 2472 2812 quod
2503 2742 2755 2815 intelligit
2786 2742 2976 2797 intuitu
3004 2742 3123 2812 ejus
3165 2751 3439 2811 operatur.
3475 2741 3574 2797 Hic

1972 2836 2092 2891 talis
2124 2846 2174 2892 et
2205 2835 2414 2907 proﬁcit
2465 2846 2515 2892 et
2573 2837 2711 2893 alios
2749 2839 2819 2893 ad
2875 2839 3090 2893 laudem
3147 2838 3247 2894 Dei
3299 2837 3571 2894 accendit.

1973 2926 2178 2981 Laudat
2209 2927 2366 2997 plebs
2422 2929 2616 2994 Deum,
2644 2944 2752 2982 non
2783 2928 2954 2982 solum
2987 2944 3086 2998 pro
3127 2928 3412 2998 impetrato
3443 2943 3571 2980 mu-

1972 3030 2104 3069 nere
2134 3014 2291 3080 lucis,
2336 3017 2433 3071 sed
2481 3027 2536 3070 et
2587 3033 2684 3088 pro
2741 3017 2936 3072 merito
2988 3017 3113 3071 ﬁdei
3169 3014 3504 3087 impetrantis
3553 3031 3569 3084 ;

1894 3126 1941 3186 C
1973 3109 2097 3165 ideo
2130 3126 2238 3166 non
2261 3111 2434 3167 solum
2457 3112 2600 3183 quod
2627 3121 2879 3183 potenter
2909 3120 2961 3168 et
2999 3112 3422 3168 misericorditer
3441 3111 3570 3166 illu-

1971 3199 2158 3266 minat,
2193 3200 2290 3255 sed
2324 3201 2450 3271 quia
2482 3201 2644 3255 etiam
2702 3203 3002 3257 clamorem
3037 3201 3163 3256 ﬁdei
3194 3201 3420 3255 ﬁrmiter
3456 3199 3572 3256 cla-

1972 3288 2170 3343 mantis
2197 3289 2438 3344 exaudit.
2485 3291 2688 3362 Typice
2725 3291 2856 3346 circi
2905 3290 3263 3362 appellantur,
3309 3289 3401 3360 qui
3434 3304 3563 3344 nec-

1970 3386 2098 3442 dum
2144 3387 2325 3442 dicere
2381 3396 2677 3458 poterant:
2716 3413 2738 3436 «
2775 3390 2836 3442 In
2884 3388 3086 3444 lumine
3138 3393 3234 3444 tuo
3267 3387 3571 3442 videbimus

1971 3474 2153 3530 lumen
2185 3477 2359 3545 (Psal.
2393 3480 2594 3548 xxxv).
2633 3500 2656 3524 »
2690 3478 2860 3533 Secus
2887 3478 3029 3533 viam
3062 3477 3214 3543 dicit,
3259 3476 3382 3548 quia
3412 3476 3565 3531 vide-

1971 3563 2166 3619 bantur
2197 3565 2398 3620 ltabere
2428 3565 2567 3638 legis
2596 3566 2973 3632 notitiam,sed
3005 3565 3144 3621 viam
3175 3581 3295 3638 qua)
3315 3565 3553 3620 Christus

1971 3669 2051 3716 est
2088 3661 2436 3734 ignorabant.
2479 3664 2587 3718 Hos
2620 3664 2839 3735 quidam
2892 3663 3202 3736 intelligunt
3257 3662 3563 3718 Pharisaeos

1969 3758 2022 3806 et
2051 3751 2417 3817 Sadducaros;
2451 3751 2539 3806 alii
2572 3767 2702 3807 vero
2732 3761 3020 3824 utrumque
3036 3751 3563 3824 populum,quorum

1968 3839 2106 3895 alter
2134 3839 2312 3910 legem
2345 3840 2621 3910 scriptam,
2672 3841 2810 3896 alter
2863 3841 3159 3896 naturalem
3190 3840 3445 3895 habebat.
3510 3838 3567 3894 Si

1967 3935 2102 3991 caeci
2131 3935 2444 3991 referuntur
2469 3936 2538 3990 ad
2555 3937 2791 4002 Iudaeos,
2838 3945 2964 3992 tunc
3012 3953 3108 4006 per
3128 3937 3341 3990 turbam
3362 3935 3570 3989 intelli-

1966 4024 2130 4096 gendi
2163 4032 2292 4078 sunt
2322 4025 2562 4089 ethnici;
2595 4025 2678 4078 sin
2709 4026 2779 4079 ad
2828 4033 3124 4095 utrumque
3169 4024 3458 4095 populum,
3501 4023 3570 4078 de

1964 4121 2196 4184 utroque
2227 4113 2427 4183 populo
2457 4121 2572 4167 erat
2593 4113 2771 4167 turba.
2809 4113 3027 4168 Aliter:
3065 4112 3378 4168 Secundum
3405 4127 3570 4182 quos-

1965 4201 2086 4254 dam
2133 4202 2267 4256 caeci
2318 4199 2631 4272 signiﬁcant
2686 4201 2824 4255 duos
2880 4200 3115 4272 pepulos
3175 4217 3238 4256 ex
3289 4199 3564 4279 gentibus,

1964 4313 2132 4351 unum
2162 4314 2228 4353 ex
2279 4297 2464 4362 Cham,
2516 4299 2748 4353 alterum
2807 4314 2873 4352 ex
2923 4297 3176 4367 Iapheth.
3213 4295 3358 4352 Caeci
3409 4303 3565 4350 erant

1966 4385 2086 4458 quia
2119 4403 2226 4440 non
2257 4394 2585 4457 apparuerat
2609 4387 2689 4442 eis
2754 4387 2848 4441 lux
2905 4386 3199 4457 Unigeniti.
3259 4385 3566 4440 Audierunt

1886 4486 1938 4545 Ι)
1964 4484 2156 4548 gentes
2187 4476 2252 4530 de
2276 4476 2510 4530 transitu
2540 4477 2688 4545 Iesu,
2727 4476 3025 4532 secundum
3069 4474 3378 4530 testimonia
3422 4491 3556 4545 pro-

1965 4574 2252 4642 phetarum
2288 4574 2735 4628 annuntiantibus
2749 4573 3028 4644 apostolis.
3047 4574 3179 4628 Cum
3195 4589 3451 4646 egressus
3470 4591 3562 4629 es-

1965 4671 2046 4716 set
2079 4663 2148 4715 ab
2177 4661 2418 4727 Iericho,
2446 4663 2498 4716 id
2521 4675 2601 4718 est
2625 4664 2692 4718 de
2721 4664 2824 4718 hoc
2847 4663 3090 4731 mundo,-
3111 4663 3329 4718 Iericho
3357 4662 3562 4734 quippe

1968 4748 2100 4802 luna
2124 4752 2527 4816 interpretatur,
2563 4763 2658 4817 per
2687 4763 2846 4819 quam
2879 4746 3123 4803 defectus
3137 4756 3333 4802 nostra?
3353 4756 3561 4802 morta-

1963 4842 2128 4897 litatis
2159 4842 2504 4914 intelligitur.
2531 4844 2991 4914 Appropinquans
3013 4859 3149 4913 ergo
3174 4843 3438 4898 Dominus
3466 4844 3550 4897 Ie-

1965 4931 2136 4996 richo,
2169 4932 2468 4988 secundum
2502 4931 2720 4997 Lucam,
2743 4948 2889 4988 caeco
2919 4931 3104 4986 lumen
3137 4930 3400 4997 reddidit,
3431 4930 3560 5000 quia

1962 5028 2088 5075 ante
2109 5020 2420 5091 passionem
2452 5019 2655 5090 pOpulo
2689 5029 2892 5074 tantum
2923 5021 3234 5074 Iudaeorum
3287 5018 3556 5089 praedica-

1962 5108 2057 5164 vit.
2093 5108 2445 5165 Proﬁciscens
2474 5123 2610 5179 ergo
2641 5107 2711 5163 de
2741 5108 2962 5165 Iericho
2992 5123 3168 5163 CfPCOS
3215 5106 3554 5172 illuminavit,

1961 5197 2084 5270 quia
2116 5198 2264 5268 prius
2297 5196 2754 5252 resurrectionem
2786 5205 2838 5252 et
2885 5197 3263 5252 ascensionem
3292 5213 3390 5269 per
3420 5213 3555 5268 apo—

1961 5293 2133 5349 stolos
2165 5301 2216 5348 et
2247 5293 2448 5348 Iudmis
2507 5301 2557 5348 et
2588 5293 2843 5367 gentibus
2877 5302 3092 5349 teter-nte
3139 5294 3468 5361 Divinitatis,
3505 5303 3556 5350 et

1961 5390 2256 5453 assumpta
2290 5381 2638 5436 humanitatis
2667 5398 2866 5438 arcana
2890 5382 3170 5452 patefecit.
3229 5383 3384 5453 Quod
3409 5385 3553 5437 Mar-

1961 5494 2056 5533 cus
2111 5494 2276 5531 unum
2325 5477 2684 5533 illuminatum
2733 5477 2934 5546 scribit,
2983 5477 3055 5533 ad
3104 5480 3346 5551 gentium
3402 5479 3554 5534 salu-

1962 5583 2072 5630 tem
2108 5575 2350 5645 respicit,
2386 5591 2616 5646 quarum
2649 5578 2866 5632 ctecitas
2897 5575 3192 5630 novissima
3241 5584 3377 5630 erat.
3424 5578 3553 5631 Mat-

1959 5673 2131 5727 thaeus
2195 5679 2340 5728 recte
2386 5673 2522 5728 duos
2589 5673 2922 5728 iiluminatos
2977 5673 3224 5729 scribens
3281 5672 3552 5736 Hebraeis,

1961 5771 2163 5829 sciebat
2195 5768 2340 5826 enim
2397 5771 2642 5827 notitiam
2674 5772 2771 5828 Dei
2823 5780 3208 5843 perventuram
3240 5771 3306 5826 ad
3338 5776 3550 5841 gentes.
