4010 6074
503 312 610 369 859

1601 307 1947 365 WERNERI
1987 305 2275 364 ABBATIS
2313 307 2379 364 S.
2423 309 2641 365 BLASII

3707 323 3817 378 860

503 454 657 510 Unde
687 454 847 510 etiam
877 455 1087 512 asinam
1119 465 1171 514 et
1199 456 1403 528 pullum
1436 455 1604 512 refert
1635 456 1793 511 simul
1825 456 2075 512 adductos

2210 448 2385 505 genus
2413 442 2635 492 aeterna:
2663 437 2920 495 claritatis
2963 440 3149 497 lumen
3183 441 3328 514 quod
3367 442 3633 500 amiserat
3647 462 3820 502 rece-

502 543 736 600 Domino
765 547 992 614 (Matth.
1034 547 1143 616 xx),
1190 563 1312 602 cum
1367 547 1548 602 caeteri
1580 553 1688 601 tres
1747 547 2098 616 evangelistaa

502 631 850 690 solummodo
889 636 1220 690 mentionem
1270 635 1474 691 faciunt
1524 636 1682 702 asini,
1717 643 1901 708 utpote
1951 636 2096 690 scri-

502 728 693 784 bentes
724 731 984 787 Ecclesia:
1013 739 1275 806 gentium.
1306 734 1474 788 Vocat
1504 733 1768 790 Dominus
1799 733 2096 790 secundum

501 818 741 874 Marcum
771 836 982 876 caecum
1007 821 1330 877 clamantem
1363 822 1431 877 ad
1463 840 1541 889 se,
1576 840 1697 878 eum
1731 823 1931 894 pOpulo
1959 840 2095 896 gen-

499 907 652 974 tium,
687 909 969 965 scientiam
1028 911 1268 966 veritatis
1325 912 1678 974 desideranti,
1743 930 1844 983 per
1873 921 2094 968 sanctos

496 1003 886 1073 praedicatores
917 1006 1142 1060 verbum
1177 1006 1301 1061 fidei
1324 1009 1632 1064 committit.
1668 1009 1775 1072 Qui
1812 1011 1942 1066 dicit
1971 1028 2094 1068 cum

497 1094 790 1163 propheta:
826 1113 846 1144 ι
883 1095 1145 1150 Accedite
1167 1096 1233 1150 ad
1263 1113 1406 1162 eum,
1431 1105 1477 1151 et
1508 1097 1885 1154 illuminamini
1917 1103 2090 1168 (Psal.

496 1183 714 1253 χχχιιι).
747 1206 767 1230 η
806 1185 869 1237 Et
900 1184 1094 1238 iterum
1115 1204 1132 1239 :
1159 1205 1180 1234 α
1208 1186 1405 1256 Surge,
1438 1187 1528 1258 qui
1559 1187 1782 1255 dormis,
1817 1197 1868 1244 et
1890 1207 2092 1246 exsur-

497 1294 622 1350 gea
660 1281 910 1346 mortuis,
958 1289 1010 1335 et
1053 1282 1376 1366 illuminabit
1431 1283 1528 1338 tibi
1559 1285 1803 1341 Christus
1859 1289 2082 1360 (Ephes.

497 1373 580 1437 V).
616 1391 637 1415 »
675 1370 775 1423 Per
804 1369 1188 1425 vestimentum
1220 1372 1406 1442 accipe
1467 1372 1770 1442 facultates,
1805 1384 1856 1432 et
1887 1379 2090 1434 retina-

496 1455 615 1511 cula
651 1457 864 1512 mundi.

571 1553 714 1609 Beda
752 1555 806 1609 in
838 1557 1068 1613 Lucam:
1105 1559 1241 1613 Dum
1300 1560 1561 1615 Conditor
1590 1571 1776 1618 noster
1805 1564 2093 1636 apprOpin-

496 1651 620 1712 quat
651 1643 892 1710 Jericho,
937 1661 1115 1702 caecus
1153 1648 1222 1701 ad
1255 1648 1439 1704 lumen
1472 1651 1633 1718 redit,
1671 1652 1814 1722 quia,
1848 1654 1974 1708 dum
2001 1654 2092 1738 Di-

495 1731 691 1787 vinitas
721 1733 990 1790 defectum
1037 1745 1240 1794 nostrae
1269 1738 1446 1794 carnis
1505 1741 1751 1813 suscipit,
1794 1731 2086 1800 humanum

2206 521 2302 591 pit.
2329 523 2516 579 Caecus
2547 526 2701 581 sedet
2728 528 2878 596 juxta
2909 530 3077 596 viam,
3110 530 3237 585 dum
3269 531 3455 602 incipit
3485 533 3728 590 credere
3761 537 3818 591 in

2206 609 2382 681 ipsum
2417 613 2504 684 qui
2537 614 2666 670 dicit
2700 633 2714 670 :
2751 618 2905 689 «Ego
2935 635 3054 673 sum
3086 619 3172 675 via
3203 621 3384 690 (Joan.
3421 626 3560 692 xxv).
3600 645 3622 670 ι
3659 625 3818 679 Men-

2206 708 2350 764 dicat
2379 710 2509 765 dum
2546 722 2721 786 rogat.
2756 716 2912 771 Unde
2943 717 3189 788 sequitur
3219 735 3230 771 :
3278 741 3298 764 α
3333 719 3400 773 Et
3427 718 3740 776 clamabat.
3788 749 3808 769 ε

2207 796 2315 866 Qui
2345 799 2526 854 Jesum
2576 803 2884 858 venientem
2931 806 3244 876 praecedunt
3301 816 3354 862 et
3383 808 3695 880 increpant,
3731 818 3816 865 tu-

2205 887 2426 943 multum
2459 891 2763 946 carnalium
2799 893 3054 949 vitiorum
3107 895 3414 968 designavit
3463 898 3554 969 qui
3587 900 3813 970 cogita-

2204 985 2379 1040 tiones
2401 997 2613 1042 nostras
2645 990 2930 1061 dissipant,
2965 1001 3016 1046 et
3045 1007 3213 1048 voces
3265 995 3442 1049 cordis
3470 995 3522 1049 in
3553 998 3814 1054 oratione

2202 1076 2541 1145 perturbant,
2578 1095 2645 1133 ne
2673 1079 2832 1134 Jesus
2889 1095 2987 1136 cor
3015 1079 3322 1136 illuminare
3368 1084 3610 1139 accedat.
3645 1086 3815 1156 Saepe

2205 1183 2500 1230 occurrunt
2528 1177 2681 1232 cordi
2727 1178 3106 1248 phantasmata
3147 1189 3492 1252 peccatorum
3521 1199 3644 1254 qua:
3681 1184 3818 1240 feci-

2204 1280 2322 1318 mus
2353 1273 2406 1320 et
2432 1265 2650 1320 turbant
2681 1268 2941 1335 animum,
2975 1269 3073 1324 sed
3091 1277 3216 1326 tunc
3247 1270 3532 1326 ardentius
3574 1271 3813 1328 clamori

2201 1363 2460 1419 orationis
2491 1363 2854 1420 insistendum
2893 1375 2992 1421 est.
3028 1368 3182 1423 Unde
3213 1369 3593 1438 phantasmata
3621 1386 3818 1427 occur-

2201 1461 2343 1519 runt,
2391 1453 2737 1525 aliquatenus
2791 1457 2979 1512 Jesum
3028 1458 3258 1513 transire
3315 1459 3585 1514 sentimus
3624 1476 3638 1530 ;
3680 1477 3814 1516 cum

2201 1558 2334 1597 vero
2375 1543 2609 1598 orationi
2673 1545 3026 1600 vehementer
3080 1547 3400 1616 insistimus,
3444 1556 3577 1604 tunc
3641 1549 3814 1606 nobis

2197 1639 2356 1698 Jesus
2384 1641 2802 1715 apprOpinquat,
2827 1651 2880 1698 et
2910 1643 2987 1699 sic
3015 1643 3106 1699 lux
3137 1645 3334 1701 amissa
3366 1654 3674 1718 reparatur.

1209 1965 1827 2071 DOMINICA
1868 1970 1992 2073 IN
2037 1967 3086 2096 QUINQUAGESIMA

565 2226 585 2253 α
623 2205 795 2274 Quam
827 2221 1027 2277 magna
1050 2209 1669 2266 multitudodulcedinis
1692 2217 1816 2279 tum,
1834 2214 2083 2281 Domine,
2117 2213 2170 2273 B
2199 2222 2456 2270 aeternam
2489 2230 2588 2285 pro
2619 2229 2713 2269 sua
2743 2213 3000 2284 passione
3030 2215 3268 2270 reddidit
3303 2234 3314 2270 :
3350 2232 3513 2287 quam
3536 2217 3650 2272 suis
3677 2235 3816 2290 quo-

493 2308 654 2364 quam
686 2294 1020 2350 abscondisti
1051 2298 1366 2354 timentibus
1396 2306 1450 2354 te
1473 2303 1644 2371 (Paul.
1675 2304 1822 2373 xxx).
1862 2326 1882 2351 ν»
1921 2306 2081 2372 Vere,

490 2380 821 2449 charissimi,
858 2400 1052 2456 magna
1084 2395 1135 2441 et
1163 2387 1358 2459 ingens
1387 2398 1470 2442 est
1520 2391 1803 2446 multitudo
1835 2392 2084 2447 dulcedi-

491 2472 596 2538 nis,
633 2491 736 2544 qua
793 2475 1128 2546 perfruendo
1168 2479 1302 2549 justi
1358 2481 1581 2537 affluunt
1628 2485 1878 2539 omnibus
1941 2485 2083 2541 deli-

489 2561 615 2617 ciis.
665 2563 793 2619 Haec
823 2565 1057 2622 dulcedo
1096 2583 1238 2625 nunc
1291 2570 1511 2641 quidem
1544 2573 1716 2627 Deum
1771 2574 2083 2631 timentibus

489 2650 859 2724 absconditur,
893 2663 1021 2710 tunc
1057 2665 1235 2712 autem
1259 2660 1609 2729 sperantibus
1637 2661 1690 2716 in
1721 2678 1846 2717 eum
1879 2664 2083 2735 pertici-

489 2753 592 2812 tur,
621 2764 746 2803 cum
777 2749 830 2804 in
862 2752 1065 2824 gaudio
1097 2754 1312 2809 Domini
1341 2757 1500 2812 oculo
1529 2759 1597 2812 ad
1629 2759 1843 2814 oculum
1873 2761 2080 2830 Regem

487 2830 674 2903 glorise
705 2834 756 2888 in
789 2835 986 2892 decore
1027 2854 1126 2893 suo
1159 2839 1436 2908 videbunt,
1479 2851 1531 2897 et
1577 2843 1681 2914 ipsi
1711 2844 1994 2915 gloriﬁcati
2025 2857 2082 2902 ut

485 2920 567 2975 sol
603 2921 915 2996 fulgebunt.
956 2927 1037 2981 Ad
1070 2928 1207 2984 hanc
1246 2928 1432 3002 itaque
1462 2931 1916 3002 gloriticationem
1948 2953 2079 3007 per-

479 3017 832 3086 veniendum,
872 3023 1014 3078 scala
1044 3025 1202 3080 nobis
1232 3027 1393 3083 hodie
1443 3029 1689 3099 erigitur,
1720 3047 1822 3101 per
1851 3049 2012 3104 quam
2049 3049 2080 3088 a

481 3104 737 3163 fidelibus
766 3111 888 3166 caeli
918 3112 1132 3168 culmen
1166 3116 1480 3188 attingitur.
1541 3119 1669 3175 Hzec
1727 3129 1903 3176 autem
1937 3125 2081 3179 scala

479 3195 713 3252 charitas
745 3208 845 3267 est,
878 3217 976 3272 per
999 3219 1161 3274 quam
1191 3206 1257 3258 ad
1302 3207 1430 3262 σωΙὶ
1483 3207 2084 3282 fastigiatenditeccle-

479 3291 573 3348 site
603 3294 898 3351 humilitas.
939 3299 1112 3368 Hujus
1140 3302 1302 3356 scala:
1325 3320 1459 3358 vero
1494 3305 1667 3360 latera
1697 3317 1819 3362 sunt
1841 3311 2078 3382 gemina:

479 3379 808 3451 dilectionis,
842 3385 940 3441 Dei
971 3389 1178 3444 scilicet
1208 3399 1259 3446 et
1293 3394 1543 3462 proximi,
1567 3379 1868 3467 prtecepta:
1907 3400 2078 3456 Porro

476 3481 682 3551 gradus
731 3484 821 3555 qui
863 3485 946 3538 his
995 3487 1266 3543 lateribus
1298 3491 1631 3558 inseruntur,
1677 3505 1797 3549 sunt
1845 3497 2078 3554 diversae

476 3567 696 3623 virtutes
760 3588 860 3642 per
917 3591 1053 3646 quas
1121 3579 1399 3633 charitatis
1480 3591 1752 3653 prtecepta
1833 3587 2071 3657 comple-

475 3653 694 3723 buntur,
743 3677 840 3729 per
878 3679 1013 3732 quas
1070 3665 1160 3735 qui
1191 3676 1336 3722 recte
1367 3669 1575 3724 scandit
1607 3669 1801 3727 faciem
1833 3653 2069 3742 Domini,

477 3759 598 3814 quae
627 3755 709 3800 est
735 3749 990 3818 charitas,
1025 3753 1078 3806 in
1102 3754 1275 3822 jubilo
1297 3757 1518 3812 videbit.
1539 3757 1857 3827 Quindecim
1892 3771 2068 3819 autem

475 3843 681 3912 gradus
721 3854 996 3916 texuntur,
1022 3851 1144 3922 quia
1175 3869 1273 3923 per
1309 3854 1620 3926 quindecim
1671 3875 1851 3914 ramos
1882 3861 2070 3916 chari-

476 3931 601 3986 tatis
623 3935 866 3991 coelestia
895 3947 1170 4008 petuntur.
1221 3942 1374 3997 Unde
1407 3952 1457 3999 et
1509 3945 1564 3998 in
1613 3947 1813 4016 templo
1853 3949 2069 4004 Domini

475 4021 544 4075 ad
603 4027 932 4082 sanctarium
989 4045 1063 4083 xv
1127 4031 1374 4100 gratibus
1449 4034 1863 4102 ascendebatur,
1943 4040 2070 4110 quia

475 4113 750 4169 scandens
803 4115 858 4169 in
916 4120 1018 4173 hac
1048 4119 1196 4175 scala
1225 4119 1294 4174 ad
1327 4122 1564 4178 cmlestis
1594 4125 1778 4195 templi
1813 4136 2066 4183 sanctua-

471 4209 608 4265 rium
661 4214 934 4271 Christum
977 4219 1311 4275 sublevatur.
1367 4222 1564 4277 Psalmi
1596 4239 1812 4296 quoque
1843 4242 1912 4280 xv
1941 4243 2067 4298 gra-

472 4299 573 4354 dus
603 4300 994 4375 inscribuntur,
1031 4309 1225 4379 quibus
1253 4311 1369 4366 haec
1419 4313 1648 4367 virtutes
1706 4315 2064 4382 instruuntur,

472 4403 572 4456 per
602 4407 738 4460 quas
787 4396 994 4451 athera
1039 4413 1069 4451 a
1114 4398 1286 4452 beatis
1337 4401 1668 4457 scanduntur
1713 4422 1727 4468 ;
1775 4421 1844 4458 xv
1888 4415 2066 4460 autem

471 4484 594 4530 sunt
624 4488 704 4534 ter
734 4483 990 4555 quinque,
1025 4487 1152 4557 quia
1193 4503 1290 4557 per
1334 4487 1498 4544 fidem
1549 4500 1751 4548 sanctae
1789 4495 2065 4550 Trinitatis

472 4582 686 4646 oportet
715 4594 814 4634 nos
845 4597 877 4632 v
899 4582 1152 4638 sensibus
1185 4586 1385 4640 nostris
1440 4603 1608 4655 opera
1647 4590 1931 4647 charitatis
1964 4593 2065 4647 im-

469 4665 641 4735 plere.
675 4667 890 4723 Primus
915 4670 1093 4740 itaque
1125 4673 1326 4743 gradus
1353 4676 1512 4744 hujus
1543 4679 1705 4734 scalae
1736 4688 1817 4734 est
1850 4682 2064 4750 patien-

467 4753 562 4820 tia,
593 4754 651 4809 in
685 4773 791 4827 qua
846 4758 1057 4814 animas
1102 4761 1372 4831 possideri
1403 4765 1563 4821 docet
1591 4775 1793 4822 aeterna
1828 4770 1922 4825 Dei
1971 4788 2063 4826 sa-

466 4850 693 4919 pientia.
736 4853 794 4906 lu
827 4853 928 4908 hoc
948 4855 1121 4926 gradu
1139 4858 1466 4915 scandentes
1496 4878 1742 4932 gressum
1764 4863 2060 4932 firmamus,

466 4939 510 4993 si
561 4940 790 5008 injurias
849 4951 900 4998 et
962 4947 1320 5002 contumelias
1386 4951 1656 5019 patienter
1708 4969 1808 5023 pro
1866 4955 2064 5010 Christi

464 5043 650 5085 amore
705 5032 1042 5102 toleramus;
1089 5036 1203 5105 jam
1254 5039 1553 5108 opprobria
1613 5048 1666 5095 et
1725 5041 1950 5115 ﬂagella
2009 5053 2063 5100 et

464 5125 639 5196 ipsam
662 5138 891 5184 mortem
933 5148 1034 5201 pro
1066 5135 1221 5188 nobis
1251 5135 1518 5205 patienter
1567 5141 1840 5208 sustinuit,
1900 5149 1952 5197 et
2003 5160 2064 5199 se

465 5213 791 5272 imitantibus
834 5223 1058 5289 praemia
1116 5227 1484 5294 permanentis
1541 5228 1743 5298 gloriae
1804 5231 2059 5289 restituit.

465 5303 746 5360 Secundus
813 5308 1019 5378 gradus
1051 5312 1311 5366 intexitur
1369 5314 1702 5387 benignitas,
1755 5335 1853 5389 per
1903 5338 2060 5392 quam

462 5401 726 5471 angelica:
757 5405 1032 5460 societatis
1062 5410 1361 5481 acquiritur
1393 5412 1655 5486 dignitas.
1697 5417 1838 5472 Huic
1867 5419 2060 5488 gradui

459 5515 706 5569 gressum
735 5500 1106 5567 imprimimus,
1168 5507 1210 5560 si
1271 5525 1366 5578 pro
1398 5511 1554 5564 malis
1600 5529 1706 5567 non
1739 5514 1900 5581 mala,
1963 5517 2060 5572 sed

463 5595 606 5648 bona
635 5595 1011 5660 retribuimus,
1071 5608 1119 5652 et
1170 5603 1435 5670 proximis
1494 5609 1695 5663 nostris
1726 5613 2056 5678 necessaria,

462 5709 563 5763 pro
583 5707 746 5763 posse
764 5697 973 5756 nostro,
995 5692 1231 5767 benigne
1246 5698 1609 5768 impendimus
1634 5722 1647 5769 ;
1672 5708 1797 5776 quia
1818 5709 2060 5766 Christus

457 5789 573 5846 suis
611 5785 1029 5846 cruciﬁxoribus
1065 5807 1163 5861 pro
1221 5793 1364 5851 malo
1395 5795 1616 5868 bonum,
1667 5802 1869 5861 scilicet
1900 5807 2058 5865 vitam

2195 2317 2300 2370 que
2341 2299 2704 2354 imitatoribus
2777 2300 2985 2354 tribuit.
3045 2301 3256 2356 Tertius
3303 2301 3510 2373 gradus
3540 2303 3820 2358 inseritur

2194 2388 2385 2460 pietas,
2446 2404 2544 2459 per
2601 2404 2761 2459 quam
2812 2403 3179 2460 supernorum
3246 2390 3445 2446 civium
3477 2391 3818 2463 adipiscitur

2194 2487 2368 2543 dulcis
2397 2487 2640 2542 satietas.
2704 2489 2762 2541 In
2805 2487 2909 2544 hoc
2948 2489 3124 2560 gradu
3173 2488 3264 2559 pia
3323 2505 3480 2545 mens
3524 2491 3817 2546 scandens

2193 2577 2480 2642 exaltatur,
2517 2577 2613 2632 sed
2655 2576 2893 2632 aliorum
2953 2575 3260 2632 felicitatem
3319 2594 3428 2633 non
3486 2579 3809 2633 aemulatur.

2195 2689 2216 2713 «ι
2252 2665 2455 2720 Invidia
2487 2665 2630 2721 enim
2661 2665 2861 2720 diaboli
2892 2681 3042 2721 mors
3064 2666 3284 2721 intravit
3315 2667 3369 2722 in
3391 2667 3584 2722 orbem
3618 2676 3812 2722 terra-

2191 2787 2309 2825 rum
2338 2790 2351 2836 ;
2384 2771 2665 2826 imitantur
2696 2780 2881 2826 autem
2905 2770 3056 2824 illum
3099 2773 3186 2843 qui
3238 2779 3366 2826 sunt
3387 2787 3457 2826 ex
3487 2782 3645 2842 parte
3679 2775 3810 2844 ejus

2191 2862 2345 2934 (Sap.
2379 2865 2434 2924 ιι)
2487 2885 2507 2906 ι»
2555 2859 2791 2928 Quartus
2838 2859 3046 2930 gradus
3099 2860 3396 2916 innectitur
3451 2861 3805 2932 simplicitas,

2190 2967 2289 3020 per
2323 2966 2482 3019 quam
2527 2948 2765 3004 cmleslis
2797 2948 2980 3019 gaudii
3040 2949 3250 3004 subitur
3278 2950 3675 3021 multiplicitas.
3743 2954 3809 3006 In

2189 3035 2334 3090 hunc
2363 3034 2595 3106 gradum
2627 3035 2819 3104 pedem
2852 3034 3126 3105 ponimus,
3159 3034 3205 3090 si
3232 3051 3520 3106 perperam
3541 3036 3600 3090 id
3635 3036 3808 3093 frau-

2190 3133 2441 3187 dulenter
2471 3149 2579 3188 non
2611 3149 2866 3205 agamus,
2916 3132 3127 3189 scilicet
3155 3133 3199 3187 si
3230 3132 3358 3188 fidei
3411 3133 3637 3190 servitio
3659 3135 3809 3191 nihil

2190 3238 2252 3275 su
2269 3223 2598 3290 btrahimus,
2636 3231 2688 3276 et
2719 3222 2882 3287 bona,
2931 3237 3038 3276 non
3073 3221 3260 3292 populi
3287 3222 3490 3290 favore,
3549 3223 3653 3278 sed
3680 3225 3806 3280 sola

2189 3311 2288 3364 Dei
2319 3325 2486 3366 causa
2514 3310 2772 3366 facimus.
2821 3309 3052 3378 Quintus
3103 3311 3312 3382 gradus
3366 3311 3527 3367 scalae
3582 3312 3805 3368 inditur

2187 3399 2484 3466 humilitas,
2524 3394 2624 3470 pe'r
2653 3415 2816 3472 quam
2848 3399 3139 3472 attingitur
3165 3399 3414 3471 angelica
3460 3400 3799 3459 sublimitas.

2186 3499 2246 3551 In
2276 3499 2380 3554 hoc
2410 3499 2590 3568 gradu
2609 3498 2882 3553 scandens
2905 3514 3063 3553 mens
3079 3498 3370 3566 solidatur,
3401 3499 3448 3554 si
3469 3499 3536 3554 de
3556 3510 3798 3570 accepta

2108 3568 2156 3631 Ο
2185 3586 2412 3644 scientia
2441 3603 2548 3642 non
2590 3588 2826 3652 inflatur,
2894 3587 3249 3642 elDominum
3274 3588 3523 3659 superbis
3554 3588 3793 3646 resiste—

2183 3693 2264 3742 re,
2296 3676 2590 3731 humilibus
2642 3684 2823 3731 autem
2855 3677 2989 3732 dare
3035 3677 3264 3748 gratiam
3297 3677 3633 3733 recordatur.

2253 3791 2446 3846 Sextus
2476 3792 2688 3865 gradus
2715 3801 2798 3847 est
2847 3792 3034 3847 mundi
3080 3799 3440 3864 contemptus,
3494 3810 3598 3864 per
3618 3812 3789 3866 quem

2181 3881 2401 3950 superni
2433 3881 2590 3953 regni
2641 3881 2945 3952 acquiritur
2973 3897 3196 3938 census.
3242 3883 3298 3936 In
3330 3882 3434 3938 hoc
3477 3883 3652 3954 gradu
3681 3901 3788 3940 ex-

2179 3967 2342 4023 sultat
2371 3968 2549 4023 anima
2587 3969 2850 4039 gloriosa,
2911 3970 2957 4025 si
3006 3986 3116 4024 non
3147 3979 3228 4025 est
3281 3969 3600 4036 ambitiosa,
3655 3974 3790 4044 quia

2178 4074 2430 4136 potentes
2461 4075 2713 4137 potenter
2771 4067 3047 4138 patientur
3077 4076 3347 4125 tormenta
3379 4070 3534 4142 (δίῳ.
3576 4071 3678 4142 vi).
3732 4073 3788 4128 Si

2176 4163 2358 4209 autem
2392 4157 2625 4212 Domino
2656 4156 2924 4226 placuerit
2955 4157 3157 4214 docere
3190 4176 3204 4213 :
3241 4181 3265 4206 α
3296 4159 3504 4226 Amice,
3536 4162 3788 4217 ascende

2177 4243 2431 4314 superius
2464 4246 2617 4314 (Luc.
2651 4248 2791 4315 xiv),
2849 4270 2870 4295 ιι
2915 4262 3021 4302 non
3053 4255 3245 4302 renuat
3277 4247 3460 4303 subire
3488 4249 3612 4304 leve
3669 4249 3786 4305 Do-

2175 4333 2307 4388 mini
2333 4349 2493 4401 onus,
2530 4344 2586 4388 ut
2645 4335 2821 4405 possit
2871 4335 3138 4406 prodesse
3198 4337 3370 4393 verbo
3433 4345 3489 4393 et
3530 4339 3784 4410 exemplo

2177 4429 2464 4486 fratribus.
2499 4431 2773 4502 Septimus
2801 4433 3008 4504 gradus
3054 4433 3276 4504 ponitur
3311 4435 3623 4492 voluntaria
3647 4453 3784 4508 pau-

2173 4532 2381 4594 pertas,
2422 4541 2524 4595 pro
2555 4540 2660 4596 qua
2692 4526 2884 4595 gloriae
2931 4535 2984 4581 et
3023 4527 3335 4582 divitiarum
3361 4528 3413 4584 in
3444 4528 3614 4586 domo
3667 4531 3781 4586 Do-

2173 4612 2304 4666 mini
2333 4613 2597 4684 accipitur
2625 4615 2862 4670 ubertas.
2920 4617 2979 4669 ln
3010 4616 3155 4672 hunc
3183 4617 3412 4689 gradum
3461 4617 3586 4689 ﬁgit
3615 4620 3779 4676 homo

2174 4706 2421 4777 vestigia,
2483 4707 2533 4762 si
2565 4725 2670 4764 non
2729 4709 2922 4780 quaerit
2951 4727 3072 4782 qua:
3127 4711 3232 4766 sibi
3261 4711 3631 4780 solummodo,
3676 4715 3776 4771 sed

2173 4821 2294 4875 qua:
2332 4804 2594 4862 omnibus
2630 4811 2757 4861 sunt
2788 4807 2932 4861 utilia
2974 4817 3027 4863 et
3057 4809 3126 4863 ad
3155 4808 3371 4864 laudem
3412 4809 3612 4866 Christi
3642 4828 3775 4883 per-

2095 4929 2145 4988 Ι)
2179 4893 2429 4949 tinentia.
2463 4895 2562 4950 llic
2603 4895 2723 4950 talis
2781 4896 3013 4952 scandet
3064 4896 3241 4963 laetus,
3301 4899 3429 4970 quia
3470 4901 3688 4971 paravit
3719 4903 3775 4958 in

2177 4990 2466 5046 dulcedine
2496 5007 2596 5047 sua
2627 4994 2858 5064 pauperi
2889 4995 3038 5050 Deus
3069 4997 3242 5065 (Psal.
3275 4999 3474 5066 vau).
3536 4997 3777 5055 Octavus

2172 5081 2381 5150 gradus
2410 5088 2492 5136 est
2534 5097 2657 5152 pax,
2691 5099 2811 5153 quae
2857 5092 3076 5140 aeternae
3103 5085 3241 5142 lucis
3270 5094 3354 5142 est
3393 5085 3503 5142 fax.
3561 5090 3627 5143 In
3669 5090 3777 5145 hoc

2173 5169 2343 5239 gradu
2373 5186 2529 5226 mens
2578 5171 2890 5238 roboratur,
2923 5173 2969 5228 si
3012 5191 3115 5232 nec
3145 5176 3331 5231 verbis
3380 5192 3486 5234 nec
3526 5177 3683 5234 factis
3708 5179 3778 5233 ab

2173 5257 2357 5329 aliquo
2390 5259 2651 5326 irritatur,
2687 5269 2740 5315 et
2770 5261 2819 5316 si
2841 5277 3047 5333 corpus
3093 5265 3288 5322 animm
3315 5267 3370 5322 in
3417 5267 3521 5323 Dei
3548 5268 3780 5322 servitio

2172 5353 2517 5425 subjugatur,
2575 5364 2626 5411 et
2655 5358 2840 5412 anima
2889 5358 3100 5428 spiritui
3150 5362 3498 5418 concordatis
3537 5363 3780 5419 Domino

2175 5442 2290 5497 Deo
2335 5443 2535 5516 jugiter
2578 5445 2891 5501 famulatur.
2942 5447 3002 5501 In
3035 5449 3140 5505 hoc
3189 5451 3360 5521 gradu
3415 5452 3596 5522 positi,
3629 5452 3776 5507 beati

2172 5529 2442 5597 dicuntur,
2473 5534 2726 5605 quoniam
2766 5535 2859 5589 filii
2908 5537 3008 5592 Dei
3039 5538 3379 5594 vocabuntur
3427 5542 3656 5608 (Matth.
3695 5543 3773 5610 v).

2173 5615 2363 5670 Nonus
2393 5618 2603 5689 gradus
2631 5620 2887 5676 scribitur
2941 5621 3175 5688 bonitas,
3209 5640 3308 5694 per
3339 5641 3508 5697 quam
3540 5625 3775 5681 intratur

2171 5710 2293 5767 vitae
2323 5712 2560 5768 caelestis
2581 5716 2910 5784 jucunditas.
2945 5718 3005 5773 In
3035 5721 3182 5777 hunc
3211 5721 3384 5778 homo
3411 5723 3623 5780 scandit
3644 5739 3771 5795 gra-

2170 5809 2318 5878 dum,
2351 5810 2396 5867 si
2425 5829 2534 5870 non
2572 5814 2749 5872 solum
2794 5833 2902 5873 non
2935 5817 3079 5887 facit,
3141 5819 3239 5876 sed
3269 5835 3373 5877 nec
3415 5821 3621 5896 cogitat
3649 5836 3768 5877 ma-
