4062 6074
279 315 382 373 361

1305 315 1892 374 DEFLORATIONES
1931 317 2030 375 SS.
2071 315 2382 373 PATRUM.
2427 346 2496 356 —
2533 315 2660 371 LIB.
2703 315 2746 371 ι.

3483 319 3589 374 362

281 440 419 496 lum.
459 439 720 496 Decimus
748 439 962 513 gradus
1013 447 1095 496 est
1149 439 1394 513 spiritale
1444 440 1724 513 gaudium,
1775 457 1876 512 per
1903 443 1956 502 A
1985 441 2112 496 liori
2143 440 2337 511 subjici
2369 440 2567 507 noluit,
2599 457 2744 497 nunc
2773 440 3099 496 necessitate
3130 439 3336 496 fortiori
3368 438 3590 509 subjici-

283 529 428 602 quod
460 529 784 600 pertingitur
830 529 899 583 ad
938 529 1258 602 angelorum
1317 530 1756 587 contubernium.
1821 532 1881 584 In

281 620 426 674 hunc
448 619 680 688 gradum
730 621 941 672 Iaatetur
1001 619 1165 673 homo
1193 636 1251 673 se
1307 619 1646 684 ascendisse,
1681 619 1724 673 si
1772 634 1880 673 non

282 708 486 780 gaudet
519 724 686 777 super
715 707 1026 779 iniquitate,
1056 707 1103 762 si
1134 724 1240 762 non
1272 708 1477 779 gaudet
1533 725 1700 778 super
1727 708 1882 762 ruina

281 796 506 860 inimici,
545 812 644 851 nec
659 795 726 850 de
751 797 910 850 malis
943 813 1061 867 qum
1079 797 1334 851 eveniunt
1365 796 1490 850 aliis
1524 816 1534 855 :
1572 797 1882 868 congaudct

280 894 464 941 autem
494 885 714 940 veritati
748 885 797 955 (I
825 887 946 942 Cor.
992 889 1133 955 xui),
1167 886 1375 940 scilicet
1405 885 1654 940 omnibus
1711 886 1882 956 gestis

283 975 352 1030 ad
383 975 647 1030 honorem
700 974 918 1039 Christi,
979 975 1070 1046 qui
1101 982 1183 1029 est
1211 975 1417 1029 veritas
1448 984 1501 1029 et
1549 975 1678 1032 vitae
1733 991 1878 1045 pra:-

281 1063 450 1118 mium
480 1071 530 1117 et
560 1063 781 1133 plenum
832 1062 1072 1117 omnium
1105 1063 1382 1133 gaudium.
1420 1065 1574 1120 Unde
1633 1063 1879 1118 decimus

281 1152 492 1225 gradus
522 1151 732 1206 locatur
761 1151 1097 1221 suﬁ'erentia,
1130 1170 1229 1224 per
1271 1169 1436 1214 quam
1467 1170 1723 1224 supernae
1753 1152 1879 1223 glo-

281 1241 373 1296 riae
392 1240 715 1312 adipiscitur
765 1241 1078 1296 eminentia.
1137 1243 1294 1297 Hunc
1325 1242 1562 1313 gradum
1610 1243 1878 1297 scandere

278 1330 502 1385 animus
531 1329 777 1400 arripiet,
810 1329 857 1383 si
887 1331 1069 1386 omnia
1112 1331 1299 1386 mundi
1329 1331 1564 1386 adversa
1591 1347 1688 1402 pro
1719 1332 1874 1386 Chri-

280 1427 366 1474 sto
389 1417 602 1474 suﬂ'ert.
639 1419 698 1473 in
736 1419 843 1474 hoc
875 1419 1048 1490 gradu
1078 1420 1380 1486 constituti,
1416 1420 1560 1474 beati
1621 1421 1876 1476 scribun-

277 1516 385 1573 tur,
438 1507 484 1562 si
517 1508 956 1576 persecutionem
997 1524 1097 1577 pro
1121 1508 1329 1577 justitia
1360 1509 1664 1580 patiuntur,
1727 1525 1874 1581 quo-

278 1597 422 1652 niam
454 1613 687 1668 regnum
717 1597 1016 1652 sortiuntur
1046 1597 1175 1652 Dei.

351 1740 720 1797 Duodecimus
751 1742 955 1813 gradus
982 1741 1180 1796 dicitur
1210 1757 1336 1796 esse
1367 1739 1523 1808 ﬁdes,
1556 1759 1676 1814 quae
1705 1742 1877 1798 homi-

278 1847 380 1886 nes
409 1830 565 1886 eﬂicit
597 1830 810 1901 angelis
835 1830 1116 1886 concives.
1147 1831 1252 1884 Per
1281 1831 1424 1885 hunc
1455 1831 1687 1900 gradum
1714 1831 1876 1886 homo

278 1936 533 1991 gressum
565 1919 784 1991 premit,
823 1919 868 1973 si
923 1928 1118 1975 cuncta
1165 1919 1232 1975 de
1265 1920 1379 1974 Deo
1433 1927 1484 1974 et
1515 1928 1717 1974 aeterna
1770 1920 1878 1974 vita

279 2009 370 2081 pie
427 2009 572 2064 dicta
631 2008 717 2064 vel
765 2009 966 2080 scripta
997 2007 1228 2063 ﬁdeliter
1281 2009 1469 2075 credit,
1505 2008 1631 2080 quia
1660 2016 1738 2063 est
1768 2008 1873 2063 im-

280 2098 547 2170 possibile
577 2097 695 2152 sine
737 2097 844 2152 ﬁde
874 2099 989 2152 Deo
1047 2097 1265 2167 placere
1291 2098 1472 2165 (Hebr.
1505 2099 1605 2166 x1).
1663 2097 1875 2152 Tertius

277 2195 526 2250 decimus
553 2196 758 2268 gradus
789 2195 1105 2249 annectitur
1127 2211 1280 2265 spes,
1301 2211 1428 2266 quin
1462 2211 1568 2250 non
1599 2194 1874 2250 confundit

274 2285 664 2355 praestolantes
686 2284 959 2355 spiritales
991 2300 1106 2339 res.
1157 2286 1217 2338 In
1247 2284 1392 2339 hunc
1424 2285 1654 2354 gradum
1703 2284 1875 2354 pedes

274 2390 436 2430 mens
467 2382 655 2429 sancta
713 2373 876 2438 levat,
935 2372 979 2428 si
1013 2373 1202 2427 omnia
1235 2373 1377 2428 bona
1434 2373 1503 2427 de
1535 2373 1710 2428 futura
1765 2373 1874 2427 vita

276 2471 493 2533 sperat.
522 2462 764 2531 Quartus
792 2461 1039 2517 decimus
1057 2462 1301 2532 sequitur
1336 2461 1739 2533 longanimitas,
1773 2479 1874 2532 per

276 2568 440 2624 quam
467 2553 785 2623 impetratur
843 2551 1166 2623 angelorum
1197 2551 1498 2622 aequalitas.
1558 2553 1710 2606 Hunc
1742 2568 1862 2621 gra-

277 2640 409 2696 dum
440 2641 662 2713 quilibet
696 2641 966 2696 scandens
995 2641 1394 2710 apprehendet,
1427 2639 1472 2694 si
1501 2655 1692 2694 omnes
1739 2656 1872 2710 pro-

274 2729 568 2785 missiones
598 2731 697 2784 Dei
727 2730 1110 2802 aequanimiter
1139 2734 1389 2796 sustinet,
1423 2729 1466 2782 si
1499 2745 1635 2783 onus
1660 2728 1874 2783 Domini

275 2829 482 2883 tamdiu
509 2828 732 2896 bajulat,
791 2844 1076 2900 quousque
1117 2828 1235 2898 ipse
1285 2828 1528 2893 veniens,
1557 2827 1749 2900 jugum
1806 2828 1874 2882 de

275 2916 422 2973 collo
455 2918 571 2986 ejus
603 2917 873 2982 excutiat,
907 2925 958 2972 et
988 2933 1111 2972 eum
1145 2933 1176 2972 a
1206 2917 1391 2972 labore
1422 2932 1660 2982 cessare,
1720 2925 1772 2972 et
1818 2917 1872 2970 in

275 3006 461 3078 requie
495 3007 812 3062 recumbere
857 3006 1044 3062 faciat.
1079 3005 1312 3075 Quintus
1367 3005 1612 3061 decimus
1669 3006 1874 3073 gradus

272 3103 516 3170 ultimus,
533 3104 752 3175 ponitur
769 3103 1204 3174 perseverantia,
1231 3119 1500 3175 perquam
1517 3103 1870 3173 paradisiacae

272 3193 604 3248 amaznitatis
631 3193 918 3263 capiuntur
948 3201 1102 3264 prata
1137 3192 1388 3247 virentia.
1450 3195 1509 3246 In
1541 3193 1690 3248 hunc
1743 3209 1866 3262 gra-

272 3281 405 3336 dum
436 3298 591 3337 mens
621 3283 729 3336 alta
759 3290 950 3352 petens
981 3298 1039 3336 se
1073 3281 1390 3352 pervenisse
1429 3282 1792 3353 congaudeat,
1827 3281 1871 3336 si

273 3377 344 3432 de
377 3378 474 3432 Dei
506 3377 886 3434 misericordia
915 3394 1188 3449 nunquam
1220 3378 1564 3448 desperanda
1620 3379 1860 3433 excidat.

278 3490 299 3514 α
337 3466 443 3536 Qui
472 3467 615 3522 enim
648 3467 1087 3537 perseveraverit
1119 3483 1295 3538 usque
1326 3467 1378 3520 in
1408 3465 1592 3533 ﬁnem,
1619 3468 1708 3523 hic
1753 3468 1871 3522 sal-

274 3573 376 3610 vus
406 3556 505 3610 erit
535 3555 762 3624 (Matth.
783 3557 963 3627 xxiv).
1002 3577 1020 3606 ι
1059 3556 1162 3624 Qui
1191 3572 1288 3626 per
1321 3557 1422 3610 bos
1453 3572 1645 3611 omnes
1665 3557 1871 3628 gradus

274 3645 378 3700 rite
427 3644 672 3710 scandet,
722 3645 867 3700 hunc
925 3645 1189 3699 Dominus
1244 3645 1483 3699 cbaritas
1541 3645 1593 3698 in
1647 3645 1871 3700 cellaria

272 3742 496 3788 aeterna
524 3733 835 3788 dulcedinis
867 3733 1196 3789 introducet.
1231 3735 1359 3788 Haec
1408 3733 1575 3798 scala,
1609 3734 1870 3788 charissi-

273 3823 368 3887 mi,
429 3837 527 3893 per
583 3822 835 3876 timorem
893 3821 1135 3892 erigitur,
1171 3839 1271 3892 per
1299 3839 1461 3892 quem
1515 3823 1754 3878 cbaritas
1800 3825 1869 3877 ad

273 3926 548 3965 summum
579 3910 833 3975 deducta,
866 3909 982 3980 ipsa
1006 3919 1062 3964 ut
1093 3910 1236 3964 ﬁlius
1266 3911 1321 3965 in
1353 3911 1724 3966 baereditatem
1765 3914 1869 3967 Do-

273 3999 405 4053 mini
431 3997 811 4054 introducitur.
845 3999 1039 4053 Timor
1065 4015 1196 4054 vero
1227 4008 1285 4052 ut
1311 4016 1507 4054 servus
1539 3999 1688 4055 foras
1709 4001 1868 4070 ejici-

271 4089 631 4157 tui-(11mm.
666 4091 762 4157 iv).
791 4087 1083 4143 Sciendum
1134 4096 1315 4143 autem
1347 4089 1491 4159 quod
1522 4091 1629 4144 duo
1687 4099 1868 4146 motus

274 4185 407 4231 sunt
453 4175 656 4241 cordis,
705 4176 906 4247 quibus
963 4175 1143 4230 anima
1193 4176 1526 4231 rationaliter
1581 4178 1648 4232 ad
1704 4195 1867 4234 omne

271 4265 417 4336 quod
475 4264 616 4330 facit,
678 4265 952 4336 agendum
1011 4264 1328 4335 impellitur.
1387 4266 1538 4321 Unus
1568 4275 1649 4321 est
1681 4268 1863 4336 timor,

271 4362 410 4416 alter
438 4378 619 4418 amor.
650 4363 778 4418 llaec
809 4363 938 4427 duo,
961 4378 1081 4417 cum
1119 4363 1258 4417 bona
1287 4372 1430 4429 sunt,
1465 4380 1627 4419 omne
1665 4365 1865 4419 bonum

272 4452 533 4509 efﬁciunt.
600 4453 703 4505 Per
732 4451 983 4505 timorem
1043 4451 1192 4505 enim
1241 4451 1378 4505 mala
1435 4462 1734 4516 caventur;
1767 4471 1866 4524 per

1987 538 2091 594 tur,
2116 530 2244 601 quia
2267 529 2517 600 profecto
2563 543 2779 600 poenam
2803 536 2931 584 tunc
2981 528 3221 584 cbaritas
3254 527 3403 583 foras
3457 527 3588 582 mit-

1989 628 2094 695 tit(
2130 628 2317 683 llean
2341 628 2435 694 IV),
2501 629 2720 698 quando
2777 627 3171 698 subjectionem
3231 626 3586 683 voluntariam

1987 715 2132 772 facit.
2168 715 2382 785 Quanto
2411 716 2588 788 magis
2633 719 2836 772 crescit
2891 715 3153 780 cbaritas,
3216 722 3364 770 tanto
3411 717 3588 790 magis

1987 814 2186 870 crescit
2235 813 2482 869 voluntas
2518 833 2530 877 ;
2563 823 2762 886 quanto
2843 815 3020 887 magis
3076 813 3271 870 crescit
3314 813 3586 879 voluntas,

1988 908 2135 957 tanto
2167 903 2344 975 magis
2395 903 3011 968 decrescitnecessitas,
3069 912 3122 957 et
3177 903 3288 970 jam
3347 902 3587 974 perfecta

1987 991 2253 1046 cliaritate
2312 999 2476 1058 amat,
2511 993 2578 1046 ad
2608 993 2966 1047 reverentiam
3001 991 3286 1046 meliorem
3345 993 3587 1047 volunta-

1987 1080 2122 1149 rius,
2174 1097 2282 1134 non
2368 1081 2518 1134 timet
2596 1081 2663 1134 ad
2721 1097 2932 1151 pmnam
3011 1081 3291 1136 fortiorem
3349 1081 3576 1136 invitus.

1985 1168 2258 1236 Quaeritur
2287 1168 2355 1224 de
2381 1169 2601 1224 Christo
2633 1169 2849 1223 homine
2881 1169 3154 1240 quomodo
3185 1169 3436 1224 timorem
3468 1171 3585 1224 Do-

1986 1265 2118 1320 mini
2148 1265 2419 1333 habuerit,
2455 1267 2552 1320 sed
2590 1265 2745 1320 facile
2779 1266 3256 1321 estdcmonstrare
3313 1266 3584 1338 quomodo

1984 1354 2292 1410 voluntarie
2324 1355 2489 1421 Patri,
2553 1356 2605 1408 in
2637 1363 2898 1426 quantum
2953 1355 3068 1424 ipse
3089 1356 3252 1410 homo
3308 1362 3437 1419 erat,
3481 1354 3584 1409 sibi

1983 1443 2275 1513 superiori,
2312 1443 2654 1511 subiiciebat,
2681 1451 2734 1498 et
2758 1452 3058 1514 spontanea
3089 1443 3395 1498 reverentia
3425 1443 3588 1499 cede-

1982 1531 2071 1585 bat
2126 1531 2202 1585 illi
2261 1549 2421 1604 quem
2475 1533 2824 1603 superiorem
2877 1532 3268 1605 cognoscebat,
3329 1532 3516 1586 dicens
3568 1551 3580 1587 :

1985 1651 2007 1680 ι
2046 1631 2203 1685 Pater
2233 1630 2410 1699 major
2432 1647 2516 1686 me
2549 1641 2630 1686 est
2656 1633 2840 1698 (Joan.
2873 1633 3024 1700 xxv).
3067 1632 3217 1686 Sicut
3237 1629 3402 1703 igitur
3435 1645 3588 1685 amor

1981 1727 2106 1776 cnm
2137 1718 2210 1774 sit
2240 1728 2420 1774 motus
2451 1721 2654 1774 mentis
2711 1719 3037 1774 naturaliter
3064 1736 3223 1783 unus,
3283 1718 3581 1774 secundum

1904 1799 1954 1859 Β
1987 1807 2238 1863 diversas
2269 1807 2557 1880 qualitates
2586 1809 2807 1864 diversa
2838 1808 3058 1862 nomina
3092 1808 3332 1874 sortitur,
3365 1815 3418 1862 et
3444 1805 3582 1861 dici-

1988 1912 2073 1959 tur
2099 1904 2398 1976 aliquando
2422 1906 2710 1977 cupiditas,
2744 1906 2964 1978 quando
2995 1905 3203 1961 scilicet
3220 1905 3298 1959 ad
3320 1904 3580 1958 mundum

1987 2001 2088 2062 est,
2123 1995 2340 2066 quando
2363 2011 2494 2050 vero
2539 1996 2607 2050 ad
2631 1997 2802 2050 Deum
2833 1995 3070 2050 cbaritas
3105 2013 3115 2048 :
3145 1994 3222 2048 sic
3242 1992 3405 2048 timor
3459 2007 3579 2048 cum

1985 2081 2053 2136 sit
2083 2091 2262 2137 motus
2285 2085 2484 2138 mentis
2514 2084 2832 2138 naturaliter
2860 2101 3020 2149 unus,
3054 2083 3351 2138 secundum
3394 2081 3582 2136 diver-

1985 2186 2078 2225 sos
2123 2180 2305 2226 tamen
2355 2180 2533 2228 motus
2590 2173 2836 2238 habetur,
2900 2172 2982 2226 vel
3023 2179 3298 2242 operatur,
3351 2169 3582 2225 diversis

1985 2261 2298 2315 nominibus
2329 2261 2680 2333 signiﬁcatur.
2729 2261 2971 2329 Quatuor
2992 2277 3124 2315 sane
3154 2261 3378 2314 timores
3421 2273 3580 2314 sacra

1985 2349 2270 2421 Scriptura
2301 2350 2589 2417 discernit,
2651 2351 2928 2415 servilem,
2979 2349 3335 2414 mundanum,
3394 2346 3578 2403 initia-

1981 2437 2109 2500 lem,
2142 2437 2390 2492 ﬁlialem.
2432 2439 2659 2495 Servilis
2690 2439 2849 2494 timor
2878 2448 2959 2494 est
2981 2454 3078 2510 pro
3137 2437 3386 2493 evitanda
3417 2451 3580 2507 pcena

1982 2534 2259 2590 abstinere
2289 2551 2317 2589 a
2339 2535 2507 2600 malo,
2538 2545 2750 2591 retenta
2780 2537 3055 2591 voluntate
3083 2533 3249 2593 mala.
3279 2534 3581 2589 Mundanus

1982 2623 2142 2678 timor
2168 2632 2250 2678 est
2281 2640 2382 2694 pro
2411 2624 2667 2680 evitanda
2728 2641 2892 2695 poena
2945 2625 3222 2680 abstinere
3251 2639 3280 2677 a
3310 2623 3455 2678 bono
3486 2639 3582 2676 re-

1981 2719 2126 2766 tenta
2154 2717 2426 2768 voluntate
2459 2713 2626 2767 bona.
2696 2714 2919 2767 lnitialis
2951 2731 3087 2767 vero
3108 2714 3273 2766 timor
3319 2719 3420 2776 est,
3445 2725 3579 2781 pro-

1981 2800 2232 2855 evitanda
2291 2817 2453 2870 pmna
2500 2817 2621 2856 curn
2662 2817 2921 2872 perverso
2968 2817 3136 2872 opere
3166 2799 3326 2855 etiam
3382 2813 3580 2870 pravas

1981 2889 2338 2958 cogitationes
2358 2906 2628 2945 resecare.
2688 2890 2892 2946 Filialis
2923 2890 3082 2945 timor
3099 2897 3181 2944 est
3229 2889 3373 2944 bono
3405 2885 3578 2940 ﬁrmi-

1983 2993 2065 3041 ter
2111 2987 2410 3053 adhaerere,
2461 2987 2588 3057 quia
2639 2987 2770 3042 illud
2827 2987 3071 3042 amittere
3128 2987 3294 3043 nolis.
3360 2987 3439 3041 Ex
3493 2983 3578 3040 his

1982 3085 2220 3144 quatuor
2246 3077 2353 3131 duo
2384 3077 2673 3141 malisunt,
2707 3077 2759 3130 id
2791 3076 3099 3132 estservilis
3139 3083 3193 3131 et
3221 3075 3524 3130 mundanus
3560 3093 3574 3129 :

1897 3158 1945 3220 C
1976 3165 2083 3219 duo
2115 3180 2240 3221 vero
2273 3166 2421 3235 boni,
2456 3166 2507 3219 id
2543 3175 2624 3221 est
2656 3166 2876 3220 initialis
2909 3174 2960 3221 et
2992 3166 3190 3220 ﬁlialis.
3251 3163 3475 3220 Servilis
3501 3163 3575 3218 ti-

1981 3269 2102 3307 mor
2132 3269 2349 3324 paanam
2381 3271 2502 3326 quae
2532 3255 2602 3308 ab
2632 3255 2944 3310 hominibus
2966 3255 3194 3309 infertur
3224 3253 3414 3308 metuit
3446 3272 3457 3306 :
3491 3253 3576 3306 id-

1979 3341 2125 3397 circo
2147 3343 2194 3396 ei
2223 3343 2424 3398 sufﬁcit
2453 3358 2674 3399 cessare
2701 3359 2731 3397 a
2759 3343 2905 3398 malo
2938 3359 3123 3414 Opere,
3157 3343 3283 3414 quia
3335 3342 3405 3396 ad
3435 3357 3574 3396 ocu-

1977 3430 2089 3485 lum
2124 3430 2413 3485 famulatur
2445 3451 2459 3498 ;
2492 3440 2544 3486 et
2563 3441 2769 3487 reatum
2818 3432 3168 3488 conscientia
3200 3447 3307 3486 non
3364 3431 3571 3498 metuit,

1982 3519 2294 3574 hominibus
2323 3521 2542 3590 placere
2600 3521 2810 3576 volens.
2857 3521 3161 3575 Mundanus
3207 3534 3340 3574 vero
3393 3518 3572 3585 timor,

1979 3607 2294 3663 hominibus
2325 3609 2544 3678 placere
2600 3626 2706 3664 non
2766 3626 3036 3681 quaerens,
3067 3617 3246 3663 tamen
3284 3607 3574 3678 displicere

1978 3705 2245 3761 metuens,
2266 3697 2446 3769 etipse
2463 3697 2676 3769 ﬁngens
2702 3700 2844 3772 quod
2871 3715 2977 3754 non
3001 3707 3084 3754 est
3109 3707 3321 3767 ;tamen
3344 3697 3573 3752 mendax

1978 3795 2034 3850 in
2064 3796 2319 3869 neganda
2385 3799 2611 3854 veritate
2669 3813 2830 3869 quam
2890 3797 3048 3852 fallax
3097 3796 3151 3850 in
3209 3794 3439 3850 falsitate
3493 3803 3573 3848 te-

1978 3886 2178 3955 genda,
2216 3893 2269 3940 et
2297 3895 2530 3958 uterque
2572 3887 2624 3940 in
2672 3887 2893 3941 veritate
2927 3886 3152 3940 offendit
3185 3901 3196 3937 :
3228 3885 3386 3949 alter,
3446 3883 3574 3954 quia

1980 3973 2168 4028 timide
2199 3983 2366 4045 negat
2396 3976 2542 4046 quod
2568 3979 2651 4030 est
2685 3991 2697 4042 ;
2732 3975 2892 4044 alter,
2942 3974 3068 4046 quia
3097 3989 3362 4044 perverse
3415 3972 3573 4026 sileat

1978 4073 2120 4142 quod
2145 4089 2253 4126 non
2283 4082 2390 4128 est.
2461 4073 2686 4128 lnitialis
2717 4089 2849 4127 vero
2905 4073 3083 4138 timor,
3108 4071 3235 4142 quia
3291 4085 3414 4126 eam
3467 4085 3569 4140 qua

1979 4160 2129 4214 Deus
2153 4163 2516 4216 comminatur
2546 4177 2782 4232 pwnam,
2805 4160 3080 4216 declinare
3113 4159 3332 4232 satagit,
3355 4173 3568 4228 nequa-

1978 4273 2138 4327 quam
2169 4256 2270 4311 sibi
2301 4256 2549 4312 sufﬁcere
2579 4257 2751 4327 videt,
2782 4257 2924 4312 utab
2945 4256 3130 4312 illicita
3159 4272 3219 4311 se
3247 4254 3569 4327 operatione

1975 4354 2266 4422 contineat,
2303 4356 2430 4426 quia
2460 4354 2511 4410 ei
2540 4355 2629 4426 qui
2658 4371 2756 4411 cor
2783 4355 3044 4420 intuetur,
3093 4370 3200 4410 non
3225 4361 3308 4410 est
3338 4353 3470 4407 satis
3500 4351 3568 4406 ad

1974 4442 2352 4512 probationem
2389 4443 2434 4497 si
2477 4443 2742 4500 innocens
2794 4443 2952 4498 fuerit
3009 4444 3172 4508 actio,
3237 4442 3341 4497 nisi
3399 4441 3567 4497 etiam

269 4557 510 4597 amorem
542 4541 683 4596 bona
698 4548 1044 4595 exercentur.
1065 4541 1198 4596 Cum
1215 4550 1394 4596 autem
1409 4542 1545 4595 mala
1559 4551 1701 4607 sum,
1738 4514 1856 4598 olm-
1895 4514 1948 4575 D
1981 4531 2100 4601 ipsa
2130 4533 2312 4588 cordis
2342 4532 2604 4604 cogitatio
2629 4543 2756 4588 ante
2778 4534 2894 4603 ejus
2915 4534 3104 4590 oculos
3135 4534 3346 4589 sincera
3401 4541 3565 4603 atque

271 4631 424 4685 nium
455 4629 723 4684 malorum
776 4643 943 4683 causa
975 4629 1229 4683 existunt.
1285 4630 1386 4684 Per
1418 4631 1666 4685 timorem
1718 4633 1863 4686 enim

267 4720 470 4775 malum
525 4734 556 4772 a
591 4718 736 4773 bono
758 4717 1024 4773 receditur
1055 4733 1067 4785 ;
1103 4734 1201 4788 per
1228 4735 1470 4772 amorem
1503 4736 1631 4774 vero
1661 4721 1863 4774 malum

271 4807 416 4863 mala
448 4815 850 4877 perpetrantur.
886 4805 1026 4860 Sunt
1059 4823 1194 4878 ergo
1223 4808 1329 4862 duo
1359 4808 1475 4863 haec
1505 4809 1653 4879 quasi
1692 4819 1864 4880 portae

271 4897 414 4957 duae,
473 4913 576 4966 per
633 4912 793 4965 quam
825 4911 974 4949 mors
1015 4904 1068 4949 et
1123 4896 1229 4949 vita
1286 4897 1686 4967 ingrediuntur.
1720 4901 1864 4953 Mors

272 4985 513 5056 quidem,
563 4999 686 5040 cum
745 4983 1062 5054 aperiuntur
1091 4984 1157 5039 ad
1217 4984 1413 5038 malum
1449 5004 1462 5052 ;
1497 4985 1606 5040 vita
1661 4994 1861 5053 autem,

272 5089 394 5130 cum
420 5074 486 5128 ad
518 5073 717 5128 bonum
749 5080 1073 5128 reserantur.

682 5227 754 5280 De
787 5226 988 5281 timore
1018 5228 1074 5279 et
1104 5239 1294 5280 amore
1321 5225 1447 5280 Dei.

343 5351 526 5407 Timor
555 5359 632 5406 est
665 5349 894 5405 effectus
925 5349 1123 5403 mentis
1154 5349 1298 5421 quod
1330 5357 1580 5404 movetur
1609 5358 1660 5403 ut
1694 5366 1862 5420 supe-

271 5440 401 5496 riori
431 5444 587 5496 cedat
621 5455 632 5494 :
663 5455 846 5494 amore
879 5439 1024 5492 enim
1076 5438 1310 5503 accedit,
1375 5438 1566 5493 timore
1623 5439 1851 5494 recedit.

270 5531 327 5586 Si
360 5531 410 5583 in
437 5529 641 5598 justitia
673 5527 997 5598 perstitisset
1046 5527 1230 5594 homo,
1281 5544 1345 5582 ex
1401 5528 1676 5583 voluntate
1725 5529 1860 5583 sub-

264 5620 530 5688 jiceretur
560 5617 962 5680 meliori;nunc
995 5625 1175 5670 autem
1237 5633 1303 5671 ex
1353 5618 1676 5672 necessitate
1725 5619 1858 5672 sub-

262 5705 461 5780 jicitur
493 5706 731 5762 fortiori.
771 5707 899 5760 Haec
940 5713 1021 5760 est
1054 5720 1216 5775 paena
1263 5705 1355 5759 illa
1388 5705 1612 5771 timoris,
1667 5723 1729 5762 ex
1755 5724 1861 5780 qua

262 5796 484 5852 servilis
507 5794 831 5861 nominatur,
866 5794 1085 5866 quando
1116 5793 1205 5866 qui
1253 5793 1530 5851 voluntate
1560 5795 1714 5866 prius
1744 5813 1860 5854 me-

1972 4629 2249 4700 impolluta
2280 4638 2554 4701 appareat.
2589 4630 2728 4700 Quia
2752 4649 2892 4703 ergo
2923 4631 3000 4686 illi
3030 4631 3322 4704 displicere
3378 4628 3568 4684 metuit

1971 4719 2062 4789 qui
2095 4719 2240 4773 videt
2273 4726 2464 4783 totum,
2494 4721 2562 4774 ad
2605 4720 2908 4790 perfectam
2965 4721 3330 4776 innocentiam
3380 4734 3563 4774 coram

1971 4831 2037 4870 eo
2067 4832 2298 4871 necesse
2355 4833 2478 4872 esse
2527 4819 2860 4886 considerat,
2921 4828 2976 4874 ut
3005 4819 3227 4874 mundet
3260 4825 3452 4881 totum,
3511 4822 3562 4869 et

1972 4911 2096 4968 ideo
2121 4912 2220 4968 iste
2275 4913 2436 4968 timor
2465 4914 2686 4968 initialis
2717 4916 2929 4985 dicitur,
2979 4916 3106 4988 quia
3163 4915 3266 4970 sub
3306 4915 3408 4969 hoc
3464 4928 3563 4984 per

1972 5010 2168 5065 bonam
2189 5011 2548 5080 voluntatem,
2569 5021 2622 5068 et
2653 5013 2862 5068 virtutis
2911 5014 3117 5068 initium
3137 5013 3278 5084 capit
3300 5022 3352 5067 et
3373 5010 3556 5066 ﬁnem.

1969 5113 2218 5168 Necdum
2247 5124 2423 5170 tamen
2454 5114 2718 5185 perfectio
2751 5123 2850 5179 est,
2885 5117 3008 5187 quia
3039 5116 3164 5170 dum
3198 5115 3344 5170 aliud
3362 5112 3544 5186 agitur

1971 5217 2025 5265 et
2053 5209 2198 5266 aliud
2231 5211 2550 5278 intenditur,
2583 5212 2765 5283 ipsum
2797 5213 2974 5267 adhuc
3004 5221 3226 5282 propter
3265 5229 3323 5267 se
3355 5213 3557 5267 bonum

1970 5323 2080 5362 non
2110 5309 2408 5364 amittatur.
2448 5311 2598 5366 Tunc
2649 5309 2858 5365 accedit
2889 5309 3148 5376 charitas,
3199 5318 3251 5364 et
3273 5309 3429 5365 intrat
3464 5327 3562 5380 per

1971 5405 2226 5460 timorem
2248 5407 2428 5462 istum.
2460 5407 2568 5470 Qui
2598 5409 2728 5463 dum
2758 5416 3023 5464 monstrat
3066 5409 3210 5480 quod
3240 5409 3424 5482 fugere
3455 5411 3559 5464 de-

1971 5504 2199 5559 beamus
2231 5505 2553 5575 periculum,
2587 5506 2990 5578 quodammodo
3020 5515 3275 5577 appetere
3325 5515 3378 5563 et
3406 5509 3556 5563 desi—

1971 5603 2165 5658 derare
2199 5603 2326 5657 facit
2360 5604 2688 5674 praesidium.
2715 5604 2988 5658 Convertit
3045 5621 3140 5659 cor
3169 5605 3232 5658 ad
3260 5607 3451 5670 Deum,
3503 5613 3560 5658 ut

1971 5700 2378 5773 quodammodo
2401 5703 2467 5756 de
2499 5703 2616 5773 ipso
2653 5703 2824 5776 fugiat
2840 5705 2907 5758 ad
2929 5705 3126 5775 ipsum,
3158 5705 3260 5758 hoc
3317 5712 3398 5757 est
3429 5703 3554 5755 dum

1968 5805 2125 5856 cavet
2173 5798 2380 5856 habere
2431 5799 2650 5870 iratum,
2705 5801 2917 5857 studeat
2964 5802 3166 5858 habere
3221 5799 3542 5872 pr0pilium.
