4010 6074
461 194 563 248 863

1573 185 1916 242 VVERNERI
1955 183 2238 241 ABBATIS
2278 185 2341 240 S.
2391 185 2612 242 BLASII

3659 193 3769 248 865

461 318 617 373 Hunc
647 315 892 387 sequitur
920 315 1083 369 timor
1113 312 1290 368 ﬁlialis
1319 311 1410 384 qui
1433 328 1495 367 ex
1525 310 1857 366 succedente
1883 310 2054 366 chari-
2086 311 2136 370 Α
2169 317 2377 381 partem
2411 310 2685 367 declinare
2736 321 2910 370 status
2969 315 3090 372 vitae
3119 315 3419 372 mutabilis.
3487 316 3602 373 Sed
3651 331 3776 373 cum

461 413 571 460 tate
601 404 858 468 nascitur,
895 411 951 458 ut
981 403 1157 473 ipsum
1209 401 1402 455 timere
1433 399 1564 454 nihil
1586 399 1732 453 aliud
1763 399 1850 468 sit,
1894 414 2056 471 quam

459 494 816 564 degustatum
849 492 900 545 in
933 491 1194 547 charitate
1227 490 1427 544 bonum
1453 489 1564 558 jam
1591 487 1737 542 nolle
1785 488 2056 553 amittere,

461 592 513 637 et
543 582 629 636 hic
661 581 881 652 quidem
911 579 1071 634 timor
1099 579 1300 650 aliquid
1315 595 1490 649 poena:
1519 577 1827 644 adjunctum
1877 576 2056 643 habet,

460 671 588 725 dum
606 671 658 725 in
683 678 833 727 certo
850 668 1216 735 ambulamus,
1244 674 1486 737 etpotest
1524 666 1574 719 in
1590 674 1873 736 utramque
1886 665 2061 720 adhuc

2168 398 2501 453 mutabilitas
2532 400 2679 455 nulla
2725 404 2843 469 erit,
2873 412 3000 459 tunc
3049 404 3199 459 nulla
3229 422 3292 460 ex
3324 407 3538 462 incerto
3587 405 3780 475 suspi-

2167 486 2340 542 cionis
2359 489 2720 558 pmnainerit,
2756 501 2808 546 et
2840 501 2970 548 tunc
3002 494 3163 548 timor
3197 495 3610 566 quodammodo
3663 494 3782 548 sine

2168 576 2363 631 timore
2394 577 2512 642 erit,
2534 578 2622 632 ubi
2647 589 2698 633 et
2721 581 2788 635 de
2811 581 3103 638 stabilitate
3125 584 3259 638 certi
3274 583 3501 648 erimus,
3518 591 3574 638 et
3595 590 3784 637 tamen

2170 666 2533 721 reverentiam
2566 669 2817 724 Creatori
2837 671 3096 727 exhibere
3115 686 3225 727 non
3261 671 3609 727 desistimus.

1125 925 1745 1030 DOMINICA
1825 926 1951 1027 IN
2029 925 3080 1050 QUADRAGESIMA.

1690 1116 2081 1182 Secundum
2129 1116 2550 1181 Matthaeum.

545 1281 566 1305 α
603 1258 807 1312 Ductus
839 1265 917 1311 est
962 1257 1123 1312 Jesus
1175 1255 1228 1309 in
1261 1255 1536 1311 desertum
1597 1260 1655 1307 ut
1692 1259 1995 1306 tentaretur
2040 1267 2073 1306 a

465 1354 702 1420 diabolo,
728 1364 814 1412 etc
845 1376 866 1406 ι
903 1356 1126 1424 (Matth.
1153 1370 1209 1408 Iv
1229 1357 1277 1424 .)
1302 1352 1559 1408 Consulte
1578 1353 1750 1407 Lucas
1780 1350 2073 1422 primOpo—

466 1445 572 1498 suit
607 1463 619 1498 :
657 1468 677 1492 α
715 1446 871 1500 Jesus
902 1452 1083 1499 autem
1110 1443 1306 1514 plenus
1336 1443 1539 1512 Spiritu
1570 1449 1756 1496 sancto
1782 1455 2074 1513 regressus

465 1534 535 1588 ab
561 1533 796 1588 Jordane
818 1535 973 1601 (Luc.
1006 1536 1082 1599 Iv)
1118 1551 1139 1580 ι
1174 1548 1244 1586 ne
1275 1531 1625 1585 dubitaretur
1660 1545 1687 1583 a
1721 1544 1828 1600 quo
1875 1527 2074 1599 spiritu

466 1622 662 1678 ductus
694 1621 855 1676 fuerit
885 1623 941 1675 in
972 1621 1251 1676 desertum
1285 1619 1584 1674 secundum
1629 1619 1955 1683 Matthaeum,
1988 1616 2073 1671 vel

2181 1251 2316 1308 rium
2350 1270 2635 1310 numerum
2667 1265 2882 1327 tempus
2910 1258 3247 1328 pmnitentiae
3276 1258 3483 1331 surgit.
3533 1280 3557 1306 ι
3595 1258 3665 1312 Et
3696 1271 3790 1312 ac-

2183 1343 2388 1398 cedens
2418 1352 2654 1400 tentator
2711 1345 2846 1400 dixit
2875 1347 2924 1402 ei
2956 1365 2969 1401 :
3005 1348 3062 1403 Si
3111 1348 3276 1403 Filius
3331 1364 3413 1412 es,
3475 1348 3575 1402 dic
3606 1355 3669 1400 ut
3711 1346 3792 1400 la-

2183 1431 2339 1502 pides
2369 1432 2457 1486 isti
2479 1450 2646 1504 panes
2688 1434 2838 1489 ﬁant.
2889 1435 2994 1504 Qui
3031 1437 3370 1507 respondens
3423 1435 3563 1491 dixit
3595 1454 3609 1489 :
3643 1434 3793 1489 Scri-

2186 1533 2335 1600 ptum
2367 1539 2450 1585 est
2483 1551 2493 1586 :
2527 1533 2649 1587 Non
2681 1533 2736 1586 in
2763 1533 2882 1588 solo
2911 1549 3054 1606 pane
3075 1534 3207 1588 vivit
3237 1535 3423 1593 homo.
3448 1533 3549 1588 sed
3575 1533 3632 1586 in
3646 1533 3794 1586 omni

2187 1620 2357 1675 verbo
2388 1621 2533 1692 quod
2563 1622 2807 1691 procedit
2828 1623 2895 1677 de
2917 1640 3010 1678 ore
3027 1624 3147 1680 Dei.
3184 1644 3206 1674 ι
3233 1621 3473 1679 Credidit
3491 1622 3794 1693 aliquando

473 1719 737 1791 expulsus
761 1719 1065 1774 secundum
1097 1720 1362 1775 Marcum.
1397 1715 1598 1771 Procul
1629 1715 1796 1770 dubio
1821 1729 1928 1768 non
1959 1712 2076 1768 vir-
2106 1680 2158 1739 Β
2188 1709 2439 1765 diabolus
2481 1709 2874 1767 debellatorem
2932 1729 3088 1767 suum
3113 1713 3331 1768 venisse
3387 1711 3444 1766 in
3491 1680 3791 1777 mundum,

469 1817 582 1864 tute
604 1809 732 1863 mali
763 1809 980 1880 spiritus
1010 1809 1170 1863 Jesus
1200 1807 1379 1879 agitur
1427 1806 1480 1860 in
1513 1805 1810 1866 desertum,
1845 1803 1942 1856 sed
1973 1818 2074 1858 vo-

467 1898 675 1954 luntate
707 1898 1047 1968 suispiritus,
1069 1893 1756 1951 utsternatadversarium.
1781 1893 1916 1946 Vere
1930 1890 2075 1946 enim

470 1995 524 2042 et
559 1987 768 2058 absque
825 1985 934 2040 ulla
977 1985 1275 2056 quaestione
1325 1981 1715 2038 convenienter
1773 1978 2063 2049 accipitur,

477 2083 533 2130 ut
589 2091 618 2129 a
679 2081 875 2130 sancto
920 2073 1118 2143 Spiritu
1153 2073 1203 2126 in
1261 2072 1543 2126 desertum
1573 2069 1767 2125 ductus
1818 2067 2076 2122 credatur

475 2182 534 2229 ut
565 2174 695 2229 illuc
725 2189 845 2227 eum
877 2188 1011 2226 suus
1038 2170 1260 2240 spiritus
1290 2169 1534 2234 duceret,
1566 2167 1656 2221 ubi
1687 2167 1833 2221 hunc
1863 2164 1930 2218 ad
1953 2171 2077 2219 ten-

474 2262 700 2318 tandum
732 2261 956 2332 spiritus
986 2258 1265 2330 malignus
1297 2257 1586 2312 inveniret.
1621 2255 1724 2311 Ubi
1761 2270 1904 2309 nunc
1933 2269 2076 2324 prm-

476 2358 828 2412 monstratur,
860 2354 920 2402 ut
949 2356 1074 2418 post
1110 2347 1435 2416 baptismum
1469 2343 1830 2416 accingamur
1871 2341 2080 2396 fortiter

475 2447 663 2495 contra
693 2437 998 2502 diabolum,
1038 2435 1245 2492 relictis
1278 2434 1468 2488 mundi
1497 2431 1792 2500 illecebris,
1827 2428 2080 2486 etsocie-

477 2543 583 2591 tate
614 2550 930 2605 pravorum.
955 2556 976 2580 α
1016 2534 1222 2587 Etcum
1251 2530 1554 2600 jejunasset
1577 2527 1944 2601 quadraginta
1974 2526 2078 2580 die-

480 2624 583 2678 bus
604 2631 655 2678 et
686 2622 1061 2694 quadraginta
1086 2619 1358 2685 noctibus,
1391 2627 1576 2689 postea
1608 2616 1812 2673 esuriit.
1833 2637 1854 2663 ι»
1876 2614 2081 2670 Obtulit

478 2728 540 2768 se
572 2711 822 2767 tentatori
852 2710 1214 2781 quadraginta
1255 2708 1449 2763 diebus
1480 2715 1533 2762 et
1563 2705 1928 2778 quadraginta
1986 2718 2082 2758 no-

479 2811 658 2865 ctibus
682 2817 739 2864 ut
768 2808 973 2864 indicet
1005 2807 1128 2880 quia
1152 2806 1266 2861 sive
1295 2805 1384 2860 hic
1412 2818 1684 2876 prospera
1715 2801 2077 2866 blandiantur,

477 2898 708 2971 quodad
740 2899 860 2952 dies
907 2897 1164 2968 pertinet,
1199 2895 1316 2950 sive
1371 2893 1608 2948 adversa
1665 2891 1886 2960 feriant,
1935 2889 2080 2961 quod

475 2988 652 3043 noctis
689 2985 878 3058 ﬁgura:
909 2985 1180 3056 congruit,
1241 2998 1462 3052 semper
1493 2980 1743 3036 ﬁdelibus
1802 2979 1957 3034 adest
1977 2977 2081 3032 ad-

481 3077 751 3133 versarius
781 3092 889 3131 non
923 3091 1146 3131 cessans
1177 3089 1276 3129 eos
1310 3071 1576 3142 impedire
1604 3068 1893 3124 tentando.
1932 3067 2078 3121 Esu-

481 3173 563 3228 riit
591 3181 836 3243 torpore,
868 3180 926 3226 ut
947 3170 1165 3226 diabolo
1197 3169 1527 3224 tribueretur
1548 3165 1788 3221 tentandi
1837 3162 2077 3229 occasio,

480 3270 534 3318 et
563 3263 875 3317 vinceretur
907 3261 975 3315 ab
996 3259 1246 3324 homine,
1297 3258 1456 3327 cujus
1485 3263 1658 3310 morte
1687 3263 1740 3310 et
1792 3253 2082 3308 calamita-

479 3351 624 3406 tibus
647 3349 1006 3422 gloriabatur.
1039 3347 1360 3402 Movebatur
1389 3345 1642 3400 diabolus
1665 3359 1736 3398 χι,
1767 3342 1974 3397 dierum
2000 3341 2084 3409 je-

474 3439 652 3510 junio,
686 3438 890 3494 sciebat
918 3437 1137 3492 totidem
1178 3436 1374 3491 diebus
1413 3449 1584 3503 aquas
1619 3431 1810 3503 abyssi
1859 3429 2080 3495 eﬁ'usas,

481 3535 819 3607 exploratam
852 3532 1292 3603 repromissionis
1349 3539 1575 3595 terram,
1611 3530 1789 3601 Moysi
1845 3527 2023 3599 legem
2053 3542 2082 3581 a

481 3625 598 3679 Deo
627 3624 834 3689 datam,
862 3623 1004 3677 ﬁlios
1036 3620 1204 3677 Israel
1237 3620 1460 3676 totidem
1493 3619 1718 3673 annisin
1748 3632 2081 3687 eremopane

477 3722 806 3794 angelorum
833 3720 1066 3775 vixisse.
1107 3719 1242 3775 Cum
1287 3733 1414 3773 vero
1437 3717 1612 3772 sensit
1640 3723 1763 3787 post
1813 3714 2082 3785 jejunium

482 3809 697 3866 esurire
728 3810 1039 3873 Dominum,
1072 3808 1218 3880 quod
1251 3823 1357 3861 non
1389 3807 1456 3861 de
1486 3807 1674 3876 Moyse
1706 3803 1789 3859 vel
1821 3802 2085 3875 Elialegi-

482 3917 593 3976 tur,
673 3915 730 3963 ut
778 3916 900 3980 post
948 3906 1158 3977 jejunia
1213 3904 1502 3969 esurirent,
1563 3901 1794 3956 accessit
1823 3900 2084 3955 tentando

476 3998 643 4071 longe
689 4006 929 4053 remotus
987 3995 1214 4051 malitiae
1240 4002 1392 4051 voto.
1434 3994 1776 4048 Decemsunt
1806 3995 2083 4060 praecepta

475 4087 638 4158 legis,
665 4095 718 4142 et
749 4084 1184 4158 quadripartitus
1213 4091 1296 4138 est
1333 4081 1586 4145 mundus,
1620 4078 1766 4150 quod
1813 4075 2085 4149 signiﬁcat

475 4184 590 4254 jam
621 4183 818 4239 Christi
850 4182 1083 4254 gratiam
1111 4182 1226 4252 jam
1259 4177 1513 4234 diffusam
1546 4193 1642 4248 per
1673 4176 1955 4244 mundum,
1991 4173 2084 4245 qui

478 4281 744 4351 jejunavit
776 4280 956 4351 spatio
988 4296 1056 4334 XL
1086 4278 1314 4333 dierum.
1335 4279 1396 4331 In
1427 4292 1534 4347 quo
1553 4275 1763 4345 jejunio
1795 4271 1948 4346 quasi
1964 4271 2082 4328 cla-

2187 1812 2325 1868 sicut
2359 1830 2456 1884 per
2487 1813 2772 1868 obsessum
2807 1814 3084 1870 hominem
3141 1814 3280 1869 dixit
3313 1833 3327 1869 :
3365 1838 3387 1862 οι
3424 1813 3575 1884 Quid
3635 1812 3795 1868 nobis

2185 1909 2236 1957 et
2263 1901 2376 1968 tibi,
2411 1901 2529 1956 Filii
2572 1901 2689 1956 Dei.
2727 1903 2931 1957 Venisti
2978 1912 3102 1958 ante
3134 1911 3633 1974 tempustorquere
3694 1917 3796 1956 nos

2185 1991 2411 2061 (Matth.
2447 1991 2586 2059 VIII).
2627 2014 2648 2038 η
2682 1990 2894 2046 Deinde
2925 2000 3099 2047 etnon
3119 1991 3265 2046 illum
3291 1999 3478 2046 etesse
3499 1991 3796 2057 dubitavit,

2185 2088 2435 2144 mortalia
2491 2089 2772 2159 patiendo.
2839 2090 3118 2160 Scriptum
3145 2099 3249 2160 est,
3306 2089 3442 2144 dixit
3494 2089 3794 2153 Dominus,

2186 2179 2312 2249 quia
2342 2177 2664 2245 humilitate,
2716 2194 2824 2232 non
2857 2179 3094 2249 potentia
3150 2186 3513 2249 proposuerat
3574 2177 3795 2233 vincere

2185 2267 2486 2322 diabolum.
2523 2267 2842 2321 Intendebat
2876 2269 3191 2322 daemonum
3225 2267 3486 2338 princeps
3513 2275 3570 2321 et
3610 2273 3795 2320 muta-

2185 2355 2331 2411 tione
2360 2355 2598 2425 lapidum
2625 2355 2678 2409 in
2706 2371 2874 2426 panes
2928 2356 3184 2411 virtutem
3244 2354 3530 2426 potestatis
3563 2355 3618 2409 in
3677 2355 3795 2410 Deo

2187 2460 2507 2517 agnoscere,
2541 2443 2668 2498 etin
2725 2445 2945 2500 homine
2988 2461 3053 2500 ex
3096 2445 3493 2501 oblectamento
3530 2443 3643 2499 cibi
3703 2459 3797 2514 pa-

2189 2543 2430 2598 tientiam
2461 2541 2780 2599 esuritionis
2835 2543 3096 2598 illudere.
3136 2544 3338 2598 Verum
3368 2542 3663 2610 Dominus,
3727 2542 3796 2596 de

2188 2631 2616 2687 Deuteronomio
2660 2632 3024 2688 testimonium
3074 2648 3297 2687 sumens
3319 2631 3560 2686 ostendit
3607 2647 3720 2686 non
3747 2630 3801 2684 in

2187 2736 2329 2792 pane
2361 2719 2467 2775 hoc
2510 2719 2775 2786 solitario,
2828 2720 2927 2775 sed
2977 2720 3031 2774 in
3092 2720 3262 2775 verbo
3319 2719 3415 2775 Dei
3473 2719 3803 2773 alimoniam

2187 2808 2505 2864 aeternitatis
2530 2825 2653 2863 esse
2709 2809 3065 2880 sperandam.
3099 2808 3299 2864 Tribus
3331 2807 3505 2863 modis
3563 2807 3798 2862 tentatio

2189 2898 2264 2965 ﬁt,
2297 2897 2678 2971 suggestione,
2697 2897 3397 2965 delectatione,consensu.
3423 2897 3675 2952 Christus
3697 2911 3802 2950 au-

2188 3007 2295 3054 tem
2328 2997 2684 3068 suggestione
2716 2996 2837 3051 sola
2887 3003 3123 3050 tentatus
3179 3000 3283 3057 est,
3317 3008 3444 3064 quia
3497 2991 3800 3048 delectatio

2189 3086 2397 3160 peccati
2430 3093 2665 3141 mentem
2699 3085 2815 3154 ejus
2847 3100 2955 3140 non
2983 3082 3294 3139 memerdit.
3337 3084 3459 3137 Non
3491 3081 3589 3136 fuit
3647 3081 3799 3136 indi-

2189 3192 2353 3248 gnum
2379 3174 2573 3230 tentari
2617 3173 2693 3228 illi
2729 3173 2819 3245 qui
2848 3172 3025 3228 occidi
3082 3178 3324 3238 venerat,
3355 3179 3414 3225 ut
3459 3185 3561 3225 sua
3605 3178 3796 3225 tenta-

2190 3265 2338 3320 tione
2368 3271 2587 3318 nostras
2618 3262 2883 3330 vinceret,
2922 3261 3064 3317 sicut
3091 3275 3190 3315 sua
3220 3268 3394 3316 morte
3450 3267 3638 3315 nostra
3674 3259 3800 3314 tulit

2190 3361 2412 3428 peccata
2425 3393 2438 3408 .

2261 3482 2418 3536 Tunc
2449 3477 2744 3548 assumpsit
2773 3493 2895 3533 eum
2953 3476 3216 3532 Diabolus
3243 3476 3300 3531 in
3353 3482 3603 3531 sanctam
3647 3475 3799 3531 civi-

2190 3577 2375 3635 tatem,
2425 3577 2476 3623 et
2533 3567 2718 3622 statuit
2768 3582 2892 3622 eum
2946 3583 3109 3636 supra
3139 3564 3488 3637 pinnaculum
3515 3564 3732 3634 templi.
3771 3587 3793 3611 -

2190 3661 2313 3716 Non
2344 3666 2426 3714 est
2455 3656 2651 3712 mirum
2684 3656 2728 3711 si
2759 3672 2820 3711 se
2838 3655 3088 3727 permisit
3117 3656 3186 3710 ab
3210 3655 3302 3710 illo
3319 3653 3548 3721 assumi,
3594 3655 3798 3710 αύυεὶ

2191 3758 2243 3804 et
2273 3747 2452 3812 statui,
2478 3745 2569 3817 qui
2598 3761 2658 3801 se
2687 3745 2910 3816 protulit
2937 3760 2971 3800 a
2999 3743 3260 3799 membris
3301 3743 3447 3798 illius
3506 3741 3788 3816 cruciﬁgi.

2195 3839 2375 3892 Potest
2395 3844 2574 3890 autem
2605 3835 2681 3889 sic
2710 3833 2954 3904 intelligi.
2995 3832 3306 3905 Assumpsit
3333 3848 3462 3887 eum
3512 3831 3789 3898 diabolus,

2191 3927 2244 3980 id
2267 3934 2350 3980 est
2371 3924 2628 3980 tentando
2668 3923 2885 3990 invasit,
2919 3929 2972 3976 et
3028 3921 3213 3976 statuit
3265 3937 3391 3977 eum
3433 3937 3603 3992 supra
3657 3923 3792 3992 pin-

2188 4023 2442 4080 naculum
2464 4020 2672 4092 templi.
2705 4021 2836 4076 Ideo
2879 4019 3096 4076 occasio
3152 4018 3266 4084 fuit,
3301 4035 3470 4090 quare
3522 4019 3791 4075 Dominus

2191 4130 2222 4168 a
2251 4128 2350 4168 suo
2367 4111 2558 4182 spiritu
2599 4111 2667 4165 sit
2709 4110 2907 4165 ductus
2964 4117 3017 4164 et
3039 4116 3273 4163 statutus
3322 4108 3452 4164 illic.
3489 4108 3663 4163 Pinna
3701 4108 3791 4162 vel

2191 4201 2538 4274 pinnaculum
2566 4207 2648 4254 est
2671 4197 2970 4270 fastigium,
3001 4197 3054 4252 id
3085 4206 3168 4253 est
3183 4197 3497 4252 summitas.
3522 4197 3794 4253 Solebant

2193 4291 2334 4347 enim
2358 4288 2584 4361 antiqui,
2635 4289 2774 4344 sicut
2802 4287 2976 4343 adhuc
3023 4285 3081 4341 ﬁt.
3109 4286 3163 4341 in
3193 4286 3443 4358 pluribus
3482 4285 3650 4356 locis,
3700 4303 3794 4340 su-

482 4375 662 4429 mabat
695 4392 707 4428 :
740 4398 760 4421 ιι
792 4375 1081 4428 Abstinete
1111 4389 1210 4428 vos
1240 4389 1272 4426 a
1301 4371 1591 4427 desideriis
1612 4370 1772 4438 hujus
1819 4367 1999 4424 saeculi
2034 4367 2089 4434 (Ι
2114 4395 2163 4455 D
2195 4381 2406 4452 ρει-ίοιιθ
2428 4379 2712 4433 domorum
2741 4375 2827 4432 vel
2860 4376 3190 4447 templorum
3220 4375 3404 4431 facere
3433 4374 3601 4446 plano
3626 4376 3792 4430 sche-

483 4465 641 4519 Petr.
676 4468 758 4531 ιι).
781 4486 801 4510 ι
826 4464 888 4517 In
907 4462 1241 4518 comestiune
1261 4469 1314 4515 et
1335 4459 1594 4514 hibitione
1608 4456 2077 4529 postresurrectio-

481 4568 607 4607 nem
625 4551 768 4606 velut
796 4551 1092 4607 clamabat:
1131 4551 1317 4604 «Ecce
1340 4564 1445 4619 ego
1461 4547 1742 4603 vobiscum
1770 4563 1886 4600 sum
1906 4561 2078 4616 usque

483 4651 554 4706 ad
582 4648 1114 4707 consummationem
1139 4645 1320 4702 saeculi
1341 4647 1565 4716 (Matth.
1610 4647 1830 4714 xxvm).
1869 4663 1892 4694 ι
1925 4642 2080 4699 Unde

485 4753 732 4827 quamvis
762 4752 1002 4807 nondum
1039 4749 1361 4822 gloriemur,
1420 4756 1602 4802 tamen
1653 4746 1928 4818 sperando
1970 4745 2081 4814 jam

486 4842 790 4914 pascimur.
822 4841 1075 4912 Congrue
1099 4838 1372 4909 jejunium
1428 4836 1878 4908 Quadragesimas
1909 4843 2080 4889 statu-

488 4947 598 4994 tum
628 4947 708 4994 est
733 4954 855 4994 cum
889 4935 997 4992 ﬁne
1045 4935 1343 4992 Dominicae
1382 4934 1674 5006 passionis,
1709 4933 1854 5004 quod
1907 4929 2082 5002 signi-

488 5025 614 5084 ﬁcat
635 5043 736 5082 nos
763 5027 966 5082 debere
988 5041 1019 5079 a
1037 5024 1470 5080 mundiamicitia
1500 5021 1868 5087 continere,ut
1910 5021 2084 5074 Deum

489 5125 642 5196 sequi
675 5125 980 5180 valeamus.
1021 5125 1079 5178 In
1110 5122 1432 5178 abstinentia
1488 5129 1668 5176 autem
1708 5118 2085 5190 quadragena-

488 5213 597 5267 rius
628 5229 882 5268 numerus
903 5212 1226 5278 custoditur,
1257 5211 1384 5283 quia
1436 5212 1610 5265 virtus
1665 5207 1928 5280 Decalogi
1986 5223 2086 5276 per

487 5311 896 5383 quatuorlibros
917 5311 1199 5382 Evangelii
1225 5309 1497 5380 impletur,
1549 5323 1674 5363 cum
1716 5304 2084 5376 Evangelium

487 5399 804 5464 custoditur,
839 5399 922 5453 vel
958 5399 1084 5470 quia
1121 5415 1220 5469 per
1245 5397 1575 5469 Decalogum
1609 5398 1782 5451 Deum
1815 5403 1863 5449 et
1896 5394 2084 5464 proxi-

487 5512 634 5550 mum
666 5495 897 5566 diligere
911 5495 1280 5565 praecipimur,
1315 5499 1532 5548 etmotu
1561 5490 1823 5562 corporis,
1846 5489 1991 5562 quod
2021 5507 2083 5545 ex

486 5606 714 5672 quatuor
744 5597 988 5650 subsistit
1017 5595 1319 5660 elementis,
1364 5593 1604 5649 cbaritas
1627 5592 1727 5648 Dei
1757 5600 1810 5648 et
1856 5591 2086 5662 proximi

487 5695 740 5763 violatur,
773 5701 895 5766 apte
924 5691 991 5746 ad
1039 5690 1301 5746 diluenda
1329 5697 1552 5762 peccata
1592 5689 1647 5743 in
1692 5688 2082 5761 quadragena-

2184 4477 2345 4534 mate,
2377 4475 2436 4522 ut
2465 4467 2539 4521 ibi
2572 4473 2796 4537 possent
2854 4473 2995 4520 stare
3051 4473 3106 4520 et
3133 4480 3300 4536 agere
3361 4464 3508 4536 quod
3564 4463 3792 4520 vellent.

2188 4557 2343 4614 Unde
2380 4555 2643 4611 Dominus
2670 4555 2737 4609 ad
2766 4553 3047 4624 apostolos
3081 4570 3092 4607 :
3131 4576 3152 4600 ι
3188 4551 3348 4621 Quod
3379 4552 3431 4607 in
3445 4552 3794 4608 aureauditis

2188 4653 2479 4726 praedicata
2499 4667 2662 4723 super
2689 4655 2837 4706 tecta
2867 4651 3088 4716 (Matth.
3122 4651 3204 4720 χ).
3241 4673 3262 4698 ιι
3299 4650 3557 4705 Sanctam
3607 4657 3791 4704 autem

2189 4743 2463 4800 civitatem
2493 4739 2837 4796 Hierusalem
2893 4739 3143 4795 dicebant
3183 4739 3235 4792 in
3268 4753 3376 4810 qua
3409 4737 3673 4808 templum
3732 4745 3788 4794 et

2191 4831 2366 4888 cultus
2397 4831 2493 4886 Dei
2524 4829 2824 4886 secundum
2855 4828 3032 4901 legem
3063 4827 3234 4900 Moysi
3263 4826 3587 4884 habebatur.

2269 5000 2289 5023 α
2327 4975 2390 5030 Ει
2419 4973 2550 5028 dixit
2585 4972 2638 5028 ei
2671 4986 2682 5026 :
2710 4972 2764 5028 Si
2798 4969 2938 5026 ﬁlius
2976 4970 3074 5026 Dei
3092 4986 3172 5034 es,
3197 4969 3349 5025 mitte
3380 4976 3432 5024 te
3489 4969 3782 5024 deorsum.

2195 5063 2471 5134 Scriptum
2503 5069 2587 5117 est
2613 5061 2758 5116 enim
2789 5078 2801 5116 :
2837 5060 2976 5129 Quia
2997 5059 3210 5131 angelis
3257 5060 3371 5114 suis
3404 5058 3692 5114 mandavit
3720 5057 3793 5112 de

2194 5161 2266 5221 te,
2301 5161 2354 5208 et
2381 5154 2436 5206 in
2466 5151 2713 5205 manibus
2745 5149 2935 5205 tollent
2961 5156 3033 5217 te,
3064 5164 3134 5203 ne
3165 5148 3304 5203 forte
3333 5146 3582 5203 offendas
3612 5147 3682 5201 ad
3705 5145 3795 5201 la-

2194 5242 2377 5313 pidem
2415 5241 2611 5312 pedem
2642 5247 2810 5293 tuum.
2852 5262 2872 5286 ιι
2907 5239 2966 5291 In
2997 5235 3252 5292 omnibus
3285 5235 3672 5290 tentationibus
3691 5235 3800 5290 hoc

2196 5331 2308 5402 agit
2345 5329 2620 5393 diabolus,
2655 5337 2712 5382 ut
2743 5325 3008 5396 intelligat
3032 5327 3077 5380 si
3098 5325 3266 5380 Filius
3297 5323 3397 5379 Dei
3427 5323 3513 5378 sit.
3561 5324 3670 5379 Sed
3700 5323 3798 5378 do-

2196 5420 2374 5473 minus
2405 5419 2485 5472 sic
2507 5416 2920 5486 responsionem
2953 5421 3221 5484 temperat
3248 5421 3305 5467 ut
3337 5429 3460 5469 eum
3520 5412 3800 5483 relinquat

2195 5506 2771 5579 ambiguum.Dicens,
2810 5529 2831 5551 α
2865 5505 3017 5558 mitte
3057 5511 3108 5558 te
3149 5503 3429 5565 deorsum,
3454 5501 3796 5572 nquiomnes

2197 5595 2524 5668 pracipitare
2553 5593 2774 5664 satagit,
2833 5593 3077 5647 inﬁrmus
3130 5590 3437 5646 ostenditur
3465 5605 3477 5644 :
3509 5605 3640 5644 nam
3669 5605 3792 5661 per-

2196 5685 2425 5741 suadere
2444 5689 2646 5756 potest,
2681 5681 3029 5756 praecipitare
3059 5695 3167 5738 non
3177 5686 3377 5755 potest.
3391 5677 3788 5738 Testimonium
