4062 6074
214 273 322 325 865

1144 264 1726 324 nnrnoamonas
1756 225 1853 323 Ss.
1905 231 2218 325 Paruum.
2258 299 2326 309 —
2357 267 2489 323 LlB.
2509 266 2577 351 ἧι.

3412 253 3520 322 866

213 400 395 448 autem
427 392 573 462 quod
603 391 804 446 inducit
831 406 937 447 non
968 391 1034 446 de
1067 392 1283 448 Christo
1313 399 1517 447 tantum
1551 393 1644 448 sed
1667 401 1718 448 et
1739 394 1806 448 de
1835 393 1891 454 A
1920 392 2126 450 lolatrze
2152 401 2535 465 nuncupantur
2563 393 2617 448 hi
2639 393 2729 464 qui
2760 392 3030 450 sacriﬁcia
3049 409 3168 465 quae
3195 393 3286 448 uni
3317 393 3519 449 debent

213 482 370 538 omni
402 481 523 537 viro
554 489 743 535 sancto
772 480 1063 550 prophetia
1088 488 1192 536 est.
1225 482 1582 554 Hieronymus
1602 483 1814 553 psalmo

216 588 284 625 xc
315 570 393 625 sic
416 569 667 640 exponit:
699 592 720 615 ιι
757 567 1077 640 Quicunque
1107 570 1243 624 duas
1275 579 1491 625 naturas
1514 571 1611 625 Dei
1641 582 1693 626 et
1724 574 1816 628 ho-

217 659 383 714 minis
402 657 674 730 perfectas
706 658 1000 713 crediderit
1022 659 1075 712 in
1101 659 1404 726 Salvatore,
1446 661 1532 716 hic
1554 662 1818 732 angelicis

219 756 472 812 manibus
503 755 750 819 vallatus,
786 755 853 809 ad
910 755 1168 825 lapidem,
1211 755 1264 811 id
1295 765 1376 812 est
1407 759 1474 812 ad
1524 759 1816 826 Christum,

219 862 330 901 non
361 843 587 900 oﬂ‘endit
616 845 808 914 pedem
841 861 1020 908 suum,
1054 847 1144 916 qui
1177 846 1317 916 lapis
1371 853 1456 902 est
1502 847 1820 905 offensionis

222 942 275 990 et
296 943 447 1004 petra
475 933 735 988 scaudali.
773 952 796 982 ν
830 935 1170 1006 Augustinus
1219 935 1271 989 in
1306 937 1498 991 eodem
1557 939 1768 1008 psalmo
1803 956 1815 992 :

228 1054 250 1078 ιι
318 1033 374 1086 In
434 1031 682 1086 manibus
741 1031 1064 1101 angelorum
1120 1033 1366 1088 sublatus
1408 1043 1492 1090 est
1529 1037 1817 1102 Dominus,

223 1121 446 1192 quando
475 1128 788 1190 assumptus
809 1130 890 1174 est
910 1120 964 1174 in
985 1120 1182 1177 caelum
1209 1123 1361 1194 (Act.
1385 1124 1446 1192 ι),
1466 1141 1576 1178 non
1609 1126 1756 1197 quia,
1779 1125 1824 1181 si

224 1226 336 1264 non
367 1217 667 1280 portarent,
699 1209 942 1263 ruiturus
973 1218 1113 1279 erat,
1147 1212 1244 1266 sed
1275 1212 1400 1283 quia
1439 1213 1822 1286 obsequeban-

225 1307 316 1354 tur
350 1297 513 1371 Regi.
555 1296 716 1367 Quod
748 1297 793 1351 si
824 1298 973 1354 dicas
1001 1315 1012 1353 :
1049 1299 1308 1355 Meliores
1330 1309 1455 1356 sunt
1487 1303 1574 1372 qui
1605 1312 1827 1374 portant

229 1411 391 1468 quam
426 1394 517 1465 qui
555 1403 818 1466 portatur,
843 1396 1191 1466 respondebo
1227 1413 1240 1452 :
1274 1400 1417 1454 Bene
1447 1401 1674 1457 meliora
1704 1412 1828 1458 sunt

223 1485 468 1554 jumenta
524 1483 862 1539 horninibus.
946 1486 1134 1541 Tacuit
1185 1494 1368 1542 autem
1431 1489 1828 1561 tergiversator

229 1580 299 1630 de
331 1573 411 1628 sui
440 1573 868 1639 conculcatione,
894 1589 1006 1628 non
1035 1574 1374 1648 subjungens
1402 1578 1590 1632 Filium
1620 1580 1716 1634 Dei
1749 1599 1830 1637 su-

228 1687 331 1744 per
361 1670 604 1742 aspidem
647 1679 700 1726 et
747 1671 1058 1727 basiliscum
1090 1673 1490 1730 ambulaturum
1525 1684 1576 1732 et
1604 1680 1831 1735 concul-

230 1759 710 1815 c'aturumleonem
744 1768 797 1815 et
838 1761 1256 1817 draconem.Ait
1277 1763 1352 1818 illi
1371 1763 1532 1820 Jesus
1564 1783 1776 1822 rursum
1812 1788 1824 1824 :
1858 1754 1907 1813 Β

234 1869 257 1899 ι
295 1849 563 1918 Scriptum
589 1857 700 1903 est:
723 1851 843 1904 Non
864 1850 1101 1904 tentabis
1131 1851 1415 1907 Dominum
1437 1855 1608 1909 Deum
1629 1864 1830 1913 tuum.»

229 1937 391 1994 Veris
421 1938 697 2010 Scriptura
707 1955 824 1994 rum
845 1938 1251 2012 frangitclipeis
1271 1940 1406 1998 fa‘sa
1446 1945 1649 2002 diaboli
1669 1949 1838 2019 sagit-

233 2043 318 2090 tas
354 2040 422 2090 tte
455 2035 763 2107 Scripturis,
825 2039 915 2106 qui
965 2037 1048 2092 vel
1083 2037 1220 2093 falsa
1273 2043 1527 2110 praponit
1579 2045 1663 2099 vel
1694 2047 1836 2101 veris

233 2124 372 2178 falsa
401 2125 732 2195 persuadere
755 2135 1004 2181 conatur.
1045 2128 1377 2183 Testimonia
1399 2131 1467 2186 de
1491 2132 1694 2188 Deuter
1732 2151 1836 2190 no-

235 2213 346 2268 mio
377 2213 600 2284 protulit
628 2214 913 2282 Dominus,
973 2224 1030 2270 ut
1061 2217 1246 2272 sedem
1307 2217 1447 2291 legis
1488 2232 1837 2278 sacramenta

239 2319 590 2366 monstraret.
626 2311 1050 2384 Suggerebatur
1079 2314 1128 2368 ei
1161 2317 1312 2384 quasi
1345 2317 1551 2372 homini
1581 2328 1639 2374 ut
1673 2321 1836 2392 signo

237 2399 425 2471 aliquo
457 2400 776 2470 exploraret
795 2409 1054 2473 quantum
1086 2405 1226 2474 apud
1251 2403 1428 2459 Deum
1451 2407 1678 2464 valeret.
1704 2410 1833 2480 Sed,

235 2488 376 2544 sicut
405 2488 664 2559 scriptum
697 2498 799 2558 est,
841 2490 1005 2546 homo
1053 2507 1121 2546 ne
1179 2494 1351 2548 Deum
1383 2503 1589 2552 tentare
1615 2499 1833 2566 audeat,

236 2586 457 2659 quando
513 2587 677 2641 habet
733 2587 863 2657 quid
898 2587 1072 2657 faciat,
1107 2597 1163 2643 ut
1194 2591 1334 2660 quod
1366 2609 1563 2650 cavere
1592 2605 1838 2666 oporteat

236 2675 458 2731 evadat.
507 2675 638 2731 Inde
671 2685 756 2730 est
787 2676 956 2732 illud:
995 2699 1018 2725 ιι
1052 2677 1107 2732 Si
1139 2693 1234 2734 vos
1265 2683 1539 2750 persecuti
1567 2683 1835 2739 fuerintin

232 2778 344 2819 una
371 2764 607 2829 civitate,
641 2762 812 2836 fugite
842 2765 896 2820 in
924 2765 1084 2821 aliam
1117 2769 1337 2836 (Matth.
1362 2771 1441 2830 χ).
1487 2795 1509 2819 n
1544 2773 1835 2845 Postquam

235 2877 368 2918 vero
415 2861 596 2917 deﬁcit
622 2862 860 2918 humana
890 2865 1248 2934 providentia,
1284 2866 1333 2921 si
1367 2868 1529 2924 homo
1577 2886 1636 2925 se
1667 2879 1835 2926 totum

237 2950 520 3007 committit
551 2950 748 3006 divine
778 2953 1049 3021 potentiae,
1084 2969 1193 3008 non
1225 2963 1308 3010 est
1337 2955 1567 3012 dicenda
1590 2960 1832 3016 tentatio.

235 3040 394 3096 Nunc
421 3047 604 3094 autem
633 3045 843 3110 poterat
866 3040 1113 3096 Christus
1141 3043 1298 3098 aliter
1322 3044 1389 3100 de
1419 3047 1621 3118 templo
1650 3049 1836 3106 disce-

245 3129 380 3184 dere
412 3144 575 3200 quam
604 3145 706 3200 per
729 3129 1047 3198 jactantiam
1081 3147 1140 3186 se
1172 3133 1534 3204 praecipitare.

317 3265 339 3292 ι
368 3246 567 3299 lterum
587 3245 882 3314 assumpsit
904 3261 1024 3299 eum
1044 3246 1296 3302 diabolus
1317 3248 1369 3302 in
1392 3259 1627 3307 montem
1653 3253 1838 3310 excel-

242 3348 366 3387 sum
392 3333 573 3401 valde,
607 3341 661 3388 et
680 3333 917 3389 ostendit
947 3334 994 3389 ei
1027 3336 1210 3390 omnia
1241 3353 1405 3409 regna
1437 3343 1618 3396 mundi
1652 3352 1703 3397 et
1725 3345 1844 3416 glo-

242 3421 382 3478 riam
413 3437 620 3487 eorum,
653 3430 706 3476 et
762 3421 893 3476 dixit
924 3423 973 3478 ei
1007 3440 1018 3477 :
1056 3425 1183 3480 Haec
1239 3428 1421 3481 omnia
1453 3429 1545 3483 tibi
1595 3432 1759 3500 dabo,
1793 3435 1842 3488 si

246 3519 450 3576 cadens
479 3519 805 3574 adoraveris
834 3537 940 3574 me.
976 3544 998 3568 »
1047 3523 1104 3575 In
1138 3531 1399 3591 montem,
1456 3526 1508 3580 id
1567 3537 1648 3582 est
1677 3547 1843 3601 supra

245 3617 508 3673 montem,
555 3609 791 3663 ostendit
849 3626 1040 3681 regna,
1100 3627 1210 3666 non
1269 3614 1412 3684 quod
1469 3615 1640 3671 visum
1698 3619 1837 3688 ejus,

247 3697 341 3769 qui
371 3697 550 3751 omnia
596 3697 760 3763 videt,
793 3697 1229 3769 ampliﬁcaverit.
1264 3703 1360 3756 sed
1391 3713 1649 3774 quantum
1680 3707 1733 3761 in
1783 3725 1842 3764 se

242 3784 364 3851 fuit,
397 3786 571 3842 verbo
601 3793 654 3840 et
704 3788 1071 3858 promissione
1118 3790 1355 3845 ostendit
1385 3793 1680 3850 vanitatem
1735 3797 1836 3852 hu~

242 3899 419 3939 manas
446 3899 664 3956 pompa
717 3901 879 3957 quam
925 3887 1165 3952 amabat,
1224 3889 1544 3960 speciosam,
1607 3895 1843 3950 suadens

245 3972 481 4028 Domino
508 3981 566 4028 ut
610 3973 870 4030 videlicet
897 3975 976 4032 sic
1006 3993 1128 4030 eum
1161 3977 1264 4032 sibi
1311 3979 1628 4048 subjiceret.
1676 3985 1839 4050 Bene,

247 4061 395 4133 quod
427 4062 597 4117 Lucas
627 4065 1106 4129 commemorat,in
1138 4076 1414 4123 momento
1437 4073 1696 4142 temporis
1719 4082 1846 4130 tem-

251 4159 466 4230 poralia
497 4168 886 4230 monstrantur,
920 4161 1048 4233 quia
1079 4165 1188 4219 cito
1231 4165 1433 4222 cadunt
1463 4169 1714 4226 humanae
1742 4189 1845 4243 po-

249 4255 478 4303 testates
511 4267 523 4303 :
557 4249 767 4315 dicens,
807 4271 827 4301 ιι
863 4251 992 4306 Ilmc
1024 4252 1204 4306 omnia
1235 4254 1330 4309 tibi
1362 4255 1526 4324 dabo,
1555 4279 1576 4308 ι
1611 4261 1846 4330 superbe

249 4335 507 4408 loquitur,
541 4353 651 4392 non
678 4339 821 4410 quod
852 4339 1031 4394 omnia
1057 4357 1228 4412 regna
1271 4342 1404 4399 dare
1425 4357 1629 4415 posset.
1657 4349 1845 4404 Proci-

1870 3111 1919 3174 C

1922 484 2158 539 Domino
2199 483 2357 538 idolis
2387 482 2731 552 impendunt.
2773 483 2932 538 Dulia
2962 492 3139 538 autem
3171 491 3253 538 est
3282 483 3517 537 servitus

1925 572 2232 627 communis
2261 571 2378 626 sive
2409 573 2523 626 Deo
2556 572 2671 627 sive
2702 571 2928 626 homini.
2965 572 3117 626 Unde
3142 580 3193 626 et
3224 588 3418 626 servus
3441 572 3520 625 di-

1926 669 2066 724 citur
2098 668 2300 731 Latine,
2332 669 2476 739 quod
2525 669 2681 724 dulos
2708 668 2934 724 discitur
2977 667 3196 723 Graece.
3263 668 3525 722 Jubemur

1927 774 2060 830 ergo
2090 774 2188 827 per
2217 758 2539 812 charitatem
2606 757 2810 813 servire
2841 757 3092 823 invicem,
3127 757 3271 828 quod
3331 758 3523 813 Greece

1928 856 2010 902 est
2041 847 2264 909 dulium,
2301 856 2349 900 et
2384 846 2610 901 Domino
2643 847 2744 901 soli
2774 845 2915 918 quod
2948 845 3138 902 Grece
3165 854 3246 900 est
3273 844 3516 900 latrium.

2005 995 2026 1019 ιι
2061 973 2127 1026 Et
2157 981 2528 1026 consummata
2586 972 2737 1026 omni
2768 971 3066 1027 tentatione
3125 979 3253 1027 tunc
3314 970 3527 1042 reliquit

1931 1077 2055 1116 eum
2085 1060 2336 1114 diabolus
2375 1075 2544 1128 usque
2575 1060 2642 1114 ad
2701 1069 2939 1131 tempus.
2987 1062 3118 1115 Erat
3146 1077 3359 1132 quoque
3401 1076 3524 1116 cum

1933 1148 2146 1214 bestiis,
2171 1158 2223 1204 et
2255 1164 2384 1204 ecce
2429 1149 2610 1220 angeli
2665 1158 3017 1204 accesserunt
3063 1157 3114 1204 et
3142 1149 3529 1205 ministrabant

1931 1238 2002 1294 ei.
2039 1258 2062 1288 ι
2099 1237 2548 1293 Consummatam
2577 1253 2795 1294 omnem
2825 1237 3175 1294 tentationem
3224 1238 3371 1304 dicit,
3403 1239 3530 1310 quia

1932 1336 2020 1391 his
2053 1335 2223 1390 tribus
2256 1335 2644 1391 tentationibus
2661 1335 3009 1391 continentur
3029 1335 3269 1408 origines
3293 1337 3533 1391 omnium

1934 1425 2208 1491 vitiorum,
2231 1425 2444 1479 Joanne
2470 1432 2778 1492 attestante,
2820 1425 2912 1496 qui
2943 1425 3052 1480 ait:
3088 1448 3111 1472 ιι
3129 1423 3302 1480 Omne
3319 1425 3535 1496 quodin

1933 1514 2140 1569 mundo
2169 1522 2276 1582 est,
2292 1513 2734 1584 concupiscentia
2757 1512 2936 1569 carnis
2957 1521 3059 1579 est,
3080 1521 3132 1568 et
3149 1514 3540 1582 concupiscen-

1937 1613 2011 1667 tia
2039 1612 2324 1668 oculorum
2355 1619 2409 1666 et
2438 1613 2699 1682 superbia
2748 1613 2872 1668 vitae
2903 1612 2955 1677 (Ι
3008 1615 3168 1670 Joan.
3202 1613 3288 1682 ιι).
3331 1632 3355 1662 ι
3389 1612 3458 1666 Ει
3484 1612 3542 1666 in

1939 1701 2260 1774 evangelica
2316 1701 2584 1771 parabola
2655 1701 2833 1756 tribus
2889 1702 3105 1772 reprobi
3182 1701 3416 1771 negotiis
3471 1699 3541 1756 ab

1942 1799 2159 1846 aeternae
2215 1789 2340 1844 vitae
2394 1789 2623 1860 dapibus
2654 1790 3037 1845 excluduntur.
3074 1814 3095 1839 ιι
3135 1791 3343 1844 Primus
3359 1789 3540 1843 dixit:

1944 1879 2146 1932 Villam
2171 1878 2297 1944 emi,
2332 1889 2438 1934 etc.
2465 1879 2618 1933 Alter
2649 1878 2792 1932 dixit
2824 1897 2836 1933 :
2870 1879 3009 1950 Juga
3039 1879 3241 1933 bonum
3273 1878 3400 1939 emi,
3435 1886 3538 1934 etc.

1927 1975 2097 2030 Alius
2126 1976 2257 2030 dixit
2290 1993 2301 2029 :
2333 1976 2573 2030 Uxorem
2605 1973 2734 2029 duxi
2755 1977 2908 2036 (Luc.
2942 1975 3079 2045 xw).
3105 1998 3127 2022 ι»
3163 1975 3356 2030 Uxoris
3379 1989 3546 2045 appe-

1945 2064 2071 2120 titus
2099 2065 2165 2119 ad
2198 2064 2700 2134 concupiscentiam
2730 2064 2984 2133 pertinet,
3002 2064 3142 2119 sicut
3163 2063 3365 2136 gulam.
3389 2062 3544 2118 Villae

1945 2156 2167 2225 emptio,
2201 2154 2270 2208 ad
2319 2153 2605 2208 avaritiatn
2635 2161 2686 2207 et
2711 2152 3058 2222 superbiam.
3101 2152 3345 2208 Probatio
3374 2152 3543 2224 quin-

1949 2259 2053 2314 que
2077 2244 2268 2314 jugum
2326 2242 2558 2297 refertur
2587 2242 2656 2296 ad
2711 2241 3213 2311 concupiscentiam
3261 2241 3544 2296 oculorum

1945 2341 2038 2396 ubi
2073 2341 2360 2397 curiositas
2389 2347 2473 2394 est
2502 2349 2556 2394 et
2584 2355 2722 2394 vana
2750 2338 2949 2411 gloria.
2981 2337 3203 2409 Triplici
3235 2337 3341 2393 telo
3371 2337 3545 2393 hostis

1945 2429 2192 2501 quotidie
2219 2444 2372 2483 arma
2403 2427 2740 2484 defensionis
2793 2443 3029 2498 oppone,
3060 2434 3116 2480 ut
3143 2428 3544 2498 concupiscen—

1946 2518 2019 2573 tia
2047 2518 2234 2574 carnis
2295 2517 2528 2588 pellatur
2584 2516 2817 2587 jejunio,
2875 2515 3100 2571 avaritia
3156 2514 3542 2586 eleemosynis,

1938 2615 2210 2686 jactantia
2269 2615 2550 2686 precibus.
2608 2615 2907 2686 Antiquum
2935 2614 3215 2669 hominem
3265 2614 3545 2684 superavit

1945 2703 2199 2760 diabolus
2230 2705 2378 2775 gula,
2407 2705 2632 2759 invento
2661 2719 2852 2774 pomo.
2893 2704 3048 2758 Vana
3076 2703 3251 2776 gloria
3269 2703 3546 2773 superavit

1945 2809 2088 2858 eum,
2123 2793 2315 2848 dicens
2349 2809 2362 2847 :
2400 2815 2422 2840 ιι
2456 2792 2624 2847 Eritis
2653 2793 2798 2848 sicut
2854 2792 2927 2846 dii
2957 2791 3126 2858 (Gen.
3157 2792 3258 2859 tu).
3295 2813 3317 2838 ιι
3351 2791 3544 2845 Avari-

1947 2883 2019 2938 tia
2047 2883 2208 2938 etiam
2269 2881 2550 2951 superavit
2581 2897 2725 2947 eum,
2785 2880 3004 2953 quando
3062 2879 3204 2934 dixit
3253 2902 3274 2926 ιι
3310 2879 3546 2937 scientes

1947 2979 2148 3034 bonum
2177 2987 2230 3034 et
2259 2978 2464 3033 malum
2495 2977 2717 3048 (ibid.).
2766 3002 2787 3026 ιι
2820 2977 3051 3032 Avaritia
3087 2976 3230 3032 enim
3252 2985 3401 3032 recte
3454 2977 3544 3030 di-

1949 3067 2085 3123 citur
2113 3067 2415 3122 sublimitas
2445 3066 2773 3121 ambitionis.
2807 3065 2897 3120 Sic
2927 3066 3090 3119 etiam
3145 3067 3371 3119 tentavit
3428 3066 3543 3120 Do-

1947 3155 2176 3224 minum,
2211 3155 2310 3211 sed
2353 3156 2527 3211 victus
2574 3155 2822 3211 recessit.
2886 3153 3062 3209 David
3119 3151 3339 3208 Goliath
3368 3152 3546 3207 tribus

1947 3245 2222 3316 lapidibus
2252 3246 2321 3300 de
2353 3252 2594 3300 torrente
2623 3245 2926 3315 prostravit
2949 3262 2963 3309 ;
2983 3243 3238 3298 Christus
3265 3240 3548 3296 diabolum

1949 3343 2124 3397 tribus
2154 3343 2482 3398 testimoniis
2508 3342 2578 3397 de
2607 3342 2759 3413 lege.
2801 3340 2935 3410 Quae
2966 3349 3146 3395 autem
3193 3339 3549 3396 tentationum

1950 3431 2124 3503 prima
2155 3431 2335 3496 fuerit,
2383 3448 2504 3502 quae
2562 3431 2768 3494 media,
2817 3447 2939 3501 quas
2985 3428 3191 3495 ultima,
3252 3428 3386 3484 etin
3439 3443 3550 3500 qua

1953 3521 2128 3577 forma
2159 3528 2397 3576 tentator
2424 3520 2744 3587 accesserit,
2797 3535 2867 3573 an
2922 3519 2978 3573 in
3033 3535 3131 3574 sua
3185 3517 3421 3589 prepria,
3479 3533 3550 3572 an

1950 3608 2138 3680 specie
2165 3609 2402 3664 hominis
2427 3617 2728 3679 assumpta,
2771 3623 2880 3662 non
2929 3607 3159 3661 multum
3192 3605 3353 3661 refert
3381 3605 3546 3678 igno-

1951 3713 2099 3753 rare.
2139 3697 2374 3770 Reliquit
2404 3698 2694 3753 Dominum
2723 3694 2971 3751 diabolus
3027 3712 3202 3767 usque
3228 3695 3295 3750 ad
3327 3703 3544 3766 tempus

1953 3802 2148 3867 postea
2190 3811 2291 3865 per
2317 3796 2536 3850 Iudaeos
2564 3799 2755 3864 aperte
2785 3809 2912 3849 eum
2970 3793 3404 3865 impugnaturus.
3456 3791 3550 3848 Sic

1952 3883 2115 3940 etiam
2147 3885 2362 3956 quando
2415 3900 2522 3938 non
2572 3882 2840 3953 praevalet
2886 3881 2938 3935 in
3008 3882 3305 3936 tentatione
3359 3897 3387 3934 a
3444 3895 3550 3935 no-

1953 3973 2037 4027 bis
2069 3973 2277 4029 recedit
2307 3988 2479 4043 usque
2510 3972 2578 4026 ad
2610 3971 2752 4025 aliud
2784 3979 3018 4040 tempus.
3044 3970 3188 4024 Inter
3219 3969 3426 4024 bestias
3452 3969 3551 4026 D0-

1953 4071 2136 4126 minus
2167 4077 2568 4135 commoratur,
2608 4077 2664 4122 ut
2695 4069 2878 4133 homo,
2927 4065 3224 4121 ministerio
3257 4065 3421 4120 utitur
3448 4081 3552 4120 an-

1959 4159 2160 4232 gelico,
2195 4166 2250 4212 ut
2283 4159 2446 4213 Deus.
2487 4156 2553 4210 Et
2583 4172 2684 4210 nos
2715 4172 2835 4210 cum
2868 4155 2922 4208 in
2970 4170 3153 4210 eremo
3184 4162 3388 4210 sancta
3418 4169 3556 4209 cou-

1957 4247 2288 4304 versationis
2347 4244 2603 4300 bestiales
2654 4243 2933 4299 hominum
2991 4259 3171 4299 mores
3229 4241 3554 4306 toleramus,

1955 4343 2310 4399 ministerium
2343 4342 2666 4415 angelorum
2715 4358 2992 4397 meremur
3027 4359 3040 4406 ;
3099 4357 3132 4396 a
3189 4341 3384 4414 quibus
3424 4357 3554 4398 cor-

250 4423 389 4481 dens
419 4425 740 4482 adoraveris
768 4427 973 4483 dictum
1005 4436 1104 4496 est,
1140 4430 1266 4502 quia
1297 4432 1617 4490 adoraturus
1646 4437 1841 4493 diabo-
1876 4469 1927 4528 D
1955 4459 2091 4516 pore
2121 4443 2282 4499 soluti
2313 4443 2382 4499 ad
2412 4445 2619 4498 aeterna
2657 4439 2863 4514 gaudia
2909 4439 3321 4495 transferamur.

249 4521 383 4588 lum,
425 4531 550 4578 ante
581 4524 813 4581 corruit.
848 4526 992 4580 Nota
1035 4526 1162 4598 quia
1192 4529 1370 4585 omnis
1399 4540 1646 4602 potestas
1677 4543 1729 4590 et
1761 4552 1848 4592 or-

252 4610 459 4667 dinatio
490 4619 818 4682 potestatum
871 4630 899 4667 a
940 4615 1176 4670 Domino
1208 4625 1308 4683 est,
1359 4621 1454 4674 sed
1486 4635 1519 4675 a
1575 4624 1717 4679 malo
1747 4641 1850 4696 po-

253 4700 466 4755 testatis
493 4700 733 4756 ambitio.
771 4703 1015 4758 Potestas
1061 4704 1244 4777 itaque
1292 4707 1511 4765 diabolo
1541 4711 1611 4766 ad
1643 4721 1853 4785 tempus

254 4788 524 4860 promissa
553 4804 663 4844 non
693 4790 838 4844 mala
867 4798 969 4856 est,
1013 4793 1111 4847 sed
1148 4794 1195 4848 is
1243 4795 1335 4866 qui
1386 4799 1683 4856 ambiendo
1713 4803 1854 4858 male

256 4886 426 4941 utitur
453 4893 722 4957 potestate
753 4888 926 4943 malus
958 4897 1063 4946 est.
1117 4915 1138 4938 «
1201 4893 1348 4950 Tunc
1379 4895 1507 4951 dicit
1545 4898 1594 4953 ei
1623 4900 1785 4954 Jesus
1841 4917 1854 4953 :

256 4975 429 5040 Vade,
464 4975 721 5030 Satanas.
755 4976 1027 5048 Scriptum
1045 4981 1334 5038 estenim:
1369 4986 1660 5041 Dominum
1685 4990 1859 5043 Deum

258 5070 411 5118 tuum
441 5064 717 5129 adorabis,
743 5073 792 5119 et
825 5065 904 5119 illi
932 5067 1042 5123 soli
1074 5071 1305 5125 servies.
1331 5096 1352 5120 η
1372 5073 1514 5142 Non,
1540 5083 1600 5132 ut
1637 5077 1860 5147 quidam

259 5159 467 5223 putant,
501 5151 732 5207 Satanas
760 5162 813 5207 et
846 5155 1036 5210 Petrus
1072 5159 1263 5215 eadem
1286 5163 1555 5218 sententia
1593 5165 1864 5221 damnau-

259 5256 384 5304 tur:
420 5250 581 5304 Petro
611 5250 754 5305 enim
787 5251 952 5307 dicit:
991 5275 1010 5300 α
1036 5255 1182 5311 Vade
1214 5260 1861 5334 retro,Satanas(Malth.

260 5340 400 5408 xvx),
429 5360 451 5386 »
470 5338 520 5392 id
555 5347 638 5394 est
668 5356 899 5410 sequere
920 5357 1027 5409 me,
1052 5345 1144 5414 qui
1175 5349 1480 5404 contrarius
1505 5367 1564 5406 es
1608 5353 1866 5409 voluntati

260 5443 422 5483 mete.
459 5427 561 5484 Hic
587 5443 694 5483 non
721 5428 916 5484 dicitur
943 5439 1114 5500 retro,
1151 5443 1208 5489 ut
1236 5437 1612 5508 subaudiatur,
1646 5443 1784 5498 vade
1813 5441 1870 5496 in

262 5523 456 5597 ignem
483 5532 738 5580 teter-um.
759 5525 919 5581 Omni
941 5528 1146 5584 homini
1165 5533 1429 5604 scriptum
1454 5547 1536 5592 est
1555 5539 1727 5594 Deum
1743 5540 1870 5595 ado-

267 5645 394 5688 rare
415 5631 577 5703 eique
599 5631 708 5687 soli
739 5633 969 5691 servire.
995 5634 1192 5693 Grarce
1233 5639 1390 5696 latria
1418 5643 1614 5699 dicitur
1642 5647 1871 5703 servitus

263 5737 361 5796 illa
386 5754 506 5814 quae
534 5738 643 5798 soli
666 5741 922 5798 convenit
951 5742 1090 5813 Deo,
1113 5761 1224 5802 non
1253 5756 1544 5808 creatum.
1569 5751 1724 5810 Unde
1753 5754 1866 5812 ido-

1960 4575 2194 4632 SERMO
2241 4577 2334 4631 DE
2381 4573 2834 4630 TENTATIONE
2889 4571 3269 4629 DIABOIJCA
3315 4571 3404 4626 ET
3462 4571 3555 4627 DE

2147 4673 2338 4728 ALllS
2394 4671 2732 4741 QUATUOR
2773 4669 3366 4726 TENTATIONIBUS.

2036 4791 2215 4846 Multis
2271 4789 2626 4846 tentationum
2702 4786 3055 4844 ealamatibus
3117 4802 3269 4841 mens
3321 4783 3450 4854 justi
3505 4783 3560 4838 in

1963 4881 2070 4937 hac
2099 4881 2206 4937 vita
2237 4880 2499 4950 pulsatur.
2535 4875 2745 4932 Etenim
2779 4885 2827 4931 et
2849 4883 2998 4946 Optat
3012 4875 3079 4929 ab
3102 4876 3205 4929 hoc
3234 4872 3431 4929 saeculo
3452 4871 3563 4927 fun-

1969 4980 2112 5035 ditus
2142 4977 2322 5042 evelli,
2361 4991 2468 5047 quo
2501 4983 2552 5030 et
2609 4973 2863 5030 aarumnis
2895 4980 3100 5037 careat,
3153 4979 3207 5027 et
3235 4969 3390 5024 fixam
3419 4969 3566 5025 illam

1971 5067 2316 5124 securitatem
2365 5063 2627 5119 inveniat.
2690 5065 2836 5118 Inter
2867 5079 2959 5117 eas
2989 5077 3178 5132 poenas
3210 5059 3364 5132 quasi
3387 5061 3566 5128 justus

1971 5167 2026 5221 in
2061 5181 2288 5236 corpore
2320 5163 2538 5234 patitur,
2573 5170 2735 5232 atque
2766 5177 2858 5215 eas
2893 5159 3087 5230 quibus
3115 5167 3294 5214 mente
3312 5157 3569 5230 perfrau-

1980 5273 2101 5328 dem
2135 5269 2335 5326 diaboli
2366 5269 2561 5325 tolerat
2591 5269 2818 5322 multum
2871 5267 3113 5322 interest.
3168 5267 3307 5321 Nam
3337 5265 3570 5338 gravius

1974 5369 2076 5425 fert
2105 5385 2238 5439 quas
2295 5367 2519 5422 interius
2567 5365 2740 5438 luget,
2799 5380 2957 5436 quam
3005 5379 3096 5419 eas
3139 5379 3277 5435 quas
3333 5362 3573 5419 exterius

1977 5457 2234 5512 sustinet.
2269 5457 2382 5510 Has
2414 5455 2557 5510 enim
2593 5462 2643 5510 et
2672 5453 2794 5509 loco
2824 5453 2992 5509 evitat
3021 5459 3072 5508 et
3120 5456 3372 5523 tempore
3403 5467 3418 5522 ;
3451 5451 3574 5506 illas

1977 5571 2080 5612 nec
2110 5553 2232 5610 loco
2262 5554 2466 5610 evitare
2496 5558 2676 5623 potest
2705 5567 2805 5607 nec
2861 5555 3143 5622 tempore.
3189 5549 3312 5605 Non
3341 5549 3576 5621 amplius

1979 5652 2182 5710 electos
2214 5658 2379 5706 tentat
2413 5649 2662 5706 diabolus
2713 5665 2875 5722 quam
2904 5648 3005 5705 Dei
3054 5647 3306 5704 voluntas
3351 5647 3577 5719 permit-

1981 5755 2069 5813 tit.
2109 5755 2388 5812 Tentando
2438 5761 2623 5811 autem
2670 5759 2985 5809 sanctorum
3039 5748 3380 5824 profectibus
3410 5747 3577 5806 servit
