4010 6074
459 220 564 272 867

1589 197 1934 260 WERNERI
1970 197 2258 255 ABBATIS
2285 195 2353 254 S.
2394 195 2617 253 BLASII

3666 195 3776 250 868

460 340 578 396 Etsi
607 338 817 404 nolens,
847 344 1022 392 tamen
1053 339 1366 390 sanctorum
1427 326 1642 386 utilitati
1673 325 1842 382 servit
1869 323 2054 378 diabo—
2087 325 2142 387 Α
2170 321 2471 378 sanctitatis
2530 327 2587 375 et
2655 318 2885 381 virtutis,
2953 335 3020 375 ea
3073 337 3194 393 qua:
3251 327 3436 377 sancta
3493 329 3620 376 sunt
3673 320 3775 376 de-

459 429 566 495 lus,
600 425 820 499 quando
852 441 947 480 eos
978 421 1366 478 tentationibus
1395 419 1507 474 suis
1561 432 1672 471 non
1704 413 1925 485 decipit,
1960 412 2057 466 sed

461 517 640 589 potius
671 514 874 570 erudit.
914 513 1052 567 Nam
1099 510 1444 573 tentationes,
1482 522 1616 578 quas
1646 505 1736 560 ille
1767 503 1836 557 ad
1865 504 2059 556 huma-

461 611 887 670 numinteritum
919 617 1116 674 movet,
1152 607 1421 662 interdum
1453 604 1697 658 Christus
1751 601 1821 656 ad
1851 599 2062 655 exerci-

462 703 599 758 tium
631 701 885 754 virtutum
945 697 1154 752 salubri
1212 695 1444 750 utilitate
1502 690 1789 748 convertit.
1843 687 2063 742 Insidiae

459 789 662 848 diaboli
693 797 857 860 atque
887 787 1119 853 astutia,
1155 783 1413 856 quamvis
1441 782 1547 835 huc
1577 788 1741 851 atque
1772 777 1901 832 illuc
1924 792 2062 848 quas.

363 917 372 932 ο
459 897 646 944 rentes
678 902 841 958 quem
869 886 1141 940 devorent
1171 881 1554 947 diﬂ‘undantur,
1591 893 1624 931 a
1673 882 1938 946 potestate
1973 873 2060 926 di—

459 979 586 1034 vina
616 982 798 1031 tamen
839 989 948 1029 non
1007 971 1386 1044 egrediuntur,
1443 982 1512 1021 ne
1569 973 1777 1019 tantum
1830 969 2064 1018 noceant

461 1072 720 1139 quantum
751 1063 1023 1117 malitiose
1048 1059 1410 1116 contendunt.
1467 1057 1606 1109 Nam
1631 1052 1903 1125 quomodo
1933 1068 2060 1106 san-

460 1166 669 1214 ctorum
699 1154 875 1210 virtus
905 1158 1052 1204 tanta
1083 1149 1320 1203 tolerare
1341 1144 1623 1217 quivisset,
1658 1143 1703 1196 si
1735 1155 1974 1211 superna
1987 1141 2066 1194 di-

464 1243 744 1317 spensatio
773 1241 864 1312 pio
896 1236 1272 1293 moderamine
1290 1233 1590 1304 nequitiam
1621 1232 1931 1285 dmmonum
1957 1245 2063 1283 non

463 1336 790 1391 frenaretur.
809 1331 876 1383 Et
904 1329 1031 1382 licet
1059 1324 1308 1381 diabolus
1360 1322 1714 1377 tentationem
1740 1320 1887 1387 justo
1915 1334 2065 1372 sem-

466 1439 574 1496 per
603 1421 806 1476 inferre
837 1417 1036 1487 cupiat,
1071 1423 1256 1469 tamen
1287 1412 1334 1466 si
1363 1428 1394 1466 a
1433 1413 1549 1466 Deo
1596 1415 1924 1480 potestatem
1958 1423 2066 1461 non

465 1517 684 1588 accipit,
717 1515 1025 1570 nullatenus
1062 1509 1289 1580 adipisci
1312 1515 1491 1579 potest
1519 1505 1659 1578 quod
1689 1503 1911 1575 appetit.
1932 1505 2067 1558 Ante

463 1613 641 1672 omnis
670 1610 915 1667 voluntas
946 1606 1145 1661 diaboli
1171 1605 1370 1674 injusta
1403 1611 1503 1670 est,
1531 1610 1583 1656 et
1603 1610 1806 1664 tamen,
1834 1599 2065 1670 permit-

2169 411 2343 480 struit,
2378 409 2592 482 quando
2639 417 2689 464 et
2720 409 2811 480 qui
2841 407 3108 481 decipitur
3147 425 3246 464 sua
3277 410 3610 465 detrimenta
3661 425 3778 464 non

2171 499 2351 566 sentit,
2384 498 2482 554 sed
2513 507 2768 570 tanquam
2801 498 2906 552 sint
2948 499 3172 553 virtutes
3210 516 3328 570 quae
3367 507 3492 553 sunt
3521 499 3654 554 vitia
3688 514 3781 552 se-

2170 605 2349 654 ctatur
2369 605 2421 651 et
2450 595 2648 668 diligit.
2683 597 2741 649 In
2771 596 2943 651 oculis
2991 596 3286 652 carnalium
3317 596 3574 651 diabolus
3605 595 3786 650 terri-

2172 686 2297 740 bilis
2326 694 2427 749 est,
2460 685 2514 738 in
2572 684 2746 739 oculis
2795 685 3091 739 electorum
3137 692 3314 740 terror
3342 687 3460 756 ejus
3489 685 3613 739 vilis
3668 691 3777 739 est.

2170 775 2252 829 Ab
2283 773 2578 829 incredulis
2644 782 2700 828 ut
2728 773 2814 829 leo
2863 774 3099 840 timetur,
3129 789 3162 828 a
3190 773 3420 830 fortibus
3465 774 3520 828 in
3568 773 3683 828 ﬁde
3724 782 3782 828 ut

2173 863 2379 917 vermis
2405 861 2744 931 cotemnitur,
2803 862 2870 917 ad
2902 872 3235 918 momentum
3301 871 3558 918 ostensus
3589 863 3781 933 repel-

2171 957 2326 1012 litur.
2367 956 2470 1025 Qui
2502 958 2883 1030 suggestiones
2912 959 3115 1014 diaboli
3155 975 3263 1014 non
3314 960 3505 1030 recipit
3535 960 3780 1031 iniquus,

2173 1048 2228 1101 in
2281 1047 2502 1101 insidias
2559 1048 2782 1103 minime
2840 1049 3043 1105 transit.
3103 1049 3242 1103 Nam
3294 1048 3446 1104 facile
3477 1049 3531 1103 in
3581 1065 3783 1104 conse-

2175 1135 2356 1206 quanti
2413 1151 2639 1205 operum
2695 1137 2991 1207 repellitur,
3037 1137 3081 1192 si
3138 1139 3313 1209 prima
3370 1138 3784 1193 oblectamenta

2175 1225 2320 1280 illius
2373 1235 2714 1295 respuantur.
2751 1226 3010 1281 Diabolus
3062 1227 3205 1282 enim
3237 1243 3466 1298 serpens
3493 1235 3578 1282 est
3609 1226 3785 1280 lubri-

2175 1331 2291 1382 cus,
2325 1315 2482 1384 cujus
2531 1315 2574 1369 si
2606 1315 2790 1385 capiti,
2822 1315 2876 1368 id
2921 1323 3006 1370 est
3035 1316 3225 1386 primae
3271 1315 3633 1388 suggestioni,
3672 1330 3783 1370 non

2179 1413 2464 1479 resistitur,
2550 1421 2694 1468 totus
2749 1413 2962 1468 interna
3015 1414 3220 1484 cordis,
3294 1414 3424 1469 dum
3481 1413 3784 1480 consentit,

2176 1502 2433 1556 illabitur.
2491 1503 2876 1557 Tentationum
2935 1501 3328 1557 diabolicarum
3379 1503 3526 1556 initia
3557 1501 3788 1574 fragilia

2180 1599 2322 1644 sunt.
2357 1590 2492 1658 Quae
2540 1590 2585 1644 si
2613 1606 2722 1645 non
2753 1599 3028 1657 caventur,
3048 1591 3144 1646 sed
3175 1608 3276 1662 per
3301 1608 3454 1646 usum
3478 1591 3530 1645 in
3556 1607 3788 1648 consue-

463 1708 612 1760 tente
626 1703 764 1765 Deo,
784 1698 958 1754 omnis
972 1701 1217 1767 potestas
1233 1695 1378 1762 justa
1403 1699 1501 1746 est.
1524 1691 1598 1744 Ex
1617 1706 1676 1745 se
1699 1689 1842 1744 enim
1860 1697 2066 1742 tentare
2095 1680 2146 1739 Β
2179 1688 2419 1743 tudinem
2469 1696 2774 1753 transeunt,
2835 1687 2887 1742 in
2941 1687 3242 1744 novissimo
3308 1689 3520 1744 fortiter
3575 1704 3788 1744 conva-

467 1790 736 1865 quoslibet
765 1788 961 1856 injuste
1009 1783 1230 1854 appetit,
1274 1783 1371 1837 sed
1403 1796 1498 1836 eos
1529 1779 1619 1850 qui
1651 1777 1888 1833 tentandi
1921 1784 2064 1839 sunt,

469 1886 686 1943 nonnisi
729 1885 872 1953 juste
925 1879 1123 1936 tentari
1179 1880 1326 1933 Deus
1375 1875 1661 1949 permittit.
1712 1874 1869 1930 Unde
1915 1881 1968 1928 et
2015 1875 2068 1927 in

469 1977 622 2032 libris
652 1989 846 2046 regum
877 1972 946 2026 de
979 1968 1204 2024 diabolo
1260 1967 1522 2036 scriptum
1555 1973 1638 2019 est
1669 1964 1797 2035 quia
1852 1984 1875 2014 ι
1911 1962 2070 2032 spiri-

470 2075 557 2121 tus
586 2062 807 2119 Domini
839 2059 1015 2114 malus
1043 2056 1288 2112 irruebat
1317 2055 1371 2108 in
1401 2053 1529 2108 Saul
1561 2054 1612 2121 (I
1658 2055 1791 2122 Reg.
1831 2051 2005 2119 xvin),
2044 2076 2065 2098 η

469 2155 564 2210 ubi
583 2155 726 2223 juste
775 2149 1035 2221 quaeritur
1069 2165 1084 2200 :
1137 2145 1192 2200 Si
1224 2143 1450 2208 domini,
1483 2157 1580 2198 cur
1607 2142 1788 2195 malus
1817 2140 1844 2194 ?
1875 2140 1921 2194 si
1951 2155 2071 2194 ma-

471 2254 578 2324 lus,
602 2268 702 2308 cur
730 2248 1002 2305 Domini?
1033 2243 1142 2300 Sed
1197 2243 1410 2298 duobus
1460 2241 1641 2296 verbis
1672 2239 2073 2309 comprehensa

472 2352 553 2399 est
585 2349 638 2396 et
668 2341 769 2395 Dei
800 2345 1042 2409 potestas
1068 2335 1230 2403 justa,
1255 2341 1306 2387 et
1335 2331 1539 2386 diaboli
1569 2329 1818 2385 voluntas
1839 2328 2063 2396 injusta.

474 2433 613 2486 Nam
674 2426 901 2499 spiritus
949 2424 1128 2478 malus
1171 2437 1270 2492 per
1299 2419 1685 2490 nequissimam
1717 2417 2071 2479 voluntatem,

475 2537 527 2583 et
557 2527 699 2581 idem
731 2523 954 2595 spiritus
986 2519 1201 2576 Domini
1231 2535 1332 2590 per
1385 2524 1666 2587 acceptam
1711 2515 2074 2585 justissimam

475 2622 820 2688 potestatem.
856 2610 1117 2666 Diabolus
1145 2623 1258 2662 non
1289 2614 1373 2662 est
1415 2606 1711 2669 immissor,
1745 2604 1843 2659 sed
1886 2604 2076 2658 incen-

475 2714 564 2761 tor
586 2704 768 2775 potius
814 2700 1092 2755 vitiorum.
1122 2698 1316 2767 Neque
1348 2696 1492 2750 enim
1524 2694 1654 2749 alibi
1683 2693 2078 2764 concupiscen-

474 2795 562 2848 tia:
593 2793 834 2848 fomenta
862 2787 1162 2853 succendit,
1194 2785 1298 2838 nisi
1351 2784 1443 2838 ubi
1473 2784 1626 2854 prius
1678 2798 1862 2854 pravas
1917 2784 2076 2855 cogi-

473 2890 692 2946 tationis
749 2885 1170 2943 delectationem
1217 2881 1512 2953 aspexerit.
1567 2879 1740 2948 Quam
1790 2881 1834 2934 si
1896 2880 2078 2951 sperni

470 2979 692 3036 uberius
723 2976 1014 3047 aspexerit,
1076 2973 1195 3027 sine
1244 2971 1410 3026 dubio
1467 2970 1557 3025 ille
1585 2969 1846 3025 confusus
1892 2971 2078 3024 disce-

476 3069 572 3136 dit,
631 3067 922 3137 statimque
982 3062 1316 3134 franguntur
1371 3057 1553 3129 jacula
1620 3058 2076 3129 concupiscentiae

477 3158 616 3228 ejus,
675 3160 1097 3224 contemptaque
1123 3154 1325 3219 jacent,
1377 3157 1430 3204 et
1468 3147 1585 3202 sine
1616 3148 1736 3204 luce
1760 3147 1906 3204 faces
1938 3148 2080 3204 illius

475 3255 914 3326 exstinguuntur.
979 3248 1221 3304 Sollicite
1277 3246 1454 3301 hostis
1492 3246 1721 3300 insidias
1771 3245 2080 3318 intelligere

471 3345 676 3418 pariter
695 3349 749 3398 et
776 3355 969 3397 cavere
1030 3337 1129 3392 Dei
1181 3352 1400 3392 servum
1443 3343 1678 3405 oportet,
1714 3335 1900 3407 sicque
1923 3336 2079 3392 inno-

477 3433 660 3492 centia
715 3431 844 3486 vita:
891 3427 1126 3484 existere
1183 3424 1508 3496 simplicem,
1562 3432 1619 3478 ut
1674 3432 1856 3478 tamen
1915 3440 2079 3495 Opor-

471 3538 577 3587 teat
605 3545 728 3585 eum
759 3523 1104 3596 simplicitate
1134 3522 1458 3594 prudentem
1492 3538 1634 3576 esse.
1669 3522 1772 3591 Qui
1833 3523 2078 3593 pruden-

470 3619 598 3674 tiam
627 3614 958 3686 simplicitati
990 3628 1097 3668 non
1128 3613 1338 3679 miscet,
1360 3611 1519 3679 juxta
1558 3614 1876 3682 prophetam
1916 3613 2068 3682 (Ose.

471 3709 572 3778 vn)
592 3705 845 3764 columba
871 3709 954 3759 est
985 3702 1230 3768 seducta,
1265 3716 1375 3756 non
1405 3699 1613 3756 habens
1646 3717 1759 3756 cor.

543 3832 652 3890 Sed
680 3831 803 3887 ideo
854 3829 1107 3886 columba
1164 3835 1266 3891 est,
1325 3825 1455 3898 quia
1486 3825 1719 3898 simplex
1774 3834 1905 3892 est;
1953 3827 2078 3884 ideo

473 3930 655 3980 autem
683 3937 778 3976 cor
804 3935 918 3974 non
947 3918 1174 3984 habens,
1233 3915 1357 3988 quia
1388 3915 1584 3988 ignara
1631 3916 1931 3986 prudentiae
1961 3926 2068 3972 est.

474 4014 630 4084 Saepe
661 4011 807 4066 fraus
856 4008 1069 4064 Satanae
1127 4012 1443 4061 sanctorum
1501 4004 1754 4060 cordibus
1810 4005 2073 4077 aperitur,

470 4101 692 4175 quando
724 4116 822 4172 per
851 4098 1094 4170 speciem
1123 4095 1272 4160 boni,
1307 4093 1568 4165 angelum
1601 4111 1659 4150 se
1693 4093 1957 4150 simulans
1994 4096 2077 4150 lu-

471 4199 551 4257 cis
571 4201 701 4255 dum
756 4197 940 4252 nititur
995 4195 1200 4250 electos
1257 4191 1534 4263 decipere,
1593 4192 1867 4264 detegitur
1913 4203 2075 4266 atque

472 4287 856 4345 contemnitur.
897 4285 984 4340 Sic
1033 4292 1085 4338 et
1130 4282 1306 4337 verba
1361 4280 1573 4336 fallacis
1632 4282 1897 4338 doctrina:
1928 4285 2074 4340 Deus

2175 1777 2402 1846 lescunt,
2438 1777 2511 1832 ita
2543 1785 2596 1832 ut
2627 1793 2902 1850 nunquam
2927 1785 3018 1832 aut
3061 1793 3181 1834 cum
3209 1777 3519 1834 diﬂicultate
3553 1778 3788 1835 vincan-

2175 1870 2290 1921 tur.

2859 1979 3070 2020 DIVISIO
3085 2006 3098 2018 .

2250 2089 2382 2145 Cum
2415 2088 2466 2144 in
2498 2097 2607 2145 tota
2636 2089 2740 2145 vita
2771 2089 3020 2145 diabolus
3069 2089 3437 2161 praevaricare
3501 2087 3788 2143 hominem

2179 2180 2380 2251 cupiat,
2403 2179 2638 2250 amplius
2659 2188 2840 2234 tamen
2863 2179 2918 2233 in
2935 2179 3046 2234 ﬁne
3067 2178 3288 2234 molitur
3309 2177 3588 2249 decipere.
3606 2177 3792 2232 Proin-

2191 2269 2261 2324 de
2318 2269 2566 2341 quamvis
2598 2269 2671 2324 sit
2703 2269 2900 2338 justus,
2941 2276 3124 2323 tamen
3145 2283 3373 2324 necesse
3398 2276 3482 2324 est
3510 2278 3567 2321 ut
3600 2267 3654 2321 in
3683 2267 3793 2322 hac

2182 2359 2292 2415 vita
2339 2374 2620 2430 nunquam
2651 2359 2722 2412 sit
2752 2373 3000 2422 securus,
3033 2357 3133 2412 sed
3162 2373 3385 2428 semper
3436 2355 3668 2411 humilis
3699 2371 3794 2411 ca-

2185 2466 2327 2523 veat,
2361 2473 2705 2528 semperque.
2736 2472 2805 2511 ne
2829 2457 2882 2510 in
2919 2455 3025 2511 ﬁne
3055 2463 3296 2522 corruat,
3348 2455 3620 2510 sollicitus
3667 2470 3798 2524 per-

2183 2546 2454 2601 timescat.
2517 2545 2778 2599 Diabolus
2827 2544 2941 2599 suis
2999 2544 3308 2600 fautoribus
3363 2543 3660 2609 blanditur,
3697 2543 3798 2598 Dei

2185 2635 2360 2690 servis
2397 2650 2528 2690 vero
2558 2634 2782 2690 molitur
2816 2642 3154 2689 tentamenta
3185 2633 3462 2689 contraria
3489 2633 3800 2688 secundum

2186 2732 2431 2802 exempla
2461 2731 2698 2797 Domini,
2732 2731 2824 2802 qui
2878 2748 2936 2786 se
2970 2739 3096 2802 post
3126 2732 3451 2802 baptismum
3485 2747 3688 2800 passus
3719 2738 3803 2785 est

2187 2821 2454 2876 adiabolo
2509 2821 2830 2890 pertentari.
2895 2820 3156 2875 Diabolus
3184 2828 3404 2876 sanctos
3459 2835 3658 2874 omnes
3688 2835 3802 2874 non

2186 2911 2425 2966 tenendo
2457 2910 2721 2980 possidet,
2771 2910 2869 2964 sed
2919 2911 3182 2965 tantando
3239 2910 3617 2980 persequitur.
3655 2909 3804 2963 Nam

2111 3038 2160 3102 C
2191 3000 2316 3071 quia
2344 2999 2397 3054 in
2429 2999 2508 3054 eis
2538 2999 2868 3054 intrinsecus
2898 3015 3008 3053 non
3023 3007 3241 3070 regnat,
3278 3007 3575 3054 contraeos
3591 2998 3802 3052 extrin-

2189 3115 2348 3153 secus
2372 3105 2598 3169 pugnat,
2630 3107 2681 3152 el
2713 3097 2806 3168 qui
2836 3097 3066 3152 interius
3096 3097 3274 3150 amisit
3325 3096 3649 3162 Dominum,
3705 3112 3802 3150 ex-

2188 3187 2358 3242 terius
2389 3195 2695 3242 commovet
2721 3186 2944 3241 bellum.
2994 3187 3146 3241 Tunc
3201 3193 3392 3241 contra
3449 3201 3578 3240 eum
3635 3200 3799 3256 quem

2189 3276 2438 3346 possidet
2467 3275 2716 3329 diabolus
2748 3275 2926 3329 acrius
2948 3275 3124 3340 saevit,
3160 3274 3377 3346 quando
3407 3290 3468 3328 se
3491 3273 3704 3329 virtute
3732 3273 3802 3326 ab

2188 3390 2252 3429 eo
2287 3372 2669 3442 expellendum
2702 3371 3002 3443 cognoscit.
3029 3371 3246 3426 Etenim
3268 3379 3323 3427 et
3353 3371 3670 3425 immundus
3691 3369 3802 3440 Spi—

2187 3462 2324 3517 ritus
2357 3471 2484 3518 tunc
2513 3461 2738 3534 gravius
2768 3461 3012 3530 decerpit
3039 3477 3268 3530 puerum
3291 3461 3344 3514 in
3377 3475 3486 3530 quo
3517 3460 3800 3515 habitabat

2189 3553 2409 3622 (Matth.
2445 3554 2562 3619 xtl),
2594 3550 2811 3622 quando
2843 3550 2914 3604 ad
2967 3549 3169 3604 Christi
3199 3549 3492 3620 imperium
3539 3550 3700 3605 exire
3732 3549 3800 3602 ab

2187 3657 2252 3696 co
2274 3649 2496 3696 coactus
2524 3648 2632 3695 est.
2675 3638 2833 3708 Quod
2867 3638 3065 3694 factum
3096 3647 3149 3693 et
3179 3640 3249 3694 ad
3279 3641 3382 3694 Job
3411 3639 3580 3694 verba
3616 3640 3800 3710 respi-

2187 3739 2277 3805 cit,
2311 3738 2405 3794 nbi
2435 3739 2488 3793 in
2519 3736 2832 3794 novissimis
2864 3737 3164 3792 Vehemoth
3193 3737 3428 3793 caudam
3444 3753 3605 3792 suam
3637 3739 3799 3808 quasi

2185 3828 2355 3884 cedus
2383 3827 2606 3900 stringit
2661 3826 2803 3896 (Job.
2843 3826 2950 3895 XL).
3009 3825 3137 3880 Plus
3165 3826 3416 3882 diabolus
3471 3834 3670 3883 contra
3699 3843 3800 3882 eos

2187 3916 2427 3972 diversis
2457 3915 2846 3972 tentationibus
2877 3916 3093 3982 insistit,
3137 3917 3228 3988 qui
3278 3925 3508 3987 possunt
3560 3925 3618 3972 et
3673 3918 3798 3972 aliis

2187 4032 2284 4070 sua
2313 4013 2541 4070 utilitate
2573 4013 2860 4085 prodesse,
2893 4021 2968 4083 ut,
2995 4014 3122 4069 dum
3153 4014 3230 4069 illi
3260 4014 3662 4085 impediuntur,
3686 4031 3797 4071 non

2186 4104 2473 4177 perﬁciant
2503 4104 2646 4176 quod
2676 4103 2909 4159 docendi
2963 4113 3111 4158 sunt.
3171 4103 3390 4176 Maligni
3429 4104 3667 4174 spiritus
3692 4106 3797 4160 hoc

2187 4193 2332 4266 quod
2367 4193 2506 4246 intra
2529 4208 2630 4246 nos
2665 4193 2925 4248 mundare
2955 4193 3222 4264 cupimus,
3279 4193 3402 4248 sine
3429 4194 3797 4248 intermissio-

2184 4299 2255 4338 ne
2288 4289 2497 4337 tentant
2526 4281 2727 4337 iterum
2759 4281 3068 4337 sordidare.
3109 4281 3294 4338 Sancti
3322 4289 3502 4337 autem
3535 4299 3796 4353 praesago

478 4385 698 4434 sanctos
728 4373 860 4430 facit
887 4373 1216 4444 intelligere,
1250 4378 1516 4442 quatenus
1545 4370 1874 4428 diabolicum
1921 4390 2072 4429 erro—
2100 4405 2150 4467 D
2183 4383 2379 4453 spiritu
2411 4396 2596 4437 eorum
2660 4380 2888 4436 insidias
2934 4390 3412 4454 ρτιγρεοςηοεευιη,
3445 4390 3502 4436 ει
3531 4383 3798 4454 quidquid

474 4489 592 4529 rem
623 4470 848 4527 interius
877 4475 1231 4540 cognoscant,
1249 4466 1548 4522 utsollicite
1585 4477 1827 4523 caveant.
1851 4469 2070 4526 Discre-

474 4563 550 4619 tio
578 4567 889 4617 sanctorum
942 4564 1088 4613 tanta
1117 4573 1240 4611 esse
1269 4556 1454 4625 debet,
1511 4564 1568 4610 ut
1597 4555 1736 4613 inter
1787 4558 1991 4615 bonum
2021 4570 2069 4617 et

477 4651 682 4708 malum
711 4647 924 4720 praediti
979 4645 1185 4700 ratione
1223 4644 1538 4713 dijudicent,
1600 4663 1668 4702 ne
1697 4663 1792 4702 eos
1819 4649 2072 4706 diabolus

475 4759 575 4814 per
604 4737 843 4812 speciem
870 4735 998 4792 boni
1027 4734 1193 4788 fallat.
1227 4735 1377 4789 Tunc
1407 4733 1549 4789 enim
1583 4735 1722 4791 bene
1753 4737 1822 4793 de
1843 4755 1902 4794 se
1925 4739 2069 4808 judi-

477 4846 600 4896 cant
647 4835 820 4892 sancti
850 4832 1069 4906 quando
1099 4831 1246 4886 Deus
1292 4829 1505 4886 fallacia
1535 4832 1838 4890 daemonum
1895 4845 2069 4892 tenta-

478 4937 660 4985 menta
691 4926 819 4981 facit
850 4921 1176 4994 intelligere.
1203 4920 1349 4974 Multi
1371 4919 1712 4990 decipiuntur
1741 4924 2072 4984 adiaboloet

477 5019 728 5090 ignorant
759 5030 880 5069 sese
913 5027 1035 5068 esse
1065 5011 1342 5079 deceptos,
1410 5011 1695 5080 prOphetae
1723 5011 1882 5070 Osca:
1913 5018 2070 5071 testi-

478 5107 661 5161 monio
690 5103 1006 5160 declarante
1042 5120 1052 5155 :
1092 5123 1114 5148 «
1169 5097 1538 5154 Comoderunt
1576 5125 1594 5146 η
1631 5099 1821 5172 inquit,
1852 5127 1873 5151 ‹‹
1908 5105 2070 5161 alieni

477 5202 648 5257 robur
677 5201 813 5269 ejus,
872 5206 926 5252 et
981 5196 1098 5267 ipse
1130 5195 1406 5267 ignoravit
1459 5195 1609 5264 (Ose.
1652 5200 1773 5268 vn).
1803 5223 1826 5247 ι»
1861 5201 2071 5258 Αιιίεηί

478 5305 712 5359 namque
741 5285 966 5358 maligni
1022 5283 1241 5354 spiritus
1273 5283 1662 5353 significantur,
1714 5287 1809 5358 qui
1842 5290 2068 5348 virtutes

479 5376 685 5433 mentis
714 5374 1039 5436 comedunt;
1075 5373 1172 5426 sed
1204 5372 1306 5426 hoc
1337 5372 1505 5427 corda
1533 5374 1928 5445 negligentium
1959 5397 2066 5438 non

479 5483 886 5539 intellexerunt.
925 5480 1207 5547 Tanquam
1265 5479 1492 5532 inermis
1531 5479 1782 5538 diabolus
1811 5485 2062 5558 vincitur,

477 5577 697 5653 quando
753 5575 820 5628 de
875 5581 1062 5643 aperta
1106 5572 1384 5642 iniquitate
1438 5576 1710 5635 hominem
1764 5582 2067 5653 depravare

475 5682 722 5738 conatur.
751 5674 1000 5725 Armatus
1028 5666 1198 5722 verbo
1228 5675 1356 5726 tunc
1381 5672 1602 5746 incedit,
1634 5676 1761 5733 dum
1781 5697 1882 5752 per
1910 5701 2064 5757 spem

2181 4472 2236 4526 in
2270 4470 2580 4541 semetipsis
2609 4477 2886 4526 terrenum
2918 4471 3156 4526 sentiunt
3204 4471 3583 4527 indesinenter
3612 4472 3798 4543 operi-

2183 4561 2290 4616 bus
2321 4559 2523 4616 sanctis
2553 4559 2899 4625 exhauriunt,
2931 4567 2988 4614 ut
3025 4560 3093 4616 de
3122 4559 3325 4614 intimis
3352 4559 3472 4630 puri
3503 4560 3798 4616 invenian-

2181 4666 2296 4713 tur.
2336 4657 2545 4712 Eodem
2579 4656 2946 4712 blandimento
2975 4657 3318 4728 decipiuntur
3363 4673 3512 4713 nunc
3540 4675 3646 4728 per
3676 4659 3797 4713 dia-

2183 4748 2366 4803 bolum
2422 4747 2673 4801 homines
2732 4763 2840 4818 quo
2895 4745 3217 4817 protoplasti
3262 4747 3318 4800 in
3346 4747 3608 4816 paradiso
3667 4757 3796 4803 sunt

2181 4836 2414 4906 decepti.
2471 4834 2652 4890 Multis
2711 4835 2856 4890 enim
2910 4836 3164 4890 vitiorum
3223 4836 3517 4906 prtestigiis
3569 4846 3794 4892 mentes

2178 4926 2540 4996 reproborum
2571 4924 2932 4995 pertentando
2964 4923 3195 4979 deludit.
3257 4925 3416 4979 Nunc
3489 4925 3637 4979 enim
3672 4942 3796 4996 pro-

2176 5024 2360 5078 missis
2391 5023 2616 5093 decipit,
2651 5039 2796 5078 nunc
2829 5022 2993 5078 rebus
3026 5023 3353 5078 transitoriis
3404 5024 3559 5095 quasi
3590 5042 3792 5081 neces-

2181 5113 2340 5168 sariis
2371 5112 2546 5168 illicit.
2589 5113 2743 5168 Nunc
2770 5112 2919 5167 enim
2951 5111 3072 5183 ipsa
3127 5113 3324 5168 inferni
3355 5113 3625 5184 supplicia
3655 5132 3794 5188 qua-

2178 5203 2223 5256 si
2271 5202 2409 5257 levia
2441 5216 2504 5256 ac
2562 5201 2878 5257 transitoria
2923 5200 3190 5273 suggerit,
3237 5209 3510 5274 quatenus
3550 5205 3792 5260 misero-

2178 5307 2300 5345 rum
2330 5291 2499 5345 corda
2521 5288 2572 5343 in
2595 5291 2891 5361 cupiditate
2925 5289 3254 5362 lasciviaque
3277 5291 3553 5347 dissolvat
3569 5309 3791 5348 secum-

2177 5404 2284 5460 que
2317 5388 2388 5442 ad
2418 5396 2615 5443 tartara
2665 5389 2846 5446 ducat.
2904 5390 3250 5461 Argumenta
3277 5389 3636 5445 tentationum
3667 5405 3787 5446 ma-

2176 5477 2462 5549 larumque
2492 5477 2906 5548 cogitationum,
2932 5477 3138 5533 semina
3167 5493 3286 5548 quae
3312 5478 3369 5532 in
3395 5477 3566 5534 corda
3596 5479 3784 5536 homi-

2176 5599 2305 5636 num
2336 5582 2590 5638 diabolus
2620 5583 2812 5651 fundit,
2871 5583 2946 5639 ita
2992 5600 3138 5655 sape
3178 5585 3423 5656 undique
3473 5593 3700 5657 captant
3724 5595 3785 5643 et

2174 5689 2455 5764 implicant
2483 5699 2742 5764 mentem,
2772 5698 2831 5749 ut
2858 5706 2932 5749 ex
2959 5706 3071 5765 qua
3095 5699 3250 5764 parte
3279 5691 3521 5750 evadere
3541 5693 3780 5766 quisque
