4062 6074
218 213 324 268 869

1133 192 1716 255 DEFLORATIONES
1753 189 1857 248 SS.
1901 187 2204 248 PATRUM.
2244 221 2311 234 --
2351 190 2476 245 LIB.
2520 186 2567 246 I.

3420 187 3524 244 870

213 333 524 398 tentaverit,
557 330 675 387 sine
705 326 946 401 periculo
977 325 1130 380 exire
1169 339 1278 379 non
1316 321 1524 393 possit:
1566 317 1735 374 veluti
1764 315 1811 371 si
1837 316 1896 378 A
1925 316 2067 388 apud
2097 316 2346 372 homines
2378 315 2558 381 electi,
2607 314 2749 386 apud
2797 315 2968 369 Deum
3014 313 3198 369 fenum
3253 313 3512 368 existunt.

209 424 365 497 jures
396 424 504 478 hoc
533 419 716 476 facere
750 433 762 486 ;
797 415 943 488 quod
969 414 1013 469 si
1055 413 1248 470 feceris
1305 427 1544 483 pecces;
1605 407 1648 462 si
1707 421 1816 462 non

217 495 440 580 feceris,
472 525 603 564 reus
633 506 860 578 perjurii
892 505 987 559 sis.
1022 507 1080 558 ln
1114 510 1261 557 tanto
1293 516 1428 571 ergo
1456 497 1582 553 mali
1613 495 1816 551 discri-

221 602 368 657 mine
398 607 457 655 ut
486 597 757 654 evadendi
780 595 956 650 aditus
987 597 1193 664 pateat,
1227 590 1442 645 minora
1490 586 1670 659 potius
1718 584 1819 639 eli-

223 697 408 772 genda
430 705 574 762 sunt,
600 702 658 750 ut
673 693 886 764 majora
900 687 1422 746 vitentur.Diabolus
1437 684 1656 757 quando
1674 682 1823 737 deci-

222 803 356 860 pere
386 783 540 858 [vult]
558 797 908 855 quemquam,
938 780 1092 851 prius
1113 786 1358 832 naturam
1397 772 1822 842 uniuscujusque

223 876 480 944 intendit,
514 881 570 928 et
601 872 726 928 inde
757 887 822 926 se
849 869 1090 941 applicat
1137 867 1281 921 unde
1328 873 1508 935 aptum
1546 861 1822 916 hominem

225 965 296 1020 ad
327 963 667 1035 peccandum
711 957 1046 1030 inspexerit.
1112 957 1191 1010 Ex
1250 970 1311 1009 ea
1363 960 1522 1024 parte
1576 949 1824 1005 homines

229 1057 424 1120 tentat,
457 1067 564 1123 qua
595 1065 690 1105 eos
718 1065 817 1120 per
846 1054 1200 1102 exercentem
1232 1045 1514 1099 humorem
1549 1039 1706 1095 facile
1736 1038 1823 1092 in-

227 1143 443 1196 clinare
473 1140 543 1195 ad
576 1139 707 1192 vitia
763 1135 1048 1206 conspicit,
1107 1137 1166 1186 ut
1222 1130 1528 1188 secundum
1577 1127 1823 1182 humoris

226 1229 684 1300 consparsionem
714 1224 969 1280 adhibeat
999 1222 1380 1277 tentationem.
1421 1220 1566 1289 Lege
1589 1214 1824 1270 Balaam

225 1327 320 1399 qui
351 1327 405 1381 in
436 1324 614 1398 ﬁgura
642 1322 848 1379 dia'ooli
879 1328 1067 1378 contra
1100 1317 1358 1390 populum
1391 1315 1578 1370 Deiex
1606 1329 1670 1368 ea
1699 1328 1826 1383 par-

227 1427 280 1473 te
313 1415 568 1488 prwcepit
598 1412 938 1484 perniciosos
968 1408 1312 1482 praetendere
1342 1406 1594 1476 laqueos,
1620 1417 1690 1457 ex
1722 1417 1826 1473 qua

229 1505 444 1561 facilius
465 1503 635 1558 sensit
658 1518 753 1557 eos
782 1517 908 1556 esse
941 1500 1193 1569 lapsuros
1224 1497 1420 1567 (Num.
1455 1493 1650 1561 xxm).
1686 1492 1824 1545 Nam

231 1603 290 1650 et
317 1594 445 1665 quia
476 1591 675 1647 alicubi
706 1589 949 1653 deducit,
984 1604 1091 1642 non
1121 1602 1242 1640 eam
1267 1601 1368 1654 per
1406 1583 1567 1636 aliam
1615 1588 1827 1650 partem

1924 413 2060 468 Tum
2090 413 2340 467 diabolus
2363 412 2479 482 jam
2511 411 2810 483 deglutisse
2844 411 3041 467 dicitur
3072 426 3236 482 quem
3256 411 3370 480 jam
3393 427 3518 482 per-

1928 502 2070 560 fecto
2107 503 2316 558 scelere
2356 503 2651 557 devorasse
2689 502 2930 556 videtur.
2985 502 3118 555 Eum
3172 515 3303 556 vero
3363 516 3522 572 quem

1929 608 2039 647 non
2066 591 2352 663 deglutivit
2379 591 2624 662 corporis
2654 589 3008 661 perfectione,
3043 589 3141 644 sed
3170 588 3527 644 tentationum

1931 688 2204 744 illecebris
2234 687 2441 742 mordet
2471 695 2529 741 ut
2557 687 2806 752 devoret,
2853 687 3030 741 adhuc
3086 685 3239 755 quasi
3294 685 3349 738 in
3405 701 3523 738 ma-

1931 777 2054 832 xilla
2090 777 2315 830 mandit.
2345 775 2500 832 Unde
2529 784 2583 830 et
2617 775 2816 830 Paulus
2849 775 3012 830 habet
3043 773 3292 829 stimulos
3343 773 3525 828 carnis

1933 865 2125 938 quibus
2157 864 2484 928 humilietur,
2533 881 2642 918 non
2695 865 2857 918 habet
2911 863 3175 934 peccandi
3223 861 3523 933 perfectio-

1931 977 2054 1016 nem
2081 977 2188 1033 qua
2217 960 2567 1031 deglutialur.
2603 959 2680 1015 Os
2711 959 2916 1014 diaboli
2965 961 3124 1014 verba
3176 958 3294 1030 ejus
3352 967 3476 1014 sunt
3510 977 3524 1021 ;

1934 1050 2097 1104 verba
2128 1065 2262 1104 vero
2291 1050 2408 1118 ejus
2439 1049 2828 1119 inSpirationes
2860 1050 3089 1105 occultae
3140 1057 3283 1115 sunt,
3335 1047 3528 1118 quibus

1934 1138 2104 1195 corda
2131 1137 2412 1193 hominum
2444 1136 2734 1209 alloquens
2780 1137 3011 1193 occultis
3066 1137 3172 1192 urit
3226 1135 3531 1207 cupiditati-

1934 1238 2063 1292 bus.
2113 1236 2346 1305 Quidam
2386 1236 2456 1290 ob
2516 1235 2948 1308 incorrigibilem
2995 1235 3354 1306 iniquitatem,
3405 1234 3532 1304 quia

1937 1333 2128 1396 sponte
2156 1341 2265 1378 non
2313 1323 2678 1390 cerriguntur,
2739 1322 3032 1377 immundis
3098 1322 3377 1392 spiritibus
3433 1338 3530 1376 ve-

1937 1414 2100 1468 xandi
2132 1413 2410 1468 traduntur
2439 1421 2495 1467 ut
2526 1412 2826 1483 arripiendi
2857 1427 2952 1466 eos
2973 1411 3250 1465 daemones
3271 1425 3529 1480 corpora-

1937 1511 2060 1564 liter
2082 1509 2317 1563 habeant
2337 1515 2680 1579 potestatem,
2711 1505 3115 1572 terroribusque
3137 1520 3323 1560 eorum
3342 1504 3530 1559 afflicti

1937 1597 2310 1664 humilientur,
2344 1605 2395 1651 et
2450 1596 2751 1666 pmniteant
2806 1611 2869 1648 ac
2926 1594 3224 1648 salventur.
3277 1593 3427 1648 Sicut
3479 1601 3532 1647 et

231 1684 414 1751 mm",
446 1682 554 1736 Πίδί
588 1681 661 1734 ibi
693 1681 810 1749 eius
841 1679 1101 1748 impetum
1149 1673 1404 1728 ίῖηθηάίί·
1459 1670 1654 1725 Nullus
1702 1668 1824 1722 cu"
1854 1677 1906 1736 Β
1936 1686 2233 1758 Apostolus
2264 1684 2558 1740 Corinthiis
2590 1683 2843 1739 scribens
2872 1683 3002 1738 dicit
3041 1701 3054 1736 :
3092 1705 3112 1730 ιι
3147 1682 3368 1737 Tradite
3426 1682 3531 1736 hu-

231 1788 359 1844 pam
391 1787 499 1826 non
528 1770 821 1836 existimet,
854 1782 1016 1839 quam
1049 1780 1122 1820 ex
1153 1762 1372 1834 propria
1402 1759 1656 1831 passione
1701 1773 1827 1811 sus-

233 1862 391 1923 tinet,
435 1860 531 1914 sed
566 1865 829 1930 quantum
889 1856 1034 1911 valet
1090 1861 1285 1910 contra
1335 1849 1390 1904 id
1437 1847 1581 1920 quod
1638 1846 1829 1900 tolerat

232 1956 465 2022 pugnet.
505 1949 644 2002 Nam
675 1947 721 2001 si
750 1943 1137 2016 consparsioni
1167 1940 1395 2003 ceditur,
1430 1934 1714 1992 tentationi
1743 1933 1827 1988 vel

234 2039 370 2094 vitio
400 2052 744 2108 nequaquam
776 2035 1065 2089 resistitur.
1101 2030 1228 2086 Ideo
1258 2028 1514 2083 diabolus
1553 2026 1604 2079 in
1656 2023 1830 2078 sacris

236 2135 469 2208 eloquiis
500 2132 824 2195 Vehemoth,
858 2130 909 2183 id
944 2137 1026 2183 est
1055 2126 1276 2192 animal,
1325 2123 1542 2187 dicitur,
1591 2121 1717 2192 quia
1763 2119 1832 2173 de

236 2224 390 2281 cmlis
418 2223 613 2293 lapsus
643 2219 713 2274 ad
745 2229 916 2274 terras
940 2216 1135 2272 cecidit
1163 2215 1322 2285 ;ideo
1345 2211 1656 2274 Leviathan,
1675 2209 1727 2262 id
1752 2215 1832 2262 est

241 2329 473 2382 serpens
496 2311 565 2365 de
588 2308 765 2381 aquis,
790 2307 1008 2370 dicitur,
1034 2304 1158 2377 quia
1179 2303 1234 2358 in
1255 2301 1413 2371 hujus
1454 2299 1638 2355 saeculi
1687 2311 1833 2351 mare

239 2400 462 2458 volubili
484 2407 735 2454 versatur
756 2397 973 2451 astutia.
1003 2394 1133 2448 Avis
1165 2399 1460 2464 propterea
1498 2386 1830 2452 nominatur,

240 2491 369 2562 quia
400 2505 500 2561 per
529 2487 839 2558 superbiam
871 2484 939 2538 ad
968 2483 1074 2536 alta
1105 2480 1434 2535 sustollitur.
1478 2479 1542 2532 Et
1569 2484 1716 2531 recte
1745 2473 1834 2529 his

244 2575 522 2634 vocabulis
554 2575 731 2630 tribus
762 2571 1078 2644 appellatur
1108 2569 1198 2640 qui
1229 2582 1328 2639 pro
1358 2581 1456 2621 suo
1501 2564 1696 2619 merito
1735 2577 1834 2616 ae—

241 2683 362 2723 rem
393 2665 550 2737 quasi
583 2664 699 2720 avis
730 2678 830 2733 pro
860 2675 1081 2717 carcere
1111 2657 1328 2724 meruit,
1373 2663 1579 2710 terram
1620 2654 1834 2706 brutum

242 2754 446 2810 animal
474 2753 728 2818 comedit,
756 2766 984 2821 serpens
998 2755 1055 2802 ut
1085 2747 1140 2801 in
1169 2747 1326 2812 hujus
1356 2742 1540 2798 saeculi
1570 2755 1719 2795 mare
1749 2739 1837 2793 in-

243 2859 379 2900 sana
403 2845 636 2914 jactatur
665 2839 1036 2896 ﬂuctuatione.
1078 2837 1154 2890 Ex
1212 2849 1276 2890 eo
1337 2831 1478 2887 enim
1538 2829 1680 2901 quod
1740 2843 1838 2898 per

245 2933 492 2989 membra
518 2947 617 2986 sua
665 2929 912 2985 diabolus
960 2933 1234 2996 operatur,
1281 2921 1505 2978 sortitur
1553 2916 1836 2981 vocabula,

246 3032 318 3086 ita
348 3030 564 3102 utquod
586 3026 786 3097 singuli
807 3024 1256 3099 aguntincitante
1280 3021 1392 3084 illo,
1436 3020 1554 3090 ipse
1586 3015 1838 3072 nomine-

244 3129 333 3174 tur
361 3136 426 3174 ex
457 3134 544 3175 eo.
577 3117 754 3186 Quem
798 3115 940 3171 enim
991 3129 1097 3168 non
1145 3110 1346 3181 decipit
1401 3107 1652 3162 diabolus
1696 3104 1842 3160 unde

242 3208 442 3264 animal
472 3216 574 3272 est,
608 3208 712 3261 hoc
743 3214 825 3260 est
852 3220 952 3275 per
982 3202 1163 3259 carnis
1196 3198 1489 3263 luxuriam,
1520 3203 1687 3251 tentet
1733 3211 1839 3248 un—

244 3297 316 3352 de
347 3312 576 3367 serpens
606 3302 707 3360 est,
742 3295 847 3349 hoc
877 3299 928 3347 et
957 3289 1263 3362 cupiditatis
1292 3302 1358 3342 ac
1401 3283 1633 3341 nocendi
1681 3282 1841 3336 mali—

245 3387 352 3450 tia;
385 3401 548 3458 quem
578 3392 760 3439 autem
791 3398 892 3437 nec
923 3381 1005 3436 sic
1037 3379 1261 3449 decipit,
1312 3375 1598 3430 insidiatur
1639 3373 1689 3427 ei
1737 3387 1843 3426 uu-

249 3476 319 3530 de
339 3476 452 3529 avis
475 3482 574 3542 est,
596 3477 700 3529 hoc
727 3481 808 3528 est
829 3469 1098 3542 superbia:
1128 3468 1307 3522 ruina.
1341 3465 1496 3521 Unde
1543 3462 1688 3518 enim
1737 3461 1842 3514 do-

250 3571 337 3628 los
373 3579 667 3644 praeparat,
710 3584 1000 3641 quousque
1039 3565 1275 3622 inveniat
1316 3564 1479 3631 viam,
1532 3576 1633 3634 per
1681 3573 1846 3632 quam

253 3662 530 3718 incautum
562 3659 818 3731 decipiat.

930 3842 1139 3885 DIVISIO
1152 3868 1165 3882 .

329 3993 498 4050 Aliud
526 4001 606 4048 est
629 3991 834 4046 intrare
851 3987 1133 4044 diabolum
1155 3985 1209 4039 in
1234 3990 1468 4039 mentem
1499 3979 1847 4051 cujusquam,

258 4083 407 4140 aliud
438 4097 570 4136 vero
591 4080 914 4134 inhabitare.
949 4077 1088 4130 Nam
1120 4074 1175 4129 in
1214 4073 1384 4130 corda
1421 4077 1734 4126 sanctorum
1778 4069 1850 4122 in-

259 4172 503 4246 greditur
532 4172 662 4226 dum
691 4168 861 4223 malas
891 4164 1276 4238 suggestiones
1306 4160 1562 4225 insinuat,
1595 4159 1692 4213 sed
1741 4174 1852 4213 non

258 4261 521 4317 inhabitat
570 4259 622 4313 in
667 4258 768 4324 eis,
820 4255 945 4328 quia
982 4256 1038 4309 in
1075 4269 1173 4308 suo
1213 4265 1439 4320 corpore
1469 4265 1577 4304 non
1607 4262 1703 4302 eos
1735 4255 1849 4302 tra-

1932 1785 2175 1856 jusmodi
2213 1786 2428 1840 Satana:
2457 1783 2510 1836 in
2535 1783 2812 1837 interitum
2836 1781 3035 1847 carnis,
3063 1789 3117 1834 ut
3159 1779 3384 1851 spiritus
3416 1779 3534 1834 sal-

1937 1891 2036 1929 vus
2067 1874 2134 1927 sit
2161 1873 2217 1943 (I
2245 1873 2364 1929 Cor.
2401 1871 2485 1942 v).
2529 1894 2549 1917 ιι
2587 1871 2730 1926 Utile
2761 1877 2844 1924 est
2886 1869 3028 1923 enim
3077 1869 3342 1939 quosdam
3397 1884 3533 1940 pec-

1939 1971 2148 2024 cantes,
2191 1971 2244 2015 ut
2283 1961 2479 2015 animm
2540 1959 2841 2027 salventur,
2901 1957 3115 2012 Satanae
3177 1957 3537 2028 corporaliter

1940 2059 2208 2131 deputari,
2239 2066 2504 2130 quatenus
2535 2073 2607 2112 ex
2629 2057 2881 2128 praesenti
2909 2055 3256 2125 correptione
3299 2054 3535 2110 futurum

1935 2150 2199 2219 judicium
2241 2148 2486 2210 timeant,
2551 2154 2602 2201 et
2668 2145 2735 2200 de
2803 2154 3000 2200 czetero
3063 2143 3380 2214 delinquere
3445 2160 3540 2199 ca-

1941 2247 2119 2294 veant.
2154 2237 2388 2306 Quidam
2418 2245 2594 2290 autem
2626 2235 2878 2306 potestati
2910 2235 3220 2288 daemonum
3251 2235 3321 2287 ad
3344 2249 3536 2288 emen-

1941 2337 2217 2392 dationem
2248 2335 2615 2404 deputantur;
2644 2332 2865 2404 quidam
2894 2347 3024 2386 vero
3054 2330 3298 2402 despecti
3330 2330 3400 2384 ad
3449 2344 3538 2384 so-

1943 2426 2054 2480 lam
2089 2423 2452 2496 perditionem
2486 2421 2787 2476 traduntur.
2819 2421 3246 2491 Nonnumquam
3284 2417 3540 2473 diabolus

1944 2516 2212 2571 adversus
2241 2511 2515 2566 hominem
2543 2510 2755 2582 justum
2787 2517 2880 2564 aut
2926 2508 3305 2563 tribulationes
3353 2506 3538 2564 cordis

1945 2613 2021 2667 illi
2060 2617 2378 2683 exaggerat,
2419 2616 2513 2662 aut
2553 2606 2772 2663 dolores
2832 2605 3082 2676 corporis
3123 2605 3368 2660 suscitat.
3401 2604 3540 2660 Hinc

1946 2709 2029 2757 est
2067 2699 2211 2772 quod
2252 2697 2552 2768 Apostolus
2592 2697 2665 2751 ait
2699 2713 2711 2748 :
2750 2716 2771 2746 α
2808 2695 2976 2750 Datus
3006 2702 3090 2749 est
3120 2693 3249 2748 mihi
3293 2693 3542 2748 stimulus

1947 2790 2123 2847 carnis
2153 2804 2290 2842 meae
2317 2786 2544 2858 angelus
2576 2786 2808 2849 Satanar,
2852 2791 2908 2836 ut
2964 2799 3051 2838 me
3108 2782 3410 2853 colaphiret
3468 2780 3547 2851 (II

1953 2890 2079 2944 Cor.
2119 2892 2240 2956 xu).
2283 2908 2304 2932 η
2341 2885 2498 2955 Saepe
2531 2883 2661 2952 justi
2699 2889 2930 2936 mentem
2975 2881 3137 2934 variis
3191 2881 3544 2936 vexationum

1949 2977 2236 3032 doloribus
2266 2974 2346 3029 vis
2369 2974 2679 3028 daemonum
2711 2969 2935 3038 cruciat,
2969 2969 3112 3023 unde
3143 2969 3415 3024 interdum
3446 2986 3545 3025 us-

1951 3081 2055 3137 que
2083 3065 2150 3119 ad
2177 3061 2578 3134 desperationis
2603 3059 2907 3132 angustiam
2939 3066 3274 3114 coarctatur.
3326 3059 3545 3114 Perma-

1951 3163 2101 3219 nenti
2132 3170 2308 3217 autem
2343 3160 2398 3214 in
2431 3158 2528 3213 Dei
2559 3174 2746 3213 amore
2775 3156 2969 3210 animae
2999 3160 3052 3210 et
3082 3154 3203 3225 ipsa
3234 3155 3356 3210 talis
3377 3171 3546 3228 angu-

1953 3254 2054 3308 stia
2083 3252 2151 3306 ad
2182 3250 2433 3305 meritum
2468 3245 2694 3318 proﬁcit.
2727 3247 2865 3300 Nam
2898 3245 3012 3299 sive
3035 3244 3087 3298 in
3119 3244 3319 3310 animo,
3357 3245 3470 3300 sive
3490 3245 3546 3300 in

1953 3356 2184 3411 corpore
2209 3354 2305 3408 per
2333 3337 2644 3391 instinctum
2677 3333 3076 3388 immundorum
3102 3332 3388 3404 spirituum
3420 3334 3546 3404 qui-

1954 3439 2087 3494 libet
2108 3437 2288 3508 justus
2317 3436 2553 3489 adversa
2582 3433 2839 3504 patiatur,
2865 3447 2929 3486 ex
2954 3429 3052 3486 Dei
3071 3429 3252 3500 itaque
3275 3430 3546 3500 permissu

1955 3529 2009 3584 id
2038 3527 2254 3599 patitur.
2290 3523 2448 3593 Quod
2480 3523 2524 3578 si
2554 3524 2659 3579 hoc
2688 3523 2863 3593 ipsum
2893 3519 2962 3574 ad
2993 3519 3093 3574 Dei
3113 3518 3343 3592 gloriam
3375 3519 3550 3573 humi-

1957 3617 2025 3673 lis
2057 3616 2273 3679 referat,
2309 3623 2362 3668 et
2391 3613 2532 3669 dicat
2566 3630 2578 3666 :
2615 3635 2634 3659 α
2675 3611 2736 3665 Si
2770 3611 2912 3664 bona
2941 3607 3282 3678 suscepimus
3303 3607 3370 3663 de
3388 3623 3549 3664 manu

1958 3705 2194 3768 Domini.
2215 3703 2355 3758 mala
2375 3710 2552 3757 autem
2566 3715 2736 3774 quare
2756 3714 2866 3754 non
2894 3698 3262 3754 sustineamus
3284 3696 3402 3766 (Job
3423 3699 3480 3767 ι),
3523 3721 3544 3745 ι.

1957 3807 2059 3861 iste
2089 3819 2195 3860 non
2228 3808 2513 3873 separatur
2544 3815 2580 3854 a
2601 3800 2735 3866 Deo,
2797 3797 2894 3852 sed
2951 3795 3322 3866 conjungitur,
3379 3793 3553 3863 quali-

1959 3897 2050 3952 bet
2077 3893 2245 3950 atroci
2273 3891 2525 3962 angustia
2544 3895 2878 3959 torqueatur.
2900 3885 3066 3939 Multa
3101 3885 3278 3954 justus
3322 3882 3551 3938 adversa

1958 3986 2013 4040 in
2045 3985 2226 4040 anima
2255 3981 2478 4052 patitur,
2532 3975 2882 4048 instigatione
2937 3974 3264 4038 daemonum,
3322 3972 3418 4026 sed
3473 3978 3552 4025 ta-

1958 4084 2100 4138 libus
2140 4076 2486 4135 tentamentis
2517 4074 2698 4146 perire
2728 4072 2849 4128 vita}
2905 4079 3122 4125 aeternae
3179 4084 3291 4124 non
3350 4075 3548 4138 potest.

1961 4173 2082 4245 quia
2105 4170 2228 4242 pius
2258 4165 2521 4222 Dominus
2549 4162 2618 4217 ad
2650 4159 3061 4216 damnationem
3092 4157 3267 4228 culpae
3310 4172 3420 4211 non
3465 4173 3556 4212 re-

1959 4244 2110 4332 putat
2139 4255 2284 4329 quod
2314 4255 2382 4309 de
2413 4269 2523 4307 sua:
2552 4248 2850 4320 majestatis
2881 4247 3148 4318 permissu
3192 4244 3388 4300 nolens
3431 4263 3553 4318 qua:

261 4356 427 4412 άυοίῑ·
466 4355 726 4454 βαίνεξο
756 4353 812 4408 in
840 4366 1075 4455 ξῑοτρονεξ
1105 4349 1226 4418 ejus
1252 4353 1396 4446 _5lmlu
1439 4344 1586 4441 ipsi”
1632 4342 1851 4455 ighflbi‘
1883 4395 1934 4455 Β
1963 4359 2163 4431 patitur
2191 4359 2392 4426 portat.
2423 4351 2564 4405 Nam
2594 4349 2669 4403 ibi
2723 4361 3037 4418 peccamus,
3095 4343 3186 4398 ubi
3243 4343 3552 4413 cupidatem

910 4448 920 4455 .
1155 4454 1164 4455 κ
1258 4452 1332 4455 κμ-
1427 4434 1538 4455 Π.--
1596 4448 1654 4455 ---
1701 4430 1850 4455 -.-ιζλι
2037 4447 2048 4455 .
2155 4444 2168 4455 .
2254 4451 2262 4455 -
2311 4449 2320 4455 .
2464 4441 2478 4455 1
2524 4438 2576 4455 n,
2605 4437 2662 4455 Α·
2687 4453 2717 4455 μ
2775 4452 2791 4455 _
2841 4435 2942 4455 ITL:
2967 4449 3094 4455 __-._-
3121 4432 3535 4455 _-:-I-..n-_-.‘l_l:

263 4454 359 4510 tat,
393 4446 521 4516 quia
576 4443 679 4514 ipsi
731 4448 857 4496 sunt
908 4438 1174 4510 templum
1222 4437 1361 4505 ejus.
1427 4431 1540 4488 Etsi
1595 4430 1854 4501 subripiat

263 4534 537 4590 mentibus
575 4532 882 4588 electorum
944 4527 1214 4590 diabolus,
1273 4539 1384 4578 non
1431 4529 1612 4576 autem
1664 4520 1720 4574 in
1777 4519 1856 4574 eis

267 4622 583 4694 requiescit,
618 4620 760 4676 sicut
789 4619 845 4673 in
874 4617 1134 4674 cordibus
1165 4613 1549 4684 reproborum.
1587 4611 1728 4664 Nam
1759 4623 1857 4664 ca-

267 4714 382 4769 lore
416 4710 543 4768 tidei
569 4726 692 4767 mox
725 4708 1008 4773 excitatur,
1043 4713 1099 4759 ut
1127 4711 1284 4760 exeat
1313 4701 1382 4756 ab
1441 4699 1656 4756 electis.
1712 4699 1861 4753 Non-

268 4802 423 4868 nulli,
465 4816 600 4872 quos
634 4799 752 4868 jam
793 4797 956 4852 avido
1011 4810 1106 4851 ore
1158 4791 1420 4847 diabolus
1476 4789 1857 4848 devoraverat,

267 4907 470 4947 rursus
500 4888 665 4944 divini
694 4885 887 4957 judicii
945 4883 1158 4941 occulta
1211 4879 1560 4935 miseratione
1620 4876 1686 4930 ab
1744 4875 1860 4944 ejus

267 5005 368 5045 ore
398 4987 737 5058 diripiuntur,
770 4994 820 5039 et
874 4983 1036 5038 saluti
1078 4979 1463 5036 restituuntur.
1516 4975 1657 5030 Nam
1713 4987 1860 5043 saape

267 5077 488 5144 multos,
522 5091 656 5147 quos
686 5074 946 5144 antiquus
972 5070 1147 5125 hostis
1177 5067 1403 5123 luxuriae
1433 5079 1593 5121 caeno
1644 5077 1860 5116 mersos

268 5165 459 5229 tenuit,
501 5163 739 5234 potentia
794 5160 974 5215 divina
1031 5173 1130 5228 per
1179 5154 1549 5226 paenitentiam
1611 5151 1678 5204 ab
1746 5149 1861 5216 ejus

267 5253 519 5310 faucibus
552 5252 730 5307 traxit.
756 5245 1040 5318 Quomodo
1071 5244 1138 5300 de
1173 5247 1439 5299 bonorum
1480 5238 1702 5294 interitu
1732 5253 1861 5308 pro-

269 5355 435 5424 pheta
463 5353 594 5408 dicit
622 5350 827 5406 electos
858 5362 982 5402 esse
1035 5342 1235 5399 diaboli
1290 5355 1472 5396 escam
1524 5337 1756 5404 (Hebae.
1797 5336 1859 5401 ι),

271 5443 400 5498 dum
431 5441 559 5496 alibi
589 5439 852 5509 scriptum
881 5443 964 5490 est
993 5434 1060 5488 de
1105 5432 1196 5488 illo
1230 5448 1242 5487 :
1308 5452 1329 5475 α
1393 5430 1601 5484 Fenum
1649 5433 1708 5480 ut
1763 5426 1863 5479 bos

272 5531 525 5587 comedet
554 5532 690 5602 (Job.
724 5532 834 5595 XL),
873 5549 894 5574 ιι
929 5523 1033 5578 nisi
1065 5520 1212 5593 quod
1245 5519 1299 5573 in
1331 5517 1502 5573 oculis
1533 5513 1632 5570 Dei
1681 5514 1866 5569 fenum

274 5627 420 5686 sunt,
453 5619 547 5691 qui
575 5620 783 5675 electus
825 5614 982 5672 cibus
1029 5609 1329 5667 secundum
1387 5605 1638 5661 homines
1685 5603 1870 5660 viden-

276 5716 385 5766 tur.
423 5709 511 5765 Ac
536 5723 638 5781 per
665 5707 771 5764 hoc
799 5703 892 5779 qui
921 5703 990 5759 de
1018 5700 1291 5758 bonorum
1341 5710 1573 5754 numero
1614 5699 1866 5766 pereunt,

1965 4447 2051 4503 vel
2084 4444 2419 4500 voluntatem
2449 4437 2816 4494 deflectimus.
2841 4435 2944 4491 Ubi
2967 4449 3100 4490 vero
3121 4432 3388 4488 violenter
3409 4432 3556 4488 addi-

1965 4538 2162 4601 cimur,
2197 4531 2300 4588 etsi
2349 4529 2560 4586 facinus
2590 4535 2678 4583 aut
2708 4525 2971 4598 ﬂagitium
3021 4539 3131 4579 non
3178 4531 3280 4590 est,
3334 4521 3559 4578 miseria

1965 4645 2145 4692 tamen
2176 4648 2274 4704 pro
2304 4629 2511 4701 ﬂagitio
2541 4635 2592 4683 et
2621 4626 2863 4682 facinore
2893 4631 3001 4679 est.
3032 4621 3139 4678 Sed
3198 4621 3326 4693 quia
3370 4622 3557 4677 'Deum

1962 4742 2066 4798 pro
2096 4724 2316 4794 irrigata
2348 4719 2530 4774 laudat
2558 4714 2796 4782 miseria,
2831 4711 3124 4770 commissa
3155 4710 3344 4782 procul
3392 4710 3558 4765 dubio

1967 4821 2200 4872 evacuat
2231 4810 2476 4866 facinora
2490 4849 2502 4860 .

2038 4948 2304 5002 Praeterea
2335 4937 2628 4998 videndum
2661 4933 2804 5008 quod
2828 4941 3060 5006 quatuor
3080 4938 3205 4986 sunt
3234 4927 3557 4986 tentationes

1966 5037 2035 5092 de
2067 5035 2263 5107 quibus
2297 5031 2351 5084 in
2382 5028 2594 5101 psalmo
2621 5023 2923 5080 centesimo
2984 5029 3140 5075 sexto
3174 5038 3188 5073 :
3257 5041 3278 5070 ι
3334 5017 3560 5074 Conﬁte-

1967 5134 2100 5190 rnini
2132 5131 2384 5193 Domino,
2419 5151 2440 5175 »
2475 5126 2625 5193 cujus
2657 5120 2927 5177 secundus
2959 5133 3153 5174 versus
3206 5124 3287 5172 est
3320 5134 3333 5170 :
3391 5140 3413 5164 «
3474 5116 3562 5170 Di-

1969 5231 2096 5280 cant
2119 5220 2209 5294 qui
2241 5215 2507 5285 redempti
2538 5219 2659 5268 sunt
2687 5227 2720 5266 a
2750 5208 3000 5264 Domino.
3034 5205 3406 5262 Conﬁteantur
3444 5206 3560 5259 Do-

1970 5314 2118 5369 mino
2139 5293 2524 5364 misericordia
2554 5301 2695 5370 ejus,
2729 5306 2780 5354 et
2810 5295 3076 5351 mirabilia
3106 5296 3219 5364 ejus
3234 5293 3357 5348 filiis
3388 5293 3564 5348 homi-

1973 5426 2160 5475 num,»
2178 5412 2370 5479 quater
2387 5399 2676 5472 reperitur,
2704 5411 2810 5469 quo
2832 5409 3062 5450 numero
3080 5393 3306 5462 juvante
3329 5390 3565 5447 Domino

1974 5506 2234 5573 quantum
2265 5490 2495 5550 scrutari
2514 5487 2804 5554 valuimus,
2840 5483 3170 5538 tentationes
3217 5489 3446 5552 quatuor
3492 5480 3564 5536 si-

1974 5595 2330 5672 gnificantur.
2366 5589 2449 5644 Ab
2480 5587 2564 5640 nis
2594 5599 2729 5655 ergo
2769 5581 3000 5654 quisque
3044 5579 3287 5634 irretitus
3340 5576 3568 5649 eripitur

1974 5665 2075 5762 per
2103 5699 2230 5743 eum
2257 5679 2343 5739 cui
2372 5691 2534 5736 omne
2558 5689 2704 5749 genu
2733 5670 2986 5729 ﬂectitur.
3016 5669 3115 5724 Est
3167 5666 3332 5741 igitur
3384 5665 3564 5740 prima
