4010 6074
531 218 628 274 871

1662 214 2000 272 WERNERI
2038 214 2331 270 ABBATIS
2364 215 2428 272 S.
2477 214 2696 270 BLASII

3731 219 3832 275 872

528 341 759 400 tentatio
788 340 990 397 erroris
1012 348 1065 396 et
1083 339 1278 398 famis:
1313 341 1524 397 erroris
1553 341 1677 412 quia
1706 343 1760 396 in
1807 340 2116 413 ignorantia
2145 343 2199 402 A
2230 341 2321 407 tio,
2362 358 2485 413 quae
2520 347 2741 398 vocatur
2807 339 3108 412 periculum
3173 342 3228 397 in
3295 342 3566 416 regimine
3639 359 3831 399 rerum

525 455 584 495 se
614 442 776 494 homo
805 437 1028 502 invenit,
1061 437 1241 504 famis,
1276 437 1404 510 quia
1435 437 1722 493 veritatem
1753 455 1982 493 noscere
2012 454 2114 492 cu-

524 529 620 600 pit,
655 536 706 582 et
737 543 798 582 ea
829 527 1013 581 satiari
1043 529 1269 598 appetit.
1300 527 1418 595 Qua
1475 528 1768 582 tentatione
1823 544 1944 582 cum
2003 527 2116 581 fati-

523 626 683 688 gatus
712 616 833 688 quis
865 615 1042 683 fuerit,
1077 624 1130 671 et
1158 617 1325 672 corde
1358 616 1424 670 ad
1459 617 1631 670 Deum
1663 616 1990 682 clamaverit,
2044 617 2115 670 ad

522 714 664 769 viam
695 713 818 768 fidei
849 713 1146 784 perveniet,
1180 730 1278 783 per
1307 730 1462 785 quam
1495 715 1560 768 ad
1593 715 1870 770 civitatem
1916 713 2114 784 quietis

519 818 756 875 pergere
787 801 1033 872 incipiet.
1074 802 1395 858 Perducitur
1451 803 1634 874 itaque
1691 805 1757 856 ad
1814 803 2110 869 Christum,

521 891 612 966 qui
649 891 774 946 dicit
807 907 820 944 :
858 912 880 940 ι
917 890 1037 962 Ego
1069 907 1186 945 sum
1219 890 1303 946 via
1335 893 1518 959 (Joan.
1554 893 1690 957 xxv).
1719 915 1738 938 η
1772 890 2114 962 Quapropter

520 989 591 1043 ab
619 1004 807 1044 errore
838 1003 902 1043 ac
931 986 1075 1043 fame
1098 988 1381 1054 liberatus,
1417 996 1472 1043 et
1500 989 1569 1042 ad
1601 988 1738 1043 viam
1791 1005 1913 1059 qua:
1963 987 2112 1043 Chri-

520 1085 634 1132 stus
671 1085 752 1132 est
781 1077 1077 1148 perductus
1133 1078 1318 1132 dicat:
1383 1098 1407 1128 c
1467 1077 1834 1132 Contiteantur
1879 1077 2111 1132 Domino

517 1165 908 1222 misericordiae
939 1166 1056 1235 ejus
1085 1173 1137 1220 et
1167 1165 1436 1220 mirabilia
1457 1170 1572 1236 ejus
1597 1166 1724 1220 ﬁliis
1745 1167 2043 1221 hominum.
2081 1188 2102 1214 ι»

517 1265 645 1320 Haec
675 1272 756 1318 est
786 1262 964 1334 prima
995 1263 1239 1329 tentatio,
1269 1280 1298 1318 a
1329 1280 1432 1336 qua
1471 1264 1766 1334 proficiens
1825 1265 2105 1329 liberatur,

518 1351 737 1407 Christo
766 1350 870 1405 sibi
900 1351 1165 1422 prOpitio.
1207 1352 1456 1408 Secunda
1490 1354 1712 1407 tentatio
1739 1360 1842 1417 est,
1875 1369 1998 1409 cum
2043 1353 2111 1408 ci-

517 1441 645 1495 bum
675 1439 918 1495 veritatis
947 1440 1214 1510 acceperit
1245 1449 1297 1495 et
1327 1441 1381 1494 in
1407 1441 1510 1507 via,
1541 1459 1662 1513 quae
1711 1442 1955 1497 Christus
2001 1450 2104 1507 est,

514 1538 724 1609 positus
755 1537 930 1604 fuerit,
964 1539 1112 1592 audit
1143 1556 1158 1592 :
1189 1539 1333 1593 Bene
1367 1539 1510 1605 vive,
1552 1547 1603 1594 et
1657 1539 1794 1595 sicut
1849 1539 2106 1610 accepisti

516 1643 582 1683 ac
607 1627 768 1695 nosti,
802 1625 1079 1682 meliorari
1110 1637 1317 1698 satage.
1356 1628 1460 1682 Sed
1509 1629 1577 1683 de
1629 1646 1688 1684 se
1745 1645 2103 1700 praesumens,

2223 439 2589 509 publicarum.
2628 441 2802 494 Nemo
2832 456 2964 494 vero
2997 448 3145 510 putet
3177 442 3315 496 hanc
3347 441 3704 496 tentationem
3760 443 3832 496 ad

2223 529 2371 582 solos
2403 529 2680 600 pertinere
2711 528 2990 597 praelatos,
3024 529 3147 601 quia
3179 546 3371 586 omnes
3415 531 3468 584 in
3523 532 3655 585 navi
3714 547 3831 602 por-

2223 625 2419 684 tantur,
2465 625 2518 671 et
2574 617 2668 689 qui
2724 626 3031 688 operantur,
3090 628 3144 674 et
3184 620 3275 690 qui
3314 620 3717 692 gubernantur,
3781 631 3833 676 et

2223 714 2382 769 simul
2412 715 2464 769 in
2496 714 2630 768 mari
2661 715 3056 786 periclitantur,
3091 727 3139 772 et
3171 718 3331 771 simul
3391 717 3446 772 in
3502 726 3665 787 portu
3726 718 3830 772 sal-

2223 811 2438 857 vantur.
2475 803 2723 872 Quatuor
2753 804 2869 859 haec
2901 805 3228 860 tentationes
3259 805 3314 859 in
3345 805 3560 876 psalmo
3619 823 3830 877 ponun-

2221 904 2326 961 tur,
2369 909 2492 964 qua:
2530 909 2628 964 per
2665 901 2898 964 quatuor
2931 914 2952 943 ε
2989 892 3361 950 Confiteantur
3403 917 3426 943 υ
3483 894 3823 966 intelligun—

2220 995 2325 1044 tur.

2398 1140 2563 1196 [TEM
2602 1139 2840 1197 SERMO
2881 1141 2973 1196 DE
3015 1139 3613 1210 QUADBAGESIMA.

2291 1277 2627 1344 Charissimi,
2661 1295 2781 1334 cum
2811 1278 2878 1334 de
2909 1278 3168 1350 paradiso
3197 1279 3417 1351 expulsi
3462 1297 3684 1348 sumus,
3737 1281 3823 1337 di-

2217 1374 2369 1422 ctum
2392 1374 2470 1422 est
2493 1366 2652 1422 nobis
2680 1386 2691 1421 :
2721 1390 2742 1413 u
2773 1367 2959 1422 Pulvis
2987 1384 3066 1434 es,
3101 1377 3156 1422 et
3181 1368 3233 1422 in
3253 1370 3538 1440 pulverem
3570 1379 3826 1426 reverte-

2215 1456 2291 1510 ris
2323 1457 2478 1524 (Gen.
2513 1458 2616 1525 ru).
2657 1476 2679 1506 ι
2714 1457 2781 1511 Ut
2811 1472 2946 1529 ergo
2979 1457 3156 1513 redire
3189 1458 3481 1529 possimus,
3529 1467 3584 1514 et
3637 1461 3819 1531 poeni-

2214 1554 2457 1620 tentiam,
2492 1554 2545 1608 in
2575 1553 2748 1624 capite
2771 1554 2985 1624 jejunii,
3020 1554 3074 1609 in
3105 1556 3290 1611 cinere
3338 1564 3390 1611 et
3447 1557 3634 1613 cilicio
3697 1558 3818 1630 egi—

2214 1660 2362 1698 mus.
2405 1643 2589 1698 Pulvis
2617 1643 2817 1714 quippe
2848 1660 3035 1698 sumus
3064 1652 3117 1700 et
3147 1644 3304 1710 cinis,
3337 1653 3389 1700 et
3447 1646 3658 1701 vermis
3714 1663 3817 1718 pu-

517 1717 646 1770 dum
675 1714 971 1785 conﬂigere
1001 1717 1266 1771 adversus
1299 1716 1424 1771 Vilia
1449 1727 1696 1783 οοηθῑυν»
1729 1718 1800 1772 0b
1831 1734 1942 1772 sua?
1977 1733 2109 1787 Ρΐῖίῖ·
2135 1705 2187 1764 Β
2218 1733 2374 1788 lredo
2406 1731 2546 1787 filius
2580 1705 2834 1787 hominis.
2868 1733 2938 1786 Et
2994 1733 3118 1805 quia
3175 1734 3474 1804 repatriare
3521 1705 3820 1791 contendi-

515 1813 838 1884 sumptionis
867 1813 1173 1884 superbiam
1205 1821 1520 1884 superatur.
1557 1815 1705 1870 Sicut
1734 1830 1870 1888 ergo
1901 1815 2106 1871 erroris

519 1909 571 1958 et
605 1902 760 1956 famis
793 1901 968 1972 prima
1001 1903 1097 1956 fuit
1129 1903 1370 1968 tentatio,
1400 1903 1470 1957 ita
1499 1905 1737 1959 secunda
1760 1902 2104 1959 estdifficul-

515 1991 642 2046 tatis
674 1991 725 2044 in
758 1991 897 2046 bene
927 1991 1230 2062 operando.
1273 1992 1567 2062 Propterea
1597 1992 1859 2048 exclamet
1888 1993 1954 2047 ad
1985 1994 2102 2048 Do-

510 2087 733 2153 minum,
767 2087 859 2141 tali
889 2086 1204 2142 difficultate
1233 2097 1490 2159 gravatus
1524 2106 1536 2142 :
1570 2104 1697 2143 nam
1746 2089 1990 2144 clamans
2035 2089 2103 2144 ad

511 2193 633 2232 eum
665 2176 982 2231 liberabitur
1001 2176 1069 2231 de
1089 2177 1531 2231 necessitatibus.
1560 2179 1789 2248 Rumpet
1810 2178 1954 2232 enim
1978 2178 2100 2232 vin-

510 2266 634 2322 cula
667 2264 1018 2334 difficultatis,
1051 2273 1104 2320 et
1131 2266 1422 2320 constituet
1465 2267 1773 2336 operarium
1832 2283 1988 2321 suum
2046 2269 2099 2322 in

507 2363 826 2434 Operatione
855 2363 1146 2435 aequitatis.
1188 2364 1419 2434 Incipiet
1450 2380 1581 2436 ergo
1615 2365 1666 2419 ei
1693 2366 1802 2433 jam
1847 2382 1969 2421 esse
2027 2365 2101 2420 fa-

509 2453 613 2508 cile
645 2453 789 2524 quod
820 2451 992 2507 fuerat
1021 2451 1262 2519 difficile,
1296 2452 1502 2509 scilicet
1568 2454 1708 2509 bene
1741 2455 1938 2522 facere,
1971 2463 2023 2509 et
2070 2472 2099 2509 a

509 2541 666 2596 malis
695 2541 946 2596 omnibus
976 2541 1265 2608 abstinere,
1299 2551 1352 2596 et
1381 2541 1472 2597 fiet
1512 2542 1740 2598 facultas
1788 2544 1932 2615 quod
1979 2543 2098 2599 fue-

507 2647 588 2694 rat
617 2637 926 2695 dit'ficultas.
962 2639 1074 2694 Hoc
1099 2655 1226 2694 vero
1283 2639 1400 2694 sine
1457 2640 1777 2696 difficultate
1835 2641 2097 2696 Dominus

504 2729 680 2800 potuit
709 2736 984 2798 praestare,
1019 2729 1118 2783 sed
1148 2727 1191 2780 si
1224 2729 1327 2784 hoc
1374 2728 1579 2800 absque
1637 2728 1955 2785 difficultate
2015 2732 2097 2784 ha-

503 2818 778 2881 beremus,
806 2816 1121 2888 largitorem
1150 2816 1314 2886 hujus
1345 2817 1473 2872 boni
1505 2833 1614 2872 non
1643 2834 2091 2890 agnosceremus.

499 2915 713 2972 Nostris
743 2916 883 2971 enim
941 2915 1147 2971 viribus
1203 2917 1305 2971 hoc
1361 2915 1750 2983 tribueremus,
1809 2925 1862 2972 et
1920 2918 2094 2972 Deum

502 3005 823 3061 collatorem
857 3003 1021 3072 hujus
1047 3003 1235 3075 gratia:
1283 3020 1392 3060 non
1445 3003 1795 3059 sentiremus.
1844 3005 1911 3060 Et
1968 3005 2092 3076 quia

500 3095 734 3150 humana
766 3065 1029 3165 fragilitas
1047 3065 1208 3165 quod
1234 3093 1338 3147 sibi
1365 3100 1454 3148 est
1484 3101 1830 3163 praeceptum,
1851 3065 2090 3149 licetve-
2122 3065 2168 3127 Ο

501 3191 581 3254 lit.
615 3209 715 3263 per
737 3207 797 3246 se
826 3207 936 3246 non
965 3191 1109 3246 valet
1136 3191 1338 3247 ducere
1370 3192 1440 3246 ad
1471 3190 1742 3260 effectum,
1775 3191 1921 3247 dicat
1962 3192 2091 3247 item

501 3298 624 3339 cum
655 3279 940 3335 Psalmista
973 3297 983 3334 :
1037 3304 1058 3327 «
1094 3279 1460 3336 Conﬁteantur
1502 3281 1738 3336 Domino
1776 3281 2090 3336 misericor-

500 3371 604 3426 diae
640 3370 780 3439 ejus,
813 3378 864 3424 et
893 3369 1158 3423 mirabilia
1208 3369 1329 3438 ejus
1378 3369 1501 3424 filiis
1550 3369 1853 3424 bonimum.
1897 3394 1918 3419 υ
1963 3371 2093 3426 Haec

503 3477 586 3523 est
616 3468 858 3522 secunda
890 3467 1150 3522 tentatio:
1185 3465 1476 3522 difficultas
1517 3467 1911 3523 vincendarum
1951 3484 2089 3524 con-

503 3556 982 3627 Cupiscentiarum.

573 3686 698 3740 Post
725 3685 827 3739 has
855 3683 991 3739 duas
1039 3683 1389 3753 tentationes,
1439 3685 1598 3742 tertia
1639 3686 1896 3742 hominen
1946 3688 2092 3744 exci-

496 3773 574 3847 pit
608 3790 620 3828 :
653 3774 702 3828 ei
733 3788 866 3829 vero
892 3773 1088 3844 loquor
1118 3773 1212 3845 qui
1244 3775 1341 3828 has
1370 3773 1508 3829 duas
1533 3775 1651 3845 jam
1683 3776 1914 3831 transiit.
1947 3777 2088 3833 Nam

493 3863 618 3921 duas
647 3864 748 3918 ista
777 3871 900 3918 sunt
929 3862 1110 3916 multis
1140 3871 1302 3928 notae.
1338 3862 1473 3932 Quis
1503 3865 1646 3919 enim
1696 3865 1869 3920 nescit
1915 3881 1979 3921 se
2021 3867 2087 3920 ad

493 3963 772 4019 veritatem
803 3961 870 4015 ab
901 3959 1210 4034 ignorantia
1241 3963 1483 4028 venisse,
1516 3962 1584 4016 ad
1615 3963 1836 4018 verbum
1884 3960 2012 4018 ﬁdei
2055 3979 2087 4018 a

494 4053 639 4108 fame
667 4050 988 4122 sapientiae?
1023 4051 1151 4106 Haec
1181 4066 1312 4106 vero
1344 4051 1496 4106 tertia
1527 4059 1609 4106 est
1656 4051 1873 4106 taedium
1933 4052 2084 4108 verbi

491 4139 681 4206 divini,
714 4140 921 4194 scilicet
951 4139 1170 4194 taedium
1199 4139 1414 4205 orandi,
1447 4138 1691 4212 legendi,
1715 4140 2000 4211 vigilandi,
2029 4149 2084 4197 et

491 4238 722 4294 aliorum
753 4237 950 4309 quibus
981 4245 1165 4306 posset
1195 4237 1264 4292 ad
1294 4236 1489 4292 melius
1516 4238 1741 4308 provehi
1767 4256 1781 4304 ;
1806 4247 1859 4293 et
1881 4247 2081 4294 tantum

491 4328 725 4382 incurrat
755 4325 1024 4380 interdum
1057 4324 1377 4396 periculum,
1413 4333 1471 4380 ut
1499 4326 1573 4380 nil
1619 4326 1688 4381 de
1736 4329 1890 4398 prius
1942 4328 2080 4384 bene

493 4415 664 4488 gestis
693 4412 855 4470 faciat
884 4429 1006 4468 eum
1035 4428 1284 4468 securum
1313 4432 1325 4478 ;
1357 4414 1455 4469 sed
1485 4431 1580 4485 pro
1611 4416 1770 4471 tedio
1809 4431 1870 4471 se
1899 4417 2080 4473 timeat
2107 4423 2158 4484 D

493 4512 819 4585 periturum.
859 4510 1010 4566 Sicut
1040 4509 1184 4566 enim
1215 4511 1452 4566 fastidito
1500 4513 1622 4569 cibo
1661 4515 1933 4585 corporali
1967 4531 2083 4572 cor-

492 4618 598 4674 pus
628 4599 930 4672 perimitur,
962 4599 1036 4654 ita
1058 4599 1294 4654 fastidito
1317 4600 1544 4671 spiritali
1571 4602 1714 4658 victu
1734 4603 1911 4658 anima
1942 4605 2082 4675 peri-

489 4691 726 4748 clitatur.
750 4687 962 4744 Etenim
987 4704 1178 4743 rursus
1202 4688 1400 4744 clamat
1429 4689 1497 4744 ad
1531 4691 1819 4746 Dominum
1857 4700 1911 4748 et
1946 4693 2081 4749 libe-

488 4797 662 4854 ratur,
695 4795 748 4843 et
770 4786 897 4841 inde
928 4785 1177 4856 sequitur
1205 4794 1262 4840 ut
1292 4786 1628 4844 confiteatur.
1665 4791 1808 4845 Ecce
1831 4790 2080 4860 splendi-

486 4878 662 4936 ficatis
689 4874 945 4942 tenebris,
975 4883 1029 4930 et
1057 4874 1460 4930 difficultatibus
1498 4885 1747 4932 veterum
1797 4889 2078 4935 consuetu-

487 4969 671 5025 dinum
704 4964 976 5036 superatis
1007 4972 1057 5019 et
1087 4964 1305 5034 repulso
1348 4965 1511 5020 twdio
1568 4967 1717 5021 verbi
1779 4967 1894 5034 Dei,
1955 4969 2077 5024 talis

481 5067 599 5137 jam
631 5072 792 5135 aptus
822 5070 905 5118 est
934 5060 1024 5133 qui
1056 5062 1125 5116 ad
1165 5062 1412 5134 regimen
1457 5063 1830 5118 Ecclesiarum
1879 5065 2075 5122 debeat

485 5152 743 5227 provehi.
784 5151 890 5205 Sed
921 5158 1120 5221 quanto
1149 5151 1326 5222 magis
1356 5153 1644 5220 exaltatur,
1671 5159 1819 5208 tanto
1841 5155 2075 5225 amplius

485 5241 841 5314 periclitatur.
875 5240 1024 5294 Tunc
1053 5240 1199 5293 enim
1251 5240 1481 5312 insurgit
1530 5250 1824 5313 tempestas
1874 5244 2066 5312 maris,

489 5338 787 5396 Ecclesiam
817 5336 1106 5407 quatientis
1136 5345 1189 5391 et
1217 5338 1636 5409 gubernatorem
1654 5341 1948 5396 turbantis.
2006 5343 2075 5397 Et

483 5428 562 5484 sic
590 5424 946 5498 periclitatur,
980 5425 1143 5479 modo
1173 5427 1520 5483 ascendendo
1567 5447 1739 5500 usque
1787 5431 1857 5485 ad
1905 5431 2074 5486 caelos

483 5515 774 5591 sperando,
807 5511 1080 5567 interdum
1109 5513 1494 5570 descendendo
1524 5517 1592 5571 ad
1621 5518 1850 5588 abyssos
1882 5519 2077 5591 despe-

481 5615 685 5674 rando.
724 5613 857 5666 Item
896 5607 1095 5664 clamat
1132 5610 1197 5664 ad
1237 5611 1549 5682 Dominum,
1590 5623 1642 5670 et
1703 5616 1987 5686 liberatur,
2022 5626 2074 5674 et

482 5721 610 5781 ideo
635 5707 828 5770 merito
847 5713 904 5763 ut
919 5704 1074 5778 prius
1089 5705 1395 5767 conﬁtetur.
1413 5711 1539 5766 Haec
1559 5716 1645 5767 est
1666 5723 1862 5785 quarta
1893 5720 2074 5774 tenta-

2215 1846 2355 1896 mus,
2390 1831 2594 1897 hostes,
2629 1829 2684 1884 id
2742 1837 2825 1885 est
2888 1830 3190 1900 dzemones,
3250 1831 3354 1887 iter
3403 1833 3597 1888 salutis
3657 1835 3821 1891 nobis

2213 1919 2467 1974 obsidere
2496 1919 2768 1988 novimus,
2801 1918 2926 1974 ideo
2977 1935 3130 1975 arma
3185 1921 3474 1992 spiritalia,
3527 1923 3682 1994 quod
3737 1933 3818 1980 est

2213 2008 2408 2073 oratio,
2442 2007 2764 2075 humiliatio,
2796 2008 3034 2076 afflictio,
3086 2010 3440 2076 sustollimus,
3501 2021 3562 2067 ut
3617 2022 3818 2070 contra

2211 2097 2471 2167 spiritalia
2502 2097 2753 2169 nequitiae
2778 2115 3048 2170 pugnare,
3082 2107 3134 2154 et
3164 2100 3349 2155 omnia
3379 2100 3490 2156 tela
3519 2101 3694 2174 ignea
3721 2119 3816 2158 ne-

2211 2186 2457 2257 quissimi
2488 2187 2660 2242 hostis
2691 2187 3047 2260 exstinguere
3108 2189 3406 2258 possimus.
3469 2190 3603 2245 Cum
3667 2193 3814 2246 enim

2211 2275 2299 2328 illa
2322 2275 2409 2330 die
2441 2276 2850 2346 processionem
2881 2291 3002 2332 cum
3044 2277 3299 2332 crucibus
3352 2277 3609 2347 fecimus,
3656 2281 3813 2350 quasi

2208 2372 2456 2426 hostibus
2487 2373 2686 2427 armati
2725 2373 2792 2426 ad
2824 2389 3064 2446 pugnam
3109 2374 3326 2429 obviam
3376 2375 3596 2432 ivimus.
3653 2377 3812 2432 Unde

2208 2469 2261 2514 et
2291 2477 2395 2531 per
2425 2460 2669 2515 litauiam
2694 2469 2916 2517 sanctos
2947 2462 3002 2515 in
3047 2462 3372 2528 adjutorium
3412 2473 3671 2518 nostrum
3717 2466 3809 2518 in-

2206 2565 2488 2619 vocamus,
2522 2558 2790 2622 quatenus
2821 2551 3045 2606 viriliter
3074 2552 3383 2618 decertare,
3415 2561 3467 2607 et
3494 2553 3554 2606 in
3595 2553 3814 2608 caelesti

2206 2638 2334 2692 aula
2379 2639 2713 2708 triumphare
2781 2638 3074 2695 valeamus.
3145 2639 3346 2708 Quarta
3411 2649 3572 2696 aetate
3619 2644 3812 2698 mundi

2205 2725 2492 2781 :edilicavit
2532 2727 2791 2782 Salomon
2831 2729 3065 2784 Domino
3133 2729 3393 2800 templum
3461 2745 3543 2784 vn
3609 2732 3801 2786 annis.

2204 2815 2362 2884 Quod
2419 2817 2754 2872 destructum
2793 2833 2823 2871 a
2883 2816 3196 2888 Babyloniis
3261 2817 3655 2874 reaedificatum
3725 2828 3810 2874 est

2201 2930 2231 2968 a
2269 2914 2397 2969 Jesu
2437 2915 2720 2970 sacerdote
2759 2930 2890 2969 xavn
2929 2916 3111 2970 annis.
3161 2915 3419 2972 Salomon
3485 2926 3569 2973 est
3637 2918 3805 2973 Chri-

2203 3011 2339 3069 stus,
2381 3003 2641 3074 templum
2681 3004 2950 3060 Ecclesia.
2999 3005 3116 3061 Hoc
3164 3005 3424 3077 templum
3493 3021 3570 3060 vn
3639 3008 3804 3062 annis

2199 3108 2233 3146 a
2263 3091 2556 3148 Salomone
2584 3093 2898 3160 aedificatur,
2931 3093 3056 3165 quia
3086 3094 3336 3150 Ecclesia
3367 3111 3436 3150 vn
3467 3095 3632 3150 donis
3680 3097 3805 3168 Spi-

2199 3181 2335 3235 ritus
2365 3182 2537 3237 sancti
2566 3197 2596 3236 a
2629 3182 2845 3238 Christo
2866 3182 3208 3238 informatur.
3243 3185 3313 3238 Α.
3350 3184 3664 3255 Babyloniis
3716 3187 3803 3240 de-

2199 3271 2445 3337 struitur,
2479 3270 2607 3342 quia
2635 3286 2668 3326 a
2697 3271 3037 3327 daemonibus
3069 3272 3236 3327 variis
3283 3272 3426 3329 vitiis
3483 3273 3797 3329 subruitur.

2197 3367 2305 3422 Sed
2335 3368 2531 3423 iterum
2565 3370 2634 3423 ab
2681 3371 2811 3424 Jesu
2859 3385 2985 3424 vat
3032 3369 3188 3424 annis
3225 3369 3610 3433 reaedificatur,
3675 3371 3801 3441 quia

2199 3457 2283 3511 his
2313 3473 2439 3512 vai
2463 3458 2658 3514 diebus
2688 3458 2933 3514 Ecclesia
2963 3459 3022 3513 in
3055 3458 3314 3530 templum
3345 3460 3462 3514 Deo
3489 3458 3801 3516 coaedifica-

2197 3553 2304 3601 tur.
2339 3548 2524 3619 Itaque
2551 3564 2581 3602 a
2609 3548 2787 3618 capite
2802 3548 3003 3617 jejunii
3033 3565 3206 3620 usque
3259 3548 3312 3602 in
3363 3548 3602 3618 Pascha,
3669 3564 3799 3603 XLVI

2196 3636 2316 3692 dies
2343 3647 2744 3709 computantur.
2776 3639 3057 3709 Templum
3088 3655 3309 3712 quoque
3351 3638 3605 3710 corporis
3657 3639 3803 3694 Chri-

2197 3727 2592 3782 stixwrannis
2612 3726 2936 3783 aedificatur:
2972 3729 3059 3784 cui
3084 3727 3330 3784 Ecclesia
3381 3728 3800 3799 incorporatur.

2196 3816 2364 3870 Maria
2395 3817 2595 3888 quippe
2626 3832 2699 3871 xu
2729 3831 3002 3873 annorum
3057 3817 3277 3886 exstitit,
3332 3817 3462 3872 dum
3523 3818 3798 3873 Christum

2195 3916 2399 3988 genuit.
2436 3917 2679 3972 Christus
2731 3932 2862 3972 vero
2921 3932 3104 3971 xxxw
3157 3932 3425 3972 annorum
3474 3915 3605 3983 fuit,
3673 3918 3795 3972 dum

2193 4012 2367 4060 morte
2393 4005 2602 4060 solutus
2631 4005 2836 4062 corruit
2869 4021 2882 4061 :
2916 4005 3008 4078 qui
3037 4005 3164 4060 anni
3212 4005 3374 4060 simul
3423 4005 3607 4074 juncti
3671 4021 3795 4060 XLVI

2192 4092 2327 4148 fiunt
2365 4124 2375 4152 -.
2406 4102 2592 4166 totque
2622 4094 2739 4150 dies
2771 4111 2802 4150 a
2833 4095 3012 4166 capite
3037 4094 3232 4165 jejunii
3262 4110 3436 4166 usque
3475 4095 3532 4148 in
3589 4097 3795 4151 Pascha

2191 4182 2453 4249 existunt,
2486 4199 2592 4255 qua
2633 4183 2724 4239 die
2778 4183 3026 4238 Christus
3082 4183 3342 4255 templum
3399 4184 3657 4254 corporis
3715 4184 3795 4239 sui

2190 4272 2443 4338 restituit,
2505 4271 2651 4344 quod
2706 4273 2860 4343 prius
2913 4271 3173 4344 impulsio
3223 4271 3539 4328 Judaaorum
3599 4273 3787 4329 solvit.

2194 4362 2320 4416 ldeo
2353 4370 2538 4433 quarta
2567 4361 2702 4417 feria
2725 4362 3001 4434 jejunium
3050 4362 3386 4431 inchoamus,
3447 4362 3578 4433 quia
3638 4363 3794 4418 Chri-

2191 4471 2335 4517 stum
2367 4480 2523 4518 suum
2549 4463 2827 4533 jejunium
2859 4472 3050 4536 quarta
3110 4463 3246 4520 feria
3301 4463 3601 4520 inchoasse
3657 4481 3792 4535 prae-

2188 4552 2455 4619 dicamus,
2483 4569 2644 4625 quem
2679 4555 2928 4610 secunda
2960 4553 3094 4608 feria
3123 4553 3451 4624 baptizatum
3481 4569 3596 4609 non
3646 4554 3794 4627 igno-

2188 4657 2388 4703 ramus.
2412 4642 2500 4696 cui
2531 4658 2628 4712 per
2650 4643 2920 4714 jejunium
2961 4641 3301 4713 incorporari
3347 4641 3746 4698 desideramus
3777 4660 3790 4704 ;

2187 4738 2238 4785 et
2269 4730 2614 4786 Salomonem
2646 4733 2736 4803 qui
2764 4745 2949 4803 quarta
2978 4738 3138 4787 aetate
3179 4731 3367 4785 mundi
3418 4731 3692 4802 templum
3740 4733 3789 4785 in

2184 4814 2359 4888 figura
2389 4817 2653 4873 Ecclesiae
2682 4819 2985 4874 construxit
3015 4817 3342 4884 similamus,
3377 4817 3435 4871 in
3479 4834 3589 4890 qua
3642 4835 3790 4874 nunc

2185 4905 2512 4962 cozedificari
2542 4923 2572 4961 a
2603 4908 2824 4963 Christo
2869 4916 3143 4978 optamus.
3203 4908 3333 4962 Ideo
3389 4905 3508 4960 istis
3559 4917 3792 4978 quatuor

2186 4995 2378 5049 diebus
2409 5011 2441 5050 a
2470 4996 2644 5066 capite
2671 4996 2865 5066 jejunii
2899 4997 3200 5066 jejunatur,
3261 4995 3388 5068 quia
3445 4995 3706 5051 Ecclesia
3759 5012 3789 5051 ι

2185 5093 2418 5156 quatuor
2449 5085 2625 5158 plagis
2657 5085 2842 5140 mundi
2871 5085 2924 5139 in
2973 5085 3259 5141 tediticium
3313 5083 3505 5156 templi
3565 5085 3784 5141 Domini

2184 5181 2578 5244 congregatur.

2257 5273 2466 5328 Deinde
2497 5289 2563 5327 XL
2592 5273 2786 5328 diebus
2839 5273 3145 5344 jejunatur,
3206 5273 3332 5345 quia
3388 5289 3490 5344 per
3549 5282 3784 5346 quatuor

2182 5362 2488 5433 Evangelia
2518 5371 2571 5417 et
2599 5381 2637 5416 x
2667 5362 2806 5434 legis
2837 5363 3250 5434 praecepta,hoc
3271 5362 3533 5432 templum
3550 5362 3604 5416 in
3635 5364 3786 5418 Chri-

2182 5460 2266 5506 sto
2296 5460 2726 5520 consummatur,
2761 5452 2888 5523 quia
2917 5467 3025 5506 non
3041 5453 3187 5507 venit
3207 5451 3422 5507 solvere
3448 5451 3658 5523 legem,
3683 5451 3780 5507 sed

2180 5540 2432 5612 implere.
2476 5541 2585 5596 Ista
2615 5540 3036 5614 quadragesima
3067 5550 3151 5596 est
3179 5540 3622 5596 Christianorum
3653 5557 3779 5597 car-

2181 5628 2318 5683 rina.
2351 5629 2491 5682 Nam
2522 5629 2693 5684 multa
2723 5628 2777 5682 in
2806 5643 2950 5685 anno
2981 5627 3369 5684 committimus
3417 5644 3544 5699 quae
3600 5629 3773 5700 perti-

2178 5723 2311 5774 nent
2340 5716 2408 5772 ad
2434 5717 2730 5786 carrinam,
2760 5725 2815 5776 et
2840 5717 2964 5776 ideo
3021 5717 3271 5775 Ecclesia
3321 5717 3510 5774 statuit
3549 5726 3614 5774 ut
3666 5732 3769 5790 pro
