4062 6074
449 254 555 309 8‘15

457 466 655 533 etiam,
686 464 739 519 id
769 472 850 520 est
905 472 1048 520 certe
1097 463 1277 519 catelli
1322 462 1488 519 edunt
1513 463 1579 517 de
1601 463 1772 517 micis.
1804 462 1952 535 Ergo
2005 462 2050 517 si

463 569 586 608 sum
616 552 841 624 indigna
869 553 955 607 cui
992 552 1259 625 integrum
1317 567 1511 621 panem
1542 551 1804 620 praebeas,
1860 551 2050 606 saltem

455 644 525 697 da
543 640 676 696 mihi
705 640 829 697 ﬁliae
878 657 1016 696 mea:
1047 641 1351 706 sanitatem,
1402 639 1553 710 quasi
1583 639 1780 694 micam
1829 653 2052 708 compa-

453 731 659 786 ratione
696 730 984 784 multorum
1042 728 1371 784 mirabilium
1419 743 1540 797 qum
1578 728 1770 782 fecisti.
1830 727 2049 797 Mystice

455 834 643 873 mensa
665 824 745 872 est
773 817 1047 889 Scriptura
1100 833 1271 886 sacra,
1332 832 1529 887 panem
1552 816 1676 872 vitae
1723 817 2047 871 ministrans.

457 906 594 962 Hinc
643 906 885 961 Ecclesia
931 905 1106 962 dicit:
1144 929 1165 955 «ι
1218 905 1423 960 Parasti
1472 906 1526 959 in
1582 911 1869 975 conspectu
1926 920 2049 959 meo

460 1010 701 1050 mensam
731 996 909 1065 (Psal.
953 995 1122 1061 χχιι).
1151 1014 1173 1044 »
1202 994 1356 1048 Micae
1384 1001 1507 1047 sunt
1547 994 1755 1048 interna
1802 993 2051 1063 mysteria

378 1152 383 1159 .
459 1084 877 1155 Scripturarum,
950 1082 1145 1153 quibus
1209 1081 1489 1137 humilium
1571 1081 1735 1136 corda
1794 1080 2048 1136 reﬁciun-

459 1181 560 1238 tur,
588 1173 742 1241 juxta
766 1172 897 1226 illud
930 1190 943 1227 :
982 1194 1003 1219 ι
1039 1171 1219 1241 Adipe
1272 1170 1524 1225 frumenti
1579 1171 1735 1225 satiat
1778 1178 1827 1225 te
1874 1171 2047 1241 (Psal.

458 1264 683 1331 CXLVII).
714 1283 736 1307 ιι
762 1260 882 1314 Non
913 1274 1045 1331 ergo
1068 1267 1271 1313 crustas
1310 1258 1474 1313 edunt
1501 1259 1697 1327 catelli,
1755 1259 1880 1329 quia
1911 1260 2048 1313 versi

460 1350 529 1405 ad
560 1348 723 1403 ﬁdem
763 1348 830 1402 de
862 1348 1116 1419 gentibus
1160 1363 1270 1402 non
1316 1347 1506 1402 litterae
1542 1346 1898 1417 superﬁciem,
1957 1347 2051 1403 sed

461 1435 794 1506 spiritualem
835 1434 1130 1504 requirunt,
1162 1435 1474 1502 medullam,
1507 1442 1560 1489 et
1588 1437 1693 1490 hoc
1718 1435 1818 1489 sub
1864 1450 2050 1490 mensa

462 1524 824 1590 dominorum,
858 1522 986 1577 dum
1019 1522 1197 1578 verbis
1225 1523 1361 1577 sacri
1392 1523 1590 1593 eloquii
1626 1523 1900 1577 humiliter
1926 1522 2050 1576 sub-

458 1612 554 1667 diti
575 1610 753 1666 ofﬁcia
782 1611 961 1667 cordis
988 1619 1041 1666 et
1067 1612 1309 1681 corporis
1334 1619 1641 1683 supponunt
1679 1611 1745 1666 ad
1775 1611 2050 1682 implenda

456 1708 747 1773 praecepta.
783 1700 875 1755 Vel
908 1700 1123 1755 Domini
1152 1716 1354 1755 mensae
1382 1700 1848 1772 possuutintelligi
1906 1699 2046 1754 Scri-
2076 1727 2128 1786 Β

456 1797 731 1861 pturarum
759 1789 1147 1861 oompositores
1187 1805 1282 1844 seu
1311 1790 1654 1859 interpretes.
1716 1789 1785 1843 Et
1812 1796 1937 1843 tunc
1974 1787 2050 1843 ait

460 1878 537 1933 illi
571 1897 583 1933 :

534 1988 558 2013 α
584 1964 631 2022 Ο
661 1966 872 2031 mulier,
901 1981 1103 2037 magna
1141 1973 1220 2021 est
1261 1964 1394 2019 ﬁdes
1440 1972 1553 2019 tua.
1620 1964 1737 2020 Fiat
1791 1964 1885 2019 tibi
1914 1963 2051 2018 sicut

454 2056 556 2110 vis.
591 2056 658 2109 Et
675 2062 862 2110 sanata
890 2061 967 2109 est
992 2053 1103 2109 ﬁlia
1141 2053 1260 2123 ejus
1286 2070 1356 2109 ex
1410 2054 1502 2108 illa
1531 2056 1682 2109 hora.
1712 2076 1734 2102 ι
1771 2053 1887 2109 Sub
1930 2068 2049 2124 per-

420 2134 587 2199 sona
632 2143 873 2198 mulieris
929 2142 1298 2197 Chananitidis
1346 2158 1547 2213 magna
1594 2141 1727 2196 ﬁdes
1771 2142 2044 2209 Ecclesiae,

454 2248 658 2303 magna
686 2230 948 2302 patientia
975 2238 1029 2284 et
1057 2230 1329 2284 humilitas
1372 2230 1709 2299 praedicatur,
1760 2245 1881 2299 quae
1936 2245 2047 2284 cre-

453 2319 591 2373 didit
618 2335 775 2388 posse
804 2318 983 2372 sanari
1011 2316 1198 2384 ﬁliam,
1245 2327 1298 2373 et
1334 2319 1489 2373 toties
1542 2325 1850 2389 contempta
1890 2334 2048 2388 passa

452 2407 616 2462 estin
649 2407 899 2477 precibus
940 2422 1304 2476 perseverare,
1364 2414 1418 2460 et
1472 2406 1769 2460 humilitate
1825 2421 1881 2460 se
1937 2421 2045 2460 non

448 2495 693 2563 canibus,
734 2493 829 2548 sed
884 2494 1075 2549 catulis
1122 2493 1475 2562 comparavit.
1519 2493 1860 2565 Quapropter
1913 2494 2047 2549 libe-

447 2592 564 2639 rata
620 2590 700 2637 est
747 2579 878 2638 ﬁlia.
943 2582 1041 2638 Ubi
1096 2582 1256 2636 datur
1291 2583 1603 2653 exemplum
1644 2582 2046 2637 catheehizandi

450 2669 831 2740 etbaptizandi
878 2670 1126 2737 infantes,
1160 2670 1248 2739 qui
1307 2687 1404 2741 per
1430 2669 1591 2724 tidem
1648 2677 1702 2724 et
1753 2669 2046 2725 confessio-

447 2777 573 2816 nem
622 2767 905 2830 parentum
965 2758 1262 2813 liberantur
1305 2761 1361 2812 in
1412 2758 1681 2830 baptismo
1733 2774 1765 2814 a
1803 2758 2041 2814 diabolo.

444 2847 605 2918 Quod
650 2856 830 2903 autem
861 2847 1125 2901 Dominus
1152 2863 1378 2916 puerum
1410 2846 1736 2901 centurionis
1782 2854 1835 2901 et
1874 2845 2041 2901 ﬁliam

444 2938 786 3004 Chananteae,
813 2951 921 2990 non
944 2935 1164 2991 veniens
1184 2935 1252 2990 ad
1281 2951 1373 2991 eos
1399 2942 1570 3001 sanat,
1602 2934 1870 3007 signiﬁcat
1914 2951 2045 3007 gen-

447 3032 545 3095 tes,
606 3025 676 3081 ad
722 3041 856 3095 quas
884 3040 994 3080 non
1022 3024 1189 3092 venit,
1225 3040 1321 3094 per
1376 3024 1744 3095 pomitentiam
1794 3023 2038 3095 corporis

443 3114 736 3172 salvandas
763 3130 862 3183 per
890 3113 1116 3170 verbum
1147 3129 1326 3167 suum.

750 3256 986 3314 SERMO
1023 3257 1114 3312 DE
1152 3256 1398 3314 TRIBUS
1438 3254 1729 3314 OSCULIS

445 3362 652 3427 renuat,
694 3370 950 3424 unum,
1001 3370 1127 3409 oms
1167 3371 1238 3409 nr
1288 3369 1360 3409 na
1411 3369 1567 3409 mmo
1619 3368 1922 3409 SUPEBlORI
1968 3369 2041 3410 ιιι*

1079 3467 1366 3507 ικινιςιιιοιιι
1379 3492 1393 3506 .

522 3615 544 3640 u
582 3591 870 3647 Osculetur
914 3607 1002 3645 me
1032 3591 1215 3646 osculo
1257 3591 1367 3646 oris
1412 3590 1493 3644 sui
1546 3590 1736 3660 (Cant.
1766 3591 1825 3657 1).
1863 3614 1885 3640 ι
1919 3588 2044 3645 Tria

446 3688 570 3734 sunt
608 3680 793 3735 oscula
844 3700 855 3735 :
918 3679 988 3735 de
1017 3678 1211 3749 quibus
1256 3678 1549 3734 videndum
1592 3686 1674 3733 est
1701 3677 1843 3734 unde
1877 3679 2044 3733 nomi-

446 3775 658 3836 nentur,
699 3767 843 3823 unde
897 3775 1194 3833 sumantur,
1248 3766 1367 3836 quis
1452 3765 1651 3821 fructus
1715 3766 1841 3822 inde
1912 3781 2042 3837 per-

447 3856 649 3924 veniat,
701 3856 898 3926 quibus
944 3855 1189 3927 personis
1232 3856 1320 3911 vel
1376 3854 1581 3908 meritis
1623 3854 2043 3925 unumquodque

448 3962 728 4028 congruat.
763 3954 997 4008 Primum
1037 3960 1262 4007 vocatur
1321 3950 1750 4022 propitiatorium
1807 3951 1895 4009 vel
1949 3967 2042 4006 re-

447 4042 892 4110 conciliatorium,
967 4040 1260 4095 secundum
1328 4039 1762 4110 promeritorium
1812 4040 1899 4098 vel
1960 4055 2045 4096 re-

447 4139 889 4206 muneratorium,
950 4138 1162 4193 tertium
1245 4137 1486 4193 divinum
1543 4138 1628 4194 vel
1700 4139 2040 4210 contempla-

445 4230 659 4285 torium.
712 4228 949 4282 Primum
1001 4227 1228 4281 sumitur
1282 4227 1351 4281 ad
1417 4226 1603 4296 pedes,
1651 4227 1945 4283 secundum
1974 4228 2042 4283 ad

444 4333 657 4383 manus,
715 4317 927 4371 tertium
975 4315 1043 4370 ad
1098 4331 1178 4370 os.
1242 4316 1476 4369 Primum
1523 4316 1775 4371 convenit
1809 4318 2043 4372 rationa-

2067 3073 2117 3137 C

1592 244 1928 306 WERNERI
1965 246 2259 305 ABBATIS
2295 250 2352 306 S.
2393 247 2611 307 BLASll
3190 280 3209 286 -
3640 255 3744 310 876

456 385 510 432 et
538 390 729 432 canum
778 376 1160 432 convenienter
1207 373 1382 429 facere
1439 380 1786 445 potes;,nam
1843 379 1902 430 et
1945 388 2043 444 pro
2075 379 2125 440 Α
2156 375 2237 430 his
2256 375 2484 444 pedibus
2530 366 2793 432 dicitur:

2851 399 2872 424 υ
2929 375 2987 432 In
3015 376 3149 432 mari
3181 377 3265 433 via
3313 383 3402 433 tua
3439 386 3495 434 et
3535 380 3745 437 semita:

2160 469 2262 519 tute
2280 464 2336 517 in
2352 465 2504 536 aquis
2532 466 2712 520 multis
2740 467 2917 535 (Psal.
2951 470 3157 535 LXXVI).
3194 488 3216 516 η
3252 466 3323 521 Et
3350 467 3514 523 alibi:
3550 492 3575 517 ι
3599 469 3749 525 Ado-

2156 562 2394 617 ravimus
2434 563 2487 616 in
2536 563 2675 630 loco,
2724 563 2816 617 ubi
2862 570 3121 618 steterunt
3155 564 3322 634 pedes
3376 564 3495 634 ejus
3548 566 3740 637 (Prol.

2157 654 2363 720 cxxx1).
2399 674 2422 701 υ
2454 650 2550 706 His
2586 651 2813 723 pedibus
2859 653 3006 708 venit
3051 653 3289 708 Christus
3320 653 3390 709 ad
3423 669 3542 710 nos.
3592 654 3749 711 Unde

2157 737 2349 794 dicitur
2380 757 2393 793 :
2431 762 2453 788 α
2488 740 2855 795 Misericordia
2906 748 2960 795 et
2993 741 3189 798 veritas
3233 741 3593 798 obviaverunt
3643 743 3750 799 sibi

2156 830 2331 894 (Psal.
2367 829 2612 895 1.xxx1v).
2646 851 2668 876 η
2696 827 2914 883 Fructus
2943 828 3102 899 hujus
3155 830 3325 887 osculi
3368 830 3614 887 remissio
3669 838 3752 887 est

2158 925 2517 989 peccatorum.
2579 916 2733 972 Hunc
2786 918 3129 988 consequitur
3173 917 3309 974 civis
3377 919 3459 974 sui
3514 919 3748 987 adulter,

2157 1013 2401 1086 proditor
2435 1022 2492 1069 et
2527 1013 2797 1071 homicida
2878 1014 3070 1083 David,
3126 1016 3213 1071 cui
3286 1015 3422 1071 dixit
3465 1016 3679 1072 Nathan
3733 1033 3748 1071 :

2160 1124 2184 1153 ι
2218 1102 2507 1158 Transtulit
2541 1103 2685 1157 Deus
2727 1111 3007 1174 peccatum
3065 1110 3211 1158 tuum
3248 1104 3354 1175 (111
3379 1106 3506 1177 Reg.
3550 1107 3681 1176 ιιι).
3720 1128 3745 1154 ιι

2154 1200 2211 1255 Si
2262 1200 2374 1255 Deo
2428 1199 2595 1270 pedes
2651 1200 2919 1256 osculatus
2946 1208 3025 1256 est
3058 1200 3395 1270 publicanus,
3455 1202 3546 1272 qui
3585 1203 3753 1258 rediit

2157 1288 2211 1343 in
2258 1288 2479 1343 domum
2514 1304 2667 1343 suam
2717 1287 3055 1359 justiﬁcatus.
3115 1289 3243 1346 Haec
3298 1290 3528 1362 vestigia
3582 1291 3752 1346 felici-

2156 1391 2228 1438 te:
2320 1384 2627 1440 deosculata
2684 1391 2762 1439 est
2830 1385 3154 1457 EthiOpissa
3225 1386 3323 1441 illa
3389 1387 3756 1443 famosissima

2157 1473 2324 1529 Maria
2371 1473 2713 1545 Magdalena,
2779 1473 2847 1529 de
2895 1490 3002 1544 qua
3057 1474 3217 1544 ejecit
3256 1484 3310 1530 et
3360 1475 3513 1531 Jesus
3539 1484 3753 1548 septem

2156 1570 2445 1636 daemonia,
2477 1570 2563 1626 cui
2601 1578 2655 1625 et
2692 1569 2868 1626 dixit:
2907 1594 2930 1618 α
2965 1571 3325 1627 Remittuntur
3378 1572 3471 1628 tibi
3524 1582 3753 1643 peccata

2154 1659 2318 1729 (Luc.
2358 1659 2475 1727 v11).
2511 1681 2533 1707 »
2571 1659 2632 1712 lu
2659 1658 2814 1727 cujus
2858 1673 3088 1729 persona
3140 1659 3336 1715 dicitur
3389 1660 3445 1715 in
3473 1661 3708 1717 Canticis
3734 1680 3754 1716 :

2162 1770 2186 1794 ι
2214 1747 2383 1819 Nigra
2424 1764 2541 1801 sum
2578 1769 2600 1796 η
2653 1762 2753 1817 per
2808 1747 3043 1819 culpam,
3079 1770 3103 1797 ι
3140 1747 3375 1804 formosa
3409 1771 3431 1798 υ
3466 1766 3564 1821 per
3616 1766 3755 1823 gra-

2158 1846 2288 1901 tiam
2342 1846 2540 1915 (Cant.
2626 1848 2689 1913 1).
2755 1848 2814 1901 In
2865 1846 2948 1901 his
2994 1847 3188 1902 osculis
3242 1847 3333 1902 ubi
3378 1848 3607 1921 gratiam
3653 1864 3756 1919 po-

2156 1934 2361 1988 suimus
2414 1942 2467 1989 et
2513 1933 2885 1989 consimilibus
2939 1943 3209 2005 ponuntur
3266 1936 3472 1992 inimici
3526 1934 3752 1992 Domini

2155 2022 2450 2077 scabellum
2476 2022 2672 2094 pedum
2726 2023 2870 2093 ejus.
2938 2024 3124 2078 Manus
3169 2023 3387 2078 Domini
3442 2033 3565 2081 sunt
3616 2042 3751 2080 mu-

2157 2110 2429 2166 niﬁcentia
2458 2119 2511 2165 et
2539 2111 2918 2167 benevolentia
2936 2112 2988 2165 in
3007 2112 3201 2182 quibus
3229 2112 3299 2167 ab
3311 2112 3753 2169 omnibusdiﬂ'ert

2155 2199 2319 2265 Deus,
2352 2199 2704 2255 excellean
2748 2200 2952 2255 habens
3006 2214 3105 2271 pro
3152 2201 3404 2256 omnibus
3452 2202 3665 2274 copiam
3697 2209 3751 2258 et

2155 2296 2587 2351 liberalissimam
2636 2296 2969 2352 voluntatem
3023 2298 3314 2370 largiendi.
3378 2299 3457 2353 De
3510 2299 3752 2355 benevo-

2156 2385 2319 2439 lentia
2366 2384 2485 2453 ejus
2530 2384 2659 2439 dicit
2698 2385 2983 2456 Apostolus
3016 2405 3027 2440 :
3060 2384 3165 2455 Qui
3219 2386 3334 2441 vult
3387 2403 3580 2444 omnes
3631 2388 3747 2443 sal-

2154 2489 2253 2528 vos
2272 2471 2385 2527 ﬁeri
2421 2474 2469 2542 (1
2518 2475 2653 2529 Tim.
2712 2478 2799 2543 11).
2846 2497 2869 2523 ι»
2904 2475 2982 2529 De
3033 2473 3395 2531 muniﬁcentia
3450 2475 3580 2531 dicit
3629 2493 3749 2548 pro-

2155 2565 2317 2633 pheta
2348 2580 2361 2616 :
2397 2584 2421 2609 ι
2459 2562 2653 2631 Aperis
2681 2570 2738 2616 tu
2763 2578 2982 2617 manum
3006 2570 3229 2631 tuamet
3249 2564 3445 2633 imples
3460 2578 3623 2620 omne
3637 2566 3752 2620 ani-

2155 2650 2262 2705 mal
2283 2649 2655 2706 benedictione
2684 2651 2861 2721 (Psal.
2887 2654 3098 2722 cxuv).
3137 2677 3158 2700 ι·
3194 2650 3239 2708 Ο
3269 2651 3589 2709 medicibilis
3630 2653 3747 2709 lar-

2153 2748 2294 2819 gitas
2336 2755 2391 2801 et
2447 2747 2738 2803 liberalitas
2770 2749 2782 2802 l
2816 2756 2875 2803 ut
2936 2749 3015 2805 sol
3070 2749 3307 2818 irradiat,
3359 2759 3417 2805 ut
3469 2766 3559 2806 ros
3612 2751 3749 2807 irro-

2152 2853 2251 2911 rat,
2300 2853 2357 2899 ut
2412 2844 2533 2900 fons
2587 2845 2754 2917 gratis
2811 2846 3015 2919 irrigat,
3064 2848 3153 2917 qui
3200 2848 3336 2919 pluit
3387 2864 3550 2919 super
3570 2848 3750 2918 justos

2152 2939 2204 2986 et
2234 2933 2481 3002 injustos.
2546 2935 2670 2989 Non
2715 2932 2911 2989 sufﬁcit
2958 2934 3123 3005 pedes
3170 2935 3389 2990 Domini
3443 2936 3746 2991 deosculari

2151 3045 2184 3084 a
2238 3030 2395 3084 malis
2442 3029 2723 3100 cessando,
2780 3028 2881 3084 nisi
2938 3037 2991 3085 et
3053 3031 3357 3087 osculemur
3401 3047 3594 3086 manus
3626 3030 3749 3102 ejus

2148 3118 2285 3173 bene
2317 3118 2699 3189 promerendo.
2738 3117 2893 3174 Unde
2920 3118 3048 3174 dicit
3097 3117 3381 3195 Psalmista
3412 3137 3427 3175 :
3463 3144 3485 3168 ι
3521 3120 3749 3178 Declina

2149 3232 2181 3270 a
2208 3216 2352 3271 malo
2372 3222 2427 3270 et
2458 3238 2479 3263 ιι
2499 3222 2889 3285 consequenter
2920 3235 2945 3266 ι
2981 3214 3275 3271 (hebenum
3297 3217 3691 3289 (Psal.xxxv1).
3716 3242 3740 3268 ιο

2151 3305 2215 3359 Et
2234 3305 2398 3359 Isaias
2425 3323 2444 3360 :
2486 3325 2509 3353 η
2543 3302 2810 3373 Quiescite
2838 3318 3000 3376 agere
3056 3319 3307 3375 perverse
3355 3327 3378 3354 ιι
3441 3314 3494 3361 et
3547 3306 3748 3363 deinde

2156 3416 2177 3442 α
2203 3393 2401 3448 Discite
2430 3391 2572 3448 bene
2611 3391 2789 3447 facere
2817 3392 2928 3462 (lca
2957 3396 3021 3459 1).
3059 3414 3081 3441 η
3109 3392 3174 3447 Et
3192 3402 3269 3448 est
3287 3408 3560 3467 congruos
3585 3394 3745 3463 ordo,

2150 3488 2208 3537 ut
2258 3497 2381 3537 cum
2437 3480 2656 3536 Domini
2728 3481 2808 3535 sui
2854 3479 3119 3536 oﬁ‘ensam
3171 3481 3409 3548 incurrit,
3460 3482 3530 3538 ad
3574 3484 3749 3554 pedes

2151 3577 2268 3649 ejus
2331 3577 2592 3648 precidet,
2661 3576 2945 3648 ploretque
2998 3593 3179 3633 coram
3236 3579 3468 3635 Domino
3524 3581 3616 3651 qui
3666 3581 3749 3637 fe-

2151 3677 2223 3733 cit
2250 3691 2372 3732 eum
2406 3690 2420 3741 ;
2453 3683 2738 3745 postquam
2793 3674 3011 3731 Domini
3066 3676 3297 3749 gratiam
3344 3677 3608 3747 habuerit,
3665 3688 3750 3736 tc-

2151 3765 2307 3822 cedat
2352 3773 2406 3819 et
2450 3763 2752 3820 subserviat
2822 3763 3072 3819 manibus
3140 3765 3489 3839 porrigenda,
3547 3768 3747 3825 Christi

2151 3863 2408 3919 ministris
2460 3861 2862 3929 subscrviendo,
2924 3870 2977 3917 et
3029 3862 3107 3918 sic
3160 3878 3258 3936 pro
3314 3866 3520 3921 meritis
3570 3866 3749 3923 dona-

2151 3961 2311 4027 bitur,
2362 3960 2633 4031 aceipiens
2684 3958 3119 4016 benedictionem
3172 3977 3204 4017 a
3241 3962 3497 4029 Domino,
3554 3972 3607 4020 et
3645 3966 3749 4020 mi-

2151 4049 2495 4105 sericordiam
2543 4063 2575 4103 a
2623 4044 2736 4104 Deo
2783 4047 3001 4103 salutari
3072 4062 3189 4104 suo.
3257 4049 3410 4106 Unde
3430 4060 3485 4106 et
3542 4051 3751 4110 fructus

2153 4138 2313 4208 hujus
2365 4136 2534 4193 osculi
2590 4144 2671 4191 est
2716 4135 3007 4206 profectus,
3048 4142 3101 4191 et
3155 4138 3374 4195 collatio
3451 4141 3738 4199 virtutum.

2155 4237 2278 4290 Post
2308 4233 2414 4290 duo
2472 4234 2652 4289 oscula
2711 4233 2765 4288 in
2836 4233 3030 4303 quibus
3078 4241 3158 4291 est
3201 4235 3487 4292 criminum
3542 4238 3750 4296 condo.

2151 4324 2297 4379 natio
2367 4328 2420 4378 et
2492 4330 2805 4378 meritorum
2854 4322 3088 4388 collatio,
3152 4330 3315 4379 restat
3360 4324 3576 4382 illorum
3628 4336 3746 4384 ter-

442 4405 622 4461 biliter
649 4404 1049 4493 paenitentibus,
1096 4410 1164 4493 et
1191 4403 1243 4457 in
1261 4403 1493 4493 gratiam
1552 4403 1649 4459 Dei
1696 4404 1875 4493 redire
1927 4420 2034 4462 vo-
2063 4428 2117 4493 Ι)
2153 4413 2283 4467 tium
2307 4417 2360 4467 et
2396 4410 2551 4467 dulce
2578 4410 2686 4465 oris
2728 4408 2989 4477 Oseulum,
3040 4410 3132 4465 ubi
3162 4410 3301 4467 felici
3357 4413 3555 4471 animae
3602 4433 3748 4489 prae-

442 4492 694 4548 lentibus.
736 4492 906 4547 Pedes
948 4490 1166 4547 Domini
1241 4491 1436 4560 quibus
1492 4492 1765 4547 osculandi
1809 4495 2043 4549 recensi.

441 4588 625 4646 lianda
660 4596 785 4643 sunt
846 4587 1213 4643 misericordia
1276 4595 1331 4641 et
1369 4587 1654 4657 judicium,
1714 4603 1835 4658 quae
1904 4589 2046 4644 incu-

444 4689 580 4745 tiunt
606 4685 812 4742 homini
841 4700 994 4756 spem
1025 4692 1079 4738 et
1125 4685 1395 4753 timorem,
1429 4700 1495 4740 ne
1542 4686 1628 4741 vel
1668 4687 2042 4756 pmnitentiam

446 4786 690 4858 negligat
715 4796 814 4853 per
852 4781 1349 4852 praesumptionem,
1406 4781 1578 4837 solam
1626 4782 1907 4841 attendens
1950 4784 2045 4838 mi-

443 4873 813 4940 sericordiam,
838 4870 1133 4927 secundum
1165 4870 1332 4925 illud:
1370 4893 1395 4919 α
1429 4870 1795 4926 Misericordia
1825 4872 2042 4927 Domini

446 4974 606 5045 plena
633 4980 713 5027 est
735 4978 873 5026 terra
908 4970 1085 5041 (Psal.
1134 4972 1322 5039 χχχιι)
1356 4984 1370 5039 ;
1410 4993 1432 5017 ι»
1468 4976 1519 5025 et
1553 4989 1564 5024 :
1595 4993 1618 5018 α
1675 4971 2041 5027 Miserationes

446 5071 564 5141 ejus
596 5084 758 5140 super
794 5067 978 5124 omnia
1038 5080 1204 5136 Opera
1260 5064 1376 5135 ejus
1410 5066 1584 5136 (Psal.
1635 5066 1838 5138 cxuv),
1885 5090 1907 5113 ι»
1951 5066 2037 5122 vel

444 5166 746 5221 indurescat
785 5165 839 5219 in
880 5164 1329 5236 desperationem,
1374 5163 1542 5219 solam
1591 5180 1821 5234 pensans
1868 5163 2036 5234 justi-

447 5260 906 5327 tiam,secundum
939 5258 1069 5313 illud
1099 5278 1110 5314 :
1142 5282 1163 5307 ιι
1200 5257 1333 5326 Quis
1388 5259 1539 5314 novit
1566 5266 1883 5330 potestatem
1941 5260 2035 5315 ira:

444 5359 569 5414 tute,
620 5356 669 5404 et
702 5364 812 5419 prae
870 5348 1058 5403 timore
1107 5356 1218 5414 tuo,
1271 5349 1404 5403 iram
1444 5354 1588 5402 tuam
1640 5348 2033 5404 dinumerare?

440 5438 622 5510 (Psal.
661 5438 916 5505 1.xxx1x.)
941 5459 962 5483 ι
998 5435 1103 5491 Sed
1139 5443 1420 5506 utrumque
1447 5434 1644 5505 pedem
1698 5436 2035 5491 deosculetur

442 5537 627 5592 dicens
655 5552 776 5590 cum
810 5535 1105 5607 prepheta:
1141 5558 1162 5581 α
1197 5533 1619 5589 Misericordiam
1659 5542 1711 5589 et
1762 5532 2028 5603 judicium

440 5632 671 5690 cantabo
695 5632 809 5701 tibi,
844 5631 1074 5687 Domine
1103 5631 1276 5697 (Ps-al.
1306 5631 1380 5699 c),
1421 5654 1444 5678 ιι
1479 5637 1532 5684 et
1563 5652 1586 5678 ιι
1623 5630 1896 5686 Universa
1925 5629 2029 5685 vim

438 5722 659 5783 Domini
697 5718 1064 5777 misericordia
1116 5725 1169 5774 et
1189 5718 1385 5776 veritas
1438 5718 1613 5790 (Psal.
1645 5718 1826 5788 xxiv).
1860 5738 1884 5767 ιι
1946 5718 2026 5773 De

2150 4515 2316 4563 statur
2339 4506 2579 4578 jucunda
2606 4504 2804 4561 divina;
2862 4502 3019 4561 faciei
3065 4506 3467 4580 contemplatio.
3527 4508 3610 4568 De
3635 4529 3748 4584 qua

2151 4596 2387 4651 dicitur:
2427 4618 2448 4644 σε
2484 4593 2766 4651 Osculetur
2821 4604 2907 4649 me
2925 4593 3110 4650 osculo
3166 4595 3273 4651 oris
3301 4597 3403 4652 sui.
3440 4620 3463 4647 υ
3525 4592 3603 4656 Os
3640 4596 3745 4658 Dei

2151 4691 2233 4740 est
2278 4682 2535 4748 Verbum,
2594 4682 2694 4738 Dei
2750 4676 2938 4738 Filius.
3002 4683 3155 4740 Unde
3200 4688 3466 4756 propheta
3521 4703 3535 4742 :
3601 4712 3624 4737 α
3667 4681 3749 4748 Os

2152 4774 2269 4844 ejus
2326 4771 2396 4827 ad
2453 4770 2784 4827 iracundiam
2815 4771 3233 4841 provocavimus
3280 4770 3603 4847 (Thren.1),
3639 4797 3664 4830 ι
3691 4779 3747 4834 in

2150 4884 2257 4939 quo
2278 4868 2462 4925 omnia
2515 4868 2737 4934 creavit,
2792 4868 2931 4923 sicut
2982 4864 3176 4925 dicitur
3221 4886 3236 4927 :
3295 4893 3318 4921 «
3351 4871 3473 4944 Ipse
3526 4874 3665 4931 dixit
3692 4885 3749 4933 et

2152 4959 2291 5013 facta
2332 4964 2453 5012 sunt
2481 4956 2652 5026 (Pral.
2706 4970 2929 5027 cxnvm)
2962 4979 2986 5006 ι
3020 4966 3074 5013 et
3104 4974 3118 5012 :
3156 4981 3177 5009 α
3205 4957 3390 5015 Semel
3427 4961 3634 5018 locutus
3661 4972 3748 5020 est

2148 5054 2291 5109 Deus
2317 5054 2493 5123 (Psal.
2525 5052 2678 5121 ut):
2715 5075 2737 5101 »
2771 5054 2862 5124 qui
2890 5061 2943 5108 et
2971 5053 3351 5111 nobislocutus
3393 5065 3490 5127 est,
3523 5059 3742 5130 quando

2148 5150 2353 5221 paterni
2409 5148 2587 5204 cordis
2637 5165 2831 5204 arcana
2896 5150 3121 5221 aperuit.
3171 5153 3235 5206 In
3279 5154 3531 5210 humanis
3576 5156 3742 5213 rebus

2144 5239 2282 5293 adeo
2315 5238 2460 5293 nulla
2488 5254 2573 5293 res
2602 5237 2772 5292 dulcis
2799 5245 2878 5293 est
2906 5245 2965 5292 ut
2989 5254 3147 5294 amor
3170 5239 3310 5296 inter
3335 5256 3629 5314 spponsum
3684 5254 3741 5302 et

2142 5342 2417 5396 sponsam,
2466 5325 2593 5395 quia
2648 5333 2869 5397 propter
2912 5328 3054 5382 hunc
3086 5326 3217 5383 'duo-
3263 5324 3555 5388 uaa'caro
3609 5332 3743 5388 efﬁ-

2141 5424 2369 5479 ciuntur.
2420 5422 2679 5478 Similiter
2731 5422 2878 5478 nulla
2920 5423 3231 5493 conjuncti‘o
3258 5425 3573 5499 intelligitur
3623 5435 3741 5487 tam

2139 5520 2397 5585 districta,
2429 5526 2482 5574 et
2528 5520 2606 5576 sic
2663 5519 2936 5590 proxima,
2990 5521 3291 5592 utspiritue
3342 5525 3507 5580 θύσειε
3535 5534 3591 5581 et
3639 5527 3733 5582 ιη-

2137 5618 2321 5685 creati,
2373 5618 2500 5687 quia
2550 5617 2626 5673 ibi
2674 5616 2742 5673 de
2769 5617 2983 5673 duobus
3022 5634 3160 5674 unus
3200 5620 3418 5692 spiritus
3464 5622 3719 5681 eﬁcittn'.

2135 5716 2347 5790 Sponsa
2400 5715 2579 5787 itaque
2637 5728 2821 5773 amem
2875 5716 3159 5789 languens,
3215 5732 3473 5791 sponsum
3539 5721 3728 5783 sitiens
