4062 6074
277 307 380 360 8‘77

1210 261 1810 366 DEI’LORATIONES"
1834 309 1929 368 SS.
1973 311 2269 370 PATRUM.
2304 343 2370 355 —
2409 315 2536 370 LlB.
2583 316 2627 370 Ι.

3475 317 3578 369 878

277 427 624 484 dilectionem
678 441 785 482 non
839 428 1148 499 sustinens,
1208 447 1317 486 non
1373 432 1714 502 imperative,
1773 435 1865 490 sed
1895 444 1947 502 Α
1981 436 3576 510 naripraevaleat,etexistasapientiagustansdulcedinem

270 515 450 572 votive
475 522 528 571 et
560 515 811 571 aestuanti
845 515 1116 574 desiderio
1148 527 1394 589 exoptat.
1436 521 1591 576 Unde
1620 529 1672 576 et
1703 521 1864 578 dicit:

271 627 291 652 α
333 604 629 661 Osculetur
671 621 761 660 me
806 605 998 661 osculo
1055 607 1168 662 oris
1226 609 1333 664 sui.
1373 629 1395 658 ι
1430 609 1550 664 Duo
1580 618 1702 664 sunt
1728 611 1869 666 labia

267 717 528 772 sponsae:
570 701 771 756 labium
817 702 1042 757 inferius
1109 706 1377 771 voluntas,
1431 724 1551 776 quae
1595 708 1869 778 appetitus

266 791 500 858 dicitur;
564 798 618 846 et
679 791 1136 858 consensualitas,
1193 811 1353 865 quam
1401 795 1665 851 habemus
1712 813 1868 851 com-

261 896 482 935 munem
511 895 636 935 cum
668 878 1014 934 animalibus.
1049 881 1277 937 Labium
1309 883 1561 953 superius
1593 892 1676 939 est
1705 887 1865 940 ratio.

263 970 491 1034 lterum,
536 969 643 1023 duo
703 976 829 1022 sunt
879 967 1022 1023 labia
1080 971 1330 1042 Sponsi:
1392 971 1596 1027 labium
1647 972 1869 1030 inferius

259 1065 635 1137 intelligentia,
667 1065 886 1135 quando
910 1065 1113 1121 labium
1134 1068 1481 1139 conjungitur
1504 1070 1788 1137 voluntati,
1813 1075 1871 1126 ut

262 1153 536 1226 intelligat
565 1155 784 1226 quidem
815 1154 987 1210 libere
1019 1155 1159 1211 velle
1191 1165 1244 1211 et
1273 1166 1559 1228 appetere,
1595 1165 1647 1213 et
1679 1158 1864 1214 dicat:

265 1243 421 1298 Prius
464 1243 746 1313 cupiebam
801 1243 1067 1311 carnalia,
1120 1261 1266 1300 nunc
1307 1261 1442 1302 vero
1489 1268 1510 1293 ε
1559 1247 1870 1318 concupivit

264 1341 444 1397 anima
474 1357 598 1396 mea
631 1341 946 1398 desiderare
997 1342 1410 1411 justiﬁcationes
1466 1354 1581 1401 tuas
1623 1345 1679 1400 in
1720 1346 1868 1402 omni

261 1437 508 1502 tempore
538 1431 716 1500 (Psal.
757 1429 971 1503 cxvm).
1011 1431 1279 1502 Superius
1322 1433 1525 1488 labium
1556 1433 1755 1506 Sponsi
1785 1448 1869 1496 est

259 1527 546 1598 sapientia,
578 1543 742 1598 quam
805 1528 979 1600 tangit
1038 1528 1176 1584 ratio
1207 1537 1265 1584 ut
1294 1529 1430 1585 nihil
1462 1532 1866 1602 praeterDeum

261 1616 463 1688 sapiat,
513 1616 704 1689 sicque
753 1633 872 1673 suae
919 1617 1261 1673 sensualitati
1315 1635 1558 1690 praeesse
1603 1627 1655 1676 et
1685 1619 1866 1676 domi-

1320 2024 1956 2120 DOMINICA

1978 527 2077 580 Dei
2110 540 2233 582 cum
2265 530 2531 598 propheta
2587 527 2713 582 dicit
2748 548 2765 594 ,-
2801 550 2822 574 α
2860 527 3091 582 Gustate
3122 534 3175 581 et
3199 525 3379 582 videte
3437 541 3580 598 quo-

1977 615 2123 669 niam
2153 616 2345 670 suavis
2375 625 2461 671 est
2493 617 2755 670 Dominus
2797 617 3192 686 (Psal.xxxnt).
3231 639 3250 662 η
3286 614 3576 685 Reliquum

1976 712 2060 759 est
2089 705 2276 759 videre
2308 705 2504 775 quibus
2535 705 2790 775 personis
2837 705 2890 758 in
2935 704 3184 760 Ecclesia
3236 704 3323 759 vel
3367 703 3576 758 meritis

1977 803 2031 856 in
2059 803 2242 857 anima
2271 803 2386 858 haec
2417 802 2634 874 singula
2662 802 2850 858 oscula
2879 801 3221 857 conveniant.
3252 802 3575 858 Provolutus

1977 901 2061 947 est
2089 892 2153 946 ad
2189 891 2358 962 pedes
2396 891 2517 956 Job,
2569 891 2766 948 radens
2805 891 3014 945 saniem
3047 898 3206 958 testa,
3241 890 3302 944 id
3325 898 3409 945 est
3443 906 3572 946 cor-

1976 981 2288 1050 ruptionem
2342 979 2552 1050 peccati
2611 979 2747 1034 dura
2805 979 3149 1049 poenitentia.
3195 978 3455 1034 Osculum
3504 979 3572 1050 ad

1977 1093 2171 1132 manus
2229 1077 2536 1147 suscipiens
2590 1084 2677 1131 est
2734 1077 2950 1142 Esther,
3011 1076 3100 1132 cui
3154 1077 3221 1130 ad
3252 1093 3441 1147 regem
3484 1075 3572 1130 in-

1976 1165 2210 1221 troeunti
2257 1180 2426 1220 aurea
2478 1165 2653 1235 virga,
2715 1165 2769 1219 id
2829 1173 2911 1220 est
2959 1165 3147 1219 divina
3194 1164 3485 1220 clementia
3517 1171 3570 1219 et

1975 1254 2234 1309 virtutum
2308 1253 2580 1324 promotio
2637 1251 2708 1306 de
2762 1268 2924 1306 manu
2992 1250 3226 1308 beneﬁci
3291 1251 3570 1322 largitoris

1976 1341 2304 1414 porrigitur.
2338 1341 2664 1412 Pertingens
2695 1339 2766 1395 ad
2795 1341 3044 1396 osculum
3074 1341 3188 1396 oris
3219 1345 3302 1396 est
3331 1342 3565 1411 Moyses,

1977 1431 2068 1503 qui
2095 1433 2148 1484 in
2180 1437 2363 1485 monte
2393 1445 2517 1485 cum
2577 1429 2818 1485 Domino
2873 1437 3262 1494 commoratur,
3295 1436 3347 1484 et
3374 1443 3468 1482 ore
3498 1427 3569 1482 ad

1974 1544 2038 1584 os
2067 1527 2336 1599 loquitur,
2400 1527 2486 1582 vel
2545 1525 2738 1591 Maria,
2792 1543 2915 1598 quae
2967 1527 3190 1583 verbum
3222 1542 3283 1582 ex
3317 1541 3412 1581 ore
3439 1525 3569 1579 Jesu

1975 1633 2110 1674 aure
2140 1617 2347 1673 intenta
2371 1615 2559 1671 audire
2589 1615 2810 1686 expetit.

2062 2021 2592 2114 TERTIA.

1572 2221 1966 2287 Secundum
2009 2222 2275 2286 Lucam.

339 2452 362 2477 α
396 2430 526 2485 Erat
561 2429 722 2486 Iesus
779 2430 1009 2500 ejiciens
1059 2431 1412 2499 daemonium,
1477 2440 1530 2489 et
1579 2439 1698 2488 erat
1729 2433 1862 2490 illud
1891 2439 1944 2498 B
1976 2434 2089 2490 eis.
2136 2458 2158 2482 ιι
2193 2433 2370 2490 Omne
2419 2447 2653 2505 regnum
2710 2431 2766 2486 in
2822 2431 3062 2503 seipsum
3119 2431 3357 2489 divisum
3398 2432 3566 2490 deso-

271 2527 504 2574 mutum.
545 2520 764 2575 Etcum
812 2520 1067 2589 ejecisset
1124 2521 1479 2590 daemonium,
1540 2522 1752 2578 locutus
1782 2531 1867 2578 est

265 2618 469 2675 mutus,
494 2616 548 2664 et
576 2608 854 2664 admiratae
900 2618 1027 2664 sunt
1087 2611 1258 2665 turbae
1287 2611 1535 2666 dicentes
1561 2627 1572 2666 :
1607 2611 1865 2683 Nunquid

261 2699 509 2770 apparuit
541 2697 620 2753 sic
673 2698 725 2752 in
773 2699 961 2753 Israel.
1021 2700 1277 2771 Nunquid
1330 2700 1431 2754 iste
1475 2708 1558 2754 est
1587 2699 1727 2754 ﬁlius
1757 2702 1865 2755 Da-

263 2797 374 2862 vid,
405 2804 510 2851 etc.
545 2796 716 2866 (Luc.
756 2797 832 2866 χι)
865 2799 885 2848 ἲ
917 2821 936 2843 η
991 2797 1074 2851 Ac
1118 2797 1164 2851 si
1205 2797 1390 2852 dicant
1422 2798 1593 2853 turbae
1623 2796 1814 2853 ﬁdeles
1849 2816 1862 2853 :

264 2884 389 2939 Non
448 2892 649 2938 tantum
706 2894 792 2942 est
844 2883 987 2940 ﬁlius
1044 2885 1218 2940 David
1261 2886 1387 2953 iste,
1450 2886 1547 2941 sed
1578 2887 1738 2941 etiam
1770 2887 1866 2940 Fi-

262 2973 369 3028 lius
426 2973 555 3028 Dei.
621 2976 682 3028 In
740 2974 932 3030 Graeco
987 2975 1182 3030 melius
1238 2983 1396 3030 sonat
1421 2974 1656 3045 fsurdum
1702 2991 1865 3046 quam

268 3072 510 3127 mutum;
569 3063 665 3118 sed
737 3063 1024 3131 Scriptura
1097 3063 1333 3118 alterum
1390 3063 1584 3134 accipit
1640 3063 1866 3120 indiffe-

261 3169 449 3216 renter
477 3177 578 3233 pro
607 3160 792 3216 altero.
835 3161 1090 3232 Egressis
1120 3169 1319 3225 autem,
1358 3160 1625 3216 subaudis
1658 3163 1727 3217 de
1759 3162 1870 3219 hoc

264 3250 485 3317 saeculo,
544 3250 856 3306 obtulerunt
911 3249 1144 3306 Domino
1199 3249 1590 3321 praedicatores
1635 3259 1863 3320 mutum,

265 3339 475 3394 scilicet
506 3338 766 3410 populum
814 3347 1042 3404 mutum,
1106 3339 1197 3410 qui
1256 3339 1390 3394 nihil
1423 3339 1602 3396 adhuc
1631 3348 1750 3394 erat
1780 3340 1866 3395 lo-

263 3438 426 3484 cutus
457 3429 524 3483 de
555 3427 734 3499 gloria
766 3427 884 3494 Dei,
919 3427 1066 3499 quod
1094 3444 1204 3482 non
1233 3429 1504 3484 habuerat
1536 3429 1866 3499 praedicato-

263 3544 374 3583 res.
409 3527 508 3583 Hic
535 3526 771 3598 populus
827 3526 1146 3599 intelligitur
1202 3527 1369 3582 fuisse
1427 3527 1498 3582 de
1557 3527 1866 3599 gentibus:

267 3617 413 3673 unde
443 3625 496 3672 et
525 3617 773 3688 sequitur
827 3615 1112 3670 admiratio
1170 3615 1450 3669 turbarum
1499 3615 1571 3671 de
1613 3615 1747 3686 ipsis
1778 3615 1869 3670 di-

266 3706 519 3764 centibus
569 3720 850 3778 nunquam
909 3703 992 3760 sic
1047 3704 1368 3776 apparuisse
1401 3704 1451 3758 in
1476 3704 1668 3771 Israel,
1711 3705 1866 3760 scili-

1973 2523 2193 2590 labitur,
2229 2531 2282 2578 et
2311 2522 2508 2577 domus
2551 2520 2725 2577 divisa
2768 2521 3046 2576 adversus
3077 2537 3137 2576 se
3169 2536 3279 2577 non
3306 2521 3498 2578 stabit.
3541 2545 3565 2572 ι

1972 2613 2054 2666 Ad
2085 2611 2454 2683 cogitationes
2512 2610 2914 2665 Pharisaeorum
2971 2609 3260 2681 respondit
3288 2618 3345 2664 ut
3374 2610 3460 2665 vel
3486 2610 3568 2667 sic

1972 2700 2434 2772 compellerentur
2473 2699 2725 2756 credere.
2771 2699 2932 2753 Juxta
2962 2697 3200 2754 litteram
3241 2705 3390 2768 patet
3421 2699 3567 2770 quod

1973 2814 2134 2854 omne
2189 2813 2429 2870 regnum
2488 2796 2721 2851 solidum
2779 2803 2832 2850 et
2877 2793 3111 2861 ﬁrmum,
3159 2795 3204 2849 si
3251 2811 3348 2866 per
3389 2804 3568 2866 partes

1973 2887 2252 2955 dividitur,
2305 2902 2427 2942 cum
2470 2885 2561 2940 alii
2597 2886 2668 2940 ab
2695 2885 2817 2940 aliis
2859 2885 2945 2938 vel
2995 2884 3295 2954 puniuntur
3324 2883 3407 2939 vel
3439 2899 3570 2954 per-

1973 2977 2234 3044 imuntur,
2293 2975 2348 3028 in
2406 2973 2758 3029 solitudinem
2810 2973 3093 3044 redigitur,
3154 2980 3440 3028 vacuatum
3496 2972 3568 3026 ab

1972 3074 2392 3130 habitatoribus.
2435 3073 2645 3129 Cadere
2675 3087 2892 3143 quoque
2941 3070 3082 3125 ratio
3113 3078 3196 3125 est
3225 3071 3420 3126 domus
3446 3069 3567 3125 sive

1974 3164 2184 3221 civitas.
2224 3162 2383 3231 Quod
2441 3162 2724 3216 Matthaeus
2786 3159 2957 3230 ponit.
2993 3159 3293 3214 Concordia
3322 3173 3570 3229 namque

1971 3269 2156 3322 parvae
2187 3268 2282 3307 res
2312 3257 2591 3316 crescunt;
2625 3249 2900 3303 discordia
2943 3247 3177 3303 maxime
3224 3247 3562 3302 dilabuntur.

1972 3341 2091 3411 Quo
2122 3349 2310 3396 autem
2340 3341 2456 3395 haec
2505 3337 2859 3408 spiritualiter
2903 3336 3270 3403 attenduntur,
3305 3335 3562 3407 exponit.

2046 3461 2068 3488 σ
2105 3440 2160 3495 Si
2203 3447 2383 3494 autem
2417 3443 2471 3492 et
2499 3437 2726 3492 Satanas
2782 3435 2838 3490 in
2896 3435 3141 3506 seipsum
3196 3433 3404 3489 divisus
3459 3442 3565 3500 est,

1973 3529 2248 3602 quomodo
2287 3527 2454 3583 stabit
2483 3541 2710 3598 regnum
2741 3524 2937 3596 ipsius.
2982 3547 3004 3571 ιι
3038 3523 3160 3578 Non
3191 3531 3371 3594 potest
3400 3531 3570 3591 stare,

1974 3627 2070 3682 sed
2101 3626 2263 3682 tinem
2295 3625 2478 3690 habet,
2511 3622 2639 3695 quia
2688 3620 2864 3676 dicitis
2915 3621 2968 3674 in
3021 3619 3325 3676 Beelzebub
3372 3620 3574 3690 ejicere

1973 3731 2061 3770 me
2082 3712 2376 3768 daemonia.
2429 3710 2652 3781 Eligant
2691 3708 2837 3780 quod
2888 3706 3079 3763 velint.
3118 3707 3175 3763 Si
3203 3707 3437 3763 Satanas
3468 3707 3571 3762 Sa-

262 3813 351 3863 cet
382 3813 437 3860 ut
465 3812 543 3860 tot
581 3803 708 3859 inde
766 3802 928 3858 simul
988 3810 1445 3858 converterentur
1478 3802 1546 3857 ad
1594 3802 1864 3858 Christia-
1895 3800 1944 3862 C.
1974 3821 2166 3868 tanam
2200 3826 2310 3867 non
2337 3815 2517 3880 potest
2561 3806 2786 3879 ejicere,
2838 3804 2973 3860 nihil
3029 3813 3222 3861 contra
3268 3806 3570 3860 Dominum

262 3895 522 3952 nismum.

339 4022 360 4046 «-
395 3997 655 4055 Pharisaei
700 4003 882 4052 autem
925 3993 1177 4049 dicebant
1211 4011 1222 4046 :
1259 3993 1317 4046 In
1360 3992 1671 4048 Beelzebub
1701 3992 1862 4064 prin-

263 4087 386 4158 cipe
404 4087 799 4142 daemoniorum
835 4084 920 4139 hic
957 4081 1106 4152 ejicit
1136 4082 1434 4137 daemones.
1473 4104 1494 4128 »
1528 4081 1723 4136 Turbis
1754 4081 1860 4136 mi-

259 4191 362 4230 nus
411 4175 636 4231 eruditis
691 4174 834 4230 facta
889 4170 1108 4228 Domini
1164 4170 1509 4236 mirantibus,
1555 4169 1758 4225 Scriba!
1811 4177 1866 4226 et

261 4265 518 4319 Pharisaei
549 4264 773 4319 sinistra
818 4259 1261 4332 interpretatione
1312 4259 1380 4314 de
1430 4257 1590 4313 factis
1643 4257 1866 4312 Domini

261 4354 588 4409 laborabant
643 4351 998 4408 attribuentes
1053 4348 1312 4404 miracula
1361 4347 1475 4416 ejus
1566 4346 1869 4401 Beelzebub

267 4453 415 4525 quod
442 4453 578 4508 deus
633 4460 748 4507 erat
803 4455 1079 4508 Accaron.
1148 4446 1274 4502 Beel
1305 4445 1423 4517 ipse
1453 4449 1537 4500 est
1567 4443 1720 4500 Baal.
1755 4447 1860 4500 Ze-

269 4542 378 4597 bub
430 4549 612 4597 autem
661 4555 856 4596 musca
901 4546 1146 4595 vocatur.
1213 4536 1343 4591 Haec
1392 4535 1545 4603 juxta
1603 4534 1860 4606 quaedam

266 4631 534 4687 mendosa
588 4629 932 4702 exemplaria,
998 4630 1036 4695 ι,
1094 4627 1293 4691 littera,
1353 4623 1439 4680 vel
1487 4623 1522 4678 d
1563 4621 1618 4676 in
1646 4622 1749 4678 ﬁne
1780 4639 1864 4698 est

266 4731 504 4787 nominis
533 4731 790 4804 legenda.
823 4731 929 4786 Sed
977 4729 1031 4797 b,
1083 4726 1226 4794 beel,
1271 4724 1464 4793 zebub,
1499 4731 1588 4779 aut
1619 4724 1702 4778 vir
1728 4739 1861 4778 mu-

269 4837 519 4883 scarum,
555 4823 674 4876 sive
706 4820 916 4876 habens
949 4833 1171 4874 muscas
1200 4817 1604 4885 interpretatur,
1635 4813 1705 4867 ob
1735 4827 1860 4866 sor-

266 4910 367 4965 des
424 4909 678 4966 videlicet
733 4907 1058 4964 immolatitii
1106 4904 1338 4969 cruoris,
1389 4919 1453 4958 ex
1501 4901 1660 4970 cujus
1707 4917 1860 4971 spur-

264 5005 492 5064 cissimo
520 5006 627 5062 ritu
657 5006 739 5062 vel
772 5005 992 5061 nomine
1021 5002 1317 5074 principem
1347 4997 1738 5053 daemoniorum
1771 5011 1857 5051 co-

265 5096 679 5169 gnominabant.
723 5096 860 5150 Nota
920 5095 1067 5166 quod
1124 5092 1316 5156 Ninus,
1349 5105 1452 5144 rex
1489 5085 1741 5141 conditor
1768 5085 1861 5138 Ni-

1973 3902 2175 3958 dicunt.
2229 3899 2285 3955 Si
2327 3906 2510 3953 autem
2570 3902 2771 3966 potest,
2832 3894 3091 3950 recedant
3139 3909 3172 3948 a
3223 3909 3399 3966 regno
3429 3894 3570 3964 ejus,

1971 3989 2115 4062 quod
2173 3986 2410 4043 divisum
2467 3992 2612 4040 stare
2664 3998 2776 4038 non
2830 3989 3012 4053 potest
3053 3998 3122 4037 ne
3158 3981 3214 4036 in
3261 3983 3417 4038 ruina
3455 3982 3572 4050 ejus

1971 4087 2180 4159 pariter
2233 4083 2596 4140 involvantur.
2633 4104 2654 4127 «ι
2690 4079 2750 4135 Si
2805 4087 2986 4134 autem
3016 4095 3121 4150 ego
3153 4079 3209 4133 in
3259 4078 3566 4134 Beelzebub

1974 4175 2131 4244 ejicio
2179 4171 2470 4238 daemonia,
2513 4168 2606 4223 ﬁlii
2652 4168 2821 4224 vestri
2865 4168 2920 4222 in
2967 4183 3077 4238 quo
3124 4166 3404 4236 ejiciunt?
3435 4167 3568 4222 Ideo

1972 4264 2076 4336 ipsi
2119 4263 2341 4334 judices
2384 4257 2549 4315 vestri
2597 4264 2777 4312 erunt.
2836 4279 2858 4305 ιι
2907 4255 3074 4312 Filios
3130 4257 3439 4312 Iudaeorum
3483 4254 3568 4312 vel

1972 4352 2272 4410 exorcistas
2301 4348 2488 4422 gentis
2517 4347 2664 4401 illius
2693 4343 3034 4418 signiﬁcant,
3070 4345 3159 4401 vel
3187 4345 3466 4416 apostolos
3496 4361 3568 4400 ex

1972 4457 2164 4498 eorum
2211 4439 2380 4509 stirpe
2427 4443 2736 4510 generatos.
2785 4433 2952 4502 Quasi
2992 4432 3180 4490 dicat:
3230 4434 3286 4488 Si
3337 4433 3394 4488 in
3440 4433 3567 4488 ﬁliis

1971 4538 2172 4595 vestris
2195 4535 2571 4608 expulsionem
2593 4533 2911 4588 daemonum
2931 4531 3045 4586 Deo
3058 4530 3371 4599 attribuitis,
3395 4547 3566 4602 quare

1972 4628 2026 4684 in
2055 4643 2144 4683 me
2173 4641 2284 4682 non
2311 4625 2456 4680 idem
2481 4622 2697 4678 facitis?
2725 4619 2991 4692 Apostoli,
3027 4621 3119 4692 qui
3149 4629 3272 4676 sunt
3301 4619 3567 4693 ignobilia

1973 4725 2026 4773 et
2079 4713 2504 4783 contemptibilia
2566 4711 2726 4780 hujus
2796 4709 3008 4776 mundi,
3066 4708 3124 4763 in
3179 4708 3377 4781 quibus
3453 4724 3565 4764 non

1973 4815 2308 4886 malignitas,
2353 4811 2450 4866 sed
2509 4825 2644 4863 meae
2697 4807 2913 4863 virtutis
2958 4806 3275 4878 simplicitas
3312 4813 3564 4876 apparet,

1970 4907 2140 4961 testes
2179 4900 2286 4956 mei
2331 4905 2509 4962 erunt,
2552 4894 2696 4968 quod
2726 4895 2779 4949 in
2812 4893 3011 4966 Spiritu
3039 4903 3228 4949 sancto
3258 4893 3415 4962 ejicio
3445 4894 3561 4950 dae-

1968 5000 2176 5058 monia.
2233 4998 2298 5051 Et
2338 5000 2497 5049 erunt
2542 4991 2712 5048 vestri
2761 4990 2977 5059 judices
3007 4990 3074 5046 de
3105 4991 3210 5045 hoc
3239 4989 3384 5060 quod
3433 4989 3564 5044 mihi

1969 5087 2245 5160 imponitis
2301 5101 2401 5155 per
2443 5080 2744 5136 Beelzebub
2803 5079 3044 5149 operari.
3105 5078 3203 5134 Vel
3252 5079 3560 5148 exorcistaa,

263 5165 419 5241 nives
453 5185 579 5240 Belo
608 5184 750 5256 patri
780 5165 1003 5239 statuam
1033 5178 1396 5243 consecravit,
1447 5176 1607 5248 eique
1637 5174 1858 5229 divinos
1888 5165 1940 5223 D
1971 5178 2065 5251 qui
2096 5175 2190 5231 ﬁlii
2220 5173 2387 5229 vestri
2435 5178 2562 5225 sunt
2609 5177 2662 5222 et
2705 5168 2984 5222 daemones
3041 5167 3229 5239 fugant
3263 5168 3334 5222 ab
3363 5168 3560 5223 obses-

266 5282 504 5338 honores
553 5281 860 5338 constituit.
916 5281 1078 5350 Cujus
1121 5275 1406 5334 simulacri
1445 5271 1856 5329 similitudinem

265 5371 505 5427 Chaldaei
526 5371 911 5443 suscipientes,
958 5370 1046 5426 Bel
1079 5368 1364 5426 vocabant.
1405 5364 1537 5420 inde
1575 5359 1855 5417 Palaestini

263 5461 649 5532 suscipientes,
671 5461 799 5516 Baal
815 5460 1085 5516 dicebant.
1110 5457 1356 5513 Moabitae
1376 5453 1736 5524 Beelphegor,
1763 5451 1857 5504 Ju-

267 5549 372 5605 daei
399 5558 599 5618 autem,
633 5552 791 5607 unius
822 5549 921 5605 Dei
967 5549 1204 5604 cultores
1251 5551 1491 5616 propter,
1522 5540 1855 5597 derisionem

260 5648 532 5720 gentium,
566 5648 873 5705 Beelzebub
907 5645 1274 5718 appellabant,
1325 5647 1638 5697 asserentes
1667 5637 1720 5692 in
1753 5638 1859 5692 hoc

268 5736 568 5794 simulacro
601 5737 898 5810 principem
931 5733 1319 5791 daemoniorum
1339 5729 1607 5785 habitare.

337 5848 361 5875 αι
416 5827 539 5899 Ipse
581 5835 759 5884 autem
801 5833 857 5882 ut
908 5824 1039 5882 vidit
1081 5820 1442 5897 cogitationes
1482 5832 1671 5874 eorum
1719 5814 1861 5870 dixit

1966 5268 2042 5321 sis
2064 5265 2279 5335 judices
2308 5259 2474 5316 vestri
2530 5264 2708 5318 erunt,
2761 5270 2869 5310 non
2929 5263 3197 5326 potestate
3241 5265 3296 5311 ut
3336 5257 3444 5312 mei
3473 5257 3560 5311 di-

1967 5363 2184 5432 scipuli,
2228 5359 2326 5414 sed
2385 5353 2829 5427 comparatione,
2880 5353 3008 5408 dum
3059 5353 3139 5408 illi
3179 5353 3560 5425 expulsionem

1966 5454 2274 5509 daemonum
2321 5446 2441 5502 Deo
2482 5443 2787 5515 assignant,
2835 5457 2934 5499 vos
2964 5441 3270 5498 Beelzebub
3314 5444 3560 5516 principe

1967 5538 2380 5597 daemoniorum.

2043 5652 2064 5677 ι
2103 5630 2290 5692 Porro,
2311 5625 2356 5680 si
2374 5624 2428 5678 in
2453 5621 2668 5694 dignito
2688 5620 2787 5677 Dei
2811 5619 2977 5691 ejicio
2994 5619 3280 5686 daemonia,
3314 5620 3559 5692 profecto

1967 5717 2218 5791 pervenit
2264 5714 2318 5768 in
2367 5728 2466 5769 vos
2514 5727 2750 5784 regnum
2806 5710 2933 5765 Dei.
2978 5733 3000 5759 ι»
3053 5709 3110 5764 Si
3138 5723 3244 5781 ego
3273 5709 3329 5762 in
3359 5708 3559 5781 Spiritu

1968 5808 2069 5866 Dei
2099 5805 2261 5877 ejicio
2311 5802 2608 5873 daemones,
2654 5814 2757 5856 nec
2804 5798 2966 5855 aliter
3007 5804 3241 5874 possunt
3267 5795 3360 5852 ﬁlii
3393 5795 3566 5854 vestri
