  <div class='ocr_page' id='page_1' title='image "/cluster/home/n/w/nwhite01/storage/ocr_20150623/157/hvd.32044054760152/445.png"; bbox 0 0 4010 6074; ppageno 0'>
   <div class='ocr_carea' id='block_1_1' title="bbox 476 301 579 356">
    <p class='ocr_par' dir='ltr' id='par_1_1' title="bbox 476 301 579 356">
     <span class='ocr_line' id='line_1_1' title="bbox 476 301 579 356; baseline 0 -1"><span class='ocrx_word' id='word_1_1' title='bbox 476 301 579 356; x_wconf 86' lang='grc'><strong>879</strong></span> 
     </span>
    </p>
   </div>
   <div class='ocr_carea' id='block_1_2' title="bbox 1608 291 2650 356">
    <p class='ocr_par' dir='ltr' id='par_1_2' title="bbox 1608 291 2650 356">
     <span class='ocr_line' id='line_1_2' title="bbox 1608 291 2650 356; baseline -0.006 0"><span class='ocrx_word' id='word_1_2' title='bbox 1608 295 1948 356; x_wconf 83' lang='lat' dir='ltr'><strong>WERNERI</strong></span> <span class='ocrx_word' id='word_1_3' title='bbox 1987 292 2274 354; x_wconf 75' lang='lat' dir='ltr'><strong>ABBATIS</strong></span> <span class='ocrx_word' id='word_1_4' title='bbox 2313 293 2372 349; x_wconf 92' lang='lat' dir='ltr'><strong>S.</strong></span> <span class='ocrx_word' id='word_1_5' title='bbox 2424 291 2650 351; x_wconf 80' lang='lat' dir='ltr'><strong>BLASII</strong></span> 
     </span>
    </p>
   </div>
   <div class='ocr_carea' id='block_1_3' title="bbox 3679 291 3778 343">
    <p class='ocr_par' dir='ltr' id='par_1_3' title="bbox 3679 291 3778 343">
     <span class='ocr_line' id='line_1_3' title="bbox 3679 291 3778 343; baseline -0.01 0"><span class='ocrx_word' id='word_1_6' title='bbox 3679 291 3778 343; x_wconf 81' lang='lat'><strong>880</strong></span> 
     </span>
    </p>
   </div>
   <div class='ocr_carea' id='block_1_4' title="bbox 429 417 3780 497">
    <p class='ocr_par' dir='ltr' id='par_1_4' title="bbox 429 417 3780 497">
     <span class='ocr_line' id='line_1_4' title="bbox 429 417 3780 497; baseline -0.002 -22"><span class='ocrx_word' id='word_1_7' title='bbox 429 479 432 484; x_wconf 63' lang='grc'><strong>,</strong></span> <span class='ocrx_word' id='word_1_8' title='bbox 480 420 710 490; x_wconf 80' lang='lat' dir='ltr'><strong>ejicere,</strong></span> <span class='ocrx_word' id='word_1_9' title='bbox 746 419 931 487; x_wconf 84' lang='lat' dir='ltr'><strong>procul</strong></span> <span class='ocrx_word' id='word_1_10' title='bbox 972 419 1150 477; x_wconf 76' lang='lat' dir='ltr'><strong>dubio</strong></span> <span class='ocrx_word' id='word_1_11' title='bbox 1183 424 1434 494; x_wconf 76' lang='lat' dir='ltr'><strong>pervenit</strong></span> <span class='ocrx_word' id='word_1_12' title='bbox 1464 423 1516 478; x_wconf 90' lang='lat' dir='ltr'><strong>in</strong></span> <span class='ocrx_word' id='word_1_13' title='bbox 1548 440 1649 480; x_wconf 88' lang='lat' dir='ltr'><strong>vos</strong></span> <span class='ocrx_word' id='word_1_14' title='bbox 1682 440 1911 497; x_wconf 78' lang='lat' dir='ltr'><strong>regnum</strong></span> <span class='ocrx_word' id='word_1_15' title='bbox 1946 421 2062 488; x_wconf 86' lang='lat' dir='ltr'><strong>Dei,</strong></span> <span class='ocrx_word' id='word_1_16' title='bbox 2096 422 2149 482; x_wconf 83' lang='grc' dir='ltr'>Α</span> <span class='ocrx_word' id='word_1_17' title='bbox 2179 420 2501 492; x_wconf 86' lang='lat' dir='ltr'><strong>gnitionem,</strong></span> <span class='ocrx_word' id='word_1_18' title='bbox 2535 436 2652 475; x_wconf 87' lang='lat' dir='ltr'><strong>eam</strong></span> <span class='ocrx_word' id='word_1_19' title='bbox 2683 417 3120 490; x_wconf 86' lang='lat' dir='ltr'><strong>deprehendens,</strong></span> <span class='ocrx_word' id='word_1_20' title='bbox 3153 425 3343 488; x_wconf 73' lang='lat' dir='ltr'><strong>postea</strong></span> <span class='ocrx_word' id='word_1_21' title='bbox 3371 417 3524 488; x_wconf 85' lang='lat' dir='ltr'><strong>ligat.</strong></span> <span class='ocrx_word' id='word_1_22' title='bbox 3559 418 3631 470; x_wconf 87' lang='lat' dir='ltr'><strong>ah</strong></span> <span class='ocrx_word' id='word_1_23' title='bbox 3661 432 3780 486; x_wconf 89' lang='lat' dir='ltr'><strong>ope-</strong></span> 
     </span>
    </p>
   </div>
   <div class='ocr_carea' id='block_1_5' title="bbox 481 507 2070 583">
    <p class='ocr_par' dir='ltr' id='par_1_5' title="bbox 481 507 2070 583">
     <span class='ocr_line' id='line_1_5' title="bbox 481 507 2070 583; baseline 0.001 -21"><span class='ocrx_word' id='word_1_24' title='bbox 481 524 588 580; x_wconf 92' lang='lat' dir='ltr'><strong>quo</strong></span> <span class='ocrx_word' id='word_1_25' title='bbox 619 507 952 563; x_wconf 86' lang='lat' dir='ltr'><strong>subvertitur</strong></span> <span class='ocrx_word' id='word_1_26' title='bbox 997 526 1228 580; x_wconf 82' lang='lat' dir='ltr'><strong>regnum</strong></span> <span class='ocrx_word' id='word_1_27' title='bbox 1275 512 1500 577; x_wconf 78' lang='lat' dir='ltr'><strong>diaboli,</strong></span> <span class='ocrx_word' id='word_1_28' title='bbox 1559 529 1682 568; x_wconf 91' lang='lat' dir='ltr'><strong>cum</strong></span> <span class='ocrx_word' id='word_1_29' title='bbox 1727 528 1836 583; x_wconf 92' lang='lat' dir='ltr'><strong>quo</strong></span> <span class='ocrx_word' id='word_1_30' title='bbox 1881 520 1933 566; x_wconf 92' lang='lat' dir='ltr'><strong>et</strong></span> <span class='ocrx_word' id='word_1_31' title='bbox 1972 526 2070 565; x_wconf 94' lang='lat' dir='ltr'><strong>vos</strong></span> 
     </span>
    </p>
   </div>
   <div class='ocr_carea' id='block_1_6' title="bbox 482 597 2072 673">
    <p class='ocr_par' dir='ltr' id='par_1_6' title="bbox 482 597 2072 673">
     <span class='ocr_line' id='line_1_6' title="bbox 482 597 2072 673; baseline 0.001 -22"><span class='ocrx_word' id='word_1_32' title='bbox 482 597 874 654; x_wconf 89' lang='lat' dir='ltr'><strong>subvertimini.</strong></span> <span class='ocrx_word' id='word_1_33' title='bbox 933 599 1180 670; x_wconf 84' lang='lat' dir='ltr'><strong>Regnum</strong></span> <span class='ocrx_word' id='word_1_34' title='bbox 1239 602 1336 656; x_wconf 85' lang='lat' dir='ltr'>Dei</span> <span class='ocrx_word' id='word_1_35' title='bbox 1365 609 1445 656; x_wconf 91' lang='lat' dir='ltr'><strong>est</strong></span> <span class='ocrx_word' id='word_1_36' title='bbox 1487 606 1731 672; x_wconf 87' lang='lat' dir='ltr'><strong>potestas</strong></span> <span class='ocrx_word' id='word_1_37' title='bbox 1755 617 1863 673; x_wconf 86' lang='lat' dir='ltr'><strong>qua</strong></span> <span class='ocrx_word' id='word_1_38' title='bbox 1891 599 2072 655; x_wconf 90' lang='lat' dir='ltr'><strong>domi-</strong></span> 
     </span>
    </p>
   </div>
   <div class='ocr_carea' id='block_1_7' title="bbox 483 685 2074 756">
    <p class='ocr_par' dir='ltr' id='par_1_7' title="bbox 483 685 2074 756">
     <span class='ocr_line' id='line_1_7' title="bbox 483 685 2074 756; baseline 0.001 -16"><span class='ocrx_word' id='word_1_39' title='bbox 483 694 681 740; x_wconf 87' lang='lat' dir='ltr'><strong>nantur</strong></span> <span class='ocrx_word' id='word_1_40' title='bbox 736 685 886 756; x_wconf 86' lang='lat' dir='ltr'><strong>impii</strong></span> <span class='ocrx_word' id='word_1_41' title='bbox 917 696 969 742; x_wconf 92' lang='lat' dir='ltr'><strong>et</strong></span> <span class='ocrx_word' id='word_1_42' title='bbox 998 703 1030 741; x_wconf 93' lang='lat' dir='ltr'><strong>a</strong></span> <span class='ocrx_word' id='word_1_43' title='bbox 1074 687 1325 743; x_wconf 87' lang='lat' dir='ltr'><strong>ﬁdelibus</strong></span> <span class='ocrx_word' id='word_1_44' title='bbox 1384 697 1768 745; x_wconf 80' lang='lat' dir='ltr'><strong>secernuntur.</strong></span> <span class='ocrx_word' id='word_1_45' title='bbox 1823 689 1916 743; x_wconf 78' lang='lat' dir='ltr'><strong>Vel</strong></span> <span class='ocrx_word' id='word_1_46' title='bbox 1955 689 2025 742; x_wconf 90' lang='lat' dir='ltr'><strong>ita</strong></span> <span class='ocrx_word' id='word_1_47' title='bbox 2061 701 2074 736; x_wconf 90' lang='lat'>:</span> 
     </span>
    </p>
   </div>
   <div class='ocr_carea' id='block_1_8' title="bbox 484 775 2073 850">
    <p class='ocr_par' dir='ltr' id='par_1_8' title="bbox 484 775 2073 850">
     <span class='ocr_line' id='line_1_8' title="bbox 484 775 2073 850; baseline -0.001 -20"><span class='ocrx_word' id='word_1_48' title='bbox 484 775 730 846; x_wconf 80' lang='lat' dir='ltr'><strong>Regnum</strong></span> <span class='ocrx_word' id='word_1_49' title='bbox 778 775 876 829; x_wconf 91' lang='lat' dir='ltr'><strong>Dei</strong></span> <span class='ocrx_word' id='word_1_50' title='bbox 920 775 1006 830; x_wconf 86' lang='lat' dir='ltr'><strong>vel</strong></span> <span class='ocrx_word' id='word_1_51' title='bbox 1053 778 1292 848; x_wconf 88' lang='lat' dir='ltr'><strong>seipsum</strong></span> <span class='ocrx_word' id='word_1_52' title='bbox 1351 777 1642 850; x_wconf 74' lang='lat' dir='ltr'><strong>significat,</strong></span> <span class='ocrx_word' id='word_1_53' title='bbox 1678 779 1747 832; x_wconf 91' lang='lat' dir='ltr'><strong>de</strong></span> <span class='ocrx_word' id='word_1_54' title='bbox 1781 793 1888 849; x_wconf 90' lang='lat' dir='ltr'><strong>quo</strong></span> <span class='ocrx_word' id='word_1_55' title='bbox 1939 775 2073 830; x_wconf 84' lang='lat' dir='ltr'><strong>alibi</strong></span> 
     </span>
    </p>
   </div>
   <div class='ocr_carea' id='block_1_9' title="bbox 482 871 2070 944">
    <p class='ocr_par' dir='ltr' id='par_1_9' title="bbox 482 871 2070 944">
     <span class='ocr_line' id='line_1_9' title="bbox 482 871 2070 944; baseline 0 -18"><span class='ocrx_word' id='word_1_56' title='bbox 482 871 649 927; x_wconf 87' lang='lat' dir='ltr'><strong>dicit:</strong></span> <span class='ocrx_word' id='word_1_57' title='bbox 686 895 707 918; x_wconf 79' lang='grc' dir='ltr'>α</span> <span class='ocrx_word' id='word_1_58' title='bbox 746 872 991 943; x_wconf 80' lang='lat' dir='ltr'><strong>Regnum</strong></span> <span class='ocrx_word' id='word_1_59' title='bbox 1049 873 1152 928; x_wconf 90' lang='lat' dir='ltr'><strong>Dei</strong></span> <span class='ocrx_word' id='word_1_60' title='bbox 1204 873 1346 929; x_wconf 92' lang='lat' dir='ltr'><strong>intra</strong></span> <span class='ocrx_word' id='word_1_61' title='bbox 1378 891 1476 930; x_wconf 89' lang='lat' dir='ltr'><strong>vos</strong></span> <span class='ocrx_word' id='word_1_62' title='bbox 1517 883 1600 930; x_wconf 84' lang='lat' dir='ltr'><strong>est</strong></span> <span class='ocrx_word' id='word_1_63' title='bbox 1637 876 1791 944; x_wconf 83' lang='lat' dir='ltr'><strong>(Luc.</strong></span> <span class='ocrx_word' id='word_1_64' title='bbox 1829 883 2008 941; x_wconf 77' lang='lat' dir='ltr'><strong>xvn);</strong></span> <span class='ocrx_word' id='word_1_65' title='bbox 2049 896 2070 921; x_wconf 70' lang='grc' dir='ltr'><strong><em>η</em></strong></span> 
     </span>
    </p>
   </div>
   <div class='ocr_carea' id='block_1_10' title="bbox 489 960 2072 1034">
    <p class='ocr_par' dir='ltr' id='par_1_10' title="bbox 489 960 2072 1034">
     <span class='ocr_line' id='line_1_10' title="bbox 489 960 2072 1034; baseline -0.001 -20"><span class='ocrx_word' id='word_1_66' title='bbox 489 969 538 1015; x_wconf 90' lang='lat' dir='ltr'><strong>et</strong></span> <span class='ocrx_word' id='word_1_67' title='bbox 567 986 587 1006; x_wconf 76' lang='grc' dir='ltr'><strong>ιι</strong></span> <span class='ocrx_word' id='word_1_68' title='bbox 623 960 836 1014; x_wconf 84' lang='lat' dir='ltr'><strong>Medius</strong></span> <span class='ocrx_word' id='word_1_69' title='bbox 868 969 974 1014; x_wconf 86' lang='lat' dir='ltr'><strong>stat</strong></span> <span class='ocrx_word' id='word_1_70' title='bbox 1004 961 1147 1017; x_wconf 91' lang='lat' dir='ltr'><strong>inter</strong></span> <span class='ocrx_word' id='word_1_71' title='bbox 1175 979 1272 1017; x_wconf 78' lang='lat' dir='ltr'><strong>vos</strong></span> <span class='ocrx_word' id='word_1_72' title='bbox 1320 979 1477 1034; x_wconf 84' lang='lat' dir='ltr'><strong>quem</strong></span> <span class='ocrx_word' id='word_1_73' title='bbox 1507 979 1603 1018; x_wconf 88' lang='lat' dir='ltr'><strong>vos</strong></span> <span class='ocrx_word' id='word_1_74' title='bbox 1632 962 1853 1017; x_wconf 86' lang='lat' dir='ltr'><strong>nescitis</strong></span> <span class='ocrx_word' id='word_1_75' title='bbox 1891 963 2072 1031; x_wconf 83' lang='lat' dir='ltr'><strong>(Joan.</strong></span> 
     </span>
    </p>
   </div>
   <div class='ocr_carea' id='block_1_11' title="bbox 485 1048 2076 1121">
    <p class='ocr_par' dir='ltr' id='par_1_11' title="bbox 485 1048 2076 1121">
     <span class='ocr_line' id='line_1_11' title="bbox 485 1048 2076 1121; baseline 0.002 -20"><span class='ocrx_word' id='word_1_76' title='bbox 485 1050 546 1118; x_wconf 88' lang='grc' dir='ltr'><strong>ι).</strong></span> <span class='ocrx_word' id='word_1_77' title='bbox 583 1073 602 1096; x_wconf 71' lang='grc' dir='ltr'><strong>ι»</strong></span> <span class='ocrx_word' id='word_1_78' title='bbox 642 1048 740 1104; x_wconf 78' lang='lat' dir='ltr'><strong>Vel</strong></span> <span class='ocrx_word' id='word_1_79' title='bbox 772 1065 1002 1121; x_wconf 83' lang='lat' dir='ltr'><strong>regnum</strong></span> <span class='ocrx_word' id='word_1_80' title='bbox 1055 1050 1347 1121; x_wconf 75' lang='lat' dir='ltr'><strong>Scripturte</strong></span> <span class='ocrx_word' id='word_1_81' title='bbox 1380 1051 1621 1105; x_wconf 89' lang='lat' dir='ltr'><strong>ablatum</strong></span> <span class='ocrx_word' id='word_1_82' title='bbox 1653 1050 1856 1105; x_wconf 77' lang='lat' dir='ltr'><strong>Judaeis</strong></span> <span class='ocrx_word' id='word_1_83' title='bbox 1885 1058 1937 1105; x_wconf 91' lang='lat' dir='ltr'><strong>et</strong></span> <span class='ocrx_word' id='word_1_84' title='bbox 1967 1059 2076 1104; x_wconf 84' lang='lat' dir='ltr'><strong>tra-</strong></span> 
     </span>
    </p>
   </div>
   <div class='ocr_carea' id='block_1_12' title="bbox 486 1146 2073 1218">
    <p class='ocr_par' dir='ltr' id='par_1_12' title="bbox 486 1146 2073 1218">
     <span class='ocr_line' id='line_1_12' title="bbox 486 1146 2073 1218; baseline 0.001 -19"><span class='ocrx_word' id='word_1_85' title='bbox 486 1146 656 1199; x_wconf 90' lang='lat' dir='ltr'><strong>ditum</strong></span> <span class='ocrx_word' id='word_1_86' title='bbox 703 1146 882 1213; x_wconf 89' lang='lat' dir='ltr'><strong>nobis,</strong></span> <span class='ocrx_word' id='word_1_87' title='bbox 941 1146 1027 1201; x_wconf 88' lang='lat' dir='ltr'><strong>vel</strong></span> <span class='ocrx_word' id='word_1_88' title='bbox 1087 1163 1313 1218; x_wconf 81' lang='lat' dir='ltr'><strong>regnum</strong></span> <span class='ocrx_word' id='word_1_89' title='bbox 1373 1147 1635 1202; x_wconf 62' lang='lat' dir='ltr'><strong>ca&#39;lorum</strong></span> <span class='ocrx_word' id='word_1_90' title='bbox 1685 1147 1846 1218; x_wconf 86' lang='lat' dir='ltr'><strong>quasi</strong></span> <span class='ocrx_word' id='word_1_91' title='bbox 1886 1147 2073 1201; x_wconf 88' lang='lat' dir='ltr'><strong>dicat:</strong></span> 
     </span>
    </p>
   </div>
   <div class='ocr_carea' id='block_1_13' title="bbox 486 1234 2076 1304">
    <p class='ocr_par' dir='ltr' id='par_1_13' title="bbox 486 1234 2076 1304">
     <span class='ocr_line' id='line_1_13' title="bbox 486 1234 2076 1304; baseline 0 -16"><span class='ocrx_word' id='word_1_92' title='bbox 486 1234 542 1288; x_wconf 90' lang='lat' dir='ltr'><strong>Si</strong></span> <span class='ocrx_word' id='word_1_93' title='bbox 571 1235 623 1287; x_wconf 89' lang='lat' dir='ltr'><strong>in</strong></span> <span class='ocrx_word' id='word_1_94' title='bbox 655 1234 844 1303; x_wconf 85' lang='lat' dir='ltr'><strong>spiritu</strong></span> <span class='ocrx_word' id='word_1_95' title='bbox 893 1235 992 1289; x_wconf 88' lang='lat' dir='ltr'><strong>Dei</strong></span> <span class='ocrx_word' id='word_1_96' title='bbox 1038 1236 1198 1302; x_wconf 90' lang='lat' dir='ltr'><strong>ejieio</strong></span> <span class='ocrx_word' id='word_1_97' title='bbox 1245 1236 1533 1304; x_wconf 69' lang='lat' dir='ltr'><strong>daamonia,</strong></span> <span class='ocrx_word' id='word_1_98' title='bbox 1581 1236 1698 1290; x_wconf 90' lang='lat' dir='ltr'><strong>sine</strong></span> <span class='ocrx_word' id='word_1_99' title='bbox 1735 1235 1902 1290; x_wconf 90' lang='lat' dir='ltr'><strong>dubio</strong></span> <span class='ocrx_word' id='word_1_100' title='bbox 1933 1236 2076 1290; x_wconf 90' lang='lat' dir='ltr'><strong>scia-</strong></span> 
     </span>
    </p>
   </div>
   <div class='ocr_carea' id='block_1_14' title="bbox 488 1322 2070 1394">
    <p class='ocr_par' dir='ltr' id='par_1_14' title="bbox 488 1322 2070 1394">
     <span class='ocr_line' id='line_1_14' title="bbox 488 1322 2070 1394; baseline 0 -18"><span class='ocrx_word' id='word_1_101' title='bbox 488 1324 555 1377; x_wconf 89' lang='lat' dir='ltr'><strong>tis</strong></span> <span class='ocrx_word' id='word_1_102' title='bbox 586 1322 788 1377; x_wconf 82' lang='lat' dir='ltr'><strong>aditum</strong></span> <span class='ocrx_word' id='word_1_103' title='bbox 840 1322 997 1394; x_wconf 83' lang='lat' dir='ltr'><strong>regni</strong></span> <span class='ocrx_word' id='word_1_104' title='bbox 1043 1323 1288 1378; x_wconf 72' lang='lat' dir='ltr'><strong>cwlestis</strong></span> <span class='ocrx_word' id='word_1_105' title='bbox 1326 1324 1654 1394; x_wconf 87' lang='lat' dir='ltr'><strong>patefactum</strong></span> <span class='ocrx_word' id='word_1_106' title='bbox 1695 1324 2070 1380; x_wconf 85' lang='lat' dir='ltr'><strong>credentibus.</strong></span> 
     </span>
    </p>
   </div>
   <div class='ocr_carea' id='block_1_15' title="bbox 488 1410 2076 1485">
    <p class='ocr_par' dir='ltr' id='par_1_15' title="bbox 488 1410 2076 1485">
     <span class='ocr_line' id='line_1_15' title="bbox 488 1410 2076 1485; baseline 0.001 -20"><span class='ocrx_word' id='word_1_107' title='bbox 488 1411 703 1483; x_wconf 90' lang='lat' dir='ltr'><strong>Digitus</strong></span> <span class='ocrx_word' id='word_1_108' title='bbox 733 1410 832 1466; x_wconf 88' lang='lat' dir='ltr'><strong>Dei</strong></span> <span class='ocrx_word' id='word_1_109' title='bbox 862 1420 945 1466; x_wconf 78' lang='lat' dir='ltr'><strong>est</strong></span> <span class='ocrx_word' id='word_1_110' title='bbox 981 1427 1143 1482; x_wconf 76' lang='lat' dir='ltr'><strong>quem</strong></span> <span class='ocrx_word' id='word_1_111' title='bbox 1187 1412 1422 1467; x_wconf 76' lang='lat' dir='ltr'><strong>confessi</strong></span> <span class='ocrx_word' id='word_1_112' title='bbox 1472 1423 1595 1466; x_wconf 88' lang='lat' dir='ltr'><strong>sunt</strong></span> <span class='ocrx_word' id='word_1_113' title='bbox 1622 1413 1785 1485; x_wconf 83' lang='lat' dir='ltr'><strong>Magi,</strong></span> <span class='ocrx_word' id='word_1_114' title='bbox 1819 1413 1910 1483; x_wconf 88' lang='lat' dir='ltr'><strong>qui</strong></span> <span class='ocrx_word' id='word_1_115' title='bbox 1939 1427 2076 1467; x_wconf 92' lang='lat' dir='ltr'><strong>con-</strong></span> 
     </span>
    </p>
   </div>
   <div class='ocr_carea' id='block_1_16' title="bbox 489 1500 2072 1574">
    <p class='ocr_par' dir='ltr' id='par_1_16' title="bbox 489 1500 2072 1574">
     <span class='ocr_line' id='line_1_16' title="bbox 489 1500 2072 1574; baseline 0.002 -20"><span class='ocrx_word' id='word_1_116' title='bbox 489 1509 573 1554; x_wconf 91' lang='lat' dir='ltr'><strong>tra</strong></span> <span class='ocrx_word' id='word_1_117' title='bbox 629 1501 851 1569; x_wconf 79' lang='lat' dir='ltr'><strong>Moysen</strong></span> <span class='ocrx_word' id='word_1_118' title='bbox 911 1509 964 1552; x_wconf 88' lang='lat' dir='ltr'><strong>et</strong></span> <span class='ocrx_word' id='word_1_119' title='bbox 1018 1503 1200 1555; x_wconf 87' lang='lat' dir='ltr'><strong>Aaron</strong></span> <span class='ocrx_word' id='word_1_120' title='bbox 1261 1500 1420 1574; x_wconf 90' lang='lat' dir='ltr'><strong>signa</strong></span> <span class='ocrx_word' id='word_1_121' title='bbox 1470 1500 1746 1556; x_wconf 83' lang='lat' dir='ltr'><strong>faciebant</strong></span> <span class='ocrx_word' id='word_1_122' title='bbox 1800 1501 2072 1557; x_wconf 88' lang='lat' dir='ltr'><strong>dicentes.</strong></span> 
     </span>
    </p>
   </div>
   <div class='ocr_carea' id='block_1_17' title="bbox 493 1597 2081 1671">
    <p class='ocr_par' dir='ltr' id='par_1_17' title="bbox 493 1597 2081 1671">
     <span class='ocr_line' id='line_1_17' title="bbox 493 1597 2081 1671; baseline 0.006 -26"><span class='ocrx_word' id='word_1_123' title='bbox 493 1621 514 1645; x_wconf 83' lang='grc'><strong>‹‹</strong></span> <span class='ocrx_word' id='word_1_124' title='bbox 551 1597 767 1668; x_wconf 83' lang='lat' dir='ltr'><strong>Digitus</strong></span> <span class='ocrx_word' id='word_1_125' title='bbox 789 1597 887 1652; x_wconf 90' lang='lat' dir='ltr'><strong>Dei</strong></span> <span class='ocrx_word' id='word_1_126' title='bbox 918 1605 1002 1652; x_wconf 85' lang='lat' dir='ltr'><strong>est</strong></span> <span class='ocrx_word' id='word_1_127' title='bbox 1044 1598 1146 1652; x_wconf 89' lang='lat' dir='ltr'><strong>iste</strong></span> <span class='ocrx_word' id='word_1_128' title='bbox 1203 1599 1400 1667; x_wconf 75' lang='lat' dir='ltr'><strong>(Exod.</strong></span> <span class='ocrx_word' id='word_1_129' title='bbox 1433 1602 1573 1668; x_wconf 79' lang='lat' dir='ltr'><strong>vni),</strong></span> <span class='ocrx_word' id='word_1_130' title='bbox 1611 1624 1632 1649; x_wconf 73' lang='grc' dir='ltr'>ι</span> <span class='ocrx_word' id='word_1_131' title='bbox 1668 1615 1775 1671; x_wconf 89' lang='lat' dir='ltr'><strong>quo</strong></span> <span class='ocrx_word' id='word_1_132' title='bbox 1806 1608 1857 1654; x_wconf 93' lang='lat' dir='ltr'><strong>et</strong></span> <span class='ocrx_word' id='word_1_133' title='bbox 1887 1600 2081 1654; x_wconf 79' lang='lat' dir='ltr'><strong>tabulae</strong></span> 
     </span>
    </p>
   </div>
   <div class='ocr_carea' id='block_1_18' title="bbox 485 1685 2075 1757">
    <p class='ocr_par' dir='ltr' id='par_1_18' title="bbox 485 1685 2075 1757">
     <span class='ocr_line' id='line_1_18' title="bbox 485 1685 2075 1757; baseline 0.001 -17"><span class='ocrx_word' id='word_1_134' title='bbox 485 1687 714 1756; x_wconf 71' lang='lat' dir='ltr'><strong>lapideae</strong></span> <span class='ocrx_word' id='word_1_135' title='bbox 769 1685 988 1755; x_wconf 70' lang='lat' dir='ltr'><strong>scripta:</strong></span> <span class='ocrx_word' id='word_1_136' title='bbox 1040 1694 1163 1740; x_wconf 91' lang='lat' dir='ltr'><strong>sunt</strong></span> <span class='ocrx_word' id='word_1_137' title='bbox 1219 1687 1271 1741; x_wconf 91' lang='lat' dir='ltr'><strong>in</strong></span> <span class='ocrx_word' id='word_1_138' title='bbox 1309 1697 1494 1742; x_wconf 89' lang='lat' dir='ltr'><strong>monte</strong></span> <span class='ocrx_word' id='word_1_139' title='bbox 1552 1689 1700 1744; x_wconf 89' lang='lat' dir='ltr'><strong>Sina.</strong></span> <span class='ocrx_word' id='word_1_140' title='bbox 1761 1688 1884 1757; x_wconf 87' lang='lat' dir='ltr'><strong>Ipse</strong></span> <span class='ocrx_word' id='word_1_141' title='bbox 1930 1689 2075 1742; x_wconf 86' lang='lat' dir='ltr'><strong>enim</strong></span> 
     </span>
    </p>
   </div>
   <div class='ocr_carea' id='block_1_19' title="bbox 492 1762 2160 1846">
    <p class='ocr_par' dir='ltr' id='par_1_19' title="bbox 492 1762 2160 1846">
     <span class='ocr_line' id='line_1_19' title="bbox 492 1762 2160 1846; baseline 0.001 -17"><span class='ocrx_word' id='word_1_142' title='bbox 492 1775 709 1844; x_wconf 75' lang='lat' dir='ltr'><strong>scripsit</strong></span> <span class='ocrx_word' id='word_1_143' title='bbox 771 1774 862 1846; x_wconf 90' lang='lat' dir='ltr'><strong>qui</strong></span> <span class='ocrx_word' id='word_1_144' title='bbox 893 1774 1176 1829; x_wconf 86' lang='lat' dir='ltr'><strong>scribenda</strong></span> <span class='ocrx_word' id='word_1_145' title='bbox 1209 1776 1458 1830; x_wconf 80' lang='lat' dir='ltr'><strong>dictavit.</strong></span> <span class='ocrx_word' id='word_1_146' title='bbox 1498 1779 1686 1832; x_wconf 78' lang='lat' dir='ltr'><strong>Manus</strong></span> <span class='ocrx_word' id='word_1_147' title='bbox 1717 1786 1765 1830; x_wconf 89' lang='lat' dir='ltr'><strong>et</strong></span> <span class='ocrx_word' id='word_1_148' title='bbox 1791 1777 2075 1832; x_wconf 84' lang='lat' dir='ltr'><strong>brachium</strong></span> <span class='ocrx_word' id='word_1_149' title='bbox 2104 1762 2160 1823; x_wconf 85' lang='lat' dir='ltr'>B</span> 
     </span>
    </p>
   </div>
   <div class='ocr_carea' id='block_1_20' title="bbox 493 1872 2078 1944">
    <p class='ocr_par' dir='ltr' id='par_1_20' title="bbox 493 1872 2078 1944">
     <span class='ocr_line' id='line_1_20' title="bbox 493 1872 2078 1944; baseline -0.001 -16"><span class='ocrx_word' id='word_1_150' title='bbox 493 1873 592 1928; x_wconf 91' lang='lat' dir='ltr'><strong>Dei</strong></span> <span class='ocrx_word' id='word_1_151' title='bbox 628 1872 789 1926; x_wconf 87' lang='lat' dir='ltr'><strong>Filius</strong></span> <span class='ocrx_word' id='word_1_152' title='bbox 831 1873 949 1940; x_wconf 87' lang='lat' dir='ltr'><strong>ejus</strong></span> <span class='ocrx_word' id='word_1_153' title='bbox 995 1881 1098 1937; x_wconf 89' lang='lat' dir='ltr'><strong>est,</strong></span> <span class='ocrx_word' id='word_1_154' title='bbox 1150 1881 1197 1926; x_wconf 91' lang='lat' dir='ltr'><strong>et</strong></span> <span class='ocrx_word' id='word_1_155' title='bbox 1246 1873 1448 1943; x_wconf 83' lang='lat' dir='ltr'><strong>digitus</strong></span> <span class='ocrx_word' id='word_1_156' title='bbox 1491 1875 1616 1944; x_wconf 77' lang='lat' dir='ltr'><strong>ejus</strong></span> <span class='ocrx_word' id='word_1_157' title='bbox 1667 1876 1901 1944; x_wconf 85' lang='lat' dir='ltr'><strong>Spiritus</strong></span> <span class='ocrx_word' id='word_1_158' title='bbox 1945 1891 2078 1928; x_wconf 88' lang='lat' dir='ltr'><strong>san-</strong></span> 
     </span>
    </p>
   </div>
   <div class='ocr_carea' id='block_1_21' title="bbox 489 1959 2077 2032">
    <p class='ocr_par' dir='ltr' id='par_1_21' title="bbox 489 1959 2077 2032">
     <span class='ocr_line' id='line_1_21' title="bbox 489 1959 2077 2032; baseline 0 -14"><span class='ocrx_word' id='word_1_159' title='bbox 489 1974 634 2018; x_wconf 81' lang='lat' dir='ltr'><strong>etus.</strong></span> <span class='ocrx_word' id='word_1_160' title='bbox 693 1959 794 2026; x_wconf 85' lang='lat' dir='ltr'><strong>Qui</strong></span> <span class='ocrx_word' id='word_1_161' title='bbox 842 1960 1043 2032; x_wconf 87' lang='lat' dir='ltr'><strong>digitus</strong></span> <span class='ocrx_word' id='word_1_162' title='bbox 1099 1961 1295 2016; x_wconf 85' lang='lat' dir='ltr'><strong>dicitur</strong></span> <span class='ocrx_word' id='word_1_163' title='bbox 1333 1972 1556 2032; x_wconf 84' lang='lat' dir='ltr'><strong>propter</strong></span> <span class='ocrx_word' id='word_1_164' title='bbox 1604 1964 1946 2028; x_wconf 85' lang='lat' dir='ltr'><strong>partitionem</strong></span> <span class='ocrx_word' id='word_1_165' title='bbox 1975 1964 2077 2018; x_wconf 92' lang='lat' dir='ltr'><strong>do-</strong></span> 
     </span>
    </p>
   </div>
   <div class='ocr_carea' id='block_1_22' title="bbox 487 2049 2077 2123">
    <p class='ocr_par' dir='ltr' id='par_1_22' title="bbox 487 2049 2077 2123">
     <span class='ocr_line' id='line_1_22' title="bbox 487 2049 2077 2123; baseline 0 -19"><span class='ocrx_word' id='word_1_166' title='bbox 487 2066 684 2104; x_wconf 91' lang='lat' dir='ltr'><strong>norum</strong></span> <span class='ocrx_word' id='word_1_167' title='bbox 759 2049 851 2118; x_wconf 89' lang='lat' dir='ltr'><strong>qui</strong></span> <span class='ocrx_word' id='word_1_168' title='bbox 924 2049 978 2102; x_wconf 93' lang='lat' dir='ltr'><strong>in</strong></span> <span class='ocrx_word' id='word_1_169' title='bbox 1047 2065 1112 2104; x_wconf 92' lang='lat' dir='ltr'><strong>eo</strong></span> <span class='ocrx_word' id='word_1_170' title='bbox 1169 2050 1393 2116; x_wconf 88' lang='lat' dir='ltr'><strong>dantur,</strong></span> <span class='ocrx_word' id='word_1_171' title='bbox 1456 2049 1745 2123; x_wconf 89' lang='lat' dir='ltr'><strong>unicuique</strong></span> <span class='ocrx_word' id='word_1_172' title='bbox 1820 2052 2077 2122; x_wconf 83' lang='lat' dir='ltr'><strong>prepria,</strong></span> 
     </span>
    </p>
   </div>
   <div class='ocr_carea' id='block_1_23' title="bbox 483 2145 2083 2217">
    <p class='ocr_par' dir='ltr' id='par_1_23' title="bbox 483 2145 2083 2217">
     <span class='ocr_line' id='line_1_23' title="bbox 483 2145 2083 2217; baseline -0.001 -15"><span class='ocrx_word' id='word_1_173' title='bbox 483 2147 602 2202; x_wconf 85' lang='lat' dir='ltr'><strong>sive</strong></span> <span class='ocrx_word' id='word_1_174' title='bbox 626 2148 928 2210; x_wconf 84' lang='lat' dir='ltr'><strong>hominum,</strong></span> <span class='ocrx_word' id='word_1_175' title='bbox 961 2145 1075 2200; x_wconf 86' lang='lat' dir='ltr'><strong>sive</strong></span> <span class='ocrx_word' id='word_1_176' title='bbox 1102 2147 1441 2217; x_wconf 81' lang='lat' dir='ltr'><strong>angelorum.</strong></span> <span class='ocrx_word' id='word_1_177' title='bbox 1470 2149 1526 2201; x_wconf 90' lang='lat' dir='ltr'><strong>lu</strong></span> <span class='ocrx_word' id='word_1_178' title='bbox 1556 2149 1716 2204; x_wconf 86' lang='lat' dir='ltr'><strong>nullis</strong></span> <span class='ocrx_word' id='word_1_179' title='bbox 1746 2150 1885 2203; x_wconf 91' lang='lat' dir='ltr'><strong>enim</strong></span> <span class='ocrx_word' id='word_1_180' title='bbox 1919 2165 2083 2202; x_wconf 88' lang='lat' dir='ltr'><strong>mem-</strong></span> 
     </span>
    </p>
   </div>
   <div class='ocr_carea' id='block_1_24' title="bbox 487 2234 2080 2308">
    <p class='ocr_par' dir='ltr' id='par_1_24' title="bbox 487 2234 2080 2308">
     <span class='ocr_line' id='line_1_24' title="bbox 487 2234 2080 2308; baseline 0.002 -19"><span class='ocrx_word' id='word_1_181' title='bbox 487 2235 599 2289; x_wconf 91' lang='lat' dir='ltr'><strong>bris</strong></span> <span class='ocrx_word' id='word_1_182' title='bbox 629 2243 858 2304; x_wconf 86' lang='lat' dir='ltr'><strong>apparet</strong></span> <span class='ocrx_word' id='word_1_183' title='bbox 889 2234 1063 2304; x_wconf 88' lang='lat' dir='ltr'><strong>magis</strong></span> <span class='ocrx_word' id='word_1_184' title='bbox 1121 2235 1339 2304; x_wconf 84' lang='lat' dir='ltr'><strong>partitio</strong></span> <span class='ocrx_word' id='word_1_185' title='bbox 1391 2251 1552 2306; x_wconf 87' lang='lat' dir='ltr'><strong>quam</strong></span> <span class='ocrx_word' id='word_1_186' title='bbox 1613 2237 1666 2289; x_wconf 89' lang='lat' dir='ltr'><strong>in</strong></span> <span class='ocrx_word' id='word_1_187' title='bbox 1714 2236 1924 2308; x_wconf 87' lang='lat' dir='ltr'><strong>digitis.</strong></span> <span class='ocrx_word' id='word_1_188' title='bbox 1963 2237 2080 2292; x_wconf 84' lang='lat' dir='ltr'><strong>Sic-</strong></span> 
     </span>
    </p>
   </div>
   <div class='ocr_carea' id='block_1_25' title="bbox 487 2322 2079 2394">
    <p class='ocr_par' dir='ltr' id='par_1_25' title="bbox 487 2322 2079 2394">
     <span class='ocr_line' id='line_1_25' title="bbox 487 2322 2079 2394; baseline 0.001 -17"><span class='ocrx_word' id='word_1_189' title='bbox 487 2330 543 2378; x_wconf 91' lang='lat' dir='ltr'><strong>ut</strong></span> <span class='ocrx_word' id='word_1_190' title='bbox 573 2332 749 2377; x_wconf 87' lang='lat' dir='ltr'><strong>autem</strong></span> <span class='ocrx_word' id='word_1_191' title='bbox 807 2322 1004 2394; x_wconf 87' lang='lat' dir='ltr'><strong>digitas</strong></span> <span class='ocrx_word' id='word_1_192' title='bbox 1059 2339 1182 2376; x_wconf 91' lang='lat' dir='ltr'><strong>cum</strong></span> <span class='ocrx_word' id='word_1_193' title='bbox 1242 2339 1403 2377; x_wconf 90' lang='lat' dir='ltr'><strong>manu</strong></span> <span class='ocrx_word' id='word_1_194' title='bbox 1449 2325 1531 2379; x_wconf 84' lang='lat' dir='ltr'><strong>vel</strong></span> <span class='ocrx_word' id='word_1_195' title='bbox 1581 2325 1843 2387; x_wconf 88' lang='lat' dir='ltr'><strong>brachio;</strong></span> <span class='ocrx_word' id='word_1_196' title='bbox 1884 2342 2079 2379; x_wconf 88' lang='lat' dir='ltr'><strong>manus</strong></span> 
     </span>
    </p>
   </div>
   <div class='ocr_carea' id='block_1_26' title="bbox 483 2409 2079 2482">
    <p class='ocr_par' dir='ltr' id='par_1_26' title="bbox 483 2409 2079 2482">
     <span class='ocr_line' id='line_1_26' title="bbox 483 2409 2079 2482; baseline 0.001 -16"><span class='ocrx_word' id='word_1_197' title='bbox 483 2427 612 2466; x_wconf 88' lang='lat' dir='ltr'><strong>vero</strong></span> <span class='ocrx_word' id='word_1_198' title='bbox 643 2410 732 2464; x_wconf 91' lang='lat' dir='ltr'><strong>vel</strong></span> <span class='ocrx_word' id='word_1_199' title='bbox 764 2409 1044 2465; x_wconf 81' lang='lat' dir='ltr'><strong>brachium</strong></span> <span class='ocrx_word' id='word_1_200' title='bbox 1087 2426 1211 2466; x_wconf 93' lang='lat' dir='ltr'><strong>cum</strong></span> <span class='ocrx_word' id='word_1_201' title='bbox 1263 2427 1490 2482; x_wconf 90' lang='lat' dir='ltr'><strong>corpore</strong></span> <span class='ocrx_word' id='word_1_202' title='bbox 1535 2431 1697 2467; x_wconf 92' lang='lat' dir='ltr'><strong>unum</strong></span> <span class='ocrx_word' id='word_1_203' title='bbox 1737 2424 1863 2468; x_wconf 85' lang='lat' dir='ltr'><strong>sunt</strong></span> <span class='ocrx_word' id='word_1_204' title='bbox 1889 2415 1942 2468; x_wconf 91' lang='lat' dir='ltr'><strong>in</strong></span> <span class='ocrx_word' id='word_1_205' title='bbox 1976 2429 2079 2468; x_wconf 89' lang='lat' dir='ltr'><strong>na-</strong></span> 
     </span>
    </p>
   </div>
   <div class='ocr_carea' id='block_1_27' title="bbox 485 2505 2080 2579">
    <p class='ocr_par' dir='ltr' id='par_1_27' title="bbox 485 2505 2080 2579">
     <span class='ocr_line' id='line_1_27' title="bbox 485 2505 2080 2579; baseline 0.004 -19"><span class='ocrx_word' id='word_1_206' title='bbox 485 2515 621 2570; x_wconf 89' lang='lat' dir='ltr'><strong>tura,</strong></span> <span class='ocrx_word' id='word_1_207' title='bbox 654 2505 727 2560; x_wconf 89' lang='lat' dir='ltr'><strong>ita</strong></span> <span class='ocrx_word' id='word_1_208' title='bbox 755 2506 932 2568; x_wconf 89' lang='lat' dir='ltr'><strong>Pater,</strong></span> <span class='ocrx_word' id='word_1_209' title='bbox 991 2515 1043 2560; x_wconf 93' lang='lat' dir='ltr'><strong>et</strong></span> <span class='ocrx_word' id='word_1_210' title='bbox 1102 2507 1288 2575; x_wconf 79' lang='lat' dir='ltr'><strong>Filius,</strong></span> <span class='ocrx_word' id='word_1_211' title='bbox 1325 2517 1375 2563; x_wconf 88' lang='lat' dir='ltr'><strong>et</strong></span> <span class='ocrx_word' id='word_1_212' title='bbox 1409 2509 1639 2579; x_wconf 88' lang='lat' dir='ltr'><strong>Spiritus</strong></span> <span class='ocrx_word' id='word_1_213' title='bbox 1697 2519 1934 2576; x_wconf 86' lang='lat' dir='ltr'><strong>sanctus,</strong></span> <span class='ocrx_word' id='word_1_214' title='bbox 1972 2518 2080 2566; x_wconf 91' lang='lat' dir='ltr'><strong>tres</strong></span> 
     </span>
    </p>
   </div>
   <div class='ocr_carea' id='block_1_28' title="bbox 485 2595 2077 2666">
    <p class='ocr_par' dir='ltr' id='par_1_28' title="bbox 485 2595 2077 2666">
     <span class='ocr_line' id='line_1_28' title="bbox 485 2595 2077 2666; baseline 0.004 -18"><span class='ocrx_word' id='word_1_215' title='bbox 485 2595 711 2666; x_wconf 89' lang='lat' dir='ltr'><strong>quidem</strong></span> <span class='ocrx_word' id='word_1_216' title='bbox 747 2603 872 2648; x_wconf 90' lang='lat' dir='ltr'><strong>sunt</strong></span> <span class='ocrx_word' id='word_1_217' title='bbox 901 2611 1172 2666; x_wconf 64' lang='lat' dir='ltr'><strong>persona},</strong></span> <span class='ocrx_word' id='word_1_218' title='bbox 1219 2612 1325 2650; x_wconf 86' lang='lat' dir='ltr'><strong>una</strong></span> <span class='ocrx_word' id='word_1_219' title='bbox 1368 2607 1548 2652; x_wconf 88' lang='lat' dir='ltr'><strong>autem</strong></span> <span class='ocrx_word' id='word_1_220' title='bbox 1593 2599 1892 2653; x_wconf 85' lang='lat' dir='ltr'><strong>substantia</strong></span> <span class='ocrx_word' id='word_1_221' title='bbox 1936 2600 2077 2654; x_wconf 86' lang='lat' dir='ltr'><strong>divi-</strong></span> 
     </span>
    </p>
   </div>
   <div class='ocr_carea' id='block_1_29' title="bbox 413 2682 2078 2760">
    <p class='ocr_par' dir='ltr' id='par_1_29' title="bbox 413 2682 2078 2760">
     <span class='ocr_line' id='line_1_29' title="bbox 413 2682 2078 2760; baseline 0.004 -23"><span class='ocrx_word' id='word_1_222' title='bbox 413 2713 417 2716; x_wconf 93' lang='lat'><em>-</em></span> <span class='ocrx_word' id='word_1_223' title='bbox 485 2682 691 2738; x_wconf 90' lang='lat' dir='ltr'><strong>nitatis.</strong></span> <span class='ocrx_word' id='word_1_224' title='bbox 733 2683 905 2755; x_wconf 80' lang='lat' dir='ltr'><strong>Digiti</strong></span> <span class='ocrx_word' id='word_1_225' title='bbox 934 2699 1073 2739; x_wconf 93' lang='lat' dir='ltr'><strong>vero</strong></span> <span class='ocrx_word' id='word_1_226' title='bbox 1105 2684 1202 2740; x_wconf 90' lang='lat' dir='ltr'><strong>Dei</strong></span> <span class='ocrx_word' id='word_1_227' title='bbox 1234 2685 1514 2754; x_wconf 82' lang='lat' dir='ltr'><strong>pluraliter</strong></span> <span class='ocrx_word' id='word_1_228' title='bbox 1559 2688 1732 2742; x_wconf 88' lang='lat' dir='ltr'><strong>sancti</strong></span> <span class='ocrx_word' id='word_1_229' title='bbox 1764 2689 2078 2760; x_wconf 84' lang='lat' dir='ltr'><strong>intelligun-</strong></span> 
     </span>
    </p>
   </div>
   <div class='ocr_carea' id='block_1_30' title="bbox 487 2772 2079 2844">
    <p class='ocr_par' dir='ltr' id='par_1_30' title="bbox 487 2772 2079 2844">
     <span class='ocr_line' id='line_1_30' title="bbox 487 2772 2079 2844; baseline 0.003 -17"><span class='ocrx_word' id='word_1_230' title='bbox 487 2780 575 2827; x_wconf 90' lang='lat' dir='ltr'><strong>tur</strong></span> <span class='ocrx_word' id='word_1_231' title='bbox 601 2772 900 2843; x_wconf 68' lang='lat' dir='ltr'><strong>prophetae,</strong></span> <span class='ocrx_word' id='word_1_232' title='bbox 961 2789 1058 2843; x_wconf 92' lang='lat' dir='ltr'><strong>per</strong></span> <span class='ocrx_word' id='word_1_233' title='bbox 1102 2789 1240 2844; x_wconf 92' lang='lat' dir='ltr'><strong>quos</strong></span> <span class='ocrx_word' id='word_1_234' title='bbox 1281 2774 1515 2844; x_wconf 87' lang='lat' dir='ltr'><strong>Spiritus</strong></span> <span class='ocrx_word' id='word_1_235' title='bbox 1546 2786 1766 2830; x_wconf 90' lang='lat' dir='ltr'><strong>sanctus</strong></span> <span class='ocrx_word' id='word_1_236' title='bbox 1797 2777 1966 2832; x_wconf 87' lang='lat' dir='ltr'><strong>libros</strong></span> <span class='ocrx_word' id='word_1_237' title='bbox 1996 2778 2079 2833; x_wconf 90' lang='lat' dir='ltr'><strong>le-</strong></span> 
     </span>
    </p>
   </div>
   <div class='ocr_carea' id='block_1_31' title="bbox 485 2859 2079 2932">
    <p class='ocr_par' dir='ltr' id='par_1_31' title="bbox 485 2859 2079 2932">
     <span class='ocr_line' id='line_1_31' title="bbox 485 2859 2079 2932; baseline 0.004 -19"><span class='ocrx_word' id='word_1_238' title='bbox 485 2860 572 2931; x_wconf 88' lang='lat' dir='ltr'><strong>gis</strong></span> <span class='ocrx_word' id='word_1_239' title='bbox 602 2875 668 2915; x_wconf 93' lang='lat' dir='ltr'><strong>ac</strong></span> <span class='ocrx_word' id='word_1_240' title='bbox 716 2859 1098 2930; x_wconf 86' lang='lat' dir='ltr'><strong>prephetarum</strong></span> <span class='ocrx_word' id='word_1_241' title='bbox 1147 2877 1248 2916; x_wconf 90' lang='lat' dir='ltr'><strong>sua</strong></span> <span class='ocrx_word' id='word_1_242' title='bbox 1296 2862 1650 2932; x_wconf 84' lang='lat' dir='ltr'><strong>inspiratione</strong></span> <span class='ocrx_word' id='word_1_243' title='bbox 1688 2865 1973 2920; x_wconf 88' lang='lat' dir='ltr'><strong>describit.</strong></span> <span class='ocrx_word' id='word_1_244' title='bbox 2000 2867 2079 2920; x_wconf 92' lang='lat' dir='ltr'><strong>De</strong></span> 
     </span>
    </p>
   </div>
   <div class='ocr_carea' id='block_1_32' title="bbox 483 2957 2076 3032">
    <p class='ocr_par' dir='ltr' id='par_1_32' title="bbox 483 2957 2076 3032">
     <span class='ocr_line' id='line_1_32' title="bbox 483 2957 2076 3032; baseline 0.004 -20"><span class='ocrx_word' id='word_1_245' title='bbox 483 2957 679 3030; x_wconf 89' lang='lat' dir='ltr'><strong>quibus</strong></span> <span class='ocrx_word' id='word_1_246' title='bbox 699 2957 752 3011; x_wconf 92' lang='lat' dir='ltr'><strong>in</strong></span> <span class='ocrx_word' id='word_1_247' title='bbox 785 2957 996 3027; x_wconf 88' lang='lat' dir='ltr'><strong>psalmo</strong></span> <span class='ocrx_word' id='word_1_248' title='bbox 1017 2957 1284 3029; x_wconf 88' lang='lat' dir='ltr'><strong>scripturn</strong></span> <span class='ocrx_word' id='word_1_249' title='bbox 1307 2967 1389 3014; x_wconf 89' lang='lat' dir='ltr'><strong>est</strong></span> <span class='ocrx_word' id='word_1_250' title='bbox 1418 2978 1431 3014; x_wconf 89' lang='lat'><strong>:</strong></span> <span class='ocrx_word' id='word_1_251' title='bbox 1461 2984 1481 3008; x_wconf 78' lang='grc' dir='ltr'>ιι</span> <span class='ocrx_word' id='word_1_252' title='bbox 1513 2961 1720 3016; x_wconf 87' lang='lat' dir='ltr'><strong>Videbo</strong></span> <span class='ocrx_word' id='word_1_253' title='bbox 1746 2962 1910 3018; x_wconf 79' lang='lat' dir='ltr'><strong>caelos</strong></span> <span class='ocrx_word' id='word_1_254' title='bbox 1935 2971 2076 3032; x_wconf 91' lang='lat' dir='ltr'><strong>tuos,</strong></span> 
     </span>
    </p>
   </div>
   <div class='ocr_carea' id='block_1_33' title="bbox 483 3046 2080 3120">
    <p class='ocr_par' dir='ltr' id='par_1_33' title="bbox 483 3046 2080 3120">
     <span class='ocr_line' id='line_1_33' title="bbox 483 3046 2080 3120; baseline 0.003 -18"><span class='ocrx_word' id='word_1_255' title='bbox 483 3061 655 3118; x_wconf 90' lang='lat' dir='ltr'><strong>opera</strong></span> <span class='ocrx_word' id='word_1_256' title='bbox 711 3046 1004 3118; x_wconf 87' lang='lat' dir='ltr'><strong>digitorum</strong></span> <span class='ocrx_word' id='word_1_257' title='bbox 1065 3055 1277 3102; x_wconf 90' lang='lat' dir='ltr'><strong>tuorum</strong></span> <span class='ocrx_word' id='word_1_258' title='bbox 1331 3050 1514 3114; x_wconf 79' lang='lat' dir='ltr'><strong>(Psal.</strong></span> <span class='ocrx_word' id='word_1_259' title='bbox 1556 3053 1692 3120; x_wconf 79' lang='lat' dir='ltr'><strong>vui).</strong></span> <span class='ocrx_word' id='word_1_260' title='bbox 1729 3074 1750 3099; x_wconf 79' lang='grc' dir='ltr'><strong><em>υ</em></strong></span> <span class='ocrx_word' id='word_1_261' title='bbox 1781 3053 1881 3106; x_wconf 87' lang='lat' dir='ltr'><strong>Per</strong></span> <span class='ocrx_word' id='word_1_262' title='bbox 1910 3053 2080 3108; x_wconf 60' lang='lat' dir='ltr'><strong>callos</strong></span> 
     </span>
    </p>
   </div>
   <div class='ocr_carea' id='block_1_34' title="bbox 484 3117 2158 3212">
    <p class='ocr_par' dir='ltr' id='par_1_34' title="bbox 484 3117 2158 3212">
     <span class='ocr_line' id='line_1_34' title="bbox 484 3117 2158 3212; baseline 0.005 -23"><span class='ocrx_word' id='word_1_263' title='bbox 484 3117 629 3190; x_wconf 86' lang='lat' dir='ltr'><strong>enim</strong></span> <span class='ocrx_word' id='word_1_264' title='bbox 655 3117 823 3189; x_wconf 86' lang='lat' dir='ltr'><strong>libros</strong></span> <span class='ocrx_word' id='word_1_265' title='bbox 852 3134 991 3205; x_wconf 83' lang='lat' dir='ltr'><strong>legis</strong></span> <span class='ocrx_word' id='word_1_266' title='bbox 1021 3150 1087 3190; x_wconf 92' lang='lat' dir='ltr'><strong>ac</strong></span> <span class='ocrx_word' id='word_1_267' title='bbox 1132 3137 1540 3206; x_wconf 83' lang='lat' dir='ltr'><strong>prophetarum,</strong></span> <span class='ocrx_word' id='word_1_268' title='bbox 1586 3117 1685 3210; x_wconf 83' lang='lat' dir='ltr'><strong>per</strong></span> <span class='ocrx_word' id='word_1_269' title='bbox 1716 3139 1916 3212; x_wconf 82' lang='lat' dir='ltr'><strong>digitos</strong></span> <span class='ocrx_word' id='word_1_270' title='bbox 1944 3157 2076 3196; x_wconf 89' lang='lat' dir='ltr'><strong>vero</strong></span> <span class='ocrx_word' id='word_1_271' title='bbox 2110 3117 2158 3182; x_wconf 70' lang='grc' dir='ltr'><strong>Ο</strong></span> 
     </span>
    </p>
   </div>
   <div class='ocr_carea' id='block_1_35' title="bbox 487 3223 2076 3299">
    <p class='ocr_par' dir='ltr' id='par_1_35' title="bbox 487 3223 2076 3299">
     <span class='ocr_line' id='line_1_35' title="bbox 487 3223 2076 3299; baseline 0.004 -22"><span class='ocrx_word' id='word_1_272' title='bbox 487 3231 726 3288; x_wconf 90' lang='lat' dir='ltr'><strong>sanctos,</strong></span> <span class='ocrx_word' id='word_1_273' title='bbox 781 3231 835 3277; x_wconf 91' lang='lat' dir='ltr'><strong>ut</strong></span> <span class='ocrx_word' id='word_1_274' title='bbox 881 3223 1086 3280; x_wconf 89' lang='lat' dir='ltr'><strong>dictum</strong></span> <span class='ocrx_word' id='word_1_275' title='bbox 1150 3232 1253 3289; x_wconf 89' lang='lat' dir='ltr'><strong>est,</strong></span> <span class='ocrx_word' id='word_1_276' title='bbox 1305 3227 1598 3297; x_wconf 86' lang='lat' dir='ltr'><strong>prophetas</strong></span> <span class='ocrx_word' id='word_1_277' title='bbox 1656 3228 1891 3299; x_wconf 85' lang='lat' dir='ltr'><strong>mystice</strong></span> <span class='ocrx_word' id='word_1_278' title='bbox 1939 3229 2076 3284; x_wconf 89' lang='lat' dir='ltr'><strong>insi-</strong></span> 
     </span>
    </p>
   </div>
   <div class='ocr_carea' id='block_1_36' title="bbox 484 3319 698 3376">
    <p class='ocr_par' dir='ltr' id='par_1_36' title="bbox 484 3319 698 3376">
     <span class='ocr_line' id='line_1_36' title="bbox 484 3319 698 3376; baseline -0.009 0"><span class='ocrx_word' id='word_1_279' title='bbox 484 3319 698 3376; x_wconf 69' lang='lat' dir='ltr'><strong>nuavh.</strong></span> 
     </span>
    </p>
   </div>
   <div class='ocr_carea' id='block_1_37' title="bbox 561 3426 2078 3500">
    <p class='ocr_par' dir='ltr' id='par_1_37' title="bbox 561 3426 2078 3500">
     <span class='ocr_line' id='line_1_37' title="bbox 561 3426 2078 3500; baseline 0.004 -18"><span class='ocrx_word' id='word_1_280' title='bbox 561 3449 584 3474; x_wconf 73' lang='grc' dir='ltr'><strong>α</strong></span> <span class='ocrx_word' id='word_1_281' title='bbox 618 3429 723 3482; x_wconf 81' lang='lat' dir='ltr'><strong>Aut</strong></span> <span class='ocrx_word' id='word_1_282' title='bbox 750 3426 1024 3496; x_wconf 91' lang='lat' dir='ltr'><strong>quomodo</strong></span> <span class='ocrx_word' id='word_1_283' title='bbox 1051 3428 1530 3500; x_wconf 87' lang='lat' dir='ltr'><strong>potestquisquam</strong></span> <span class='ocrx_word' id='word_1_284' title='bbox 1552 3431 1756 3488; x_wconf 90' lang='lat' dir='ltr'><strong>intrare</strong></span> <span class='ocrx_word' id='word_1_285' title='bbox 1785 3433 1838 3487; x_wconf 92' lang='lat' dir='ltr'><strong>in</strong></span> <span class='ocrx_word' id='word_1_286' title='bbox 1861 3433 2078 3489; x_wconf 91' lang='lat' dir='ltr'><strong>domum</strong></span> 
     </span>
    </p>
   </div>
   <div class='ocr_carea' id='block_1_38' title="bbox 488 3514 2082 3588">
    <p class='ocr_par' dir='ltr' id='par_1_38' title="bbox 488 3514 2082 3588">
     <span class='ocr_line' id='line_1_38' title="bbox 488 3514 2082 3588; baseline 0.004 -19"><span class='ocrx_word' id='word_1_287' title='bbox 488 3514 662 3579; x_wconf 91' lang='lat' dir='ltr'><strong>fortis,</strong></span> <span class='ocrx_word' id='word_1_288' title='bbox 697 3522 749 3568; x_wconf 91' lang='lat' dir='ltr'><strong>et</strong></span> <span class='ocrx_word' id='word_1_289' title='bbox 772 3529 906 3568; x_wconf 90' lang='lat' dir='ltr'><strong>vasa</strong></span> <span class='ocrx_word' id='word_1_290' title='bbox 925 3515 1050 3582; x_wconf 88' lang='lat' dir='ltr'><strong>ejus</strong></span> <span class='ocrx_word' id='word_1_291' title='bbox 1069 3515 1316 3585; x_wconf 85' lang='lat' dir='ltr'><strong>diripere</strong></span> <span class='ocrx_word' id='word_1_292' title='bbox 1335 3518 1386 3570; x_wconf 91' lang='lat' dir='ltr'><strong>in</strong></span> <span class='ocrx_word' id='word_1_293' title='bbox 1411 3520 1608 3588; x_wconf 89' lang='lat' dir='ltr'><strong>quibus</strong></span> <span class='ocrx_word' id='word_1_294' title='bbox 1630 3520 1958 3588; x_wconf 80' lang='lat' dir='ltr'><strong>conﬁdebat,</strong></span> <span class='ocrx_word' id='word_1_295' title='bbox 1973 3523 2082 3578; x_wconf 87' lang='lat' dir='ltr'><strong>nisi</strong></span> 
     </span>
    </p>
   </div>
   <div class='ocr_carea' id='block_1_39' title="bbox 490 3601 2084 3673">
    <p class='ocr_par' dir='ltr' id='par_1_39' title="bbox 490 3601 2084 3673">
     <span class='ocr_line' id='line_1_39' title="bbox 490 3601 2084 3673; baseline 0.006 -17"><span class='ocrx_word' id='word_1_296' title='bbox 490 3603 640 3673; x_wconf 90' lang='lat' dir='ltr'><strong>prius</strong></span> <span class='ocrx_word' id='word_1_297' title='bbox 667 3601 973 3672; x_wconf 86' lang='lat' dir='ltr'><strong>alligaverit</strong></span> <span class='ocrx_word' id='word_1_298' title='bbox 1005 3604 1223 3669; x_wconf 83' lang='lat' dir='ltr'><strong>fortem,</strong></span> <span class='ocrx_word' id='word_1_299' title='bbox 1269 3613 1323 3659; x_wconf 90' lang='lat' dir='ltr'><strong>et</strong></span> <span class='ocrx_word' id='word_1_300' title='bbox 1375 3614 1500 3662; x_wconf 91' lang='lat' dir='ltr'><strong>tunc</strong></span> <span class='ocrx_word' id='word_1_301' title='bbox 1528 3609 1748 3662; x_wconf 87' lang='lat' dir='ltr'><strong>demum</strong></span> <span class='ocrx_word' id='word_1_302' title='bbox 1779 3625 1910 3665; x_wconf 87' lang='lat' dir='ltr'><strong>vasa</strong></span> <span class='ocrx_word' id='word_1_303' title='bbox 1940 3611 2084 3665; x_wconf 89' lang='lat' dir='ltr'><strong>illius</strong></span> 
     </span>
    </p>
   </div>
   <div class='ocr_carea' id='block_1_40' title="bbox 488 3699 2085 3778">
    <p class='ocr_par' dir='ltr' id='par_1_40' title="bbox 488 3699 2085 3778">
     <span class='ocr_line' id='line_1_40' title="bbox 488 3699 2085 3778; baseline 0.006 -24"><span class='ocrx_word' id='word_1_304' title='bbox 488 3699 749 3770; x_wconf 76' lang='lat' dir='ltr'><strong>diripiat?</strong></span> <span class='ocrx_word' id='word_1_305' title='bbox 774 3721 795 3750; x_wconf 74' lang='grc' dir='ltr'><strong><em>ι</em></strong></span> <span class='ocrx_word' id='word_1_306' title='bbox 832 3699 1079 3754; x_wconf 89' lang='lat' dir='ltr'><strong>Ostendit</strong></span> <span class='ocrx_word' id='word_1_307' title='bbox 1101 3701 1367 3757; x_wconf 92' lang='lat' dir='ltr'><strong>Dominus</strong></span> <span class='ocrx_word' id='word_1_308' title='bbox 1385 3720 1483 3772; x_wconf 90' lang='lat' dir='ltr'><strong>per</strong></span> <span class='ocrx_word' id='word_1_309' title='bbox 1505 3706 1844 3761; x_wconf 79' lang='lat' dir='ltr'><strong>manifestam</strong></span> <span class='ocrx_word' id='word_1_310' title='bbox 1861 3709 2085 3778; x_wconf 84' lang='lat' dir='ltr'><strong>parabo—</strong></span> 
     </span>
    </p>
   </div>
   <div class='ocr_carea' id='block_1_41' title="bbox 487 3788 2085 3860">
    <p class='ocr_par' dir='ltr' id='par_1_41' title="bbox 487 3788 2085 3860">
     <span class='ocr_line' id='line_1_41' title="bbox 487 3788 2085 3860; baseline 0.004 -16"><span class='ocrx_word' id='word_1_311' title='bbox 487 3789 620 3857; x_wconf 90' lang='lat' dir='ltr'><strong>lam,</strong></span> <span class='ocrx_word' id='word_1_312' title='bbox 654 3789 778 3860; x_wconf 89' lang='lat' dir='ltr'><strong>quia</strong></span> <span class='ocrx_word' id='word_1_313' title='bbox 809 3789 1001 3844; x_wconf 90' lang='lat' dir='ltr'><strong>virtute</strong></span> <span class='ocrx_word' id='word_1_314' title='bbox 1022 3788 1323 3845; x_wconf 89' lang='lat' dir='ltr'><strong>divinitatis</strong></span> <span class='ocrx_word' id='word_1_315' title='bbox 1341 3791 1587 3848; x_wconf 89' lang='lat' dir='ltr'><strong>homines</strong></span> <span class='ocrx_word' id='word_1_316' title='bbox 1609 3810 1641 3848; x_wconf 88' lang='lat' dir='ltr'><strong>a</strong></span> <span class='ocrx_word' id='word_1_317' title='bbox 1661 3795 1931 3851; x_wconf 72' lang='lat' dir='ltr'><strong>daemonio</strong></span> <span class='ocrx_word' id='word_1_318' title='bbox 1952 3797 2085 3852; x_wconf 89' lang='lat' dir='ltr'><strong>lihe-</strong></span> 
     </span>
    </p>
   </div>
   <div class='ocr_carea' id='block_1_42' title="bbox 487 3884 2084 3958">
    <p class='ocr_par' dir='ltr' id='par_1_42' title="bbox 487 3884 2084 3958">
     <span class='ocr_line' id='line_1_42' title="bbox 487 3884 2084 3958; baseline 0.004 -16"><span class='ocrx_word' id='word_1_319' title='bbox 487 3895 700 3942; x_wconf 88' lang='lat' dir='ltr'><strong>rantur.</strong></span> <span class='ocrx_word' id='word_1_320' title='bbox 733 3884 908 3940; x_wconf 83' lang='lat' dir='ltr'><strong>Fortis</strong></span> <span class='ocrx_word' id='word_1_321' title='bbox 937 3894 1019 3941; x_wconf 89' lang='lat' dir='ltr'><strong>est</strong></span> <span class='ocrx_word' id='word_1_322' title='bbox 1047 3885 1326 3955; x_wconf 88' lang='lat' dir='ltr'><strong>diabolus,</strong></span> <span class='ocrx_word' id='word_1_323' title='bbox 1359 3889 1563 3944; x_wconf 91' lang='lat' dir='ltr'><strong>domus</strong></span> <span class='ocrx_word' id='word_1_324' title='bbox 1588 3891 1731 3946; x_wconf 92' lang='lat' dir='ltr'><strong>illius</strong></span> <span class='ocrx_word' id='word_1_325' title='bbox 1749 3893 2010 3958; x_wconf 90' lang='lat' dir='ltr'><strong>mundus,</strong></span> <span class='ocrx_word' id='word_1_326' title='bbox 2029 3895 2084 3949; x_wconf 93' lang='lat' dir='ltr'><strong>in</strong></span> 
     </span>
    </p>
   </div>
   <div class='ocr_carea' id='block_1_43' title="bbox 486 3973 2086 4048">
    <p class='ocr_par' dir='ltr' id='par_1_43' title="bbox 486 3973 2086 4048">
     <span class='ocr_line' id='line_1_43' title="bbox 486 3973 2086 4048; baseline 0.004 -17"><span class='ocrx_word' id='word_1_327' title='bbox 486 3976 730 4046; x_wconf 82' lang='lat' dir='ltr'><strong>maligno</strong></span> <span class='ocrx_word' id='word_1_328' title='bbox 749 3975 954 4046; x_wconf 85' lang='lat' dir='ltr'><strong>positus</strong></span> <span class='ocrx_word' id='word_1_329' title='bbox 981 3973 1035 4029; x_wconf 86' lang='lat' dir='ltr'><strong>in</strong></span> <span class='ocrx_word' id='word_1_330' title='bbox 1067 3990 1174 4046; x_wconf 90' lang='lat' dir='ltr'><strong>quo</strong></span> <span class='ocrx_word' id='word_1_331' title='bbox 1197 3993 1368 4048; x_wconf 82' lang='lat' dir='ltr'><strong>usque</strong></span> <span class='ocrx_word' id='word_1_332' title='bbox 1389 3979 1455 4032; x_wconf 92' lang='lat' dir='ltr'><strong>ad</strong></span> <span class='ocrx_word' id='word_1_333' title='bbox 1477 3978 1770 4035; x_wconf 90' lang='lat' dir='ltr'><strong>adventum</strong></span> <span class='ocrx_word' id='word_1_334' title='bbox 1794 3981 2086 4038; x_wconf 88' lang='lat' dir='ltr'><strong>Salvatoris</strong></span> 
     </span>
    </p>
   </div>
   <div class='ocr_carea' id='block_1_44' title="bbox 486 4073 2084 4151">
    <p class='ocr_par' dir='ltr' id='par_1_44' title="bbox 486 4073 2084 4151">
     <span class='ocr_line' id='line_1_44' title="bbox 486 4073 2084 4151; baseline 0.005 -23"><span class='ocrx_word' id='word_1_335' title='bbox 486 4074 642 4147; x_wconf 86' lang='lat' dir='ltr'><strong>quasi</strong></span> <span class='ocrx_word' id='word_1_336' title='bbox 690 4083 882 4144; x_wconf 88' lang='lat' dir='ltr'><strong>pacato</strong></span> <span class='ocrx_word' id='word_1_337' title='bbox 927 4073 1158 4144; x_wconf 90' lang='lat' dir='ltr'><strong>imperio</strong></span> <span class='ocrx_word' id='word_1_338' title='bbox 1197 4073 1320 4130; x_wconf 91' lang='lat' dir='ltr'><strong>sine</strong></span> <span class='ocrx_word' id='word_1_339' title='bbox 1351 4078 1783 4133; x_wconf 89' lang='lat' dir='ltr'><strong>contradictione</strong></span> <span class='ocrx_word' id='word_1_340' title='bbox 1831 4079 2084 4151; x_wconf 85' lang='lat' dir='ltr'><strong>quiesce-</strong></span> 
     </span>
    </p>
   </div>
   <div class='ocr_carea' id='block_1_45' title="bbox 490 4163 2088 4239">
    <p class='ocr_par' dir='ltr' id='par_1_45' title="bbox 490 4163 2088 4239">
     <span class='ocr_line' id='line_1_45' title="bbox 490 4163 2088 4239; baseline 0.006 -23"><span class='ocrx_word' id='word_1_341' title='bbox 490 4164 605 4217; x_wconf 88' lang='lat' dir='ltr'><strong>bat.</strong></span> <span class='ocrx_word' id='word_1_342' title='bbox 645 4163 798 4218; x_wconf 91' lang='lat' dir='ltr'><strong>Unde</strong></span> <span class='ocrx_word' id='word_1_343' title='bbox 829 4163 1094 4218; x_wconf 87' lang='lat' dir='ltr'><strong>Dominus</strong></span> <span class='ocrx_word' id='word_1_344' title='bbox 1128 4183 1140 4222; x_wconf 91' lang='lat'>:</span> <span class='ocrx_word' id='word_1_345' title='bbox 1177 4186 1198 4212; x_wconf 80' lang='grc' dir='ltr'>ιι</span> <span class='ocrx_word' id='word_1_346' title='bbox 1237 4165 1401 4219; x_wconf 87' lang='lat' dir='ltr'><strong>Venit</strong></span> <span class='ocrx_word' id='word_1_347' title='bbox 1423 4165 1682 4238; x_wconf 74' lang='lat' dir='ltr'><strong>princeps</strong></span> <span class='ocrx_word' id='word_1_348' title='bbox 1714 4169 1901 4222; x_wconf 89' lang='lat' dir='ltr'><strong>mundi</strong></span> <span class='ocrx_word' id='word_1_349' title='bbox 1924 4169 2088 4239; x_wconf 85' lang='lat' dir='ltr'><strong>hujus</strong></span> 
     </span>
    </p>
   </div>
   <div class='ocr_carea' id='block_1_46' title="bbox 492 4259 2090 4334">
    <p class='ocr_par' dir='ltr' id='par_1_46' title="bbox 492 4259 2090 4334">
     <span class='ocr_line' id='line_1_46' title="bbox 492 4259 2090 4334; baseline 0.005 -19"><span class='ocrx_word' id='word_1_350' title='bbox 492 4267 546 4315; x_wconf 88' lang='lat' dir='ltr'><strong>et</strong></span> <span class='ocrx_word' id='word_1_351' title='bbox 575 4259 628 4313; x_wconf 92' lang='lat' dir='ltr'><strong>in</strong></span> <span class='ocrx_word' id='word_1_352' title='bbox 659 4275 746 4315; x_wconf 91' lang='lat' dir='ltr'><strong>me</strong></span> <span class='ocrx_word' id='word_1_353' title='bbox 773 4274 880 4314; x_wconf 91' lang='lat' dir='ltr'><strong>non</strong></span> <span class='ocrx_word' id='word_1_354' title='bbox 907 4260 1066 4317; x_wconf 91' lang='lat' dir='ltr'><strong>habet</strong></span> <span class='ocrx_word' id='word_1_355' title='bbox 1107 4263 1403 4334; x_wconf 89' lang='lat' dir='ltr'><strong>quidquam</strong></span> <span class='ocrx_word' id='word_1_356' title='bbox 1454 4265 1638 4331; x_wconf 83' lang='lat' dir='ltr'><strong>(Joan.</strong></span> <span class='ocrx_word' id='word_1_357' title='bbox 1663 4279 1803 4334; x_wconf 75' lang='lat' dir='ltr'><strong>xw).</strong></span> <span class='ocrx_word' id='word_1_358' title='bbox 1845 4290 1866 4313; x_wconf 74' lang='grc' dir='ltr'><strong><em>η</em></strong></span> <span class='ocrx_word' id='word_1_359' title='bbox 1897 4267 1964 4321; x_wconf 84' lang='lat' dir='ltr'><strong>Et</strong></span> <span class='ocrx_word' id='word_1_360' title='bbox 1994 4267 2090 4323; x_wconf 83' lang='lat' dir='ltr'><strong>ite-</strong></span> 
     </span>
    </p>
   </div>
   <div class='ocr_carea' id='block_1_47' title="bbox 489 4349 2088 4422">
    <p class='ocr_par' dir='ltr' id='par_1_47' title="bbox 489 4349 2088 4422">
     <span class='ocr_line' id='line_1_47' title="bbox 489 4349 2088 4422; baseline 0.006 -20"><span class='ocrx_word' id='word_1_361' title='bbox 489 4363 646 4402; x_wconf 90' lang='lat' dir='ltr'><strong>rum:</strong></span> <span class='ocrx_word' id='word_1_362' title='bbox 683 4368 704 4398; x_wconf 76' lang='grc' dir='ltr'><strong><em>ο</em></strong></span> <span class='ocrx_word' id='word_1_363' title='bbox 740 4349 899 4403; x_wconf 88' lang='lat' dir='ltr'><strong>Nunc</strong></span> <span class='ocrx_word' id='word_1_364' title='bbox 945 4352 1197 4421; x_wconf 90' lang='lat' dir='ltr'><strong>princeps</strong></span> <span class='ocrx_word' id='word_1_365' title='bbox 1239 4352 1399 4420; x_wconf 91' lang='lat' dir='ltr'><strong>hujus</strong></span> <span class='ocrx_word' id='word_1_366' title='bbox 1435 4353 1620 4406; x_wconf 92' lang='lat' dir='ltr'><strong>mundi</strong></span> <span class='ocrx_word' id='word_1_367' title='bbox 1651 4354 1901 4422; x_wconf 83' lang='lat' dir='ltr'><strong>ejicietur</strong></span> <span class='ocrx_word' id='word_1_368' title='bbox 1939 4355 2088 4412; x_wconf 88' lang='lat' dir='ltr'><strong>foras</strong></span> 
     </span>
    </p>
   </div>
   <div class='ocr_carea' id='block_1_48' title="bbox 2179 506 3782 578">
    <p class='ocr_par' dir='ltr' id='par_1_48' title="bbox 2179 506 3782 578">
     <span class='ocr_line' id='line_1_48' title="bbox 2179 506 3782 578; baseline -0.003 -14"><span class='ocrx_word' id='word_1_369' title='bbox 2179 526 2238 564; x_wconf 91' lang='lat' dir='ltr'><strong>re</strong></span> <span class='ocrx_word' id='word_1_370' title='bbox 2269 510 2547 575; x_wconf 84' lang='lat' dir='ltr'><strong>cohibens,</strong></span> <span class='ocrx_word' id='word_1_371' title='bbox 2595 508 2792 562; x_wconf 86' lang='lat' dir='ltr'><strong>deinde</strong></span> <span class='ocrx_word' id='word_1_372' title='bbox 2839 507 3100 578; x_wconf 86' lang='lat' dir='ltr'><strong>ﬂagellat,</strong></span> <span class='ocrx_word' id='word_1_373' title='bbox 3134 506 3260 578; x_wconf 88' lang='lat' dir='ltr'><strong>quia</strong></span> <span class='ocrx_word' id='word_1_374' title='bbox 3305 522 3510 577; x_wconf 82' lang='lat' dir='ltr'><strong>pravus</strong></span> <span class='ocrx_word' id='word_1_375' title='bbox 3551 507 3782 561; x_wconf 81' lang='lat' dir='ltr'><strong>eﬂectus</strong></span> 
     </span>
    </p>
   </div>
   <div class='ocr_carea' id='block_1_49' title="bbox 2183 594 3785 668">
    <p class='ocr_par' dir='ltr' id='par_1_49' title="bbox 2183 594 3785 668">
     <span class='ocr_line' id='line_1_49' title="bbox 2183 594 3785 668; baseline -0.002 -18"><span class='ocrx_word' id='word_1_376' title='bbox 2183 597 2334 668; x_wconf 89' lang='lat' dir='ltr'><strong>quasi</strong></span> <span class='ocrx_word' id='word_1_377' title='bbox 2367 598 2520 651; x_wconf 90' lang='lat' dir='ltr'><strong>duris</strong></span> <span class='ocrx_word' id='word_1_378' title='bbox 2549 597 2870 668; x_wconf 87' lang='lat' dir='ltr'><strong>quibusdam</strong></span> <span class='ocrx_word' id='word_1_379' title='bbox 2895 594 3131 667; x_wconf 85' lang='lat' dir='ltr'><strong>ﬂagellis</strong></span> <span class='ocrx_word' id='word_1_380' title='bbox 3151 595 3398 660; x_wconf 64' lang='lat' dir='ltr'><strong>creditur,</strong></span> <span class='ocrx_word' id='word_1_381' title='bbox 3434 594 3657 667; x_wconf 91' lang='lat' dir='ltr'><strong>quando</strong></span> <span class='ocrx_word' id='word_1_382' title='bbox 3686 609 3785 663; x_wconf 86' lang='lat' dir='ltr'><strong>per</strong></span> 
     </span>
    </p>
   </div>
   <div class='ocr_carea' id='block_1_50' title="bbox 2185 691 3774 765">
    <p class='ocr_par' dir='ltr' id='par_1_50' title="bbox 2185 691 3774 765">
     <span class='ocr_line' id='line_1_50' title="bbox 2185 691 3774 765; baseline -0.003 -16"><span class='ocrx_word' id='word_1_383' title='bbox 2185 696 2419 749; x_wconf 89' lang='lat' dir='ltr'><strong>studium</strong></span> <span class='ocrx_word' id='word_1_384' title='bbox 2449 694 2751 765; x_wconf 64' lang='lat' dir='ltr'><strong>disciplina:</strong></span> <span class='ocrx_word' id='word_1_385' title='bbox 2779 694 2848 748; x_wconf 92' lang='lat' dir='ltr'><strong>ab</strong></span> <span class='ocrx_word' id='word_1_386' title='bbox 2893 709 2958 748; x_wconf 91' lang='lat' dir='ltr'><strong>eo</strong></span> <span class='ocrx_word' id='word_1_387' title='bbox 3013 693 3160 764; x_wconf 88' lang='lat' dir='ltr'><strong>quod</strong></span> <span class='ocrx_word' id='word_1_388' title='bbox 3189 693 3394 763; x_wconf 89' lang='lat' dir='ltr'><strong>appetit</strong></span> <span class='ocrx_word' id='word_1_389' title='bbox 3426 691 3774 747; x_wconf 76' lang='lat' dir='ltr'><strong>refrenatur.</strong></span> 
     </span>
    </p>
   </div>
   <div class='ocr_carea' id='block_1_51' title="bbox 2182 779 3789 854">
    <p class='ocr_par' dir='ltr' id='par_1_51' title="bbox 2182 779 3789 854">
     <span class='ocr_line' id='line_1_51' title="bbox 2182 779 3789 854; baseline -0.003 -16"><span class='ocrx_word' id='word_1_390' title='bbox 2182 783 2499 839; x_wconf 86' lang='lat' dir='ltr'><strong>Novissime</strong></span> <span class='ocrx_word' id='word_1_391' title='bbox 2529 783 2684 854; x_wconf 90' lang='lat' dir='ltr'><strong>quasi</strong></span> <span class='ocrx_word' id='word_1_392' title='bbox 2720 782 2980 838; x_wconf 90' lang='lat' dir='ltr'><strong>membris</strong></span> <span class='ocrx_word' id='word_1_393' title='bbox 3008 781 3062 835; x_wconf 88' lang='lat' dir='ltr'><strong>in</strong></span> <span class='ocrx_word' id='word_1_394' title='bbox 3093 797 3307 837; x_wconf 86' lang='lat' dir='ltr'><strong>crucem</strong></span> <span class='ocrx_word' id='word_1_395' title='bbox 3339 780 3580 836; x_wconf 83' lang='lat' dir='ltr'><strong>extensis</strong></span> <span class='ocrx_word' id='word_1_396' title='bbox 3613 788 3667 836; x_wconf 89' lang='lat' dir='ltr'><strong>et</strong></span> <span class='ocrx_word' id='word_1_397' title='bbox 3697 779 3789 834; x_wconf 84' lang='lat' dir='ltr'><strong>di-</strong></span> 
     </span>
    </p>
   </div>
   <div class='ocr_carea' id='block_1_52' title="bbox 2181 877 3787 950">
    <p class='ocr_par' dir='ltr' id='par_1_52' title="bbox 2181 877 3787 950">
     <span class='ocr_line' id='line_1_52' title="bbox 2181 877 3787 950; baseline -0.001 -15"><span class='ocrx_word' id='word_1_398' title='bbox 2181 879 2320 935; x_wconf 89' lang='lat' dir='ltr'><strong>visis</strong></span> <span class='ocrx_word' id='word_1_399' title='bbox 2349 896 2382 934; x_wconf 89' lang='lat' dir='ltr'><strong>a</strong></span> <span class='ocrx_word' id='word_1_400' title='bbox 2409 897 2473 936; x_wconf 89' lang='lat' dir='ltr'><strong>se</strong></span> <span class='ocrx_word' id='word_1_401' title='bbox 2502 879 2670 936; x_wconf 89' lang='lat' dir='ltr'><strong>clavis</strong></span> <span class='ocrx_word' id='word_1_402' title='bbox 2700 878 3012 950; x_wconf 86' lang='lat' dir='ltr'><strong>conﬁgitur,</strong></span> <span class='ocrx_word' id='word_1_403' title='bbox 3046 877 3268 950; x_wconf 89' lang='lat' dir='ltr'><strong>quando</strong></span> <span class='ocrx_word' id='word_1_404' title='bbox 3298 877 3488 932; x_wconf 89' lang='lat' dir='ltr'><strong>divisis</strong></span> <span class='ocrx_word' id='word_1_405' title='bbox 3517 893 3550 932; x_wconf 90' lang='lat' dir='ltr'><strong>a</strong></span> <span class='ocrx_word' id='word_1_406' title='bbox 3581 893 3646 932; x_wconf 87' lang='lat' dir='ltr'><strong>se</strong></span> <span class='ocrx_word' id='word_1_407' title='bbox 3701 877 3787 933; x_wconf 82' lang='lat' dir='ltr'><strong>vi-</strong></span> 
     </span>
    </p>
   </div>
   <div class='ocr_carea' id='block_1_53' title="bbox 2185 974 3789 1047">
    <p class='ocr_par' dir='ltr' id='par_1_53' title="bbox 2185 974 3789 1047">
     <span class='ocr_line' id='line_1_53' title="bbox 2185 974 3789 1047; baseline -0.001 -15"><span class='ocrx_word' id='word_1_408' title='bbox 2185 979 2272 1032; x_wconf 91' lang='lat' dir='ltr'><strong>tiis</strong></span> <span class='ocrx_word' id='word_1_409' title='bbox 2320 977 2514 1033; x_wconf 90' lang='lat' dir='ltr'><strong>timore</strong></span> <span class='ocrx_word' id='word_1_410' title='bbox 2553 977 2652 1032; x_wconf 90' lang='lat' dir='ltr'><strong>Dei</strong></span> <span class='ocrx_word' id='word_1_411' title='bbox 2720 977 2934 1031; x_wconf 92' lang='lat' dir='ltr'><strong>animus</strong></span> <span class='ocrx_word' id='word_1_412' title='bbox 2981 979 3320 1047; x_wconf 87' lang='lat' dir='ltr'><strong>penetratur.</strong></span> <span class='ocrx_word' id='word_1_413' title='bbox 3363 974 3599 1044; x_wconf 86' lang='lat' dir='ltr'><strong>Quando</strong></span> <span class='ocrx_word' id='word_1_414' title='bbox 3625 974 3789 1030; x_wconf 89' lang='lat' dir='ltr'><strong>simul</strong></span> 
     </span>
    </p>
   </div>
   <div class='ocr_carea' id='block_1_54' title="bbox 2185 1064 3793 1136">
    <p class='ocr_par' dir='ltr' id='par_1_54' title="bbox 2185 1064 3793 1136">
     <span class='ocr_line' id='line_1_54' title="bbox 2185 1064 3793 1136; baseline -0.001 -16"><span class='ocrx_word' id='word_1_415' title='bbox 2185 1075 2308 1121; x_wconf 90' lang='lat' dir='ltr'><strong>sunt</strong></span> <span class='ocrx_word' id='word_1_416' title='bbox 2339 1066 2484 1135; x_wconf 90' lang='lat' dir='ltr'><strong>vitia,</strong></span> <span class='ocrx_word' id='word_1_417' title='bbox 2520 1066 2742 1122; x_wconf 85' lang='lat' dir='ltr'><strong>fortiora</strong></span> <span class='ocrx_word' id='word_1_418' title='bbox 2767 1073 2911 1133; x_wconf 91' lang='lat' dir='ltr'><strong>sunt,</strong></span> <span class='ocrx_word' id='word_1_419' title='bbox 2969 1079 3088 1136; x_wconf 67' lang='lat' dir='ltr'><strong>quae</strong></span> <span class='ocrx_word' id='word_1_420' title='bbox 3148 1064 3219 1118; x_wconf 89' lang='lat' dir='ltr'><strong>ab</strong></span> <span class='ocrx_word' id='word_1_421' title='bbox 3274 1064 3536 1119; x_wconf 89' lang='lat' dir='ltr'><strong>alterutro</strong></span> <span class='ocrx_word' id='word_1_422' title='bbox 3570 1080 3635 1118; x_wconf 90' lang='lat' dir='ltr'><strong>se</strong></span> <span class='ocrx_word' id='word_1_423' title='bbox 3665 1080 3793 1119; x_wconf 89' lang='lat' dir='ltr'><strong>mu-</strong></span> 
     </span>
    </p>
   </div>
   <div class='ocr_carea' id='block_1_55' title="bbox 2185 1152 3784 1226">
    <p class='ocr_par' dir='ltr' id='par_1_55' title="bbox 2185 1152 3784 1226">
     <span class='ocr_line' id='line_1_55' title="bbox 2185 1152 3784 1226; baseline -0.001 -17"><span class='ocrx_word' id='word_1_424' title='bbox 2185 1156 2358 1219; x_wconf 89' lang='lat' dir='ltr'><strong>niunt,</strong></span> <span class='ocrx_word' id='word_1_425' title='bbox 2410 1162 2466 1209; x_wconf 93' lang='lat' dir='ltr'><strong>ut</strong></span> <span class='ocrx_word' id='word_1_426' title='bbox 2522 1153 2653 1226; x_wconf 85' lang='lat' dir='ltr'><strong>gula</strong></span> <span class='ocrx_word' id='word_1_427' title='bbox 2708 1154 3000 1220; x_wconf 86' lang='lat' dir='ltr'><strong>luxuriam,</strong></span> <span class='ocrx_word' id='word_1_428' title='bbox 3050 1169 3244 1224; x_wconf 86' lang='lat' dir='ltr'><strong>pompa</strong></span> <span class='ocrx_word' id='word_1_429' title='bbox 3293 1152 3635 1222; x_wconf 90' lang='lat' dir='ltr'><strong>superbiam,</strong></span> <span class='ocrx_word' id='word_1_430' title='bbox 3675 1161 3784 1209; x_wconf 83' lang='lat' dir='ltr'><strong>etc.</strong></span> 
     </span>
    </p>
   </div>
   <div class='ocr_carea' id='block_1_56' title="bbox 2186 1240 3795 1313">
    <p class='ocr_par' dir='ltr' id='par_1_56' title="bbox 2186 1240 3795 1313">
     <span class='ocr_line' id='line_1_56' title="bbox 2186 1240 3795 1313; baseline -0.001 -15"><span class='ocrx_word' id='word_1_431' title='bbox 2186 1243 2377 1299; x_wconf 87' lang='lat' dir='ltr'><strong>Divide</strong></span> <span class='ocrx_word' id='word_1_432' title='bbox 2409 1243 2496 1297; x_wconf 85' lang='lat' dir='ltr'><strong>illa</strong></span> <span class='ocrx_word' id='word_1_433' title='bbox 2527 1252 2581 1298; x_wconf 90' lang='lat' dir='ltr'><strong>et</strong></span> <span class='ocrx_word' id='word_1_434' title='bbox 2609 1243 2680 1298; x_wconf 91' lang='lat' dir='ltr'><strong>ab</strong></span> <span class='ocrx_word' id='word_1_435' title='bbox 2717 1243 2948 1298; x_wconf 87' lang='lat' dir='ltr'><strong>invicem</strong></span> <span class='ocrx_word' id='word_1_436' title='bbox 2979 1241 3254 1312; x_wconf 80' lang='lat' dir='ltr'><strong>disjunge.</strong></span> <span class='ocrx_word' id='word_1_437' title='bbox 3289 1249 3343 1296; x_wconf 90' lang='lat' dir='ltr'><strong>et</strong></span> <span class='ocrx_word' id='word_1_438' title='bbox 3371 1241 3451 1297; x_wconf 91' lang='lat' dir='ltr'><strong>sic</strong></span> <span class='ocrx_word' id='word_1_439' title='bbox 3481 1240 3708 1313; x_wconf 82' lang='lat' dir='ltr'><strong>conﬁge</strong></span> <span class='ocrx_word' id='word_1_440' title='bbox 3738 1242 3795 1296; x_wconf 88' lang='lat' dir='ltr'><strong>ti-</strong></span> 
     </span>
    </p>
   </div>
   <div class='ocr_carea' id='block_1_57' title="bbox 2186 1338 3794 1404">
    <p class='ocr_par' dir='ltr' id='par_1_57' title="bbox 2186 1338 3794 1404">
     <span class='ocr_line' id='line_1_57' title="bbox 2186 1338 3794 1404; baseline -0.001 -10"><span class='ocrx_word' id='word_1_441' title='bbox 2186 1355 2335 1394; x_wconf 91' lang='lat' dir='ltr'><strong>more</strong></span> <span class='ocrx_word' id='word_1_442' title='bbox 2366 1339 2464 1393; x_wconf 91' lang='lat' dir='ltr'><strong>Dei</strong></span> <span class='ocrx_word' id='word_1_443' title='bbox 2493 1355 2694 1396; x_wconf 88' lang='lat' dir='ltr'><strong>carnes</strong></span> <span class='ocrx_word' id='word_1_444' title='bbox 2714 1347 2855 1404; x_wconf 87' lang='lat' dir='ltr'><strong>tuas,</strong></span> <span class='ocrx_word' id='word_1_445' title='bbox 2891 1347 2943 1394; x_wconf 90' lang='lat' dir='ltr'><strong>et</strong></span> <span class='ocrx_word' id='word_1_446' title='bbox 2972 1338 3173 1394; x_wconf 89' lang='lat' dir='ltr'><strong>malilia</strong></span> <span class='ocrx_word' id='word_1_447' title='bbox 3197 1339 3248 1392; x_wconf 91' lang='lat' dir='ltr'><strong>in</strong></span> <span class='ocrx_word' id='word_1_448' title='bbox 3272 1347 3324 1394; x_wconf 92' lang='lat' dir='ltr'><strong>te</strong></span> <span class='ocrx_word' id='word_1_449' title='bbox 3355 1338 3645 1394; x_wconf 87' lang='lat' dir='ltr'><strong>moriatur.</strong></span> <span class='ocrx_word' id='word_1_450' title='bbox 3669 1338 3794 1393; x_wconf 84' lang='lat' dir='ltr'><strong>Non</strong></span> 
     </span>
    </p>
   </div>
   <div class='ocr_carea' id='block_1_58' title="bbox 2189 1433 3795 1507">
    <p class='ocr_par' dir='ltr' id='par_1_58' title="bbox 2189 1433 3795 1507">
     <span class='ocr_line' id='line_1_58' title="bbox 2189 1433 3795 1507; baseline -0.002 -15"><span class='ocrx_word' id='word_1_451' title='bbox 2189 1442 2370 1492; x_wconf 87' lang='lat' dir='ltr'><strong>autem</strong></span> <span class='ocrx_word' id='word_1_452' title='bbox 2403 1436 2620 1492; x_wconf 89' lang='lat' dir='ltr'><strong>mireris</strong></span> <span class='ocrx_word' id='word_1_453' title='bbox 2649 1436 2694 1490; x_wconf 89' lang='lat' dir='ltr'><strong>si</strong></span> <span class='ocrx_word' id='word_1_454' title='bbox 2719 1436 2980 1506; x_wconf 89' lang='lat' dir='ltr'><strong>sapientia</strong></span> <span class='ocrx_word' id='word_1_455' title='bbox 3009 1435 3230 1491; x_wconf 69' lang='lat' dir='ltr'><strong>malitiae</strong></span> <span class='ocrx_word' id='word_1_456' title='bbox 3254 1435 3384 1492; x_wconf 83' lang='lat' dir='ltr'><strong>facit</strong></span> <span class='ocrx_word' id='word_1_457' title='bbox 3413 1436 3561 1507; x_wconf 93' lang='lat' dir='ltr'><strong>quod</strong></span> <span class='ocrx_word' id='word_1_458' title='bbox 3582 1452 3612 1491; x_wconf 89' lang='lat' dir='ltr'><strong>a</strong></span> <span class='ocrx_word' id='word_1_459' title='bbox 3643 1433 3795 1489; x_wconf 87' lang='lat' dir='ltr'><strong>mali-</strong></span> 
     </span>
    </p>
   </div>
   <div class='ocr_carea' id='block_1_59' title="bbox 2189 1523 3795 1596">
    <p class='ocr_par' dir='ltr' id='par_1_59' title="bbox 2189 1523 3795 1596">
     <span class='ocr_line' id='line_1_59' title="bbox 2189 1523 3795 1596; baseline -0.001 -17"><span class='ocrx_word' id='word_1_460' title='bbox 2189 1527 2258 1580; x_wconf 87' lang='lat' dir='ltr'><strong>tia</strong></span> <span class='ocrx_word' id='word_1_461' title='bbox 2291 1527 2410 1595; x_wconf 90' lang='lat' dir='ltr'><strong>ipsa</strong></span> <span class='ocrx_word' id='word_1_462' title='bbox 2442 1542 2596 1596; x_wconf 77' lang='lat' dir='ltr'><strong>prius</strong></span> <span class='ocrx_word' id='word_1_463' title='bbox 2623 1525 2900 1580; x_wconf 89' lang='lat' dir='ltr'><strong>sustinuit.</strong></span> <span class='ocrx_word' id='word_1_464' title='bbox 2961 1525 3114 1579; x_wconf 91' lang='lat' dir='ltr'><strong>Prius</strong></span> <span class='ocrx_word' id='word_1_465' title='bbox 3161 1524 3366 1580; x_wconf 87' lang='lat' dir='ltr'><strong>malitia</strong></span> <span class='ocrx_word' id='word_1_466' title='bbox 3395 1523 3670 1580; x_wconf 73' lang='lat' dir='ltr'><strong>crucifixit</strong></span> <span class='ocrx_word' id='word_1_467' title='bbox 3698 1539 3795 1578; x_wconf 84' lang='lat' dir='ltr'><strong>sa-</strong></span> 
     </span>
    </p>
   </div>
   <div class='ocr_carea' id='block_1_60' title="bbox 2188 1612 3795 1685">
    <p class='ocr_par' dir='ltr' id='par_1_60' title="bbox 2188 1612 3795 1685">
     <span class='ocr_line' id='line_1_60' title="bbox 2188 1612 3795 1685; baseline 0 -17"><span class='ocrx_word' id='word_1_468' title='bbox 2188 1614 2442 1685; x_wconf 87' lang='lat' dir='ltr'><strong>pientiam</strong></span> <span class='ocrx_word' id='word_1_469' title='bbox 2471 1633 2483 1677; x_wconf 92' lang='lat'>;</span> <span class='ocrx_word' id='word_1_470' title='bbox 2519 1621 2708 1684; x_wconf 87' lang='lat' dir='ltr'><strong>postea</strong></span> <span class='ocrx_word' id='word_1_471' title='bbox 2739 1613 3000 1684; x_wconf 88' lang='lat' dir='ltr'><strong>sapientia</strong></span> <span class='ocrx_word' id='word_1_472' title='bbox 3033 1613 3338 1684; x_wconf 74' lang='lat' dir='ltr'><strong>praevalens</strong></span> <span class='ocrx_word' id='word_1_473' title='bbox 3370 1612 3643 1669; x_wconf 79' lang='lat' dir='ltr'><strong>cruciﬁxit</strong></span> <span class='ocrx_word' id='word_1_474' title='bbox 3673 1629 3795 1668; x_wconf 84' lang='lat' dir='ltr'><strong>ma-</strong></span> 
     </span>
    </p>
   </div>
   <div class='ocr_carea' id='block_1_61' title="bbox 2187 1702 2382 1757">
    <p class='ocr_par' dir='ltr' id='par_1_61' title="bbox 2187 1702 2382 1757">
     <span class='ocr_line' id='line_1_61' title="bbox 2187 1702 2382 1757; baseline 0 0"><span class='ocrx_word' id='word_1_475' title='bbox 2187 1702 2355 1757; x_wconf 91' lang='lat' dir='ltr'><strong>litiam</strong></span> <span class='ocrx_word' id='word_1_476' title='bbox 2370 1745 2382 1757; x_wconf 95' lang='lat'><strong>.</strong></span> 
     </span>
    </p>
   </div>
   <div class='ocr_carea' id='block_1_62' title="bbox 2267 1807 3794 1880">
    <p class='ocr_par' dir='ltr' id='par_1_62' title="bbox 2267 1807 3794 1880">
     <span class='ocr_line' id='line_1_62' title="bbox 2267 1807 3794 1880; baseline 0.003 -23"><span class='ocrx_word' id='word_1_477' title='bbox 2267 1832 2288 1857; x_wconf 71' lang='grc' dir='ltr'><strong>ε</strong></span> <span class='ocrx_word' id='word_1_478' title='bbox 2325 1808 2430 1876; x_wconf 86' lang='lat' dir='ltr'><strong>Qui</strong></span> <span class='ocrx_word' id='word_1_479' title='bbox 2461 1825 2566 1863; x_wconf 90' lang='lat' dir='ltr'><strong>non</strong></span> <span class='ocrx_word' id='word_1_480' title='bbox 2600 1817 2684 1864; x_wconf 89' lang='lat' dir='ltr'><strong>est</strong></span> <span class='ocrx_word' id='word_1_481' title='bbox 2712 1824 2923 1864; x_wconf 90' lang='lat' dir='ltr'><strong>mecum</strong></span> <span class='ocrx_word' id='word_1_482' title='bbox 2973 1817 3056 1864; x_wconf 91' lang='lat' dir='ltr'><strong>est</strong></span> <span class='ocrx_word' id='word_1_483' title='bbox 3090 1816 3281 1864; x_wconf 88' lang='lat' dir='ltr'><strong>contra</strong></span> <span class='ocrx_word' id='word_1_484' title='bbox 3313 1824 3437 1877; x_wconf 91' lang='lat' dir='ltr'><strong>me;</strong></span> <span class='ocrx_word' id='word_1_485' title='bbox 3473 1816 3528 1863; x_wconf 90' lang='lat' dir='ltr'><strong>et</strong></span> <span class='ocrx_word' id='word_1_486' title='bbox 3557 1807 3654 1880; x_wconf 90' lang='lat' dir='ltr'><strong>qui</strong></span> <span class='ocrx_word' id='word_1_487' title='bbox 3684 1824 3794 1862; x_wconf 89' lang='lat' dir='ltr'><strong>non</strong></span> 
     </span>
    </p>
   </div>
   <div class='ocr_carea' id='block_1_63' title="bbox 2189 1898 3794 1970">
    <p class='ocr_par' dir='ltr' id='par_1_63' title="bbox 2189 1898 3794 1970">
     <span class='ocr_line' id='line_1_63' title="bbox 2189 1898 3794 1970; baseline 0 -18"><span class='ocrx_word' id='word_1_488' title='bbox 2189 1907 2490 1970; x_wconf 89' lang='lat' dir='ltr'><strong>congregat</strong></span> <span class='ocrx_word' id='word_1_489' title='bbox 2527 1914 2758 1960; x_wconf 87' lang='lat' dir='ltr'><strong>mecum,</strong></span> <span class='ocrx_word' id='word_1_490' title='bbox 2783 1898 3020 1968; x_wconf 85' lang='lat' dir='ltr'><strong>spargit.</strong></span> <span class='ocrx_word' id='word_1_491' title='bbox 3059 1922 3080 1946; x_wconf 73' lang='grc' dir='ltr'><strong>ιι</strong></span> <span class='ocrx_word' id='word_1_492' title='bbox 3111 1899 3225 1954; x_wconf 84' lang='lat' dir='ltr'><strong>Hoc</strong></span> <span class='ocrx_word' id='word_1_493' title='bbox 3247 1905 3656 1969; x_wconf 89' lang='lat' dir='ltr'><strong>consequenter</strong></span> <span class='ocrx_word' id='word_1_494' title='bbox 3686 1912 3794 1952; x_wconf 89' lang='lat' dir='ltr'><strong>non</strong></span> 
     </span>
    </p>
   </div>
   <div class='ocr_carea' id='block_1_64' title="bbox 2145 1993 3797 2062">
    <p class='ocr_par' dir='ltr' id='par_1_64' title="bbox 2145 1993 3797 2062">
     <span class='ocr_line' id='line_1_64' title="bbox 2145 1993 3797 2062; baseline 0 -16"><span class='ocrx_word' id='word_1_495' title='bbox 2145 2021 2150 2026; x_wconf 92' lang='lat'><strong>-</strong></span> <span class='ocrx_word' id='word_1_496' title='bbox 2187 1993 2254 2046; x_wconf 90' lang='lat' dir='ltr'><strong>ad</strong></span> <span class='ocrx_word' id='word_1_497' title='bbox 2281 1993 2581 2056; x_wconf 57' lang='lat' dir='ltr'><strong>haereticos,</strong></span> <span class='ocrx_word' id='word_1_498' title='bbox 2607 1993 2700 2047; x_wconf 90' lang='lat' dir='ltr'><strong>sed</strong></span> <span class='ocrx_word' id='word_1_499' title='bbox 2730 1994 2796 2046; x_wconf 93' lang='lat' dir='ltr'><strong>ad</strong></span> <span class='ocrx_word' id='word_1_500' title='bbox 2830 1993 3106 2047; x_wconf 92' lang='lat' dir='ltr'><strong>diabolum</strong></span> <span class='ocrx_word' id='word_1_501' title='bbox 3137 1993 3395 2058; x_wconf 85' lang='lat' dir='ltr'><strong>refertur,</strong></span> <span class='ocrx_word' id='word_1_502' title='bbox 3427 1993 3591 2061; x_wconf 86' lang='lat' dir='ltr'><strong>cujus</strong></span> <span class='ocrx_word' id='word_1_503' title='bbox 3625 2007 3797 2062; x_wconf 85' lang='lat' dir='ltr'><strong>opera</strong></span> 
     </span>
    </p>
   </div>
   <div class='ocr_carea' id='block_1_65' title="bbox 2190 2081 3796 2154">
    <p class='ocr_par' dir='ltr' id='par_1_65' title="bbox 2190 2081 3796 2154">
     <span class='ocr_line' id='line_1_65' title="bbox 2190 2081 3796 2154; baseline -0.001 -19"><span class='ocrx_word' id='word_1_504' title='bbox 2190 2081 2486 2136; x_wconf 84' lang='lat' dir='ltr'><strong>Salvatoris</strong></span> <span class='ocrx_word' id='word_1_505' title='bbox 2515 2082 2776 2152; x_wconf 85' lang='lat' dir='ltr'><strong>Operibus</strong></span> <span class='ocrx_word' id='word_1_506' title='bbox 2821 2082 3133 2152; x_wconf 88' lang='lat' dir='ltr'><strong>comparari</strong></span> <span class='ocrx_word' id='word_1_507' title='bbox 3180 2090 3476 2154; x_wconf 89' lang='lat' dir='ltr'><strong>nequeunt.</strong></span> <span class='ocrx_word' id='word_1_508' title='bbox 3513 2082 3614 2135; x_wconf 90' lang='lat' dir='ltr'><strong>Ille</strong></span> <span class='ocrx_word' id='word_1_509' title='bbox 3647 2082 3796 2136; x_wconf 90' lang='lat' dir='ltr'><strong>enim</strong></span> 
     </span>
    </p>
   </div>
   <div class='ocr_carea' id='block_1_66' title="bbox 2188 2170 3798 2241">
    <p class='ocr_par' dir='ltr' id='par_1_66' title="bbox 2188 2170 3798 2241">
     <span class='ocr_line' id='line_1_66' title="bbox 2188 2170 3798 2241; baseline -0.001 -16"><span class='ocrx_word' id='word_1_510' title='bbox 2188 2170 2336 2240; x_wconf 89' lang='lat' dir='ltr'><strong>cupit</strong></span> <span class='ocrx_word' id='word_1_511' title='bbox 2384 2171 2592 2224; x_wconf 92' lang='lat' dir='ltr'><strong>animas</strong></span> <span class='ocrx_word' id='word_1_512' title='bbox 2640 2170 2922 2224; x_wconf 89' lang='lat' dir='ltr'><strong>hominum</strong></span> <span class='ocrx_word' id='word_1_513' title='bbox 2977 2177 3166 2225; x_wconf 78' lang='lat' dir='ltr'><strong>tenere</strong></span> <span class='ocrx_word' id='word_1_514' title='bbox 3222 2170 3464 2240; x_wconf 89' lang='lat' dir='ltr'><strong>captivas</strong></span> <span class='ocrx_word' id='word_1_515' title='bbox 3497 2186 3646 2241; x_wconf 90' lang='lat' dir='ltr'><strong>quas</strong></span> <span class='ocrx_word' id='word_1_516' title='bbox 3677 2171 3798 2224; x_wconf 76' lang='lat' dir='ltr'><strong>Do-</strong></span> 
     </span>
    </p>
   </div>
   <div class='ocr_carea' id='block_1_67' title="bbox 2189 2258 3800 2322">
    <p class='ocr_par' dir='ltr' id='par_1_67' title="bbox 2189 2258 3800 2322">
     <span class='ocr_line' id='line_1_67' title="bbox 2189 2258 3800 2322; baseline -0.001 -8"><span class='ocrx_word' id='word_1_517' title='bbox 2189 2261 2367 2314; x_wconf 91' lang='lat' dir='ltr'><strong>minus</strong></span> <span class='ocrx_word' id='word_1_518' title='bbox 2398 2259 2614 2313; x_wconf 87' lang='lat' dir='ltr'><strong>liberat.</strong></span> <span class='ocrx_word' id='word_1_519' title='bbox 2656 2258 2752 2312; x_wconf 93' lang='lat' dir='ltr'><strong>Ille</strong></span> <span class='ocrx_word' id='word_1_520' title='bbox 2783 2259 2942 2312; x_wconf 87' lang='lat' dir='ltr'><strong>trahit</strong></span> <span class='ocrx_word' id='word_1_521' title='bbox 2971 2259 3041 2313; x_wconf 89' lang='lat' dir='ltr'><strong>ad</strong></span> <span class='ocrx_word' id='word_1_522' title='bbox 3073 2259 3221 2322; x_wconf 90' lang='lat' dir='ltr'><strong>vitia,</strong></span> <span class='ocrx_word' id='word_1_523' title='bbox 3259 2259 3530 2314; x_wconf 88' lang='lat' dir='ltr'><strong>Dominus</strong></span> <span class='ocrx_word' id='word_1_524' title='bbox 3562 2265 3800 2314; x_wconf 75' lang='lat' dir='ltr'><strong>revocat</strong></span> 
     </span>
    </p>
   </div>
   <div class='ocr_carea' id='block_1_68' title="bbox 2188 2353 3800 2426">
    <p class='ocr_par' dir='ltr' id='par_1_68' title="bbox 2188 2353 3800 2426">
     <span class='ocr_line' id='line_1_68' title="bbox 2188 2353 3800 2426; baseline 0 -15"><span class='ocrx_word' id='word_1_525' title='bbox 2188 2357 2256 2411; x_wconf 91' lang='lat' dir='ltr'><strong>ad</strong></span> <span class='ocrx_word' id='word_1_526' title='bbox 2279 2356 2528 2410; x_wconf 81' lang='lat' dir='ltr'><strong>virtutes.</strong></span> <span class='ocrx_word' id='word_1_527' title='bbox 2549 2353 2834 2423; x_wconf 88' lang='lat' dir='ltr'><strong>Quomodo</strong></span> <span class='ocrx_word' id='word_1_528' title='bbox 2853 2369 2987 2425; x_wconf 90' lang='lat' dir='ltr'><strong>ergo</strong></span> <span class='ocrx_word' id='word_1_529' title='bbox 3005 2355 3340 2410; x_wconf 84' lang='lat' dir='ltr'><strong>concordant</strong></span> <span class='ocrx_word' id='word_1_530' title='bbox 3363 2371 3600 2426; x_wconf 88' lang='lat' dir='ltr'><strong>quorum</strong></span> <span class='ocrx_word' id='word_1_531' title='bbox 3622 2371 3800 2426; x_wconf 80' lang='lat' dir='ltr'><strong>opera</strong></span> 
     </span>
    </p>
   </div>
   <div class='ocr_carea' id='block_1_69' title="bbox 2189 2442 3798 2514">
    <p class='ocr_par' dir='ltr' id='par_1_69' title="bbox 2189 2442 3798 2514">
     <span class='ocr_line' id='line_1_69' title="bbox 2189 2442 3798 2514; baseline -0.001 -15"><span class='ocrx_word' id='word_1_532' title='bbox 2189 2444 2366 2500; x_wconf 90' lang='lat' dir='ltr'><strong>divisa</strong></span> <span class='ocrx_word' id='word_1_533' title='bbox 2397 2449 2565 2497; x_wconf 84' lang='lat' dir='ltr'><strong>sunt?</strong></span> <span class='ocrx_word' id='word_1_534' title='bbox 2587 2442 2690 2511; x_wconf 90' lang='lat' dir='ltr'><strong>Qui</strong></span> <span class='ocrx_word' id='word_1_535' title='bbox 2720 2459 2832 2496; x_wconf 91' lang='lat' dir='ltr'><strong>non</strong></span> <span class='ocrx_word' id='word_1_536' title='bbox 2874 2442 3100 2513; x_wconf 88' lang='lat' dir='ltr'><strong>colligit,</strong></span> <span class='ocrx_word' id='word_1_537' title='bbox 3131 2443 3235 2498; x_wconf 93' lang='lat' dir='ltr'><strong>hoc</strong></span> <span class='ocrx_word' id='word_1_538' title='bbox 3265 2451 3346 2497; x_wconf 87' lang='lat' dir='ltr'><strong>est</strong></span> <span class='ocrx_word' id='word_1_539' title='bbox 3385 2443 3476 2514; x_wconf 92' lang='lat' dir='ltr'><strong>qui</strong></span> <span class='ocrx_word' id='word_1_540' title='bbox 3506 2459 3618 2498; x_wconf 90' lang='lat' dir='ltr'><strong>non</strong></span> <span class='ocrx_word' id='word_1_541' title='bbox 3660 2461 3798 2498; x_wconf 86' lang='lat' dir='ltr'><strong>con-</strong></span> 
     </span>
    </p>
   </div>
   <div class='ocr_carea' id='block_1_70' title="bbox 2187 2531 3801 2605">
    <p class='ocr_par' dir='ltr' id='par_1_70' title="bbox 2187 2531 3801 2605">
     <span class='ocr_line' id='line_1_70' title="bbox 2187 2531 3801 2605; baseline 0.001 -19"><span class='ocrx_word' id='word_1_542' title='bbox 2187 2541 2381 2605; x_wconf 88' lang='lat' dir='ltr'><strong>gregat</strong></span> <span class='ocrx_word' id='word_1_543' title='bbox 2411 2548 2544 2586; x_wconf 91' lang='lat' dir='ltr'><strong>oves</strong></span> <span class='ocrx_word' id='word_1_544' title='bbox 2576 2547 2722 2586; x_wconf 90' lang='lat' dir='ltr'><strong>meas</strong></span> <span class='ocrx_word' id='word_1_545' title='bbox 2771 2546 3007 2596; x_wconf 89' lang='lat' dir='ltr'><strong>mecum,</strong></span> <span class='ocrx_word' id='word_1_546' title='bbox 3051 2531 3339 2603; x_wconf 90' lang='lat' dir='ltr'><strong>dispergit,</strong></span> <span class='ocrx_word' id='word_1_547' title='bbox 3374 2533 3478 2587; x_wconf 93' lang='lat' dir='ltr'><strong>hoc</strong></span> <span class='ocrx_word' id='word_1_548' title='bbox 3511 2541 3597 2587; x_wconf 90' lang='lat' dir='ltr'><strong>est</strong></span> <span class='ocrx_word' id='word_1_549' title='bbox 3630 2532 3801 2588; x_wconf 83' lang='lat' dir='ltr'><strong>dissi-</strong></span> 
     </span>
    </p>
   </div>
   <div class='ocr_carea' id='block_1_71' title="bbox 2187 2627 3797 2700">
    <p class='ocr_par' dir='ltr' id='par_1_71' title="bbox 2187 2627 3797 2700">
     <span class='ocr_line' id='line_1_71' title="bbox 2187 2627 3797 2700; baseline -0.001 -15"><span class='ocrx_word' id='word_1_550' title='bbox 2187 2639 2280 2700; x_wconf 91' lang='lat' dir='ltr'><strong>pat</strong></span> <span class='ocrx_word' id='word_1_551' title='bbox 2309 2645 2404 2683; x_wconf 84' lang='lat' dir='ltr'><strong>eas</strong></span> <span class='ocrx_word' id='word_1_552' title='bbox 2439 2646 2466 2682; x_wconf 91' lang='lat' dir='ltr'><strong>a</strong></span> <span class='ocrx_word' id='word_1_553' title='bbox 2498 2637 2634 2684; x_wconf 66' lang='lat' dir='ltr'><strong>caetu</strong></span> <span class='ocrx_word' id='word_1_554' title='bbox 2661 2627 2925 2684; x_wconf 84' lang='lat' dir='ltr'><strong>fidelium.</strong></span> <span class='ocrx_word' id='word_1_555' title='bbox 2961 2629 3060 2684; x_wconf 84' lang='lat' dir='ltr'><strong>Hic</strong></span> <span class='ocrx_word' id='word_1_556' title='bbox 3092 2628 3348 2693; x_wconf 90' lang='lat' dir='ltr'><strong>insinuat,</strong></span> <span class='ocrx_word' id='word_1_557' title='bbox 3383 2629 3510 2700; x_wconf 88' lang='lat' dir='ltr'><strong>quia</strong></span> <span class='ocrx_word' id='word_1_558' title='bbox 3543 2645 3655 2684; x_wconf 92' lang='lat' dir='ltr'><strong>non</strong></span> <span class='ocrx_word' id='word_1_559' title='bbox 3688 2631 3797 2684; x_wconf 86' lang='lat' dir='ltr'><strong>ba—</strong></span> 
     </span>
    </p>
   </div>
   <div class='ocr_carea' id='block_1_72' title="bbox 2187 2717 3798 2791">
    <p class='ocr_par' dir='ltr' id='par_1_72' title="bbox 2187 2717 3798 2791">
     <span class='ocr_line' id='line_1_72' title="bbox 2187 2717 3798 2791; baseline -0.001 -17"><span class='ocrx_word' id='word_1_560' title='bbox 2187 2719 2323 2776; x_wconf 88' lang='lat' dir='ltr'><strong>bens</strong></span> <span class='ocrx_word' id='word_1_561' title='bbox 2355 2718 2608 2789; x_wconf 90' lang='lat' dir='ltr'><strong>Spiritum</strong></span> <span class='ocrx_word' id='word_1_562' title='bbox 2640 2725 2904 2783; x_wconf 87' lang='lat' dir='ltr'><strong>sanctum,</strong></span> <span class='ocrx_word' id='word_1_563' title='bbox 2938 2717 3027 2788; x_wconf 76' lang='lat' dir='ltr'><strong>qu&#39;t</strong></span> <span class='ocrx_word' id='word_1_564' title='bbox 3061 2734 3168 2772; x_wconf 92' lang='lat' dir='ltr'><strong>uon</strong></span> <span class='ocrx_word' id='word_1_565' title='bbox 3191 2734 3312 2772; x_wconf 89' lang='lat' dir='ltr'><strong>cum</strong></span> <span class='ocrx_word' id='word_1_566' title='bbox 3344 2717 3438 2773; x_wconf 94' lang='lat' dir='ltr'><strong>illo</strong></span> <span class='ocrx_word' id='word_1_567' title='bbox 3457 2727 3798 2791; x_wconf 85' lang='lat' dir='ltr'><strong>congregat,</strong></span> 
     </span>
    </p>
   </div>
   <div class='ocr_carea' id='block_1_73' title="bbox 2188 2813 3791 2889">
    <p class='ocr_par' dir='ltr' id='par_1_73' title="bbox 2188 2813 3791 2889">
     <span class='ocr_line' id='line_1_73' title="bbox 2188 2813 3791 2889; baseline 0.001 -19"><span class='ocrx_word' id='word_1_568' title='bbox 2188 2817 2464 2889; x_wconf 91' lang='lat' dir='ltr'><strong>quomodo</strong></span> <span class='ocrx_word' id='word_1_569' title='bbox 2495 2831 2737 2887; x_wconf 90' lang='lat' dir='ltr'><strong>unquam</strong></span> <span class='ocrx_word' id='word_1_570' title='bbox 2764 2814 2866 2869; x_wconf 89' lang='lat' dir='ltr'><strong>sub</strong></span> <span class='ocrx_word' id='word_1_571' title='bbox 2899 2815 3018 2882; x_wconf 88' lang='lat' dir='ltr'><strong>ejus</strong></span> <span class='ocrx_word' id='word_1_572' title='bbox 3050 2813 3268 2870; x_wconf 88' lang='lat' dir='ltr'><strong>nomine</strong></span> <span class='ocrx_word' id='word_1_573' title='bbox 3297 2818 3658 2888; x_wconf 78' lang='lat' dir='ltr'><strong>congregat?</strong></span> <span class='ocrx_word' id='word_1_574' title='bbox 3681 2815 3791 2871; x_wconf 81' lang='lat' dir='ltr'><strong>Hic</strong></span> 
     </span>
    </p>
   </div>
   <div class='ocr_carea' id='block_1_74' title="bbox 2193 2903 3801 2975">
    <p class='ocr_par' dir='ltr' id='par_1_74' title="bbox 2193 2903 3801 2975">
     <span class='ocr_line' id='line_1_74' title="bbox 2193 2903 3801 2975; baseline 0 -15"><span class='ocrx_word' id='word_1_575' title='bbox 2193 2905 2416 2960; x_wconf 89' lang='lat' dir='ltr'><strong>omnino</strong></span> <span class='ocrx_word' id='word_1_576' title='bbox 2469 2921 2569 2959; x_wconf 90' lang='lat' dir='ltr'><strong>nos</strong></span> <span class='ocrx_word' id='word_1_577' title='bbox 2627 2903 2886 2975; x_wconf 88' lang='lat' dir='ltr'><strong>compulit</strong></span> <span class='ocrx_word' id='word_1_578' title='bbox 2933 2903 3239 2972; x_wconf 79' lang='lat' dir='ltr'><strong>intelligere</strong></span> <span class='ocrx_word' id='word_1_579' title='bbox 3287 2919 3394 2958; x_wconf 90' lang='lat' dir='ltr'><strong>non</strong></span> <span class='ocrx_word' id='word_1_580' title='bbox 3445 2903 3574 2958; x_wconf 86' lang='lat' dir='ltr'><strong>alibi</strong></span> <span class='ocrx_word' id='word_1_581' title='bbox 3625 2920 3801 2974; x_wconf 90' lang='lat' dir='ltr'><strong>posse</strong></span> 
     </span>
    </p>
   </div>
   <div class='ocr_carea' id='block_1_75' title="bbox 2190 2992 3800 3064">
    <p class='ocr_par' dir='ltr' id='par_1_75' title="bbox 2190 2992 3800 3064">
     <span class='ocr_line' id='line_1_75' title="bbox 2190 2992 3800 3064; baseline 0 -17"><span class='ocrx_word' id='word_1_582' title='bbox 2190 2994 2304 3048; x_wconf 83' lang='lat' dir='ltr'><strong>fieri</strong></span> <span class='ocrx_word' id='word_1_583' title='bbox 2353 2993 2735 3049; x_wconf 90' lang='lat' dir='ltr'><strong>remissionem</strong></span> <span class='ocrx_word' id='word_1_584' title='bbox 2793 3001 3137 3064; x_wconf 89' lang='lat' dir='ltr'><strong>peccatorum</strong></span> <span class='ocrx_word' id='word_1_585' title='bbox 3188 2993 3292 3046; x_wconf 88' lang='lat' dir='ltr'><strong>nisi</strong></span> <span class='ocrx_word' id='word_1_586' title='bbox 3335 2993 3389 3048; x_wconf 90' lang='lat' dir='ltr'><strong>in</strong></span> <span class='ocrx_word' id='word_1_587' title='bbox 3421 2992 3622 3048; x_wconf 87' lang='lat' dir='ltr'><strong>Christi</strong></span> <span class='ocrx_word' id='word_1_588' title='bbox 3655 3009 3800 3049; x_wconf 86' lang='lat' dir='ltr'><strong>con-</strong></span> 
     </span>
    </p>
   </div>
   <div class='ocr_carea' id='block_1_76' title="bbox 2187 3082 3058 3156">
    <p class='ocr_par' dir='ltr' id='par_1_76' title="bbox 2187 3082 3058 3156">
     <span class='ocr_line' id='line_1_76' title="bbox 2187 3082 3058 3156; baseline -0.002 -20"><span class='ocrx_word' id='word_1_589' title='bbox 2187 3083 2503 3156; x_wconf 83' lang='lat' dir='ltr'><strong>gregatione</strong></span> <span class='ocrx_word' id='word_1_590' title='bbox 2535 3098 2656 3154; x_wconf 69' lang='lat' dir='ltr'><strong>qua:</strong></span> <span class='ocrx_word' id='word_1_591' title='bbox 2686 3097 2792 3136; x_wconf 91' lang='lat' dir='ltr'><strong>non</strong></span> <span class='ocrx_word' id='word_1_592' title='bbox 2827 3082 3058 3153; x_wconf 86' lang='lat' dir='ltr'><strong>spargit.</strong></span> 
     </span>
    </p>
   </div>
   <div class='ocr_carea' id='block_1_77' title="bbox 2266 3187 3803 3258">
    <p class='ocr_par' dir='ltr' id='par_1_77' title="bbox 2266 3187 3803 3258">
     <span class='ocr_line' id='line_1_77' title="bbox 2266 3187 3803 3258; baseline 0 -15"><span class='ocrx_word' id='word_1_593' title='bbox 2266 3215 2286 3236; x_wconf 74' lang='grc' dir='ltr'><strong><em>υ</em></strong></span> <span class='ocrx_word' id='word_1_594' title='bbox 2323 3190 2458 3243; x_wconf 91' lang='lat' dir='ltr'><strong>Cum</strong></span> <span class='ocrx_word' id='word_1_595' title='bbox 2490 3187 2800 3242; x_wconf 90' lang='lat' dir='ltr'><strong>immundus</strong></span> <span class='ocrx_word' id='word_1_596' title='bbox 2833 3187 3054 3258; x_wconf 89' lang='lat' dir='ltr'><strong>spiritus</strong></span> <span class='ocrx_word' id='word_1_597' title='bbox 3086 3187 3281 3258; x_wconf 83' lang='lat' dir='ltr'><strong>exierit</strong></span> <span class='ocrx_word' id='word_1_598' title='bbox 3310 3187 3379 3242; x_wconf 91' lang='lat' dir='ltr'><strong>ab</strong></span> <span class='ocrx_word' id='word_1_599' title='bbox 3407 3187 3655 3254; x_wconf 90' lang='lat' dir='ltr'><strong>homine,</strong></span> <span class='ocrx_word' id='word_1_600' title='bbox 3690 3205 3803 3243; x_wconf 84' lang='lat' dir='ltr'><strong>arn-</strong></span> 
     </span>
    </p>
   </div>
   <div class='ocr_carea' id='block_1_78' title="bbox 2189 3276 3797 3348">
    <p class='ocr_par' dir='ltr' id='par_1_78' title="bbox 2189 3276 3797 3348">
     <span class='ocr_line' id='line_1_78' title="bbox 2189 3276 3797 3348; baseline -0.001 -15"><span class='ocrx_word' id='word_1_601' title='bbox 2189 3279 2338 3333; x_wconf 89' lang='lat' dir='ltr'><strong>bulat</strong></span> <span class='ocrx_word' id='word_1_602' title='bbox 2360 3295 2456 3348; x_wconf 92' lang='lat' dir='ltr'><strong>per</strong></span> <span class='ocrx_word' id='word_1_603' title='bbox 2477 3277 2594 3332; x_wconf 90' lang='lat' dir='ltr'><strong>loca</strong></span> <span class='ocrx_word' id='word_1_604' title='bbox 2611 3277 2766 3332; x_wconf 91' lang='lat' dir='ltr'><strong>arida</strong></span> <span class='ocrx_word' id='word_1_605' title='bbox 2785 3293 3033 3346; x_wconf 71' lang='lat' dir='ltr'><strong>quaerens</strong></span> <span class='ocrx_word' id='word_1_606' title='bbox 3051 3276 3378 3347; x_wconf 78' lang='lat' dir='ltr'><strong>requiem,et</strong></span> <span class='ocrx_word' id='word_1_607' title='bbox 3393 3293 3500 3331; x_wconf 89' lang='lat' dir='ltr'><strong>non</strong></span> <span class='ocrx_word' id='word_1_608' title='bbox 3521 3277 3755 3332; x_wconf 89' lang='lat' dir='ltr'><strong>invenit.</strong></span> <span class='ocrx_word' id='word_1_609' title='bbox 3770 3302 3797 3325; x_wconf 74' lang='grc' dir='ltr'><strong>ιι</strong></span> 
     </span>
    </p>
   </div>
   <div class='ocr_carea' id='block_1_79' title="bbox 2193 3365 3803 3437">
    <p class='ocr_par' dir='ltr' id='par_1_79' title="bbox 2193 3365 3803 3437">
     <span class='ocr_line' id='line_1_79' title="bbox 2193 3365 3803 3437; baseline -0.001 -15"><span class='ocrx_word' id='word_1_610' title='bbox 2193 3369 2425 3422; x_wconf 82' lang='lat' dir='ltr'><strong>Possunt</strong></span> <span class='ocrx_word' id='word_1_611' title='bbox 2457 3366 2572 3422; x_wconf 70' lang='lat' dir='ltr'><strong>haec</strong></span> <span class='ocrx_word' id='word_1_612' title='bbox 2604 3381 2708 3421; x_wconf 93' lang='lat' dir='ltr'><strong>non</strong></span> <span class='ocrx_word' id='word_1_613' title='bbox 2760 3365 3207 3422; x_wconf 90' lang='lat' dir='ltr'><strong>inconvenienter</strong></span> <span class='ocrx_word' id='word_1_614' title='bbox 3243 3365 3415 3436; x_wconf 91' lang='lat' dir='ltr'><strong>accipi</strong></span> <span class='ocrx_word' id='word_1_615' title='bbox 3446 3365 3515 3420; x_wconf 90' lang='lat' dir='ltr'><strong>de</strong></span> <span class='ocrx_word' id='word_1_616' title='bbox 3547 3367 3803 3437; x_wconf 86' lang='lat' dir='ltr'><strong>quolibet</strong></span> 
     </span>
    </p>
   </div>
   <div class='ocr_carea' id='block_1_80' title="bbox 2192 3463 3791 3530">
    <p class='ocr_par' dir='ltr' id='par_1_80' title="bbox 2192 3463 3791 3530">
     <span class='ocr_line' id='line_1_80' title="bbox 2192 3463 3791 3530; baseline 0 -10"><span class='ocrx_word' id='word_1_617' title='bbox 2192 3465 2453 3520; x_wconf 70' lang='lat' dir='ltr'><strong>haeretica</strong></span> <span class='ocrx_word' id='word_1_618' title='bbox 2482 3463 2564 3519; x_wconf 92' lang='lat' dir='ltr'><strong>vel</strong></span> <span class='ocrx_word' id='word_1_619' title='bbox 2595 3463 2962 3530; x_wconf 90' lang='lat' dir='ltr'><strong>schismatico,</strong></span> <span class='ocrx_word' id='word_1_620' title='bbox 2999 3463 3081 3519; x_wconf 91' lang='lat' dir='ltr'><strong>vel</strong></span> <span class='ocrx_word' id='word_1_621' title='bbox 3113 3463 3269 3518; x_wconf 88' lang='lat' dir='ltr'><strong>etiam</strong></span> <span class='ocrx_word' id='word_1_622' title='bbox 3302 3463 3445 3519; x_wconf 90' lang='lat' dir='ltr'><strong>malo</strong></span> <span class='ocrx_word' id='word_1_623' title='bbox 3477 3465 3791 3520; x_wconf 81' lang='lat' dir='ltr'><strong>Catholica.</strong></span> 
     </span>
    </p>
   </div>
   <div class='ocr_carea' id='block_1_81' title="bbox 2193 3553 3802 3626">
    <p class='ocr_par' dir='ltr' id='par_1_81' title="bbox 2193 3553 3802 3626">
     <span class='ocr_line' id='line_1_81' title="bbox 2193 3553 3802 3626; baseline -0.001 -17"><span class='ocrx_word' id='word_1_624' title='bbox 2193 3555 2272 3609; x_wconf 91' lang='lat' dir='ltr'><strong>De</strong></span> <span class='ocrx_word' id='word_1_625' title='bbox 2301 3570 2409 3626; x_wconf 85' lang='lat' dir='ltr'><strong>quo</strong></span> <span class='ocrx_word' id='word_1_626' title='bbox 2437 3569 2560 3607; x_wconf 91' lang='lat' dir='ltr'><strong>cum</strong></span> <span class='ocrx_word' id='word_1_627' title='bbox 2606 3561 2851 3624; x_wconf 89' lang='lat' dir='ltr'><strong>tempore</strong></span> <span class='ocrx_word' id='word_1_628' title='bbox 2901 3553 3249 3623; x_wconf 82' lang='lat' dir='ltr'><strong>baptismatis</strong></span> <span class='ocrx_word' id='word_1_629' title='bbox 3299 3553 3522 3624; x_wconf 91' lang='lat' dir='ltr'><strong>spiritus</strong></span> <span class='ocrx_word' id='word_1_630' title='bbox 3551 3553 3802 3608; x_wconf 84' lang='lat' dir='ltr'><strong>immun-</strong></span> 
     </span>
    </p>
   </div>
   <div class='ocr_carea' id='block_1_82' title="bbox 2191 3641 3802 3713">
    <p class='ocr_par' dir='ltr' id='par_1_82' title="bbox 2191 3641 3802 3713">
     <span class='ocr_line' id='line_1_82' title="bbox 2191 3641 3802 3713; baseline -0.001 -15"><span class='ocrx_word' id='word_1_631' title='bbox 2191 3644 2295 3699; x_wconf 89' lang='lat' dir='ltr'><strong>dus</strong></span> <span class='ocrx_word' id='word_1_632' title='bbox 2351 3643 2537 3698; x_wconf 88' lang='lat' dir='ltr'><strong>exierit</strong></span> <span class='ocrx_word' id='word_1_633' title='bbox 2593 3642 2842 3697; x_wconf 85' lang='lat' dir='ltr'><strong>ambulat</strong></span> <span class='ocrx_word' id='word_1_634' title='bbox 2901 3658 3004 3713; x_wconf 89' lang='lat' dir='ltr'><strong>per</strong></span> <span class='ocrx_word' id='word_1_635' title='bbox 3078 3643 3196 3698; x_wconf 90' lang='lat' dir='ltr'><strong>loca</strong></span> <span class='ocrx_word' id='word_1_636' title='bbox 3253 3641 3544 3713; x_wconf 90' lang='lat' dir='ltr'><strong>inaquosa,</strong></span> <span class='ocrx_word' id='word_1_637' title='bbox 3605 3643 3664 3697; x_wconf 89' lang='lat' dir='ltr'><strong>id</strong></span> <span class='ocrx_word' id='word_1_638' title='bbox 3717 3651 3802 3698; x_wconf 88' lang='lat' dir='ltr'><strong>est</strong></span> 
     </span>
    </p>
   </div>
   <div class='ocr_carea' id='block_1_83' title="bbox 2193 3739 3802 3811">
    <p class='ocr_par' dir='ltr' id='par_1_83' title="bbox 2193 3739 3802 3811">
     <span class='ocr_line' id='line_1_83' title="bbox 2193 3739 3802 3811; baseline 0 -15"><span class='ocrx_word' id='word_1_639' title='bbox 2193 3740 2389 3796; x_wconf 87' lang='lat' dir='ltr'><strong>circuit</strong></span> <span class='ocrx_word' id='word_1_640' title='bbox 2447 3741 2615 3796; x_wconf 92' lang='lat' dir='ltr'><strong>corda</strong></span> <span class='ocrx_word' id='word_1_641' title='bbox 2670 3739 2908 3795; x_wconf 86' lang='lat' dir='ltr'><strong>fidelium</strong></span> <span class='ocrx_word' id='word_1_642' title='bbox 2961 3739 3580 3811; x_wconf 84' lang='lat' dir='ltr'><strong>expurgataamollitie</strong></span> <span class='ocrx_word' id='word_1_643' title='bbox 3637 3741 3802 3796; x_wconf 72' lang='lat' dir='ltr'><strong>ﬂuxae</strong></span> 
     </span>
    </p>
   </div>
   <div class='ocr_carea' id='block_1_84' title="bbox 2194 3827 3803 3902">
    <p class='ocr_par' dir='ltr' id='par_1_84' title="bbox 2194 3827 3803 3902">
     <span class='ocr_line' id='line_1_84' title="bbox 2194 3827 3803 3902; baseline -0.001 -15"><span class='ocrx_word' id='word_1_644' title='bbox 2194 3829 2562 3902; x_wconf 88' lang='lat' dir='ltr'><strong>cogitationis.</strong></span> <span class='ocrx_word' id='word_1_645' title='bbox 2605 3828 2866 3900; x_wconf 88' lang='lat' dir='ltr'><strong>Requiem</strong></span> <span class='ocrx_word' id='word_1_646' title='bbox 2917 3828 3108 3900; x_wconf 68' lang='lat' dir='ltr'><strong>quaerit</strong></span> <span class='ocrx_word' id='word_1_647' title='bbox 3150 3837 3201 3883; x_wconf 92' lang='lat' dir='ltr'><strong>et</strong></span> <span class='ocrx_word' id='word_1_648' title='bbox 3251 3843 3357 3884; x_wconf 92' lang='lat' dir='ltr'><strong>non</strong></span> <span class='ocrx_word' id='word_1_649' title='bbox 3402 3827 3636 3895; x_wconf 89' lang='lat' dir='ltr'><strong>invenit,</strong></span> <span class='ocrx_word' id='word_1_650' title='bbox 3673 3830 3803 3902; x_wconf 82' lang='lat' dir='ltr'><strong>quia</strong></span> 
     </span>
    </p>
   </div>
   <div class='ocr_carea' id='block_1_85' title="bbox 2193 3917 3801 3990">
    <p class='ocr_par' dir='ltr' id='par_1_85' title="bbox 2193 3917 3801 3990">
     <span class='ocr_line' id='line_1_85' title="bbox 2193 3917 3801 3990; baseline 0 -15"><span class='ocrx_word' id='word_1_651' title='bbox 2193 3927 2371 3975; x_wconf 88' lang='lat' dir='ltr'><strong>castas</strong></span> <span class='ocrx_word' id='word_1_652' title='bbox 2402 3926 2612 3972; x_wconf 89' lang='lat' dir='ltr'><strong>mentes</strong></span> <span class='ocrx_word' id='word_1_653' title='bbox 2643 3917 2948 3972; x_wconf 88' lang='lat' dir='ltr'><strong>inhabitare</strong></span> <span class='ocrx_word' id='word_1_654' title='bbox 2994 3931 3100 3971; x_wconf 92' lang='lat' dir='ltr'><strong>non</strong></span> <span class='ocrx_word' id='word_1_655' title='bbox 3146 3923 3344 3987; x_wconf 91' lang='lat' dir='ltr'><strong>potest,</strong></span> <span class='ocrx_word' id='word_1_656' title='bbox 3376 3931 3480 3972; x_wconf 91' lang='lat' dir='ltr'><strong>nec</strong></span> <span class='ocrx_word' id='word_1_657' title='bbox 3509 3918 3801 3990; x_wconf 67' lang='lat' dir='ltr'><strong>quiescere</strong></span> 
     </span>
    </p>
   </div>
   <div class='ocr_carea' id='block_1_86' title="bbox 2196 4011 3797 4086">
    <p class='ocr_par' dir='ltr' id='par_1_86' title="bbox 2196 4011 3797 4086">
     <span class='ocr_line' id='line_1_86' title="bbox 2196 4011 3797 4086; baseline -0.001 -16"><span class='ocrx_word' id='word_1_658' title='bbox 2196 4014 2299 4070; x_wconf 90' lang='lat' dir='ltr'><strong>nisi</strong></span> <span class='ocrx_word' id='word_1_659' title='bbox 2330 4015 2382 4070; x_wconf 91' lang='lat' dir='ltr'><strong>in</strong></span> <span class='ocrx_word' id='word_1_660' title='bbox 2414 4030 2582 4086; x_wconf 87' lang='lat' dir='ltr'><strong>pravo</strong></span> <span class='ocrx_word' id='word_1_661' title='bbox 2614 4013 2796 4070; x_wconf 92' lang='lat' dir='ltr'><strong>corde.</strong></span> <span class='ocrx_word' id='word_1_662' title='bbox 2844 4013 3003 4070; x_wconf 89' lang='lat' dir='ltr'><strong>Unde</strong></span> <span class='ocrx_word' id='word_1_663' title='bbox 3048 4012 3311 4068; x_wconf 89' lang='lat' dir='ltr'><strong>Dominus</strong></span> <span class='ocrx_word' id='word_1_664' title='bbox 3340 4011 3410 4068; x_wconf 90' lang='lat' dir='ltr'><strong>de</strong></span> <span class='ocrx_word' id='word_1_665' title='bbox 3439 4012 3537 4067; x_wconf 92' lang='lat' dir='ltr'><strong>illo</strong></span> <span class='ocrx_word' id='word_1_666' title='bbox 3569 4013 3754 4086; x_wconf 89' lang='lat' dir='ltr'><strong>inquit</strong></span> <span class='ocrx_word' id='word_1_667' title='bbox 3784 4029 3797 4068; x_wconf 92' lang='lat'>:</span> 
     </span>
    </p>
   </div>
   <div class='ocr_carea' id='block_1_87' title="bbox 2272 4100 3799 4168">
    <p class='ocr_par' dir='ltr' id='par_1_87' title="bbox 2272 4100 3799 4168">
     <span class='ocr_line' id='line_1_87' title="bbox 2272 4100 3799 4168; baseline -0.001 -9"><span class='ocrx_word' id='word_1_668' title='bbox 2272 4128 2292 4152; x_wconf 84' lang='grc' dir='ltr'>ιι</span> <span class='ocrx_word' id='word_1_669' title='bbox 2321 4104 2432 4160; x_wconf 93' lang='lat' dir='ltr'><strong>Sub</strong></span> <span class='ocrx_word' id='word_1_670' title='bbox 2454 4103 2641 4158; x_wconf 90' lang='lat' dir='ltr'><strong>umbra</strong></span> <span class='ocrx_word' id='word_1_671' title='bbox 2662 4102 2882 4168; x_wconf 89' lang='lat' dir='ltr'><strong>dormit,</strong></span> <span class='ocrx_word' id='word_1_672' title='bbox 2913 4101 2966 4156; x_wconf 91' lang='lat' dir='ltr'><strong>in</strong></span> <span class='ocrx_word' id='word_1_673' title='bbox 2993 4109 3212 4157; x_wconf 90' lang='lat' dir='ltr'><strong>secreto</strong></span> <span class='ocrx_word' id='word_1_674' title='bbox 3232 4100 3425 4157; x_wconf 87' lang='lat' dir='ltr'><strong>calami</strong></span> <span class='ocrx_word' id='word_1_675' title='bbox 3451 4109 3505 4157; x_wconf 92' lang='lat' dir='ltr'><strong>et</strong></span> <span class='ocrx_word' id='word_1_676' title='bbox 3527 4101 3677 4158; x_wconf 88' lang='lat' dir='ltr'><strong>locis</strong></span> <span class='ocrx_word' id='word_1_677' title='bbox 3707 4104 3799 4158; x_wconf 87' lang='lat' dir='ltr'><strong>hu-</strong></span> 
     </span>
    </p>
   </div>
   <div class='ocr_carea' id='block_1_88' title="bbox 2195 4190 3801 4262">
    <p class='ocr_par' dir='ltr' id='par_1_88' title="bbox 2195 4190 3801 4262">
     <span class='ocr_line' id='line_1_88' title="bbox 2195 4190 3801 4262; baseline -0.002 -13"><span class='ocrx_word' id='word_1_678' title='bbox 2195 4193 2467 4249; x_wconf 84' lang='lat' dir='ltr'><strong>mentibus</strong></span> <span class='ocrx_word' id='word_1_679' title='bbox 2501 4193 2636 4260; x_wconf 84' lang='lat' dir='ltr'><strong>(Job.</strong></span> <span class='ocrx_word' id='word_1_680' title='bbox 2671 4193 2778 4262; x_wconf 77' lang='lat' dir='ltr'><strong>1.x).</strong></span> <span class='ocrx_word' id='word_1_681' title='bbox 2815 4214 2836 4238; x_wconf 84' lang='grc'><strong>››</strong></span> <span class='ocrx_word' id='word_1_682' title='bbox 2873 4191 2931 4245; x_wconf 86' lang='lat' dir='ltr'><strong>In</strong></span> <span class='ocrx_word' id='word_1_683' title='bbox 2973 4190 3165 4246; x_wconf 89' lang='lat' dir='ltr'><strong>umbra</strong></span> <span class='ocrx_word' id='word_1_684' title='bbox 3210 4190 3442 4245; x_wconf 89' lang='lat' dir='ltr'><strong>insinuat</strong></span> <span class='ocrx_word' id='word_1_685' title='bbox 3473 4191 3801 4248; x_wconf 74' lang='lat' dir='ltr'><strong>tenebrosa:</strong></span> 
     </span>
    </p>
   </div>
   <div class='ocr_carea' id='block_1_89' title="bbox 2197 4277 3803 4351">
    <p class='ocr_par' dir='ltr' id='par_1_89' title="bbox 2197 4277 3803 4351">
     <span class='ocr_line' id='line_1_89' title="bbox 2197 4277 3803 4351; baseline -0.003 -12"><span class='ocrx_word' id='word_1_686' title='bbox 2197 4282 2600 4345; x_wconf 87' lang='lat' dir='ltr'><strong>conscientias;</strong></span> <span class='ocrx_word' id='word_1_687' title='bbox 2646 4280 2700 4334; x_wconf 92' lang='lat' dir='ltr'><strong>in</strong></span> <span class='ocrx_word' id='word_1_688' title='bbox 2744 4279 2957 4336; x_wconf 88' lang='lat' dir='ltr'><strong>calamo</strong></span> <span class='ocrx_word' id='word_1_689' title='bbox 2997 4279 3088 4351; x_wconf 88' lang='lat' dir='ltr'><strong>qui</strong></span> <span class='ocrx_word' id='word_1_690' title='bbox 3146 4277 3276 4334; x_wconf 86' lang='lat' dir='ltr'><strong>foris</strong></span> <span class='ocrx_word' id='word_1_691' title='bbox 3331 4285 3414 4333; x_wconf 92' lang='lat' dir='ltr'><strong>est</strong></span> <span class='ocrx_word' id='word_1_692' title='bbox 3466 4279 3701 4348; x_wconf 90' lang='lat' dir='ltr'><strong>nitidus,</strong></span> <span class='ocrx_word' id='word_1_693' title='bbox 3751 4288 3803 4335; x_wconf 85' lang='lat' dir='ltr'><strong>et</strong></span> 
     </span>
    </p>
   </div>
   <div class='ocr_carea' id='block_1_90' title="bbox 2196 4377 3800 4446">
    <p class='ocr_par' dir='ltr' id='par_1_90' title="bbox 2196 4377 3800 4446">
     <span class='ocr_line' id='line_1_90' title="bbox 2196 4377 3800 4446; baseline -0.001 -10"><span class='ocrx_word' id='word_1_694' title='bbox 2196 4381 2342 4436; x_wconf 91' lang='lat' dir='ltr'><strong>intus</strong></span> <span class='ocrx_word' id='word_1_695' title='bbox 2371 4396 2572 4436; x_wconf 89' lang='lat' dir='ltr'><strong>vacuus</strong></span> <span class='ocrx_word' id='word_1_696' title='bbox 2603 4387 2704 4442; x_wconf 92' lang='lat' dir='ltr'><strong>est,</strong></span> <span class='ocrx_word' id='word_1_697' title='bbox 2739 4386 2950 4435; x_wconf 90' lang='lat' dir='ltr'><strong>mentes</strong></span> <span class='ocrx_word' id='word_1_698' title='bbox 2992 4377 3397 4446; x_wconf 83' lang='lat' dir='ltr'><strong>simulatrices;</strong></span> <span class='ocrx_word' id='word_1_699' title='bbox 3431 4377 3487 4432; x_wconf 89' lang='lat' dir='ltr'><strong>in</strong></span> <span class='ocrx_word' id='word_1_700' title='bbox 3516 4377 3663 4435; x_wconf 92' lang='lat' dir='ltr'><strong>locis</strong></span> <span class='ocrx_word' id='word_1_701' title='bbox 3695 4379 3800 4434; x_wconf 86' lang='lat' dir='ltr'><strong>hu-</strong></span> 
     </span>
    </p>
   </div>
   <div class='ocr_carea' id='block_1_91' title="bbox 491 4446 2080 4539">
    <p class='ocr_par' dir='ltr' id='par_1_91' title="bbox 491 4446 2080 4526">
     <span class='ocr_line' id='line_1_91' title="bbox 491 4446 2080 4526; baseline 0.006 -27"><span class='ocrx_word' id='word_1_702' title='bbox 491 4446 675 4514; x_wconf 81' lang='lat' dir='ltr'><strong>(Joan.</strong></span> <span class='ocrx_word' id='word_1_703' title='bbox 735 4446 856 4513; x_wconf 79' lang='lat' dir='ltr'><strong>xu).</strong></span> <span class='ocrx_word' id='word_1_704' title='bbox 907 4468 924 4493; x_wconf 68' lang='grc' dir='ltr'><strong>τι</strong></span> <span class='ocrx_word' id='word_1_705' title='bbox 986 4447 1195 4502; x_wconf 79' lang='lat' dir='ltr'><strong>Fortior</strong></span> <span class='ocrx_word' id='word_1_706' title='bbox 1251 4449 1342 4504; x_wconf 92' lang='lat' dir='ltr'><strong>illo</strong></span> <span class='ocrx_word' id='word_1_707' title='bbox 1375 4447 1472 4502; x_wconf 89' lang='lat' dir='ltr'><strong>fuit</strong></span> <span class='ocrx_word' id='word_1_708' title='bbox 1528 4449 1644 4520; x_wconf 91' lang='lat' dir='ltr'><strong>ipse</strong></span> <span class='ocrx_word' id='word_1_709' title='bbox 1693 4451 1956 4507; x_wconf 91' lang='lat' dir='ltr'><strong>Dominus</strong></span> <span class='ocrx_word' id='word_1_710' title='bbox 1987 4453 2080 4526; x_wconf 92' lang='lat' dir='ltr'><strong>qui</strong></span> 
     </span>
    </p>
   </div>
   <div class='ocr_carea' id='block_1_92' title="bbox 2197 4446 3803 4539">
    <p class='ocr_par' dir='ltr' id='par_1_92' title="bbox 2197 4467 3803 4526">
     <span class='ocr_line' id='line_1_92' title="bbox 2197 4467 3803 4526; baseline -0.002 0"><span class='ocrx_word' id='word_1_711' title='bbox 2197 4470 2467 4526; x_wconf 90' lang='lat' dir='ltr'><strong>mentibus</strong></span> <span class='ocrx_word' id='word_1_712' title='bbox 2497 4468 2729 4525; x_wconf 87' lang='lat' dir='ltr'><strong>lascivas</strong></span> <span class='ocrx_word' id='word_1_713' title='bbox 2759 4477 2811 4523; x_wconf 90' lang='lat' dir='ltr'><strong>et</strong></span> <span class='ocrx_word' id='word_1_714' title='bbox 2841 4467 3051 4523; x_wconf 85' lang='lat' dir='ltr'><strong>molles.</strong></span> <span class='ocrx_word' id='word_1_715' title='bbox 3085 4467 3236 4524; x_wconf 90' lang='lat' dir='ltr'><strong>Tunc</strong></span> <span class='ocrx_word' id='word_1_716' title='bbox 3269 4467 3398 4522; x_wconf 91' lang='lat' dir='ltr'><strong>dicit</strong></span> <span class='ocrx_word' id='word_1_717' title='bbox 3428 4484 3442 4521; x_wconf 93' lang='lat'>:</span> <span class='ocrx_word' id='word_1_718' title='bbox 3483 4489 3505 4516; x_wconf 74' lang='grc' dir='ltr'><strong>«ι</strong></span> <span class='ocrx_word' id='word_1_719' title='bbox 3532 4468 3803 4525; x_wconf 84' lang='lat' dir='ltr'><strong>Revertar</strong></span> 
     </span>
    </p>
   </div>
   <div class='ocr_carea' id='block_1_93' title="bbox 494 4542 2084 4622">
    <p class='ocr_par' dir='ltr' id='par_1_93' title="bbox 494 4542 2084 4622">
     <span class='ocr_line' id='line_1_93' title="bbox 494 4542 2084 4622; baseline 0.005 -24"><span class='ocrx_word' id='word_1_720' title='bbox 494 4557 644 4598; x_wconf 86' lang='lat' dir='ltr'><strong>arma</strong></span> <span class='ocrx_word' id='word_1_721' title='bbox 676 4542 795 4609; x_wconf 90' lang='lat' dir='ltr'><strong>ejus</strong></span> <span class='ocrx_word' id='word_1_722' title='bbox 823 4542 1062 4610; x_wconf 89' lang='lat' dir='ltr'><strong>abstulit,</strong></span> <span class='ocrx_word' id='word_1_723' title='bbox 1124 4545 1176 4599; x_wconf 93' lang='lat' dir='ltr'><strong>id</strong></span> <span class='ocrx_word' id='word_1_724' title='bbox 1210 4555 1291 4600; x_wconf 92' lang='lat' dir='ltr'><strong>est</strong></span> <span class='ocrx_word' id='word_1_725' title='bbox 1321 4546 1542 4600; x_wconf 90' lang='lat' dir='ltr'><strong>astutias</strong></span> <span class='ocrx_word' id='word_1_726' title='bbox 1592 4555 1644 4602; x_wconf 91' lang='lat' dir='ltr'><strong>et</strong></span> <span class='ocrx_word' id='word_1_727' title='bbox 1694 4548 1849 4604; x_wconf 91' lang='lat' dir='ltr'><strong>dolos</strong></span> <span class='ocrx_word' id='word_1_728' title='bbox 1888 4551 2084 4622; x_wconf 88' lang='lat' dir='ltr'><strong>nequi-</strong></span> 
     </span>
    </p>
   </div>
   <div class='ocr_carea' id='block_1_94' title="bbox 493 4629 2084 4706">
    <p class='ocr_par' dir='ltr' id='par_1_94' title="bbox 493 4629 2084 4706">
     <span class='ocr_line' id='line_1_94' title="bbox 493 4629 2084 4706; baseline 0.006 -20"><span class='ocrx_word' id='word_1_729' title='bbox 493 4631 581 4687; x_wconf 71' lang='lat' dir='ltr'><strong>tiae</strong></span> <span class='ocrx_word' id='word_1_730' title='bbox 612 4629 893 4701; x_wconf 87' lang='lat' dir='ltr'><strong>spiritalis.</strong></span> <span class='ocrx_word' id='word_1_731' title='bbox 927 4632 990 4685; x_wconf 85' lang='lat' dir='ltr'><strong>Et</strong></span> <span class='ocrx_word' id='word_1_732' title='bbox 1040 4632 1119 4688; x_wconf 90' lang='lat' dir='ltr'><strong>sic</strong></span> <span class='ocrx_word' id='word_1_733' title='bbox 1163 4634 1456 4689; x_wconf 88' lang='lat' dir='ltr'><strong>adimendo</strong></span> <span class='ocrx_word' id='word_1_734' title='bbox 1496 4643 1820 4706; x_wconf 90' lang='lat' dir='ltr'><strong>potestatem</strong></span> <span class='ocrx_word' id='word_1_735' title='bbox 1854 4653 1886 4693; x_wconf 91' lang='lat' dir='ltr'><strong>a</strong></span> <span class='ocrx_word' id='word_1_736' title='bbox 1918 4639 2084 4694; x_wconf 90' lang='lat' dir='ltr'><strong>sedu-</strong></span> 
     </span>
    </p>
   </div>
   <div class='ocr_carea' id='block_1_95' title="bbox 492 4717 2086 4796">
    <p class='ocr_par' dir='ltr' id='par_1_95' title="bbox 492 4717 2086 4796">
     <span class='ocr_line' id='line_1_95' title="bbox 492 4717 2086 4796; baseline 0.004 -21"><span class='ocrx_word' id='word_1_737' title='bbox 492 4720 672 4776; x_wconf 90' lang='lat' dir='ltr'><strong>ctione</strong></span> <span class='ocrx_word' id='word_1_738' title='bbox 701 4717 1002 4774; x_wconf 73' lang='lat' dir='ltr'><strong>electorum</strong></span> <span class='ocrx_word' id='word_1_739' title='bbox 1034 4735 1389 4792; x_wconf 86' lang='lat' dir='ltr'><strong>compescere</strong></span> <span class='ocrx_word' id='word_1_740' title='bbox 1433 4724 1632 4796; x_wconf 84' lang='lat' dir='ltr'><strong>coegit,</strong></span> <span class='ocrx_word' id='word_1_741' title='bbox 1667 4726 1809 4796; x_wconf 91' lang='lat' dir='ltr'><strong>quod</strong></span> <span class='ocrx_word' id='word_1_742' title='bbox 1843 4727 1938 4781; x_wconf 87' lang='lat' dir='ltr'><strong>fuit</strong></span> <span class='ocrx_word' id='word_1_743' title='bbox 1967 4727 2086 4782; x_wconf 82' lang='lat' dir='ltr'><strong>alli-</strong></span> 
     </span>
    </p>
   </div>
   <div class='ocr_carea' id='block_1_96' title="bbox 489 4817 2087 4890">
    <p class='ocr_par' dir='ltr' id='par_1_96' title="bbox 489 4817 2087 4890">
     <span class='ocr_line' id='line_1_96' title="bbox 489 4817 2087 4890; baseline 0.006 -18"><span class='ocrx_word' id='word_1_744' title='bbox 489 4833 620 4890; x_wconf 89' lang='lat' dir='ltr'><strong>gare</strong></span> <span class='ocrx_word' id='word_1_745' title='bbox 649 4817 864 4871; x_wconf 87' lang='lat' dir='ltr'><strong>fortem.</strong></span> <span class='ocrx_word' id='word_1_746' title='bbox 923 4817 1107 4887; x_wconf 91' lang='lat' dir='ltr'><strong>Spolia</strong></span> <span class='ocrx_word' id='word_1_747' title='bbox 1153 4835 1251 4874; x_wconf 91' lang='lat' dir='ltr'><strong>seu</strong></span> <span class='ocrx_word' id='word_1_748' title='bbox 1299 4835 1438 4874; x_wconf 89' lang='lat' dir='ltr'><strong>vasa</strong></span> <span class='ocrx_word' id='word_1_749' title='bbox 1489 4831 1610 4875; x_wconf 87' lang='lat' dir='ltr'><strong>sunt</strong></span> <span class='ocrx_word' id='word_1_750' title='bbox 1640 4823 1889 4879; x_wconf 90' lang='lat' dir='ltr'><strong>homines</strong></span> <span class='ocrx_word' id='word_1_751' title='bbox 1921 4825 1990 4879; x_wconf 90' lang='lat' dir='ltr'><strong>ab</strong></span> <span class='ocrx_word' id='word_1_752' title='bbox 2022 4841 2087 4882; x_wconf 93' lang='lat' dir='ltr'><strong>eo</strong></span> 
     </span>
    </p>
   </div>
   <div class='ocr_carea' id='block_1_97' title="bbox 487 4905 2089 4980">
    <p class='ocr_par' dir='ltr' id='par_1_97' title="bbox 487 4905 2089 4980">
     <span class='ocr_line' id='line_1_97' title="bbox 487 4905 2089 4980; baseline 0.004 -17"><span class='ocrx_word' id='word_1_753' title='bbox 487 4905 725 4976; x_wconf 91' lang='lat' dir='ltr'><strong>decepti,</strong></span> <span class='ocrx_word' id='word_1_754' title='bbox 759 4921 882 4976; x_wconf 61' lang='lat' dir='ltr'><strong>qua</strong></span> <span class='ocrx_word' id='word_1_755' title='bbox 911 4905 1087 4962; x_wconf 89' lang='lat' dir='ltr'><strong>victor</strong></span> <span class='ocrx_word' id='word_1_756' title='bbox 1115 4908 1362 4964; x_wconf 85' lang='lat' dir='ltr'><strong>Christus</strong></span> <span class='ocrx_word' id='word_1_757' title='bbox 1392 4909 1685 4965; x_wconf 89' lang='lat' dir='ltr'><strong>distribuit.</strong></span> <span class='ocrx_word' id='word_1_758' title='bbox 1721 4909 1875 4980; x_wconf 89' lang='lat' dir='ltr'><strong>Quod</strong></span> <span class='ocrx_word' id='word_1_759' title='bbox 1907 4922 1987 4968; x_wconf 91' lang='lat' dir='ltr'><strong>est</strong></span> <span class='ocrx_word' id='word_1_760' title='bbox 2018 4915 2089 4968; x_wconf 88' lang='lat' dir='ltr'><strong>in-</strong></span> 
     </span>
    </p>
   </div>
   <div class='ocr_carea' id='block_1_98' title="bbox 491 5004 2087 5082">
    <p class='ocr_par' dir='ltr' id='par_1_98' title="bbox 491 5004 2087 5082">
     <span class='ocr_line' id='line_1_98' title="bbox 491 5004 2087 5082; baseline 0.003 -21"><span class='ocrx_word' id='word_1_761' title='bbox 491 5008 647 5077; x_wconf 87' lang='lat' dir='ltr'><strong>signe</strong></span> <span class='ocrx_word' id='word_1_762' title='bbox 678 5004 1078 5074; x_wconf 88' lang='lat' dir='ltr'><strong>triumphantis,</strong></span> <span class='ocrx_word' id='word_1_763' title='bbox 1125 5007 1252 5078; x_wconf 86' lang='lat' dir='ltr'><strong>quia</strong></span> <span class='ocrx_word' id='word_1_764' title='bbox 1300 5007 1570 5078; x_wconf 87' lang='lat' dir='ltr'><strong>captivam</strong></span> <span class='ocrx_word' id='word_1_765' title='bbox 1615 5007 1822 5064; x_wconf 91' lang='lat' dir='ltr'><strong>ducens</strong></span> <span class='ocrx_word' id='word_1_766' title='bbox 1853 5011 2087 5082; x_wconf 82' lang='lat' dir='ltr'><strong>captivi-</strong></span> 
     </span>
    </p>
   </div>
   <div class='ocr_carea' id='block_1_99' title="bbox 493 5101 2083 5178">
    <p class='ocr_par' dir='ltr' id='par_1_99' title="bbox 493 5101 2083 5178">
     <span class='ocr_line' id='line_1_99' title="bbox 493 5101 2083 5178; baseline 0.005 -22"><span class='ocrx_word' id='word_1_767' title='bbox 493 5112 656 5159; x_wconf 89' lang='lat' dir='ltr'><strong>tatem</strong></span> <span class='ocrx_word' id='word_1_768' title='bbox 687 5101 836 5156; x_wconf 89' lang='lat' dir='ltr'><strong>dedit</strong></span> <span class='ocrx_word' id='word_1_769' title='bbox 864 5101 1004 5156; x_wconf 90' lang='lat' dir='ltr'><strong>dona</strong></span> <span class='ocrx_word' id='word_1_770' title='bbox 1047 5103 1356 5158; x_wconf 89' lang='lat' dir='ltr'><strong>horninibus</strong></span> <span class='ocrx_word' id='word_1_771' title='bbox 1415 5106 1634 5172; x_wconf 80' lang='lat' dir='ltr'><strong>(Ephes.</strong></span> <span class='ocrx_word' id='word_1_772' title='bbox 1682 5108 1778 5178; x_wconf 79' lang='lat' dir='ltr'><strong>iv),</strong></span> <span class='ocrx_word' id='word_1_773' title='bbox 1815 5109 2083 5178; x_wconf 89' lang='lat' dir='ltr'><strong>quosdam</strong></span> 
     </span>
    </p>
   </div>
   <div class='ocr_carea' id='block_1_100' title="bbox 493 5192 2088 5266">
    <p class='ocr_par' dir='ltr' id='par_1_100' title="bbox 493 5192 2088 5266">
     <span class='ocr_line' id='line_1_100' title="bbox 493 5192 2088 5266; baseline 0.006 -22"><span class='ocrx_word' id='word_1_774' title='bbox 493 5192 790 5262; x_wconf 91' lang='lat' dir='ltr'><strong>apostolos,</strong></span> <span class='ocrx_word' id='word_1_775' title='bbox 842 5194 981 5249; x_wconf 90' lang='lat' dir='ltr'><strong>alios</strong></span> <span class='ocrx_word' id='word_1_776' title='bbox 1037 5193 1426 5265; x_wconf 86' lang='lat' dir='ltr'><strong>evangelistas,</strong></span> <span class='ocrx_word' id='word_1_777' title='bbox 1461 5195 1561 5247; x_wconf 91' lang='lat' dir='ltr'><strong>hos</strong></span> <span class='ocrx_word' id='word_1_778' title='bbox 1603 5197 1918 5266; x_wconf 70' lang='lat' dir='ltr'><strong>prOphetas,</strong></span> <span class='ocrx_word' id='word_1_779' title='bbox 1951 5198 2088 5253; x_wconf 91' lang='lat' dir='ltr'><strong>alios</strong></span> 
     </span>
    </p>
   </div>
   <div class='ocr_carea' id='block_1_101' title="bbox 487 5291 2087 5363">
    <p class='ocr_par' dir='ltr' id='par_1_101' title="bbox 487 5291 2087 5363">
     <span class='ocr_line' id='line_1_101' title="bbox 487 5291 2087 5363; baseline 0.006 -21"><span class='ocrx_word' id='word_1_780' title='bbox 487 5298 734 5358; x_wconf 86' lang='lat' dir='ltr'><strong>pastores</strong></span> <span class='ocrx_word' id='word_1_781' title='bbox 763 5291 1023 5346; x_wconf 89' lang='lat' dir='ltr'><strong>ordinans</strong></span> <span class='ocrx_word' id='word_1_782' title='bbox 1051 5297 1104 5345; x_wconf 93' lang='lat' dir='ltr'><strong>et</strong></span> <span class='ocrx_word' id='word_1_783' title='bbox 1132 5291 1410 5345; x_wconf 90' lang='lat' dir='ltr'><strong>doctores.</strong></span> <span class='ocrx_word' id='word_1_784' title='bbox 1456 5291 1629 5345; x_wconf 86' lang='lat' dir='ltr'><strong>Fortis</strong></span> <span class='ocrx_word' id='word_1_785' title='bbox 1679 5309 1816 5363; x_wconf 87' lang='lat' dir='ltr'><strong>ergo</strong></span> <span class='ocrx_word' id='word_1_786' title='bbox 1863 5295 2087 5351; x_wconf 91' lang='lat' dir='ltr'><strong>domum</strong></span> 
     </span>
    </p>
   </div>
   <div class='ocr_carea' id='block_1_102' title="bbox 487 5377 2090 5448">
    <p class='ocr_par' dir='ltr' id='par_1_102' title="bbox 487 5377 2090 5448">
     <span class='ocr_line' id='line_1_102' title="bbox 487 5377 2090 5448; baseline 0.004 -14"><span class='ocrx_word' id='word_1_787' title='bbox 487 5377 584 5434; x_wconf 83' lang='lat' dir='ltr'><strong>fuit</strong></span> <span class='ocrx_word' id='word_1_788' title='bbox 615 5377 869 5447; x_wconf 86' lang='lat' dir='ltr'><strong>diripere,</strong></span> <span class='ocrx_word' id='word_1_789' title='bbox 905 5387 1124 5448; x_wconf 80' lang='lat' dir='ltr'><strong>ereptos</strong></span> <span class='ocrx_word' id='word_1_790' title='bbox 1145 5394 1173 5431; x_wconf 90' lang='lat' dir='ltr'><strong>a</strong></span> <span class='ocrx_word' id='word_1_791' title='bbox 1205 5379 1426 5433; x_wconf 91' lang='lat' dir='ltr'><strong>diabolo</strong></span> <span class='ocrx_word' id='word_1_792' title='bbox 1455 5380 1719 5437; x_wconf 55' lang='lat' dir='ltr'><strong>Ecclesia».</strong></span> <span class='ocrx_word' id='word_1_793' title='bbox 1741 5382 2002 5446; x_wconf 88' lang='lat' dir='ltr'><strong>adunare,</strong></span> <span class='ocrx_word' id='word_1_794' title='bbox 2037 5395 2090 5441; x_wconf 92' lang='lat' dir='ltr'><strong>et</strong></span> 
     </span>
    </p>
   </div>
   <div class='ocr_carea' id='block_1_103' title="bbox 485 5473 2088 5546">
    <p class='ocr_par' dir='ltr' id='par_1_103' title="bbox 485 5473 2088 5546">
     <span class='ocr_line' id='line_1_103' title="bbox 485 5473 2088 5546; baseline 0.006 -18"><span class='ocrx_word' id='word_1_795' title='bbox 485 5490 585 5545; x_wconf 84' lang='lat' dir='ltr'><strong>per</strong></span> <span class='ocrx_word' id='word_1_796' title='bbox 613 5473 892 5528; x_wconf 90' lang='lat' dir='ltr'><strong>distinctas</strong></span> <span class='ocrx_word' id='word_1_797' title='bbox 910 5475 1174 5544; x_wconf 84' lang='lat' dir='ltr'><strong>graduum</strong></span> <span class='ocrx_word' id='word_1_798' title='bbox 1191 5474 1486 5544; x_wconf 85' lang='lat' dir='ltr'><strong>dignitates</strong></span> <span class='ocrx_word' id='word_1_799' title='bbox 1509 5493 1859 5546; x_wconf 85' lang='lat' dir='ltr'><strong>promovere.</strong></span> <span class='ocrx_word' id='word_1_800' title='bbox 1889 5482 2088 5538; x_wconf 77' lang='lat' dir='ltr'><strong>Atrium</strong></span> 
     </span>
    </p>
   </div>
   <div class='ocr_carea' id='block_1_104' title="bbox 492 5560 2089 5633">
    <p class='ocr_par' dir='ltr' id='par_1_104' title="bbox 492 5560 2089 5633">
     <span class='ocr_line' id='line_1_104' title="bbox 492 5560 2089 5633; baseline 0.009 -20"><span class='ocrx_word' id='word_1_801' title='bbox 492 5561 635 5633; x_wconf 89' lang='lat' dir='ltr'><strong>quod</strong></span> <span class='ocrx_word' id='word_1_802' title='bbox 670 5560 823 5614; x_wconf 89' lang='lat' dir='ltr'><strong>fortis</strong></span> <span class='ocrx_word' id='word_1_803' title='bbox 854 5569 1094 5614; x_wconf 84' lang='lat' dir='ltr'><strong>armatus</strong></span> <span class='ocrx_word' id='word_1_804' title='bbox 1124 5563 1382 5628; x_wconf 88' lang='lat' dir='ltr'><strong>custodit,</strong></span> <span class='ocrx_word' id='word_1_805' title='bbox 1431 5573 1508 5617; x_wconf 83' lang='lat' dir='ltr'><strong>est</strong></span> <span class='ocrx_word' id='word_1_806' title='bbox 1544 5582 1674 5632; x_wconf 82' lang='lat' dir='ltr'><strong>cor;</strong></span> <span class='ocrx_word' id='word_1_807' title='bbox 1723 5567 1874 5622; x_wconf 90' lang='lat' dir='ltr'><strong>fortis</strong></span> <span class='ocrx_word' id='word_1_808' title='bbox 1905 5586 2089 5627; x_wconf 89' lang='lat' dir='ltr'><strong>arma-</strong></span> 
     </span>
    </p>
   </div>
   <div class='ocr_carea' id='block_1_105' title="bbox 488 5648 2086 5730">
    <p class='ocr_par' dir='ltr' id='par_1_105' title="bbox 488 5648 2086 5730">
     <span class='ocr_line' id='line_1_105' title="bbox 488 5648 2086 5730; baseline 0.008 -26"><span class='ocrx_word' id='word_1_809' title='bbox 488 5660 572 5705; x_wconf 91' lang='lat' dir='ltr'><strong>tus</strong></span> <span class='ocrx_word' id='word_1_810' title='bbox 605 5648 847 5716; x_wconf 85' lang='lat' dir='ltr'><strong>malitia;</strong></span> <span class='ocrx_word' id='word_1_811' title='bbox 889 5648 1079 5701; x_wconf 78' lang='lat' dir='ltr'><strong>fortior</strong></span> <span class='ocrx_word' id='word_1_812' title='bbox 1123 5651 1533 5718; x_wconf 86' lang='lat' dir='ltr'><strong>superveniens,</strong></span> <span class='ocrx_word' id='word_1_813' title='bbox 1592 5655 1872 5725; x_wconf 79' lang='lat' dir='ltr'><strong>sapiente;</strong></span> <span class='ocrx_word' id='word_1_814' title='bbox 1917 5675 2086 5730; x_wconf 90' lang='lat' dir='ltr'><strong>arma,</strong></span> 
     </span>
    </p>
   </div>
   <div class='ocr_carea' id='block_1_106' title="bbox 487 5743 2090 5826">
    <p class='ocr_par' dir='ltr' id='par_1_106' title="bbox 487 5743 2090 5826">
     <span class='ocr_line' id='line_1_106' title="bbox 487 5743 2090 5826; baseline -0.002 -22"><span class='ocrx_word' id='word_1_815' title='bbox 487 5745 766 5804; x_wconf 86' lang='lat' dir='ltr'><strong>membra.</strong></span> <span class='ocrx_word' id='word_1_816' title='bbox 805 5743 1092 5818; x_wconf 90' lang='lat' dir='ltr'><strong>Sapientia</strong></span> <span class='ocrx_word' id='word_1_817' title='bbox 1123 5743 1358 5816; x_wconf 90' lang='lat' dir='ltr'><strong>primum</strong></span> <span class='ocrx_word' id='word_1_818' title='bbox 1391 5747 1646 5804; x_wconf 89' lang='lat' dir='ltr'><strong>malitiam</strong></span> <span class='ocrx_word' id='word_1_819' title='bbox 1689 5753 1832 5822; x_wconf 90' lang='lat' dir='ltr'><strong>capit</strong></span> <span class='ocrx_word' id='word_1_820' title='bbox 1859 5770 1963 5826; x_wconf 85' lang='lat' dir='ltr'><strong>per</strong></span> <span class='ocrx_word' id='word_1_821' title='bbox 1990 5772 2090 5816; x_wconf 73' lang='grc' dir='ltr'><strong>οο-</strong></span> 
     </span>
    </p>
   </div>
   <div class='ocr_carea' id='block_1_107' title="bbox 2196 4555 3802 4615">
    <p class='ocr_par' dir='ltr' id='par_1_107' title="bbox 2196 4555 3802 4615">
     <span class='ocr_line' id='line_1_107' title="bbox 2196 4555 3802 4615; baseline -0.001 -1"><span class='ocrx_word' id='word_1_822' title='bbox 2196 4560 2250 4614; x_wconf 92' lang='lat' dir='ltr'><strong>in</strong></span> <span class='ocrx_word' id='word_1_823' title='bbox 2279 4560 2499 4615; x_wconf 90' lang='lat' dir='ltr'><strong>domum</strong></span> <span class='ocrx_word' id='word_1_824' title='bbox 2537 4574 2713 4613; x_wconf 92' lang='lat' dir='ltr'><strong>meam</strong></span> <span class='ocrx_word' id='word_1_825' title='bbox 2764 4557 2907 4612; x_wconf 87' lang='lat' dir='ltr'><strong>unde</strong></span> <span class='ocrx_word' id='word_1_826' title='bbox 2949 4555 3111 4612; x_wconf 84' lang='lat' dir='ltr'><strong>exivi.</strong></span> <span class='ocrx_word' id='word_1_827' title='bbox 3151 4579 3173 4604; x_wconf 79' lang='grc' dir='ltr'>α</span> <span class='ocrx_word' id='word_1_828' title='bbox 3225 4557 3495 4612; x_wconf 88' lang='lat' dir='ltr'><strong>Revertar</strong></span> <span class='ocrx_word' id='word_1_829' title='bbox 3530 4557 3606 4613; x_wconf 85' lang='lat' dir='ltr'><strong>ad</strong></span> <span class='ocrx_word' id='word_1_830' title='bbox 3656 4558 3802 4612; x_wconf 88' lang='lat' dir='ltr'><strong>illius</strong></span> 
     </span>
    </p>
   </div>
   <div class='ocr_carea' id='block_1_108' title="bbox 2196 4655 3799 4725">
    <p class='ocr_par' dir='ltr' id='par_1_108' title="bbox 2196 4655 3799 4725">
     <span class='ocr_line' id='line_1_108' title="bbox 2196 4655 3799 4725; baseline -0.005 -7"><span class='ocrx_word' id='word_1_831' title='bbox 2196 4659 2608 4718; x_wconf 89' lang='lat' dir='ltr'><strong>conscientiam.</strong></span> <span class='ocrx_word' id='word_1_832' title='bbox 2666 4657 2813 4713; x_wconf 89' lang='lat' dir='ltr'><strong>unde</strong></span> <span class='ocrx_word' id='word_1_833' title='bbox 2863 4656 2917 4711; x_wconf 91' lang='lat' dir='ltr'><strong>in</strong></span> <span class='ocrx_word' id='word_1_834' title='bbox 2974 4655 3243 4725; x_wconf 89' lang='lat' dir='ltr'><strong>baptismo</strong></span> <span class='ocrx_word' id='word_1_835' title='bbox 3301 4655 3511 4725; x_wconf 88' lang='lat' dir='ltr'><strong>ejectus</strong></span> <span class='ocrx_word' id='word_1_836' title='bbox 3569 4655 3799 4722; x_wconf 84' lang='lat' dir='ltr'><strong>fueram,</strong></span> 
     </span>
    </p>
   </div>
   <div class='ocr_carea' id='block_1_109' title="bbox 2196 4744 3803 4819">
    <p class='ocr_par' dir='ltr' id='par_1_109' title="bbox 2196 4744 3803 4819">
     <span class='ocr_line' id='line_1_109' title="bbox 2196 4744 3803 4819; baseline -0.002 -16"><span class='ocrx_word' id='word_1_837' title='bbox 2196 4757 2249 4806; x_wconf 91' lang='lat' dir='ltr'><strong>et</strong></span> <span class='ocrx_word' id='word_1_838' title='bbox 2299 4747 2577 4819; x_wconf 88' lang='lat' dir='ltr'><strong>pristinam</strong></span> <span class='ocrx_word' id='word_1_839' title='bbox 2631 4745 3036 4819; x_wconf 85' lang='lat' dir='ltr'><strong>possessionem</strong></span> <span class='ocrx_word' id='word_1_840' title='bbox 3085 4753 3346 4800; x_wconf 91' lang='lat' dir='ltr'><strong>consueto</strong></span> <span class='ocrx_word' id='word_1_841' title='bbox 3417 4744 3584 4802; x_wconf 89' lang='lat' dir='ltr'><strong>modo</strong></span> <span class='ocrx_word' id='word_1_842' title='bbox 3670 4745 3803 4802; x_wconf 89' lang='lat' dir='ltr'><strong>mihi</strong></span> 
     </span>
    </p>
   </div>
   <div class='ocr_carea' id='block_1_110' title="bbox 2197 4836 2505 4908">
    <p class='ocr_par' dir='ltr' id='par_1_110' title="bbox 2197 4836 2505 4908">
     <span class='ocr_line' id='line_1_110' title="bbox 2197 4836 2505 4908; baseline -0.003 -15"><span class='ocrx_word' id='word_1_843' title='bbox 2197 4836 2505 4908; x_wconf 89' lang='lat' dir='ltr'><strong>subjiciam.</strong></span> 
     </span>
    </p>
   </div>
   <div class='ocr_carea' id='block_1_111' title="bbox 2274 4939 3801 5011">
    <p class='ocr_par' dir='ltr' id='par_1_111' title="bbox 2274 4939 3801 5011">
     <span class='ocr_line' id='line_1_111' title="bbox 2274 4939 3801 5011; baseline -0.002 -12"><span class='ocrx_word' id='word_1_844' title='bbox 2274 4969 2294 4992; x_wconf 84' lang='lat'><strong>«</strong></span> <span class='ocrx_word' id='word_1_845' title='bbox 2329 4945 2396 4999; x_wconf 90' lang='lat' dir='ltr'><strong>Et</strong></span> <span class='ocrx_word' id='word_1_846' title='bbox 2428 4942 2650 4998; x_wconf 81' lang='lat' dir='ltr'><strong>veniens</strong></span> <span class='ocrx_word' id='word_1_847' title='bbox 2673 4941 2877 4996; x_wconf 89' lang='lat' dir='ltr'><strong>invenit</strong></span> <span class='ocrx_word' id='word_1_848' title='bbox 2896 4948 3180 4997; x_wconf 89' lang='lat' dir='ltr'><strong>vacantem</strong></span> <span class='ocrx_word' id='word_1_849' title='bbox 3203 4939 3384 5011; x_wconf 87' lang='lat' dir='ltr'><strong>scopis</strong></span> <span class='ocrx_word' id='word_1_850' title='bbox 3406 4939 3730 4996; x_wconf 86' lang='lat' dir='ltr'><strong>mundatam</strong></span> <span class='ocrx_word' id='word_1_851' title='bbox 3751 4947 3801 4996; x_wconf 89' lang='lat' dir='ltr'><strong>et</strong></span> 
     </span>
    </p>
   </div>
   <div class='ocr_carea' id='block_1_112' title="bbox 2196 5028 3800 5100">
    <p class='ocr_par' dir='ltr' id='par_1_112' title="bbox 2196 5028 3800 5100">
     <span class='ocr_line' id='line_1_112' title="bbox 2196 5028 3800 5100; baseline -0.003 -11"><span class='ocrx_word' id='word_1_852' title='bbox 2196 5042 2476 5090; x_wconf 88' lang='lat' dir='ltr'><strong>ornatam.</strong></span> <span class='ocrx_word' id='word_1_853' title='bbox 2520 5055 2540 5080; x_wconf 84' lang='grc'><strong>‹‹</strong></span> <span class='ocrx_word' id='word_1_854' title='bbox 2577 5032 2892 5095; x_wconf 83' lang='lat' dir='ltr'><strong>Vacantem,</strong></span> <span class='ocrx_word' id='word_1_855' title='bbox 2927 5030 3137 5086; x_wconf 90' lang='lat' dir='ltr'><strong>scilicet</strong></span> <span class='ocrx_word' id='word_1_856' title='bbox 3185 5045 3218 5084; x_wconf 90' lang='lat' dir='ltr'><strong>a</strong></span> <span class='ocrx_word' id='word_1_857' title='bbox 3266 5029 3423 5084; x_wconf 88' lang='lat' dir='ltr'><strong>bonis</strong></span> <span class='ocrx_word' id='word_1_858' title='bbox 3453 5028 3672 5084; x_wconf 89' lang='lat' dir='ltr'><strong>actibus</strong></span> <span class='ocrx_word' id='word_1_859' title='bbox 3703 5045 3800 5100; x_wconf 86' lang='lat' dir='ltr'><strong>per</strong></span> 
     </span>
    </p>
   </div>
   <div class='ocr_carea' id='block_1_113' title="bbox 2197 5117 3799 5195">
    <p class='ocr_par' dir='ltr' id='par_1_113' title="bbox 2197 5117 3799 5195">
     <span class='ocr_line' id='line_1_113' title="bbox 2197 5117 3799 5195; baseline -0.002 -18"><span class='ocrx_word' id='word_1_860' title='bbox 2197 5122 2607 5195; x_wconf 86' lang='lat' dir='ltr'><strong>negligentiam,</strong></span> <span class='ocrx_word' id='word_1_861' title='bbox 2662 5119 2974 5174; x_wconf 89' lang='lat' dir='ltr'><strong>mundatam</strong></span> <span class='ocrx_word' id='word_1_862' title='bbox 3021 5135 3052 5172; x_wconf 91' lang='lat' dir='ltr'><strong>a</strong></span> <span class='ocrx_word' id='word_1_863' title='bbox 3081 5118 3224 5173; x_wconf 89' lang='lat' dir='ltr'><strong>vitiis</strong></span> <span class='ocrx_word' id='word_1_864' title='bbox 3280 5117 3526 5188; x_wconf 89' lang='lat' dir='ltr'><strong>pristinis</strong></span> <span class='ocrx_word' id='word_1_865' title='bbox 3562 5134 3666 5187; x_wconf 89' lang='lat' dir='ltr'><strong>per</strong></span> <span class='ocrx_word' id='word_1_866' title='bbox 3697 5118 3799 5174; x_wconf 84' lang='lat' dir='ltr'><strong>ba-</strong></span> 
     </span>
    </p>
   </div>
   <div class='ocr_carea' id='block_1_114' title="bbox 2199 5206 3802 5281">
    <p class='ocr_par' dir='ltr' id='par_1_114' title="bbox 2199 5206 3802 5281">
     <span class='ocr_line' id='line_1_114' title="bbox 2199 5206 3802 5281; baseline -0.002 -16"><span class='ocrx_word' id='word_1_867' title='bbox 2199 5211 2378 5281; x_wconf 91' lang='lat' dir='ltr'><strong>ptismi</strong></span> <span class='ocrx_word' id='word_1_868' title='bbox 2435 5210 2684 5280; x_wconf 88' lang='lat' dir='ltr'><strong>gratiam,</strong></span> <span class='ocrx_word' id='word_1_869' title='bbox 2742 5215 2991 5264; x_wconf 89' lang='lat' dir='ltr'><strong>ornatam</strong></span> <span class='ocrx_word' id='word_1_870' title='bbox 3051 5207 3312 5263; x_wconf 89' lang='lat' dir='ltr'><strong>simulatis</strong></span> <span class='ocrx_word' id='word_1_871' title='bbox 3361 5206 3655 5262; x_wconf 86' lang='lat' dir='ltr'><strong>virtutibus</strong></span> <span class='ocrx_word' id='word_1_872' title='bbox 3703 5223 3802 5278; x_wconf 83' lang='lat' dir='ltr'><strong>per</strong></span> 
     </span>
    </p>
   </div>
   <div class='ocr_carea' id='block_1_115' title="bbox 2197 5299 2553 5372">
    <p class='ocr_par' dir='ltr' id='par_1_115' title="bbox 2197 5299 2553 5372">
     <span class='ocr_line' id='line_1_115' title="bbox 2197 5299 2553 5372; baseline -0.003 -18"><span class='ocrx_word' id='word_1_873' title='bbox 2197 5299 2553 5372; x_wconf 73' lang='lat' dir='ltr'><strong>hypocrisim.</strong></span> 
     </span>
    </p>
   </div>
   <div class='ocr_carea' id='block_1_116' title="bbox 2273 5383 3799 5456">
    <p class='ocr_par' dir='ltr' id='par_1_116' title="bbox 2273 5383 3799 5456">
     <span class='ocr_line' id='line_1_116' title="bbox 2273 5383 3799 5456; baseline -0.003 -12"><span class='ocrx_word' id='word_1_874' title='bbox 2273 5412 2294 5436; x_wconf 78' lang='grc' dir='ltr'><strong><em>ιι</em></strong></span> <span class='ocrx_word' id='word_1_875' title='bbox 2327 5389 2481 5444; x_wconf 89' lang='lat' dir='ltr'><strong>Tunc</strong></span> <span class='ocrx_word' id='word_1_876' title='bbox 2518 5385 2668 5443; x_wconf 89' lang='lat' dir='ltr'><strong>vadit</strong></span> <span class='ocrx_word' id='word_1_877' title='bbox 2696 5393 2746 5440; x_wconf 85' lang='lat' dir='ltr'><strong>et</strong></span> <span class='ocrx_word' id='word_1_878' title='bbox 2775 5385 2999 5440; x_wconf 90' lang='lat' dir='ltr'><strong>assumit</strong></span> <span class='ocrx_word' id='word_1_879' title='bbox 3031 5393 3238 5456; x_wconf 88' lang='lat' dir='ltr'><strong>septem</strong></span> <span class='ocrx_word' id='word_1_880' title='bbox 3267 5383 3402 5439; x_wconf 90' lang='lat' dir='ltr'><strong>alios</strong></span> <span class='ocrx_word' id='word_1_881' title='bbox 3433 5383 3662 5452; x_wconf 87' lang='lat' dir='ltr'><strong>spiritus</strong></span> <span class='ocrx_word' id='word_1_882' title='bbox 3697 5399 3799 5439; x_wconf 82' lang='lat' dir='ltr'><strong>ne-</strong></span> 
     </span>
    </p>
   </div>
   <div class='ocr_carea' id='block_1_117' title="bbox 2198 5473 3797 5552">
    <p class='ocr_par' dir='ltr' id='par_1_117' title="bbox 2198 5473 3797 5552">
     <span class='ocr_line' id='line_1_117' title="bbox 2198 5473 3797 5552; baseline -0.003 -20"><span class='ocrx_word' id='word_1_883' title='bbox 2198 5479 2418 5552; x_wconf 88' lang='lat' dir='ltr'><strong>quiores</strong></span> <span class='ocrx_word' id='word_1_884' title='bbox 2449 5493 2530 5542; x_wconf 91' lang='lat' dir='ltr'><strong>se,</strong></span> <span class='ocrx_word' id='word_1_885' title='bbox 2564 5484 2617 5531; x_wconf 92' lang='lat' dir='ltr'><strong>et</strong></span> <span class='ocrx_word' id='word_1_886' title='bbox 2646 5475 2909 5530; x_wconf 85' lang='lat' dir='ltr'><strong>intrantes</strong></span> <span class='ocrx_word' id='word_1_887' title='bbox 2966 5474 3204 5529; x_wconf 88' lang='lat' dir='ltr'><strong>habitant</strong></span> <span class='ocrx_word' id='word_1_888' title='bbox 3251 5473 3348 5527; x_wconf 91' lang='lat' dir='ltr'><strong>ibi.</strong></span> <span class='ocrx_word' id='word_1_889' title='bbox 3387 5497 3409 5522; x_wconf 74' lang='grc'><strong>»</strong></span> <span class='ocrx_word' id='word_1_890' title='bbox 3448 5474 3553 5528; x_wconf 85' lang='lat' dir='ltr'><strong>Per</strong></span> <span class='ocrx_word' id='word_1_891' title='bbox 3583 5481 3797 5544; x_wconf 86' lang='lat' dir='ltr'><strong>septem</strong></span> 
     </span>
    </p>
   </div>
   <div class='ocr_carea' id='block_1_118' title="bbox 2199 5569 3798 5647">
    <p class='ocr_par' dir='ltr' id='par_1_118' title="bbox 2199 5569 3798 5647">
     <span class='ocr_line' id='line_1_118' title="bbox 2199 5569 3798 5647; baseline -0.004 -15"><span class='ocrx_word' id='word_1_892' title='bbox 2199 5576 2420 5647; x_wconf 88' lang='lat' dir='ltr'><strong>spiritus</strong></span> <span class='ocrx_word' id='word_1_893' title='bbox 2466 5574 2720 5628; x_wconf 88' lang='lat' dir='ltr'><strong>universa</strong></span> <span class='ocrx_word' id='word_1_894' title='bbox 2767 5572 2892 5628; x_wconf 89' lang='lat' dir='ltr'><strong>vitia</strong></span> <span class='ocrx_word' id='word_1_895' title='bbox 2923 5573 3172 5644; x_wconf 89' lang='lat' dir='ltr'><strong>designat</strong></span> <span class='ocrx_word' id='word_1_896' title='bbox 3221 5587 3344 5643; x_wconf 61' lang='lat' dir='ltr'><strong>qua</strong></span> <span class='ocrx_word' id='word_1_897' title='bbox 3374 5569 3567 5625; x_wconf 90' lang='lat' dir='ltr'><strong>merito</strong></span> <span class='ocrx_word' id='word_1_898' title='bbox 3596 5570 3798 5627; x_wconf 88' lang='lat' dir='ltr'><strong>dicun-</strong></span> 
     </span>
    </p>
   </div>
   <div class='ocr_carea' id='block_1_119' title="bbox 2199 5667 3802 5744">
    <p class='ocr_par' dir='ltr' id='par_1_119' title="bbox 2199 5667 3802 5744">
     <span class='ocr_line' id='line_1_119' title="bbox 2199 5667 3802 5744; baseline -0.004 -16"><span class='ocrx_word' id='word_1_899' title='bbox 2199 5683 2284 5728; x_wconf 92' lang='lat' dir='ltr'><strong>tur</strong></span> <span class='ocrx_word' id='word_1_900' title='bbox 2313 5671 2571 5744; x_wconf 88' lang='lat' dir='ltr'><strong>nequiora</strong></span> <span class='ocrx_word' id='word_1_901' title='bbox 2601 5671 2820 5726; x_wconf 88' lang='lat' dir='ltr'><strong>diabolo</strong></span> <span class='ocrx_word' id='word_1_902' title='bbox 2851 5669 3257 5742; x_wconf 80' lang='lat' dir='ltr'><strong>comparatione</strong></span> <span class='ocrx_word' id='word_1_903' title='bbox 3286 5667 3490 5740; x_wconf 88' lang='lat' dir='ltr'><strong>prioris</strong></span> <span class='ocrx_word' id='word_1_904' title='bbox 3519 5667 3802 5722; x_wconf 84' lang='lat' dir='ltr'><strong>inhabita-</strong></span> 
     </span>
    </p>
   </div>
   <div class='ocr_carea' id='block_1_120' title="bbox 2199 5755 3800 5820">
    <p class='ocr_par' dir='ltr' id='par_1_120' title="bbox 2199 5755 3800 5820">
     <span class='ocr_line' id='line_1_120' title="bbox 2199 5755 3800 5820; baseline -0.004 -2"><span class='ocrx_word' id='word_1_905' title='bbox 2199 5761 2386 5820; x_wconf 80' lang='lat' dir='ltr'><strong>tionis.</strong></span> <span class='ocrx_word' id='word_1_906' title='bbox 2438 5759 2570 5816; x_wconf 91' lang='lat' dir='ltr'><strong>Cum</strong></span> <span class='ocrx_word' id='word_1_907' title='bbox 2602 5760 2744 5816; x_wconf 91' lang='lat' dir='ltr'><strong>enim</strong></span> <span class='ocrx_word' id='word_1_908' title='bbox 2793 5759 3042 5816; x_wconf 90' lang='lat' dir='ltr'><strong>diabolus</strong></span> <span class='ocrx_word' id='word_1_909' title='bbox 3071 5757 3250 5816; x_wconf 84' lang='lat' dir='ltr'><strong>malus</strong></span> <span class='ocrx_word' id='word_1_910' title='bbox 3305 5757 3376 5814; x_wconf 90' lang='lat' dir='ltr'><strong>sit</strong></span> <span class='ocrx_word' id='word_1_911' title='bbox 3405 5763 3458 5813; x_wconf 89' lang='lat' dir='ltr'><strong>et</strong></span> <span class='ocrx_word' id='word_1_912' title='bbox 3487 5755 3664 5814; x_wconf 84' lang='lat' dir='ltr'><strong>malos</strong></span> <span class='ocrx_word' id='word_1_913' title='bbox 3710 5755 3800 5811; x_wconf 86' lang='lat' dir='ltr'><strong>fa-</strong></span> 
     </span>
    </p>
   </div>
  </div>
