  <div class='ocr_page' id='page_1' title='image "/cluster/home/n/w/nwhite01/storage/ocr_20150623/157/hvd.32044054760152/446.png"; bbox 0 0 4062 6074; ppageno 0'>
   <div class='ocr_carea' id='block_1_1' title="bbox 261 277 363 333">
    <p class='ocr_par' dir='ltr' id='par_1_1' title="bbox 261 277 363 333">
     <span class='ocr_line' id='line_1_1' title="bbox 261 277 363 333; baseline 0 0"><span class='ocrx_word' id='word_1_1' title='bbox 261 277 363 333; x_wconf 78' lang='grc'><strong>881</strong></span> 
     </span>
    </p>
   </div>
   <div class='ocr_carea' id='block_1_2' title="bbox 1187 230 2584 334">
    <p class='ocr_par' dir='ltr' id='par_1_2' title="bbox 1187 230 2584 334">
     <span class='ocr_line' id='line_1_2' title="bbox 1187 230 2584 334; baseline 0.001 -2"><span class='ocrx_word' id='word_1_2' title='bbox 1187 275 1771 334; x_wconf 80' lang='lat' dir='ltr'><strong>DEFLORATIONES</strong></span> <span class='ocrx_word' id='word_1_3' title='bbox 1801 273 1898 331; x_wconf 87' lang='lat' dir='ltr'><strong>ss.</strong></span> <span class='ocrx_word' id='word_1_4' title='bbox 1934 230 2236 332; x_wconf 66' lang='lat' dir='ltr'><strong>rusum.</strong></span> <span class='ocrx_word' id='word_1_5' title='bbox 2269 307 2338 318; x_wconf 86' lang='lat'><strong><em>—</em></strong></span> <span class='ocrx_word' id='word_1_6' title='bbox 2368 278 2504 334; x_wconf 85' lang='lat' dir='ltr'><strong>LIB.</strong></span> <span class='ocrx_word' id='word_1_7' title='bbox 2539 278 2584 334; x_wconf 88' lang='grc' dir='ltr'><strong>ῐ.</strong></span> 
     </span>
    </p>
   </div>
   <div class='ocr_carea' id='block_1_3' title="bbox 3464 281 3568 334">
    <p class='ocr_par' dir='ltr' id='par_1_3' title="bbox 3464 281 3568 334">
     <span class='ocr_line' id='line_1_3' title="bbox 3464 281 3568 334; baseline 0 -1"><span class='ocrx_word' id='word_1_8' title='bbox 3464 281 3568 334; x_wconf 75' lang='lat'><strong>88?.</strong></span> 
     </span>
    </p>
   </div>
   <div class='ocr_carea' id='block_1_4' title="bbox 263 397 3566 474">
    <p class='ocr_par' dir='ltr' id='par_1_4' title="bbox 263 397 3566 474">
     <span class='ocr_line' id='line_1_4' title="bbox 263 397 3566 474; baseline 0.001 -19"><span class='ocrx_word' id='word_1_9' title='bbox 263 397 371 455; x_wconf 89' lang='lat' dir='ltr'><strong>ciat</strong></span> <span class='ocrx_word' id='word_1_10' title='bbox 427 407 551 454; x_wconf 88' lang='lat' dir='ltr'><strong>ante</strong></span> <span class='ocrx_word' id='word_1_11' title='bbox 602 397 934 469; x_wconf 90' lang='lat' dir='ltr'><strong>baptismum</strong></span> <span class='ocrx_word' id='word_1_12' title='bbox 994 403 1335 472; x_wconf 73' lang='lat' dir='ltr'><strong>quaecunque</strong></span> <span class='ocrx_word' id='word_1_13' title='bbox 1409 406 1534 472; x_wconf 90' lang='lat' dir='ltr'><strong>post</strong></span> <span class='ocrx_word' id='word_1_14' title='bbox 1589 397 1944 469; x_wconf 89' lang='lat' dir='ltr'><strong>baptismaA</strong></span> <span class='ocrx_word' id='word_1_15' title='bbox 1974 409 2132 471; x_wconf 87' lang='lat' dir='ltr'><strong>gant.</strong></span> <span class='ocrx_word' id='word_1_16' title='bbox 2186 401 2319 457; x_wconf 90' lang='lat' dir='ltr'><strong>Tota</strong></span> <span class='ocrx_word' id='word_1_17' title='bbox 2369 403 2614 474; x_wconf 81' lang='lat' dir='ltr'><strong>profecto</strong></span> <span class='ocrx_word' id='word_1_18' title='bbox 2670 403 2792 460; x_wconf 69' lang='lat' dir='ltr'><strong>vitae</strong></span> <span class='ocrx_word' id='word_1_19' title='bbox 2839 402 3078 460; x_wconf 80' lang='lat' dir='ltr'><strong>caelestis</strong></span> <span class='ocrx_word' id='word_1_20' title='bbox 3126 401 3387 474; x_wconf 77' lang='lat' dir='ltr'><strong>perfectio</strong></span> <span class='ocrx_word' id='word_1_21' title='bbox 3423 403 3566 458; x_wconf 89' lang='lat' dir='ltr'><strong>duo-</strong></span> 
     </span>
    </p>
   </div>
   <div class='ocr_carea' id='block_1_5' title="bbox 264 487 1864 559">
    <p class='ocr_par' dir='ltr' id='par_1_5' title="bbox 264 487 1864 559">
     <span class='ocr_line' id='line_1_5' title="bbox 264 487 1864 559; baseline -0.002 -16"><span class='ocrx_word' id='word_1_22' title='bbox 264 488 380 543; x_wconf 89' lang='lat' dir='ltr'><strong>sive</strong></span> <span class='ocrx_word' id='word_1_23' title='bbox 415 487 678 558; x_wconf 76' lang='lat' dir='ltr'><strong>pravitate</strong></span> <span class='ocrx_word' id='word_1_24' title='bbox 701 488 954 544; x_wconf 67' lang='lat' dir='ltr'><strong>haeretica</strong></span> <span class='ocrx_word' id='word_1_25' title='bbox 977 505 1072 543; x_wconf 90' lang='lat' dir='ltr'><strong>seu</strong></span> <span class='ocrx_word' id='word_1_26' title='bbox 1096 490 1377 544; x_wconf 89' lang='lat' dir='ltr'><strong>mundana</strong></span> <span class='ocrx_word' id='word_1_27' title='bbox 1399 488 1701 559; x_wconf 77' lang='lat' dir='ltr'><strong>cupiditate</strong></span> <span class='ocrx_word' id='word_1_28' title='bbox 1723 487 1864 541; x_wconf 82' lang='lat' dir='ltr'><strong>arri-</strong></span> 
     </span>
    </p>
   </div>
   <div class='ocr_carea' id='block_1_6' title="bbox 269 576 1858 647">
    <p class='ocr_par' dir='ltr' id='par_1_6' title="bbox 269 576 1858 647">
     <span class='ocr_line' id='line_1_6' title="bbox 269 576 1858 647; baseline 0 -17"><span class='ocrx_word' id='word_1_29' title='bbox 269 577 446 647; x_wconf 90' lang='lat' dir='ltr'><strong>puerit</strong></span> <span class='ocrx_word' id='word_1_30' title='bbox 475 592 596 630; x_wconf 83' lang='lat' dir='ltr'><strong>mox</strong></span> <span class='ocrx_word' id='word_1_31' title='bbox 629 593 750 631; x_wconf 92' lang='lat' dir='ltr'><strong>eum</strong></span> <span class='ocrx_word' id='word_1_32' title='bbox 783 577 833 630; x_wconf 92' lang='lat' dir='ltr'><strong>in</strong></span> <span class='ocrx_word' id='word_1_33' title='bbox 865 579 1106 632; x_wconf 89' lang='lat' dir='ltr'><strong>omnium</strong></span> <span class='ocrx_word' id='word_1_34' title='bbox 1137 579 1386 632; x_wconf 76' lang='lat' dir='ltr'><strong>vitiorum</strong></span> <span class='ocrx_word' id='word_1_35' title='bbox 1411 578 1515 632; x_wconf 90' lang='lat' dir='ltr'><strong>ima</strong></span> <span class='ocrx_word' id='word_1_36' title='bbox 1550 576 1858 647; x_wconf 90' lang='lat' dir='ltr'><strong>prosternit.</strong></span> 
     </span>
    </p>
   </div>
   <div class='ocr_carea' id='block_1_7' title="bbox 270 665 1861 738">
    <p class='ocr_par' dir='ltr' id='par_1_7' title="bbox 270 665 1861 738">
     <span class='ocr_line' id='line_1_7' title="bbox 270 665 1861 738; baseline -0.001 -18"><span class='ocrx_word' id='word_1_37' title='bbox 270 666 334 720; x_wconf 86' lang='lat' dir='ltr'><strong>Et</strong></span> <span class='ocrx_word' id='word_1_38' title='bbox 363 680 470 720; x_wconf 92' lang='lat' dir='ltr'><strong>non</strong></span> <span class='ocrx_word' id='word_1_39' title='bbox 502 665 678 720; x_wconf 87' lang='lat' dir='ltr'><strong>solum</strong></span> <span class='ocrx_word' id='word_1_40' title='bbox 718 666 938 720; x_wconf 81' lang='lat' dir='ltr'><strong>habebit</strong></span> <span class='ocrx_word' id='word_1_41' title='bbox 961 677 1168 738; x_wconf 83' lang='lat' dir='ltr'><strong>septem</strong></span> <span class='ocrx_word' id='word_1_42' title='bbox 1200 668 1328 722; x_wconf 91' lang='lat' dir='ltr'><strong>vitia</strong></span> <span class='ocrx_word' id='word_1_43' title='bbox 1379 668 1470 720; x_wconf 89' lang='lat' dir='ltr'><strong>VII</strong></span> <span class='ocrx_word' id='word_1_44' title='bbox 1521 665 1861 737; x_wconf 80' lang='lat' dir='ltr'><strong>spiritalibus</strong></span> 
     </span>
    </p>
   </div>
   <div class='ocr_carea' id='block_1_8' title="bbox 267 754 1860 826">
    <p class='ocr_par' dir='ltr' id='par_1_8' title="bbox 267 754 1860 826">
     <span class='ocr_line' id='line_1_8' title="bbox 267 754 1860 826; baseline -0.001 -16"><span class='ocrx_word' id='word_1_45' title='bbox 267 754 557 810; x_wconf 89' lang='lat' dir='ltr'><strong>virtutibus</strong></span> <span class='ocrx_word' id='word_1_46' title='bbox 588 756 874 820; x_wconf 90' lang='lat' dir='ltr'><strong>contraria,</strong></span> <span class='ocrx_word' id='word_1_47' title='bbox 909 756 1004 810; x_wconf 91' lang='lat' dir='ltr'><strong>sed</strong></span> <span class='ocrx_word' id='word_1_48' title='bbox 1054 773 1150 826; x_wconf 90' lang='lat' dir='ltr'><strong>per</strong></span> <span class='ocrx_word' id='word_1_49' title='bbox 1196 756 1528 826; x_wconf 79' lang='lat' dir='ltr'><strong>hypocrisim</strong></span> <span class='ocrx_word' id='word_1_50' title='bbox 1562 757 1705 825; x_wconf 88' lang='lat' dir='ltr'><strong>ipsas</strong></span> <span class='ocrx_word' id='word_1_51' title='bbox 1738 771 1860 808; x_wconf 90' lang='lat' dir='ltr'><strong>ser—</strong></span> 
     </span>
    </p>
   </div>
   <div class='ocr_carea' id='block_1_9' title="bbox 267 843 1859 900">
    <p class='ocr_par' dir='ltr' id='par_1_9' title="bbox 267 843 1859 900">
     <span class='ocr_line' id='line_1_9' title="bbox 267 843 1859 900; baseline -0.001 -2"><span class='ocrx_word' id='word_1_52' title='bbox 267 843 462 898; x_wconf 88' lang='lat' dir='ltr'><strong>vitutes</strong></span> <span class='ocrx_word' id='word_1_53' title='bbox 491 845 693 898; x_wconf 91' lang='lat' dir='ltr'><strong>habere</strong></span> <span class='ocrx_word' id='word_1_54' title='bbox 725 844 1023 898; x_wconf 89' lang='lat' dir='ltr'><strong>simulabit.</strong></span> <span class='ocrx_word' id='word_1_55' title='bbox 1063 869 1083 893; x_wconf 80' lang='grc' dir='ltr'>ιι</span> <span class='ocrx_word' id='word_1_56' title='bbox 1119 846 1187 899; x_wconf 82' lang='lat' dir='ltr'><strong>Et</strong></span> <span class='ocrx_word' id='word_1_57' title='bbox 1233 845 1368 899; x_wconf 84' lang='lat' dir='ltr'><strong>tiunt</strong></span> <span class='ocrx_word' id='word_1_58' title='bbox 1415 845 1716 900; x_wconf 89' lang='lat' dir='ltr'><strong>novissima</strong></span> <span class='ocrx_word' id='word_1_59' title='bbox 1756 844 1859 897; x_wconf 86' lang='lat' dir='ltr'><strong>ho-</strong></span> 
     </span>
    </p>
   </div>
   <div class='ocr_carea' id='block_1_10' title="bbox 265 931 1858 1005">
    <p class='ocr_par' dir='ltr' id='par_1_10' title="bbox 265 931 1858 1005">
     <span class='ocr_line' id='line_1_10' title="bbox 265 931 1858 1005; baseline -0.001 -18"><span class='ocrx_word' id='word_1_60' title='bbox 265 933 428 988; x_wconf 87' lang='lat' dir='ltr'><strong>minis</strong></span> <span class='ocrx_word' id='word_1_61' title='bbox 457 932 599 987; x_wconf 83' lang='lat' dir='ltr'><strong>illius</strong></span> <span class='ocrx_word' id='word_1_62' title='bbox 630 936 816 1004; x_wconf 89' lang='lat' dir='ltr'><strong>pejora</strong></span> <span class='ocrx_word' id='word_1_63' title='bbox 843 933 1131 1005; x_wconf 87' lang='lat' dir='ltr'><strong>prioribus.</strong></span> <span class='ocrx_word' id='word_1_64' title='bbox 1169 959 1190 983; x_wconf 79' lang='grc' dir='ltr'>ιι</span> <span class='ocrx_word' id='word_1_65' title='bbox 1227 934 1418 988; x_wconf 91' lang='lat' dir='ltr'><strong>Melius</strong></span> <span class='ocrx_word' id='word_1_66' title='bbox 1449 934 1647 1005; x_wconf 86' lang='lat' dir='ltr'><strong>quippe</strong></span> <span class='ocrx_word' id='word_1_67' title='bbox 1670 940 1783 988; x_wconf 84' lang='lat' dir='ltr'><strong>erat</strong></span> <span class='ocrx_word' id='word_1_68' title='bbox 1809 931 1858 986; x_wconf 90' lang='lat' dir='ltr'><strong>ei</strong></span> 
     </span>
    </p>
   </div>
   <div class='ocr_carea' id='block_1_11' title="bbox 267 1021 1856 1095">
    <p class='ocr_par' dir='ltr' id='par_1_11' title="bbox 267 1021 1856 1095">
     <span class='ocr_line' id='line_1_11' title="bbox 267 1021 1856 1095; baseline 0 -20"><span class='ocrx_word' id='word_1_69' title='bbox 267 1021 412 1076; x_wconf 87' lang='lat' dir='ltr'><strong>viam</strong></span> <span class='ocrx_word' id='word_1_70' title='bbox 438 1022 676 1077; x_wconf 80' lang='lat' dir='ltr'><strong>veritatis</strong></span> <span class='ocrx_word' id='word_1_71' title='bbox 722 1037 831 1076; x_wconf 90' lang='lat' dir='ltr'><strong>non</strong></span> <span class='ocrx_word' id='word_1_72' title='bbox 867 1037 1205 1095; x_wconf 79' lang='lat' dir='ltr'><strong>cognoscere</strong></span> <span class='ocrx_word' id='word_1_73' title='bbox 1255 1039 1416 1094; x_wconf 90' lang='lat' dir='ltr'><strong>quam</strong></span> <span class='ocrx_word' id='word_1_74' title='bbox 1465 1029 1586 1092; x_wconf 87' lang='lat' dir='ltr'><strong>post.</strong></span> <span class='ocrx_word' id='word_1_75' title='bbox 1617 1021 1856 1094; x_wconf 90' lang='lat' dir='ltr'><strong>agnitio-</strong></span> 
     </span>
    </p>
   </div>
   <div class='ocr_carea' id='block_1_12' title="bbox 264 1111 1859 1168">
    <p class='ocr_par' dir='ltr' id='par_1_12' title="bbox 264 1111 1859 1168">
     <span class='ocr_line' id='line_1_12' title="bbox 264 1111 1859 1168; baseline 0 -4"><span class='ocrx_word' id='word_1_76' title='bbox 264 1123 391 1164; x_wconf 86' lang='lat' dir='ltr'><strong>nem</strong></span> <span class='ocrx_word' id='word_1_77' title='bbox 421 1119 715 1166; x_wconf 86' lang='lat' dir='ltr'><strong>retrorsum</strong></span> <span class='ocrx_word' id='word_1_78' title='bbox 763 1112 1030 1167; x_wconf 89' lang='lat' dir='ltr'><strong>converti.</strong></span> <span class='ocrx_word' id='word_1_79' title='bbox 1077 1113 1191 1166; x_wconf 86' lang='lat' dir='ltr'><strong>Hoc</strong></span> <span class='ocrx_word' id='word_1_80' title='bbox 1242 1111 1294 1166; x_wconf 90' lang='lat' dir='ltr'><strong>in</strong></span> <span class='ocrx_word' id='word_1_81' title='bbox 1340 1112 1482 1168; x_wconf 82' lang='lat' dir='ltr'><strong>Juda</strong></span> <span class='ocrx_word' id='word_1_82' title='bbox 1514 1111 1775 1165; x_wconf 83' lang='lat' dir='ltr'><strong>traditore</strong></span> <span class='ocrx_word' id='word_1_83' title='bbox 1807 1117 1859 1164; x_wconf 88' lang='lat' dir='ltr'><strong>et</strong></span> 
     </span>
    </p>
   </div>
   <div class='ocr_carea' id='block_1_13' title="bbox 268 1197 1858 1273">
    <p class='ocr_par' dir='ltr' id='par_1_13' title="bbox 268 1197 1858 1273">
     <span class='ocr_line' id='line_1_13' title="bbox 268 1197 1858 1273; baseline -0.001 -20"><span class='ocrx_word' id='word_1_84' title='bbox 268 1197 497 1255; x_wconf 87' lang='lat' dir='ltr'><strong>Simone</strong></span> <span class='ocrx_word' id='word_1_85' title='bbox 542 1201 702 1273; x_wconf 84' lang='lat' dir='ltr'><strong>Mago</strong></span> <span class='ocrx_word' id='word_1_86' title='bbox 745 1200 1055 1272; x_wconf 90' lang='lat' dir='ltr'><strong>specialiter</strong></span> <span class='ocrx_word' id='word_1_87' title='bbox 1098 1200 1336 1272; x_wconf 84' lang='lat' dir='ltr'><strong>legimus</strong></span> <span class='ocrx_word' id='word_1_88' title='bbox 1370 1199 1671 1268; x_wconf 89' lang='lat' dir='ltr'><strong>impletum.</strong></span> <span class='ocrx_word' id='word_1_89' title='bbox 1715 1197 1858 1268; x_wconf 87' lang='lat' dir='ltr'><strong>Quid</strong></span> 
     </span>
    </p>
   </div>
   <div class='ocr_carea' id='block_1_14' title="bbox 266 1287 1858 1359">
    <p class='ocr_par' dir='ltr' id='par_1_14' title="bbox 266 1287 1858 1359">
     <span class='ocr_line' id='line_1_14' title="bbox 266 1287 1858 1359; baseline 0.001 -17"><span class='ocrx_word' id='word_1_90' title='bbox 266 1287 386 1343; x_wconf 68' lang='lat' dir='ltr'><strong>haec</strong></span> <span class='ocrx_word' id='word_1_91' title='bbox 430 1289 692 1359; x_wconf 76' lang='lat' dir='ltr'><strong>parabole</strong></span> <span class='ocrx_word' id='word_1_92' title='bbox 737 1289 1003 1356; x_wconf 81' lang='lat' dir='ltr'><strong>intendat,</strong></span> <span class='ocrx_word' id='word_1_93' title='bbox 1047 1288 1169 1343; x_wconf 75' lang='lat' dir='ltr'><strong>linis</strong></span> <span class='ocrx_word' id='word_1_94' title='bbox 1215 1289 1337 1358; x_wconf 89' lang='lat' dir='ltr'><strong>ejus</strong></span> <span class='ocrx_word' id='word_1_95' title='bbox 1383 1289 1640 1343; x_wconf 86' lang='lat' dir='ltr'><strong>insinuat.</strong></span> <span class='ocrx_word' id='word_1_96' title='bbox 1695 1311 1715 1336; x_wconf 78' lang='grc' dir='ltr'><strong>οι</strong></span> <span class='ocrx_word' id='word_1_97' title='bbox 1766 1287 1858 1344; x_wconf 89' lang='lat' dir='ltr'><strong>Sic</strong></span> 
     </span>
    </p>
   </div>
   <div class='ocr_carea' id='block_1_15' title="bbox 265 1375 1856 1450">
    <p class='ocr_par' dir='ltr' id='par_1_15' title="bbox 265 1375 1856 1450">
     <span class='ocr_line' id='line_1_15' title="bbox 265 1375 1856 1450; baseline 0 -20"><span class='ocrx_word' id='word_1_98' title='bbox 265 1385 420 1431; x_wconf 93' lang='lat' dir='ltr'><strong>erunt</strong></span> <span class='ocrx_word' id='word_1_99' title='bbox 451 1384 503 1431; x_wconf 92' lang='lat' dir='ltr'><strong>et</strong></span> <span class='ocrx_word' id='word_1_100' title='bbox 529 1377 868 1450; x_wconf 87' lang='lat' dir='ltr'><strong>generationi</strong></span> <span class='ocrx_word' id='word_1_101' title='bbox 917 1378 1044 1434; x_wconf 87' lang='lat' dir='ltr'><strong>huic</strong></span> <span class='ocrx_word' id='word_1_102' title='bbox 1093 1377 1368 1448; x_wconf 62' lang='lat' dir='ltr'><strong>pessimae,</strong></span> <span class='ocrx_word' id='word_1_103' title='bbox 1408 1400 1429 1425; x_wconf 74' lang='grc' dir='ltr'><strong><em>η</em></strong></span> <span class='ocrx_word' id='word_1_104' title='bbox 1477 1377 1532 1431; x_wconf 91' lang='lat' dir='ltr'><strong>id</strong></span> <span class='ocrx_word' id='word_1_105' title='bbox 1580 1384 1663 1432; x_wconf 92' lang='lat' dir='ltr'><strong>est</strong></span> <span class='ocrx_word' id='word_1_106' title='bbox 1710 1375 1856 1447; x_wconf 91' lang='lat' dir='ltr'><strong>quod</strong></span> 
     </span>
    </p>
   </div>
   <div class='ocr_carea' id='block_1_16' title="bbox 259 1463 1856 1536">
    <p class='ocr_par' dir='ltr' id='par_1_16' title="bbox 259 1463 1856 1536">
     <span class='ocr_line' id='line_1_16' title="bbox 259 1463 1856 1536; baseline -0.001 -16"><span class='ocrx_word' id='word_1_107' title='bbox 259 1463 332 1520; x_wconf 86' lang='lat' dir='ltr'><strong>de</strong></span> <span class='ocrx_word' id='word_1_108' title='bbox 373 1481 482 1521; x_wconf 87' lang='lat' dir='ltr'><strong>uno</strong></span> <span class='ocrx_word' id='word_1_109' title='bbox 525 1466 836 1536; x_wconf 87' lang='lat' dir='ltr'><strong>specialiter</strong></span> <span class='ocrx_word' id='word_1_110' title='bbox 894 1466 1136 1531; x_wconf 78' lang='lat' dir='ltr'><strong>narravi,</strong></span> <span class='ocrx_word' id='word_1_111' title='bbox 1180 1469 1282 1521; x_wconf 91' lang='lat' dir='ltr'><strong>hoc</strong></span> <span class='ocrx_word' id='word_1_112' title='bbox 1328 1466 1544 1522; x_wconf 87' lang='lat' dir='ltr'><strong>eveniet</strong></span> <span class='ocrx_word' id='word_1_113' title='bbox 1592 1465 1646 1519; x_wconf 90' lang='lat' dir='ltr'><strong>in</strong></span> <span class='ocrx_word' id='word_1_114' title='bbox 1694 1473 1856 1534; x_wconf 88' lang='lat' dir='ltr'><strong>gente</strong></span> 
     </span>
    </p>
   </div>
   <div class='ocr_carea' id='block_1_17' title="bbox 262 1552 1856 1626">
    <p class='ocr_par' dir='ltr' id='par_1_17' title="bbox 262 1552 1856 1626">
     <span class='ocr_line' id='line_1_17' title="bbox 262 1552 1856 1626; baseline -0.001 -18"><span class='ocrx_word' id='word_1_115' title='bbox 262 1552 429 1622; x_wconf 85' lang='lat' dir='ltr'><strong>hujus</strong></span> <span class='ocrx_word' id='word_1_116' title='bbox 483 1555 688 1625; x_wconf 87' lang='lat' dir='ltr'><strong>populi.</strong></span> <span class='ocrx_word' id='word_1_117' title='bbox 737 1555 1054 1610; x_wconf 88' lang='lat' dir='ltr'><strong>Immundus</strong></span> <span class='ocrx_word' id='word_1_118' title='bbox 1100 1554 1327 1626; x_wconf 87' lang='lat' dir='ltr'><strong>spiritus</strong></span> <span class='ocrx_word' id='word_1_119' title='bbox 1365 1569 1396 1608; x_wconf 90' lang='lat' dir='ltr'><strong>a</strong></span> <span class='ocrx_word' id='word_1_120' title='bbox 1438 1553 1640 1609; x_wconf 63' lang='lat' dir='ltr'><strong>Judmis</strong></span> <span class='ocrx_word' id='word_1_121' title='bbox 1692 1553 1856 1608; x_wconf 84' lang='lat' dir='ltr'><strong>exivit</strong></span> 
     </span>
    </p>
   </div>
   <div class='ocr_carea' id='block_1_18' title="bbox 261 1642 1853 1715">
    <p class='ocr_par' dir='ltr' id='par_1_18' title="bbox 261 1642 1853 1715">
     <span class='ocr_line' id='line_1_18' title="bbox 261 1642 1853 1715; baseline 0 -19"><span class='ocrx_word' id='word_1_122' title='bbox 261 1642 483 1714; x_wconf 82' lang='lat' dir='ltr'><strong>quando</strong></span> <span class='ocrx_word' id='word_1_123' title='bbox 527 1643 704 1715; x_wconf 81' lang='lat' dir='ltr'><strong>legem</strong></span> <span class='ocrx_word' id='word_1_124' title='bbox 753 1651 1082 1715; x_wconf 90' lang='lat' dir='ltr'><strong>acceperunt</strong></span> <span class='ocrx_word' id='word_1_125' title='bbox 1125 1651 1176 1698; x_wconf 90' lang='lat' dir='ltr'><strong>et</strong></span> <span class='ocrx_word' id='word_1_126' title='bbox 1219 1642 1477 1698; x_wconf 88' lang='lat' dir='ltr'><strong>transivit</strong></span> <span class='ocrx_word' id='word_1_127' title='bbox 1526 1642 1594 1697; x_wconf 92' lang='lat' dir='ltr'><strong>ad</strong></span> <span class='ocrx_word' id='word_1_128' title='bbox 1636 1649 1853 1714; x_wconf 82' lang='lat' dir='ltr'><strong>gentes.</strong></span> 
     </span>
    </p>
   </div>
   <div class='ocr_carea' id='block_1_19' title="bbox 262 1730 2098 1827">
    <p class='ocr_par' dir='ltr' id='par_1_19' title="bbox 262 1730 2098 1827">
     <span class='ocr_line' id='line_1_19' title="bbox 262 1730 2098 1827; baseline -0.003 -39"><span class='ocrx_word' id='word_1_129' title='bbox 262 1731 369 1788; x_wconf 89' lang='lat' dir='ltr'><strong>Sed</strong></span> <span class='ocrx_word' id='word_1_130' title='bbox 399 1747 523 1827; x_wconf 80' lang='lat' dir='ltr'><strong>cum</strong></span> <span class='ocrx_word' id='word_1_131' title='bbox 554 1740 744 1827; x_wconf 83' lang='lat' dir='ltr'><strong>postea</strong></span> <span class='ocrx_word' id='word_1_132' title='bbox 773 1748 899 1789; x_wconf 92' lang='lat' dir='ltr'><strong>cum</strong></span> <span class='ocrx_word' id='word_1_133' title='bbox 929 1732 1340 1827; x_wconf 75' lang='lat' dir='ltr'><strong>incredentibus</strong></span> <span class='ocrx_word' id='word_1_134' title='bbox 1393 1731 1644 1804; x_wconf 83' lang='lat' dir='ltr'><strong>gentibus</strong></span> <span class='ocrx_word' id='word_1_135' title='bbox 1674 1730 1852 1786; x_wconf 92' lang='lat' dir='ltr'><strong>locum</strong></span> <span class='ocrx_word' id='word_1_136' title='bbox 1886 1754 1939 1814; x_wconf 79' lang='grc' dir='ltr'>Β</span> 
     </span>
    </p>
   </div>
   <div class='ocr_carea' id='block_1_20' title="bbox 259 1820 1853 1886">
    <p class='ocr_par' dir='ltr' id='par_1_20' title="bbox 259 1820 1853 1886">
     <span class='ocr_line' id='line_1_20' title="bbox 259 1820 1853 1886; baseline -0.003 -10"><span class='ocrx_word' id='word_1_137' title='bbox 259 1835 368 1876; x_wconf 92' lang='lat' dir='ltr'><strong>non</strong></span> <span class='ocrx_word' id='word_1_138' title='bbox 398 1820 682 1885; x_wconf 88' lang='lat' dir='ltr'><strong>inveniret,</strong></span> <span class='ocrx_word' id='word_1_139' title='bbox 716 1837 977 1877; x_wconf 88' lang='lat' dir='ltr'><strong>reversus</strong></span> <span class='ocrx_word' id='word_1_140' title='bbox 1007 1829 1089 1876; x_wconf 90' lang='lat' dir='ltr'><strong>est</strong></span> <span class='ocrx_word' id='word_1_141' title='bbox 1118 1821 1189 1876; x_wconf 90' lang='lat' dir='ltr'><strong>ad</strong></span> <span class='ocrx_word' id='word_1_142' title='bbox 1231 1820 1480 1886; x_wconf 87' lang='lat' dir='ltr'><strong>Judaeos,</strong></span> <span class='ocrx_word' id='word_1_143' title='bbox 1526 1828 1787 1874; x_wconf 89' lang='lat' dir='ltr'><strong>vacantes</strong></span> <span class='ocrx_word' id='word_1_144' title='bbox 1819 1833 1853 1873; x_wconf 92' lang='lat' dir='ltr'><strong>a</strong></span> 
     </span>
    </p>
   </div>
   <div class='ocr_carea' id='block_1_21' title="bbox 260 1907 1850 1981">
    <p class='ocr_par' dir='ltr' id='par_1_21' title="bbox 260 1907 1850 1981">
     <span class='ocr_line' id='line_1_21' title="bbox 260 1907 1850 1981; baseline -0.001 -18"><span class='ocrx_word' id='word_1_145' title='bbox 260 1909 498 1975; x_wconf 88' lang='lat' dir='ltr'><strong>Christo,</strong></span> <span class='ocrx_word' id='word_1_146' title='bbox 524 1918 575 1964; x_wconf 91' lang='lat' dir='ltr'><strong>et</strong></span> <span class='ocrx_word' id='word_1_147' title='bbox 604 1909 894 1980; x_wconf 71' lang='lat' dir='ltr'><strong>super-ﬂuis</strong></span> <span class='ocrx_word' id='word_1_148' title='bbox 923 1909 1406 1964; x_wconf 86' lang='lat' dir='ltr'><strong>observationibus</strong></span> <span class='ocrx_word' id='word_1_149' title='bbox 1445 1909 1584 1981; x_wconf 86' lang='lat' dir='ltr'><strong>legis</strong></span> <span class='ocrx_word' id='word_1_150' title='bbox 1616 1907 1850 1962; x_wconf 92' lang='lat' dir='ltr'><strong>munda-</strong></span> 
     </span>
    </p>
   </div>
   <div class='ocr_carea' id='block_1_22' title="bbox 257 1994 1852 2070">
    <p class='ocr_par' dir='ltr' id='par_1_22' title="bbox 257 1994 1852 2070">
     <span class='ocr_line' id='line_1_22' title="bbox 257 1994 1852 2070; baseline -0.002 -19"><span class='ocrx_word' id='word_1_151' title='bbox 257 2005 342 2052; x_wconf 90' lang='lat' dir='ltr'><strong>tos</strong></span> <span class='ocrx_word' id='word_1_152' title='bbox 371 2006 532 2068; x_wconf 90' lang='lat' dir='ltr'><strong>prout</strong></span> <span class='ocrx_word' id='word_1_153' title='bbox 561 1998 839 2070; x_wconf 89' lang='lat' dir='ltr'><strong>putabant,</strong></span> <span class='ocrx_word' id='word_1_154' title='bbox 873 2006 1032 2069; x_wconf 90' lang='lat' dir='ltr'><strong>atque</strong></span> <span class='ocrx_word' id='word_1_155' title='bbox 1063 2005 1301 2052; x_wconf 90' lang='lat' dir='ltr'><strong>ornatos.</strong></span> <span class='ocrx_word' id='word_1_156' title='bbox 1336 1999 1400 2052; x_wconf 92' lang='lat' dir='ltr'><strong>Ut</strong></span> <span class='ocrx_word' id='word_1_157' title='bbox 1426 2005 1603 2051; x_wconf 87' lang='lat' dir='ltr'><strong>autem</strong></span> <span class='ocrx_word' id='word_1_158' title='bbox 1643 1994 1852 2048; x_wconf 88' lang='lat' dir='ltr'><strong>ﬁrmius</strong></span> 
     </span>
    </p>
   </div>
   <div class='ocr_carea' id='block_1_23' title="bbox 256 2084 1850 2159">
    <p class='ocr_par' dir='ltr' id='par_1_23' title="bbox 256 2084 1850 2159">
     <span class='ocr_line' id='line_1_23' title="bbox 256 2084 1850 2159; baseline -0.004 -17"><span class='ocrx_word' id='word_1_159' title='bbox 256 2085 517 2158; x_wconf 78' lang='lat' dir='ltr'><strong>deincrps</strong></span> <span class='ocrx_word' id='word_1_160' title='bbox 563 2087 861 2159; x_wconf 88' lang='lat' dir='ltr'><strong>possideat,</strong></span> <span class='ocrx_word' id='word_1_161' title='bbox 911 2086 1136 2141; x_wconf 82' lang='lat' dir='ltr'><strong>assumit</strong></span> <span class='ocrx_word' id='word_1_162' title='bbox 1177 2085 1582 2140; x_wconf 82' lang='lat' dir='ltr'><strong>universitatem</strong></span> <span class='ocrx_word' id='word_1_163' title='bbox 1641 2084 1850 2138; x_wconf 68' lang='lat' dir='ltr'><strong>daemo-</strong></span> 
     </span>
    </p>
   </div>
   <div class='ocr_carea' id='block_1_24' title="bbox 254 2173 1851 2249">
    <p class='ocr_par' dir='ltr' id='par_1_24' title="bbox 254 2173 1851 2249">
     <span class='ocr_line' id='line_1_24' title="bbox 254 2173 1851 2249; baseline -0.002 -20"><span class='ocrx_word' id='word_1_164' title='bbox 254 2191 402 2231; x_wconf 89' lang='lat' dir='ltr'><strong>num.</strong></span> <span class='ocrx_word' id='word_1_165' title='bbox 438 2177 599 2244; x_wconf 80' lang='lat' dir='ltr'><strong>Pejus</strong></span> <span class='ocrx_word' id='word_1_166' title='bbox 630 2191 766 2249; x_wconf 88' lang='lat' dir='ltr'><strong>ergo</strong></span> <span class='ocrx_word' id='word_1_167' title='bbox 797 2175 961 2230; x_wconf 91' lang='lat' dir='ltr'><strong>modo</strong></span> <span class='ocrx_word' id='word_1_168' title='bbox 991 2174 1192 2230; x_wconf 88' lang='lat' dir='ltr'><strong>faciunt</strong></span> <span class='ocrx_word' id='word_1_169' title='bbox 1217 2174 1408 2240; x_wconf 75' lang='lat' dir='ltr'><strong>Judzei,</strong></span> <span class='ocrx_word' id='word_1_170' title='bbox 1442 2173 1630 2240; x_wconf 87' lang='lat' dir='ltr'><strong>majori</strong></span> <span class='ocrx_word' id='word_1_171' title='bbox 1661 2188 1851 2226; x_wconf 91' lang='lat' dir='ltr'><strong>nume-</strong></span> 
     </span>
    </p>
   </div>
   <div class='ocr_carea' id='block_1_25' title="bbox 253 2261 1849 2336">
    <p class='ocr_par' dir='ltr' id='par_1_25' title="bbox 253 2261 1849 2336">
     <span class='ocr_line' id='line_1_25' title="bbox 253 2261 1849 2336; baseline -0.003 -18"><span class='ocrx_word' id='word_1_172' title='bbox 253 2278 317 2319; x_wconf 86' lang='lat' dir='ltr'><strong>ro</strong></span> <span class='ocrx_word' id='word_1_173' title='bbox 375 2265 686 2320; x_wconf 87' lang='lat' dir='ltr'><strong>daemonum</strong></span> <span class='ocrx_word' id='word_1_174' title='bbox 734 2263 975 2336; x_wconf 88' lang='lat' dir='ltr'><strong>possessi</strong></span> <span class='ocrx_word' id='word_1_175' title='bbox 1031 2278 1194 2336; x_wconf 91' lang='lat' dir='ltr'><strong>quam</strong></span> <span class='ocrx_word' id='word_1_176' title='bbox 1249 2263 1424 2333; x_wconf 92' lang='lat' dir='ltr'><strong>prius,</strong></span> <span class='ocrx_word' id='word_1_177' title='bbox 1486 2262 1613 2334; x_wconf 87' lang='lat' dir='ltr'><strong>quia</strong></span> <span class='ocrx_word' id='word_1_178' title='bbox 1671 2261 1849 2314; x_wconf 85' lang='lat' dir='ltr'><strong>minus</strong></span> 
     </span>
    </p>
   </div>
   <div class='ocr_carea' id='block_1_26' title="bbox 252 2351 1848 2423">
    <p class='ocr_par' dir='ltr' id='par_1_26' title="bbox 252 2351 1848 2423">
     <span class='ocr_line' id='line_1_26' title="bbox 252 2351 1848 2423; baseline -0.002 -16"><span class='ocrx_word' id='word_1_179' title='bbox 252 2360 368 2407; x_wconf 86' lang='lat' dir='ltr'><strong>erat</strong></span> <span class='ocrx_word' id='word_1_180' title='bbox 390 2352 663 2408; x_wconf 87' lang='lat' dir='ltr'><strong>Christum</strong></span> <span class='ocrx_word' id='word_1_181' title='bbox 687 2361 975 2408; x_wconf 89' lang='lat' dir='ltr'><strong>venturum</strong></span> <span class='ocrx_word' id='word_1_182' title='bbox 998 2367 1104 2406; x_wconf 85' lang='lat' dir='ltr'><strong>non</strong></span> <span class='ocrx_word' id='word_1_183' title='bbox 1127 2351 1354 2408; x_wconf 84' lang='lat' dir='ltr'><strong>credere</strong></span> <span class='ocrx_word' id='word_1_184' title='bbox 1377 2365 1537 2423; x_wconf 89' lang='lat' dir='ltr'><strong>quam</strong></span> <span class='ocrx_word' id='word_1_185' title='bbox 1553 2358 1848 2421; x_wconf 85' lang='lat' dir='ltr'><strong>postquam</strong></span> 
     </span>
    </p>
   </div>
   <div class='ocr_carea' id='block_1_27' title="bbox 250 2441 874 2522">
    <p class='ocr_par' dir='ltr' id='par_1_27' title="bbox 250 2441 874 2522">
     <span class='ocr_line' id='line_1_27' title="bbox 250 2441 874 2522; baseline 0 -26"><span class='ocrx_word' id='word_1_186' title='bbox 250 2441 406 2497; x_wconf 80' lang='lat' dir='ltr'><strong>venit</strong></span> <span class='ocrx_word' id='word_1_187' title='bbox 425 2458 531 2497; x_wconf 93' lang='lat' dir='ltr'><strong>non</strong></span> <span class='ocrx_word' id='word_1_188' title='bbox 565 2442 845 2522; x_wconf 81' lang='lat' dir='ltr'><strong>suscipere</strong></span> <span class='ocrx_word' id='word_1_189' title='bbox 859 2482 874 2497; x_wconf 93' lang='lat'><strong>.</strong></span> 
     </span>
    </p>
   </div>
   <div class='ocr_carea' id='block_1_28' title="bbox 329 2544 1847 2615">
    <p class='ocr_par' dir='ltr' id='par_1_28' title="bbox 329 2544 1847 2615">
     <span class='ocr_line' id='line_1_28' title="bbox 329 2544 1847 2615; baseline -0.002 -13"><span class='ocrx_word' id='word_1_190' title='bbox 329 2572 350 2596; x_wconf 73' lang='grc' dir='ltr'><em>α</em></span> <span class='ocrx_word' id='word_1_191' title='bbox 385 2549 606 2604; x_wconf 85' lang='lat' dir='ltr'><strong>Factum</strong></span> <span class='ocrx_word' id='word_1_192' title='bbox 640 2557 725 2604; x_wconf 91' lang='lat' dir='ltr'><strong>est</strong></span> <span class='ocrx_word' id='word_1_193' title='bbox 753 2556 954 2615; x_wconf 89' lang='lat' dir='ltr'><strong>autem,</strong></span> <span class='ocrx_word' id='word_1_194' title='bbox 987 2563 1112 2604; x_wconf 91' lang='lat' dir='ltr'><strong>cum</strong></span> <span class='ocrx_word' id='word_1_195' title='bbox 1142 2546 1262 2603; x_wconf 67' lang='lat' dir='ltr'><strong>haec</strong></span> <span class='ocrx_word' id='word_1_196' title='bbox 1309 2545 1532 2611; x_wconf 89' lang='lat' dir='ltr'><strong>diceret,</strong></span> <span class='ocrx_word' id='word_1_197' title='bbox 1581 2544 1847 2600; x_wconf 85' lang='lat' dir='ltr'><strong>extollens</strong></span> 
     </span>
    </p>
   </div>
   <div class='ocr_carea' id='block_1_29' title="bbox 251 2634 1846 2709">
    <p class='ocr_par' dir='ltr' id='par_1_29' title="bbox 251 2634 1846 2709">
     <span class='ocr_line' id='line_1_29' title="bbox 251 2634 1846 2709; baseline -0.003 -17"><span class='ocrx_word' id='word_1_198' title='bbox 251 2653 441 2693; x_wconf 87' lang='lat' dir='ltr'><strong>vocem</strong></span> <span class='ocrx_word' id='word_1_199' title='bbox 474 2638 718 2709; x_wconf 70' lang='lat' dir='ltr'><strong>quaedam</strong></span> <span class='ocrx_word' id='word_1_200' title='bbox 769 2638 972 2692; x_wconf 91' lang='lat' dir='ltr'><strong>mulier</strong></span> <span class='ocrx_word' id='word_1_201' title='bbox 1017 2637 1085 2691; x_wconf 92' lang='lat' dir='ltr'><strong>de</strong></span> <span class='ocrx_word' id='word_1_202' title='bbox 1131 2636 1291 2690; x_wconf 90' lang='lat' dir='ltr'><strong>turba</strong></span> <span class='ocrx_word' id='word_1_203' title='bbox 1321 2634 1456 2689; x_wconf 86' lang='lat' dir='ltr'><strong>dixit</strong></span> <span class='ocrx_word' id='word_1_204' title='bbox 1485 2634 1562 2688; x_wconf 91' lang='lat' dir='ltr'><strong>illi</strong></span> <span class='ocrx_word' id='word_1_205' title='bbox 1597 2651 1611 2688; x_wconf 90' lang='lat'><strong>:</strong></span> <span class='ocrx_word' id='word_1_206' title='bbox 1645 2635 1846 2688; x_wconf 85' lang='lat' dir='ltr'><strong>Beatus</strong></span> 
     </span>
    </p>
   </div>
   <div class='ocr_carea' id='block_1_30' title="bbox 250 2722 1844 2798">
    <p class='ocr_par' dir='ltr' id='par_1_30' title="bbox 250 2722 1844 2798">
     <span class='ocr_line' id='line_1_30' title="bbox 250 2722 1844 2798; baseline -0.002 -18"><span class='ocrx_word' id='word_1_207' title='bbox 250 2735 440 2781; x_wconf 87' lang='lat' dir='ltr'><strong>venter</strong></span> <span class='ocrx_word' id='word_1_208' title='bbox 469 2726 559 2798; x_wconf 92' lang='lat' dir='ltr'><strong>qui</strong></span> <span class='ocrx_word' id='word_1_209' title='bbox 583 2735 632 2781; x_wconf 91' lang='lat' dir='ltr'><strong>te</strong></span> <span class='ocrx_word' id='word_1_210' title='bbox 663 2726 893 2797; x_wconf 84' lang='lat' dir='ltr'><strong>portavit</strong></span> <span class='ocrx_word' id='word_1_211' title='bbox 918 2734 971 2780; x_wconf 88' lang='lat' dir='ltr'><strong>et</strong></span> <span class='ocrx_word' id='word_1_212' title='bbox 1001 2727 1194 2789; x_wconf 89' lang='lat' dir='ltr'><strong>ubera,</strong></span> <span class='ocrx_word' id='word_1_213' title='bbox 1228 2731 1332 2780; x_wconf 89' lang='lat' dir='ltr'><strong>etc.</strong></span> <span class='ocrx_word' id='word_1_214' title='bbox 1375 2747 1396 2772; x_wconf 75' lang='grc' dir='ltr'><em>η</em></span> <span class='ocrx_word' id='word_1_215' title='bbox 1433 2724 1641 2794; x_wconf 78' lang='lat' dir='ltr'><strong>Magnae</strong></span> <span class='ocrx_word' id='word_1_216' title='bbox 1671 2722 1844 2777; x_wconf 88' lang='lat' dir='ltr'><strong>devo-</strong></span> 
     </span>
    </p>
   </div>
   <div class='ocr_carea' id='block_1_31' title="bbox 249 2810 1845 2881">
    <p class='ocr_par' dir='ltr' id='par_1_31' title="bbox 249 2810 1845 2881">
     <span class='ocr_line' id='line_1_31' title="bbox 249 2810 1845 2881; baseline -0.002 -12"><span class='ocrx_word' id='word_1_217' title='bbox 249 2814 410 2870; x_wconf 90' lang='lat' dir='ltr'><strong>tionis</strong></span> <span class='ocrx_word' id='word_1_218' title='bbox 440 2823 493 2870; x_wconf 91' lang='lat' dir='ltr'><strong>et</strong></span> <span class='ocrx_word' id='word_1_219' title='bbox 523 2814 646 2869; x_wconf 87' lang='lat' dir='ltr'><strong>ﬁdei</strong></span> <span class='ocrx_word' id='word_1_220' title='bbox 675 2815 979 2870; x_wconf 85' lang='lat' dir='ltr'><strong>ostenditur</strong></span> <span class='ocrx_word' id='word_1_221' title='bbox 1009 2814 1124 2869; x_wconf 69' lang='lat' dir='ltr'><strong>haec</strong></span> <span class='ocrx_word' id='word_1_222' title='bbox 1155 2813 1371 2881; x_wconf 88' lang='lat' dir='ltr'><strong>mulier,</strong></span> <span class='ocrx_word' id='word_1_223' title='bbox 1403 2828 1535 2881; x_wconf 78' lang='lat' dir='ltr'><strong>quae,</strong></span> <span class='ocrx_word' id='word_1_224' title='bbox 1556 2810 1845 2866; x_wconf 67' lang='lat' dir='ltr'><strong>Pharisaeis</strong></span> 
     </span>
    </p>
   </div>
   <div class='ocr_carea' id='block_1_32' title="bbox 249 2899 1843 2974">
    <p class='ocr_par' dir='ltr' id='par_1_32' title="bbox 249 2899 1843 2974">
     <span class='ocr_line' id='line_1_32' title="bbox 249 2899 1843 2974; baseline -0.002 -18"><span class='ocrx_word' id='word_1_225' title='bbox 249 2901 754 2974; x_wconf 89' lang='lat' dir='ltr'><strong>blasphemantibus</strong></span> <span class='ocrx_word' id='word_1_226' title='bbox 804 2902 1114 2966; x_wconf 89' lang='lat' dir='ltr'><strong>Dominum,</strong></span> <span class='ocrx_word' id='word_1_227' title='bbox 1175 2909 1325 2956; x_wconf 89' lang='lat' dir='ltr'><strong>tanta</strong></span> <span class='ocrx_word' id='word_1_228' title='bbox 1368 2899 1678 2955; x_wconf 83' lang='lat' dir='ltr'><strong>sinceritate</strong></span> <span class='ocrx_word' id='word_1_229' title='bbox 1723 2899 1843 2968; x_wconf 76' lang='lat' dir='ltr'><strong>ejus</strong></span> 
     </span>
    </p>
   </div>
   <div class='ocr_carea' id='block_1_33' title="bbox 245 2987 1844 3060">
    <p class='ocr_par' dir='ltr' id='par_1_33' title="bbox 245 2987 1844 3060">
     <span class='ocr_line' id='line_1_33' title="bbox 245 2987 1844 3060; baseline -0.004 -14"><span class='ocrx_word' id='word_1_230' title='bbox 245 2991 681 3048; x_wconf 88' lang='lat' dir='ltr'><strong>incarnationem</strong></span> <span class='ocrx_word' id='word_1_231' title='bbox 732 2991 1048 3057; x_wconf 83' lang='lat' dir='ltr'><strong>conﬁtetur,</strong></span> <span class='ocrx_word' id='word_1_232' title='bbox 1123 2998 1181 3044; x_wconf 92' lang='lat' dir='ltr'><strong>ut</strong></span> <span class='ocrx_word' id='word_1_233' title='bbox 1243 2997 1297 3044; x_wconf 88' lang='lat' dir='ltr'><strong>et</strong></span> <span class='ocrx_word' id='word_1_234' title='bbox 1352 2987 1733 3060; x_wconf 78' lang='lat' dir='ltr'><strong>paenitentiam</strong></span> <span class='ocrx_word' id='word_1_235' title='bbox 1790 2994 1844 3043; x_wconf 92' lang='lat' dir='ltr'><strong>et</strong></span> 
     </span>
    </p>
   </div>
   <div class='ocr_carea' id='block_1_34' title="bbox 247 3075 1842 3150">
    <p class='ocr_par' dir='ltr' id='par_1_34' title="bbox 247 3075 1842 3150">
     <span class='ocr_line' id='line_1_34' title="bbox 247 3075 1842 3150; baseline -0.004 -14"><span class='ocrx_word' id='word_1_236' title='bbox 247 3080 548 3136; x_wconf 81' lang='lat' dir='ltr'><strong>futurorum</strong></span> <span class='ocrx_word' id='word_1_237' title='bbox 581 3079 880 3137; x_wconf 83' lang='lat' dir='ltr'><strong>confundat</strong></span> <span class='ocrx_word' id='word_1_238' title='bbox 909 3079 1216 3150; x_wconf 83' lang='lat' dir='ltr'><strong>perﬁdiam.</strong></span> <span class='ocrx_word' id='word_1_239' title='bbox 1249 3078 1305 3133; x_wconf 91' lang='lat' dir='ltr'><strong>Si</strong></span> <span class='ocrx_word' id='word_1_240' title='bbox 1335 3078 1478 3134; x_wconf 90' lang='lat' dir='ltr'><strong>enim</strong></span> <span class='ocrx_word' id='word_1_241' title='bbox 1515 3092 1648 3132; x_wconf 90' lang='lat' dir='ltr'><strong>caro</strong></span> <span class='ocrx_word' id='word_1_242' title='bbox 1679 3075 1842 3130; x_wconf 84' lang='lat' dir='ltr'><strong>Verbi</strong></span> 
     </span>
    </p>
   </div>
   <div class='ocr_carea' id='block_1_35' title="bbox 249 3162 1841 3240">
    <p class='ocr_par' dir='ltr' id='par_1_35' title="bbox 249 3162 1841 3240">
     <span class='ocr_line' id='line_1_35' title="bbox 249 3162 1841 3240; baseline -0.005 -16"><span class='ocrx_word' id='word_1_243' title='bbox 249 3169 347 3225; x_wconf 89' lang='lat' dir='ltr'><strong>Dei</strong></span> <span class='ocrx_word' id='word_1_244' title='bbox 379 3185 410 3223; x_wconf 89' lang='lat' dir='ltr'><strong>a</strong></span> <span class='ocrx_word' id='word_1_245' title='bbox 441 3183 606 3224; x_wconf 91' lang='lat' dir='ltr'><strong>carne</strong></span> <span class='ocrx_word' id='word_1_246' title='bbox 636 3167 863 3240; x_wconf 83' lang='lat' dir='ltr'><strong>virginis</strong></span> <span class='ocrx_word' id='word_1_247' title='bbox 891 3168 1084 3222; x_wconf 88' lang='lat' dir='ltr'><strong>matris</strong></span> <span class='ocrx_word' id='word_1_248' title='bbox 1113 3175 1260 3222; x_wconf 89' lang='lat' dir='ltr'><strong>esset</strong></span> <span class='ocrx_word' id='word_1_249' title='bbox 1289 3174 1570 3231; x_wconf 89' lang='lat' dir='ltr'><strong>extranea,</strong></span> <span class='ocrx_word' id='word_1_250' title='bbox 1607 3171 1662 3218; x_wconf 91' lang='lat' dir='ltr'><strong>ut</strong></span> <span class='ocrx_word' id='word_1_251' title='bbox 1693 3162 1841 3218; x_wconf 90' lang='lat' dir='ltr'><strong>multi</strong></span> 
     </span>
    </p>
   </div>
   <div class='ocr_carea' id='block_1_36' title="bbox 247 3254 1837 3326">
    <p class='ocr_par' dir='ltr' id='par_1_36' title="bbox 247 3254 1837 3326">
     <span class='ocr_line' id='line_1_36' title="bbox 247 3254 1837 3326; baseline -0.005 -13"><span class='ocrx_word' id='word_1_252' title='bbox 247 3257 485 3314; x_wconf 64' lang='lat' dir='ltr'><strong>haeretici</strong></span> <span class='ocrx_word' id='word_1_253' title='bbox 515 3257 790 3324; x_wconf 83' lang='lat' dir='ltr'><strong>dixerunt,</strong></span> <span class='ocrx_word' id='word_1_254' title='bbox 823 3257 940 3312; x_wconf 86' lang='lat' dir='ltr'><strong>sine</strong></span> <span class='ocrx_word' id='word_1_255' title='bbox 979 3272 1147 3313; x_wconf 90' lang='lat' dir='ltr'><strong>causa</strong></span> <span class='ocrx_word' id='word_1_256' title='bbox 1179 3255 1324 3310; x_wconf 89' lang='lat' dir='ltr'><strong>venit</strong></span> <span class='ocrx_word' id='word_1_257' title='bbox 1367 3254 1457 3326; x_wconf 92' lang='lat' dir='ltr'><strong>qui</strong></span> <span class='ocrx_word' id='word_1_258' title='bbox 1491 3269 1614 3309; x_wconf 91' lang='lat' dir='ltr'><strong>eum</strong></span> <span class='ocrx_word' id='word_1_259' title='bbox 1647 3261 1837 3324; x_wconf 89' lang='lat' dir='ltr'><strong>porta-</strong></span> 
     </span>
    </p>
   </div>
   <div class='ocr_carea' id='block_1_37' title="bbox 246 3341 1836 3418">
    <p class='ocr_par' dir='ltr' id='par_1_37' title="bbox 246 3341 1836 3418">
     <span class='ocr_line' id='line_1_37' title="bbox 246 3341 1836 3418; baseline -0.003 -17"><span class='ocrx_word' id='word_1_260' title='bbox 246 3347 342 3412; x_wconf 90' lang='lat' dir='ltr'><strong>vit,</strong></span> <span class='ocrx_word' id='word_1_261' title='bbox 376 3354 428 3402; x_wconf 90' lang='lat' dir='ltr'><strong>et</strong></span> <span class='ocrx_word' id='word_1_262' title='bbox 457 3347 624 3402; x_wconf 90' lang='lat' dir='ltr'><strong>ubera</strong></span> <span class='ocrx_word' id='word_1_263' title='bbox 654 3363 776 3418; x_wconf 72' lang='lat' dir='ltr'><strong>quae</strong></span> <span class='ocrx_word' id='word_1_264' title='bbox 806 3361 929 3400; x_wconf 88' lang='lat' dir='ltr'><strong>eum</strong></span> <span class='ocrx_word' id='word_1_265' title='bbox 984 3345 1328 3400; x_wconf 90' lang='lat' dir='ltr'><strong>lactaverunt</strong></span> <span class='ocrx_word' id='word_1_266' title='bbox 1367 3341 1836 3398; x_wconf 79' lang='lat' dir='ltr'><strong>heatiﬂcarentur.</strong></span> 
     </span>
    </p>
   </div>
   <div class='ocr_carea' id='block_1_38' title="bbox 245 3429 1837 3505">
    <p class='ocr_par' dir='ltr' id='par_1_38' title="bbox 245 3429 1837 3505">
     <span class='ocr_line' id='line_1_38' title="bbox 245 3429 1837 3505; baseline -0.007 -13"><span class='ocrx_word' id='word_1_267' title='bbox 245 3435 397 3492; x_wconf 90' lang='lat' dir='ltr'><strong>Unde</strong></span> <span class='ocrx_word' id='word_1_268' title='bbox 427 3435 557 3491; x_wconf 88' lang='lat' dir='ltr'><strong>dicit</strong></span> <span class='ocrx_word' id='word_1_269' title='bbox 586 3435 878 3505; x_wconf 81' lang='lat' dir='ltr'><strong>Apostolus</strong></span> <span class='ocrx_word' id='word_1_270' title='bbox 909 3442 1096 3490; x_wconf 89' lang='lat' dir='ltr'><strong>contra</strong></span> <span class='ocrx_word' id='word_1_271' title='bbox 1146 3432 1453 3488; x_wconf 67' lang='lat' dir='ltr'><strong>haereticos.</strong></span> <span class='ocrx_word' id='word_1_272' title='bbox 1491 3456 1512 3479; x_wconf 74' lang='grc' dir='ltr'>α</span> <span class='ocrx_word' id='word_1_273' title='bbox 1559 3429 1699 3500; x_wconf 88' lang='lat' dir='ltr'><strong>Quia</strong></span> <span class='ocrx_word' id='word_1_274' title='bbox 1731 3431 1837 3483; x_wconf 91' lang='lat' dir='ltr'><strong>mi-</strong></span> 
     </span>
    </p>
   </div>
   <div class='ocr_carea' id='block_1_39' title="bbox 247 3517 1836 3585">
    <p class='ocr_par' dir='ltr' id='par_1_39' title="bbox 247 3517 1836 3585">
     <span class='ocr_line' id='line_1_39' title="bbox 247 3517 1836 3585; baseline -0.004 -6"><span class='ocrx_word' id='word_1_275' title='bbox 247 3524 316 3579; x_wconf 83' lang='lat' dir='ltr'><strong>sit</strong></span> <span class='ocrx_word' id='word_1_276' title='bbox 345 3526 491 3580; x_wconf 90' lang='lat' dir='ltr'><strong>Deus</strong></span> <span class='ocrx_word' id='word_1_277' title='bbox 522 3524 715 3579; x_wconf 86' lang='lat' dir='ltr'><strong>Filium</strong></span> <span class='ocrx_word' id='word_1_278' title='bbox 775 3540 929 3578; x_wconf 87' lang='lat' dir='ltr'><strong>suum</strong></span> <span class='ocrx_word' id='word_1_279' title='bbox 988 3522 1183 3578; x_wconf 80' lang='lat' dir='ltr'><strong>factum</strong></span> <span class='ocrx_word' id='word_1_280' title='bbox 1229 3538 1293 3575; x_wconf 89' lang='lat' dir='ltr'><strong>ex</strong></span> <span class='ocrx_word' id='word_1_281' title='bbox 1341 3520 1587 3585; x_wconf 91' lang='lat' dir='ltr'><strong>muliere,</strong></span> <span class='ocrx_word' id='word_1_282' title='bbox 1637 3517 1836 3573; x_wconf 83' lang='lat' dir='ltr'><strong>factum</strong></span> 
     </span>
    </p>
   </div>
   <div class='ocr_carea' id='block_1_40' title="bbox 245 3606 1834 3686">
    <p class='ocr_par' dir='ltr' id='par_1_40' title="bbox 245 3606 1834 3686">
     <span class='ocr_line' id='line_1_40' title="bbox 245 3606 1834 3686; baseline -0.004 -20"><span class='ocrx_word' id='word_1_283' title='bbox 245 3613 347 3666; x_wconf 91' lang='lat' dir='ltr'><strong>sub</strong></span> <span class='ocrx_word' id='word_1_284' title='bbox 376 3613 500 3686; x_wconf 82' lang='lat' dir='ltr'><strong>lege</strong></span> <span class='ocrx_word' id='word_1_285' title='bbox 531 3614 675 3681; x_wconf 84' lang='lat' dir='ltr'><strong>(Gal.</strong></span> <span class='ocrx_word' id='word_1_286' title='bbox 708 3616 808 3669; x_wconf 79' lang='lat' dir='ltr'><strong>iv).</strong></span> <span class='ocrx_word' id='word_1_287' title='bbox 860 3637 874 3656; x_wconf 69' lang='grc' dir='ltr'>ι</span> <span class='ocrx_word' id='word_1_288' title='bbox 906 3613 1022 3667; x_wconf 89' lang='lat' dir='ltr'><strong>Nec</strong></span> <span class='ocrx_word' id='word_1_289' title='bbox 1067 3609 1322 3665; x_wconf 87' lang='lat' dir='ltr'><strong>audiendi</strong></span> <span class='ocrx_word' id='word_1_290' title='bbox 1365 3617 1489 3663; x_wconf 90' lang='lat' dir='ltr'><strong>sunt</strong></span> <span class='ocrx_word' id='word_1_291' title='bbox 1519 3607 1609 3678; x_wconf 91' lang='lat' dir='ltr'><strong>qui</strong></span> <span class='ocrx_word' id='word_1_292' title='bbox 1639 3606 1834 3676; x_wconf 84' lang='lat' dir='ltr'><strong>legen-</strong></span> 
     </span>
    </p>
   </div>
   <div class='ocr_carea' id='block_1_41' title="bbox 243 3695 1834 3772">
    <p class='ocr_par' dir='ltr' id='par_1_41' title="bbox 243 3695 1834 3772">
     <span class='ocr_line' id='line_1_41' title="bbox 243 3695 1834 3772; baseline -0.005 -16"><span class='ocrx_word' id='word_1_293' title='bbox 243 3701 374 3756; x_wconf 90' lang='lat' dir='ltr'><strong>dum</strong></span> <span class='ocrx_word' id='word_1_294' title='bbox 398 3709 587 3772; x_wconf 88' lang='lat' dir='ltr'><strong>putant</strong></span> <span class='ocrx_word' id='word_1_295' title='bbox 615 3709 798 3755; x_wconf 91' lang='lat' dir='ltr'><strong>natum</strong></span> <span class='ocrx_word' id='word_1_296' title='bbox 831 3718 894 3756; x_wconf 84' lang='lat' dir='ltr'><strong>ex</strong></span> <span class='ocrx_word' id='word_1_297' title='bbox 927 3699 1173 3764; x_wconf 87' lang='lat' dir='ltr'><strong>muliere,</strong></span> <span class='ocrx_word' id='word_1_298' title='bbox 1204 3715 1311 3752; x_wconf 92' lang='lat' dir='ltr'><strong>non</strong></span> <span class='ocrx_word' id='word_1_299' title='bbox 1345 3695 1834 3766; x_wconf 87' lang='lat' dir='ltr'><strong>factum.Alioquin</strong></span> 
     </span>
    </p>
   </div>
   <div class='ocr_carea' id='block_1_42' title="bbox 244 3785 1835 3844">
    <p class='ocr_par' dir='ltr' id='par_1_42' title="bbox 244 3785 1835 3844">
     <span class='ocr_line' id='line_1_42' title="bbox 244 3785 1835 3844; baseline -0.004 -2"><span class='ocrx_word' id='word_1_300' title='bbox 244 3805 412 3844; x_wconf 87' lang='lat' dir='ltr'><strong>verus</strong></span> <span class='ocrx_word' id='word_1_301' title='bbox 443 3789 609 3844; x_wconf 89' lang='lat' dir='ltr'><strong>Filius</strong></span> <span class='ocrx_word' id='word_1_302' title='bbox 635 3789 871 3844; x_wconf 87' lang='lat' dir='ltr'><strong>hominis</strong></span> <span class='ocrx_word' id='word_1_303' title='bbox 901 3805 1009 3843; x_wconf 90' lang='lat' dir='ltr'><strong>non</strong></span> <span class='ocrx_word' id='word_1_304' title='bbox 1059 3795 1205 3842; x_wconf 88' lang='lat' dir='ltr'><strong>esset</strong></span> <span class='ocrx_word' id='word_1_305' title='bbox 1252 3785 1357 3840; x_wconf 80' lang='lat' dir='ltr'><strong>nisi</strong></span> <span class='ocrx_word' id='word_1_306' title='bbox 1400 3802 1464 3839; x_wconf 88' lang='lat' dir='ltr'><strong>ex</strong></span> <span class='ocrx_word' id='word_1_307' title='bbox 1518 3792 1686 3838; x_wconf 87' lang='lat' dir='ltr'><strong>matre</strong></span> <span class='ocrx_word' id='word_1_308' title='bbox 1716 3799 1835 3839; x_wconf 90' lang='lat' dir='ltr'><strong>car-</strong></span> 
     </span>
    </p>
   </div>
   <div class='ocr_carea' id='block_1_43' title="bbox 243 3875 1831 3947">
    <p class='ocr_par' dir='ltr' id='par_1_43' title="bbox 243 3875 1831 3947">
     <span class='ocr_line' id='line_1_43' title="bbox 243 3875 1831 3947; baseline -0.005 -13"><span class='ocrx_word' id='word_1_309' title='bbox 243 3895 373 3934; x_wconf 90' lang='lat' dir='ltr'><strong>nem</strong></span> <span class='ocrx_word' id='word_1_310' title='bbox 403 3879 681 3934; x_wconf 85' lang='lat' dir='ltr'><strong>traxisset.</strong></span> <span class='ocrx_word' id='word_1_311' title='bbox 719 3877 1031 3933; x_wconf 91' lang='lat' dir='ltr'><strong>Secundum</strong></span> <span class='ocrx_word' id='word_1_312' title='bbox 1078 3875 1334 3947; x_wconf 86' lang='lat' dir='ltr'><strong>physicos</strong></span> <span class='ocrx_word' id='word_1_313' title='bbox 1381 3888 1598 3943; x_wconf 91' lang='lat' dir='ltr'><strong>quoque</strong></span> <span class='ocrx_word' id='word_1_314' title='bbox 1634 3888 1699 3928; x_wconf 86' lang='lat' dir='ltr'><strong>ex</strong></span> <span class='ocrx_word' id='word_1_315' title='bbox 1729 3887 1831 3927; x_wconf 84' lang='lat' dir='ltr'><strong>eo-</strong></span> 
     </span>
    </p>
   </div>
   <div class='ocr_carea' id='block_1_44' title="bbox 239 3958 1832 4033">
    <p class='ocr_par' dir='ltr' id='par_1_44' title="bbox 239 3958 1832 4033">
     <span class='ocr_line' id='line_1_44' title="bbox 239 3958 1832 4033; baseline -0.005 -11"><span class='ocrx_word' id='word_1_316' title='bbox 239 3967 363 4022; x_wconf 90' lang='lat' dir='ltr'><strong>dem</strong></span> <span class='ocrx_word' id='word_1_317' title='bbox 395 3965 540 4022; x_wconf 85' lang='lat' dir='ltr'><strong>fonte</strong></span> <span class='ocrx_word' id='word_1_318' title='bbox 569 3974 622 4021; x_wconf 92' lang='lat' dir='ltr'><strong>et</strong></span> <span class='ocrx_word' id='word_1_319' title='bbox 651 3967 737 4022; x_wconf 87' lang='lat' dir='ltr'><strong>lac</strong></span> <span class='ocrx_word' id='word_1_320' title='bbox 767 3965 1092 4031; x_wconf 87' lang='lat' dir='ltr'><strong>nutriendis,</strong></span> <span class='ocrx_word' id='word_1_321' title='bbox 1125 3969 1180 4020; x_wconf 88' lang='lat' dir='ltr'><strong>et</strong></span> <span class='ocrx_word' id='word_1_322' title='bbox 1227 3979 1418 4018; x_wconf 90' lang='lat' dir='ltr'><strong>semen</strong></span> <span class='ocrx_word' id='word_1_323' title='bbox 1466 3958 1832 4033; x_wconf 86' lang='lat' dir='ltr'><strong>procreandis</strong></span> 
     </span>
    </p>
   </div>
   <div class='ocr_carea' id='block_1_45' title="bbox 238 4067 1834 4147">
    <p class='ocr_par' dir='ltr' id='par_1_45' title="bbox 238 4067 1834 4147">
     <span class='ocr_line' id='line_1_45' title="bbox 238 4067 1834 4147; baseline -0.006 -17"><span class='ocrx_word' id='word_1_324' title='bbox 238 4074 424 4147; x_wconf 89' lang='lat' dir='ltr'><strong>pueris</strong></span> <span class='ocrx_word' id='word_1_325' title='bbox 451 4081 696 4129; x_wconf 87' lang='lat' dir='ltr'><strong>emanat.</strong></span> <span class='ocrx_word' id='word_1_326' title='bbox 734 4074 879 4143; x_wconf 87' lang='lat' dir='ltr'><strong>Ergo</strong></span> <span class='ocrx_word' id='word_1_327' title='bbox 909 4071 978 4126; x_wconf 92' lang='lat' dir='ltr'><strong>de</strong></span> <span class='ocrx_word' id='word_1_328' title='bbox 1009 4069 1215 4126; x_wconf 89' lang='lat' dir='ltr'><strong>semine</strong></span> <span class='ocrx_word' id='word_1_329' title='bbox 1244 4067 1482 4142; x_wconf 83' lang='lat' dir='ltr'><strong>Virginis</strong></span> <span class='ocrx_word' id='word_1_330' title='bbox 1504 4067 1674 4138; x_wconf 89' lang='lat' dir='ltr'><strong>potuit</strong></span> <span class='ocrx_word' id='word_1_331' title='bbox 1702 4081 1834 4122; x_wconf 90' lang='lat' dir='ltr'><strong>con-</strong></span> 
     </span>
    </p>
   </div>
   <div class='ocr_carea' id='block_1_46' title="bbox 238 4173 1828 4252">
    <p class='ocr_par' dir='ltr' id='par_1_46' title="bbox 238 4173 1828 4252">
     <span class='ocr_line' id='line_1_46' title="bbox 238 4173 1828 4252; baseline -0.007 -16"><span class='ocrx_word' id='word_1_332' title='bbox 238 4180 344 4252; x_wconf 90' lang='lat' dir='ltr'><strong>cipi</strong></span> <span class='ocrx_word' id='word_1_333' title='bbox 374 4181 464 4252; x_wconf 90' lang='lat' dir='ltr'><strong>qui</strong></span> <span class='ocrx_word' id='word_1_334' title='bbox 494 4181 612 4250; x_wconf 90' lang='lat' dir='ltr'><strong>ejus</strong></span> <span class='ocrx_word' id='word_1_335' title='bbox 657 4179 797 4235; x_wconf 88' lang='lat' dir='ltr'><strong>lacte</strong></span> <span class='ocrx_word' id='word_1_336' title='bbox 844 4179 1018 4250; x_wconf 83' lang='lat' dir='ltr'><strong>potuit</strong></span> <span class='ocrx_word' id='word_1_337' title='bbox 1066 4176 1282 4232; x_wconf 90' lang='lat' dir='ltr'><strong>nutriri.</strong></span> <span class='ocrx_word' id='word_1_338' title='bbox 1340 4177 1467 4230; x_wconf 65' lang='lat' dir='ltr'><strong>Haec</strong></span> <span class='ocrx_word' id='word_1_339' title='bbox 1515 4173 1710 4228; x_wconf 90' lang='lat' dir='ltr'><strong>mulier</strong></span> <span class='ocrx_word' id='word_1_340' title='bbox 1738 4179 1828 4242; x_wconf 88' lang='lat' dir='ltr'><strong>ty-</strong></span> 
     </span>
    </p>
   </div>
   <div class='ocr_carea' id='block_1_47' title="bbox 237 4282 1828 4358">
    <p class='ocr_par' dir='ltr' id='par_1_47' title="bbox 237 4282 1828 4358">
     <span class='ocr_line' id='line_1_47' title="bbox 237 4282 1828 4358; baseline -0.006 -16"><span class='ocrx_word' id='word_1_341' title='bbox 237 4302 367 4358; x_wconf 88' lang='lat' dir='ltr'><strong>pum</strong></span> <span class='ocrx_word' id='word_1_342' title='bbox 421 4286 593 4357; x_wconf 85' lang='lat' dir='ltr'><strong>gessit</strong></span> <span class='ocrx_word' id='word_1_343' title='bbox 642 4285 904 4342; x_wconf 69' lang='lat' dir='ltr'><strong>Ecclesize</strong></span> <span class='ocrx_word' id='word_1_344' title='bbox 962 4284 1238 4340; x_wconf 89' lang='lat' dir='ltr'><strong>credentis</strong></span> <span class='ocrx_word' id='word_1_345' title='bbox 1285 4282 1577 4345; x_wconf 90' lang='lat' dir='ltr'><strong>Christum,</strong></span> <span class='ocrx_word' id='word_1_346' title='bbox 1639 4294 1828 4334; x_wconf 89' lang='lat' dir='ltr'><strong>verum</strong></span> 
     </span>
    </p>
   </div>
   <div class='ocr_carea' id='block_1_48' title="bbox 237 4367 1828 4442">
    <p class='ocr_par' dir='ltr' id='par_1_48' title="bbox 237 4367 1828 4442">
     <span class='ocr_line' id='line_1_48' title="bbox 237 4367 1828 4442; baseline -0.008 -10"><span class='ocrx_word' id='word_1_347' title='bbox 237 4375 547 4442; x_wconf 89' lang='lat' dir='ltr'><strong>Dominum,</strong></span> <span class='ocrx_word' id='word_1_348' title='bbox 581 4382 634 4430; x_wconf 91' lang='lat' dir='ltr'><strong>et</strong></span> <span class='ocrx_word' id='word_1_349' title='bbox 663 4391 850 4430; x_wconf 90' lang='lat' dir='ltr'><strong>verum</strong></span> <span class='ocrx_word' id='word_1_350' title='bbox 883 4373 1176 4439; x_wconf 90' lang='lat' dir='ltr'><strong>hominem,</strong></span> <span class='ocrx_word' id='word_1_351' title='bbox 1225 4379 1408 4425; x_wconf 89' lang='lat' dir='ltr'><strong>natum</strong></span> <span class='ocrx_word' id='word_1_352' title='bbox 1459 4369 1653 4424; x_wconf 81' lang='lat' dir='ltr'><strong>fuisse.</strong></span> <span class='ocrx_word' id='word_1_353' title='bbox 1689 4367 1828 4422; x_wconf 83' lang='lat' dir='ltr'><strong>Vere</strong></span> 
     </span>
    </p>
   </div>
   <div class='ocr_carea' id='block_1_49' title="bbox 1968 489 3561 563">
    <p class='ocr_par' dir='ltr' id='par_1_49' title="bbox 1968 489 3561 563">
     <span class='ocr_line' id='line_1_49' title="bbox 1968 489 3561 563; baseline 0.003 -21"><span class='ocrx_word' id='word_1_354' title='bbox 1968 489 2070 543; x_wconf 90' lang='lat' dir='ltr'><strong>bus</strong></span> <span class='ocrx_word' id='word_1_355' title='bbox 2100 490 2184 544; x_wconf 90' lang='lat' dir='ltr'><strong>his</strong></span> <span class='ocrx_word' id='word_1_356' title='bbox 2213 492 2711 563; x_wconf 85' lang='lat' dir='ltr'><strong>comprehenditur,</strong></span> <span class='ocrx_word' id='word_1_357' title='bbox 2759 500 2815 547; x_wconf 90' lang='lat' dir='ltr'><strong>ut</strong></span> <span class='ocrx_word' id='word_1_358' title='bbox 2864 492 3084 549; x_wconf 81' lang='lat' dir='ltr'><strong>verbum</strong></span> <span class='ocrx_word' id='word_1_359' title='bbox 3136 491 3241 546; x_wconf 91' lang='lat' dir='ltr'><strong>Dei</strong></span> <span class='ocrx_word' id='word_1_360' title='bbox 3272 493 3561 548; x_wconf 87' lang='lat' dir='ltr'><strong>audiamus</strong></span> 
     </span>
    </p>
   </div>
   <div class='ocr_carea' id='block_1_50' title="bbox 1969 577 2329 636">
    <p class='ocr_par' dir='ltr' id='par_1_50' title="bbox 1969 577 2329 636">
     <span class='ocr_line' id='line_1_50' title="bbox 1969 577 2329 636; baseline 0.008 -4"><span class='ocrx_word' id='word_1_361' title='bbox 1969 586 2018 632; x_wconf 90' lang='lat' dir='ltr'><strong>et</strong></span> <span class='ocrx_word' id='word_1_362' title='bbox 2044 577 2329 636; x_wconf 83' lang='lat' dir='ltr'><strong>faciamus.</strong></span> 
     </span>
    </p>
   </div>
   <div class='ocr_carea' id='block_1_51' title="bbox 2409 679 3114 735">
    <p class='ocr_par' dir='ltr' id='par_1_51' title="bbox 2409 679 3114 735">
     <span class='ocr_line' id='line_1_51' title="bbox 2409 679 3114 735; baseline 0 -1"><span class='ocrx_word' id='word_1_363' title='bbox 2409 679 2537 734; x_wconf 81' lang='lat' dir='ltr'><strong>SER</strong></span> <span class='ocrx_word' id='word_1_364' title='bbox 2547 680 2644 734; x_wconf 83' lang='lat' dir='ltr'><strong>MO</strong></span> <span class='ocrx_word' id='word_1_365' title='bbox 2677 680 2768 734; x_wconf 89' lang='lat' dir='ltr'><strong>DE</strong></span> <span class='ocrx_word' id='word_1_366' title='bbox 2801 679 3114 735; x_wconf 79' lang='lat' dir='ltr'><strong>PECCATO</strong></span> 
     </span>
    </p>
   </div>
   <div class='ocr_carea' id='block_1_52' title="bbox 2375 791 3154 832">
    <p class='ocr_par' dir='ltr' id='par_1_52' title="bbox 2375 791 3154 832">
     <span class='ocr_line' id='line_1_52' title="bbox 2375 791 3154 832; baseline 0 -2"><span class='ocrx_word' id='word_1_367' title='bbox 2375 791 2443 830; x_wconf 83' lang='grc' dir='ltr'><strong>ΕΤ</strong></span> <span class='ocrx_word' id='word_1_368' title='bbox 2484 793 2866 832; x_wconf 73' lang='lat' dir='ltr'><strong>CONFESSIONE</strong></span> <span class='ocrx_word' id='word_1_369' title='bbox 2906 793 3154 832; x_wconf 73' lang='lat' dir='ltr'><strong>PECCATI.</strong></span> 
     </span>
    </p>
   </div>
   <div class='ocr_carea' id='block_1_53' title="bbox 2039 888 3562 961">
    <p class='ocr_par' dir='ltr' id='par_1_53' title="bbox 2039 888 3562 961">
     <span class='ocr_line' id='line_1_53' title="bbox 2039 888 3562 961; baseline 0.003 -21"><span class='ocrx_word' id='word_1_370' title='bbox 2039 888 2262 943; x_wconf 88' lang='lat' dir='ltr'><strong>Duobus</strong></span> <span class='ocrx_word' id='word_1_371' title='bbox 2292 891 2470 944; x_wconf 92' lang='lat' dir='ltr'><strong>modis</strong></span> <span class='ocrx_word' id='word_1_372' title='bbox 2518 899 2803 961; x_wconf 87' lang='lat' dir='ltr'><strong>peceatum</strong></span> <span class='ocrx_word' id='word_1_373' title='bbox 2853 891 3226 957; x_wconf 87' lang='lat' dir='ltr'><strong>committitur,</strong></span> <span class='ocrx_word' id='word_1_374' title='bbox 3269 890 3324 945; x_wconf 91' lang='lat' dir='ltr'><strong>id</strong></span> <span class='ocrx_word' id='word_1_375' title='bbox 3358 898 3440 946; x_wconf 89' lang='lat' dir='ltr'><strong>est</strong></span> <span class='ocrx_word' id='word_1_376' title='bbox 3468 897 3562 944; x_wconf 86' lang='lat' dir='ltr'><strong>aut</strong></span> 
     </span>
    </p>
   </div>
   <div class='ocr_carea' id='block_1_54' title="bbox 1966 978 3560 1047">
    <p class='ocr_par' dir='ltr' id='par_1_54' title="bbox 1966 978 3560 1047">
     <span class='ocr_line' id='line_1_54' title="bbox 1966 978 3560 1047; baseline 0.001 -18"><span class='ocrx_word' id='word_1_377' title='bbox 1966 990 2155 1030; x_wconf 82' lang='lat' dir='ltr'><strong>arnore</strong></span> <span class='ocrx_word' id='word_1_378' title='bbox 2217 978 2542 1047; x_wconf 78' lang='lat' dir='ltr'><strong>cupiditatis,</strong></span> <span class='ocrx_word' id='word_1_379' title='bbox 2608 988 2697 1033; x_wconf 91' lang='lat' dir='ltr'><strong>aut</strong></span> <span class='ocrx_word' id='word_1_380' title='bbox 2765 988 2909 1034; x_wconf 89' lang='lat' dir='ltr'><strong>metu</strong></span> <span class='ocrx_word' id='word_1_381' title='bbox 2980 979 3205 1042; x_wconf 88' lang='lat' dir='ltr'><strong>timoris,</strong></span> <span class='ocrx_word' id='word_1_382' title='bbox 3274 979 3401 1034; x_wconf 90' lang='lat' dir='ltr'><strong>dum</strong></span> <span class='ocrx_word' id='word_1_383' title='bbox 3474 978 3560 1034; x_wconf 80' lang='lat' dir='ltr'><strong>vel</strong></span> 
     </span>
    </p>
   </div>
   <div class='ocr_carea' id='block_1_55' title="bbox 1965 1064 3560 1139">
    <p class='ocr_par' dir='ltr' id='par_1_55' title="bbox 1965 1064 3560 1139">
     <span class='ocr_line' id='line_1_55' title="bbox 1965 1064 3560 1139; baseline 0.002 -22"><span class='ocrx_word' id='word_1_384' title='bbox 1965 1064 2195 1136; x_wconf 85' lang='lat' dir='ltr'><strong>quisque</strong></span> <span class='ocrx_word' id='word_1_385' title='bbox 2226 1067 2335 1122; x_wconf 88' lang='lat' dir='ltr'><strong>vult</strong></span> <span class='ocrx_word' id='word_1_386' title='bbox 2367 1067 2602 1137; x_wconf 86' lang='lat' dir='ltr'><strong>adipisci</strong></span> <span class='ocrx_word' id='word_1_387' title='bbox 2653 1067 2799 1139; x_wconf 92' lang='lat' dir='ltr'><strong>quod</strong></span> <span class='ocrx_word' id='word_1_388' title='bbox 2849 1068 3016 1138; x_wconf 89' lang='lat' dir='ltr'><strong>cupit,</strong></span> <span class='ocrx_word' id='word_1_389' title='bbox 3061 1069 3146 1122; x_wconf 86' lang='lat' dir='ltr'><strong>vel</strong></span> <span class='ocrx_word' id='word_1_390' title='bbox 3189 1067 3347 1122; x_wconf 86' lang='lat' dir='ltr'><strong>timet</strong></span> <span class='ocrx_word' id='word_1_391' title='bbox 3377 1083 3444 1122; x_wconf 91' lang='lat' dir='ltr'><strong>ne</strong></span> <span class='ocrx_word' id='word_1_392' title='bbox 3472 1067 3560 1120; x_wconf 88' lang='lat' dir='ltr'><strong>in-</strong></span> 
     </span>
    </p>
   </div>
   <div class='ocr_carea' id='block_1_56' title="bbox 1967 1154 3562 1225">
    <p class='ocr_par' dir='ltr' id='par_1_56' title="bbox 1967 1154 3562 1225">
     <span class='ocr_line' id='line_1_56' title="bbox 1967 1154 3562 1225; baseline 0.002 -18"><span class='ocrx_word' id='word_1_393' title='bbox 1967 1161 2150 1207; x_wconf 84' lang='lat' dir='ltr'><strong>currat</strong></span> <span class='ocrx_word' id='word_1_394' title='bbox 2205 1154 2351 1225; x_wconf 90' lang='lat' dir='ltr'><strong>quod</strong></span> <span class='ocrx_word' id='word_1_395' title='bbox 2407 1155 2616 1209; x_wconf 91' lang='lat' dir='ltr'><strong>metuit.</strong></span> <span class='ocrx_word' id='word_1_396' title='bbox 2675 1155 2918 1224; x_wconf 89' lang='lat' dir='ltr'><strong>Quatuor</strong></span> <span class='ocrx_word' id='word_1_397' title='bbox 2975 1156 3150 1210; x_wconf 88' lang='lat' dir='ltr'><strong>modis</strong></span> <span class='ocrx_word' id='word_1_398' title='bbox 3207 1156 3562 1212; x_wconf 86' lang='lat' dir='ltr'><strong>committitur</strong></span> 
     </span>
    </p>
   </div>
   <div class='ocr_carea' id='block_1_57' title="bbox 1967 1242 3560 1316">
    <p class='ocr_par' dir='ltr' id='par_1_57' title="bbox 1967 1242 3560 1316">
     <span class='ocr_line' id='line_1_57' title="bbox 1967 1242 3560 1316; baseline 0.001 -20"><span class='ocrx_word' id='word_1_399' title='bbox 1967 1250 2249 1312; x_wconf 90' lang='lat' dir='ltr'><strong>peccatum</strong></span> <span class='ocrx_word' id='word_1_400' title='bbox 2282 1242 2334 1296; x_wconf 93' lang='lat' dir='ltr'><strong>in</strong></span> <span class='ocrx_word' id='word_1_401' title='bbox 2368 1245 2557 1310; x_wconf 87' lang='lat' dir='ltr'><strong>corde,</strong></span> <span class='ocrx_word' id='word_1_402' title='bbox 2591 1253 2830 1316; x_wconf 88' lang='lat' dir='ltr'><strong>quatuor</strong></span> <span class='ocrx_word' id='word_1_403' title='bbox 2851 1253 2903 1300; x_wconf 90' lang='lat' dir='ltr'><strong>et</strong></span> <span class='ocrx_word' id='word_1_404' title='bbox 2928 1245 3337 1315; x_wconf 89' lang='lat' dir='ltr'><strong>perpetraturin</strong></span> <span class='ocrx_word' id='word_1_405' title='bbox 3367 1260 3560 1314; x_wconf 90' lang='lat' dir='ltr'><strong>opere.</strong></span> 
     </span>
    </p>
   </div>
   <div class='ocr_carea' id='block_1_58' title="bbox 1964 1329 3564 1404">
    <p class='ocr_par' dir='ltr' id='par_1_58' title="bbox 1964 1329 3564 1404">
     <span class='ocr_line' id='line_1_58' title="bbox 1964 1329 3564 1404; baseline 0.003 -20"><span class='ocrx_word' id='word_1_406' title='bbox 1964 1329 2276 1385; x_wconf 87' lang='lat' dir='ltr'><strong>Admittitur</strong></span> <span class='ocrx_word' id='word_1_407' title='bbox 2303 1331 2357 1385; x_wconf 91' lang='lat' dir='ltr'><strong>in</strong></span> <span class='ocrx_word' id='word_1_408' title='bbox 2391 1333 2562 1387; x_wconf 90' lang='lat' dir='ltr'><strong>corde</strong></span> <span class='ocrx_word' id='word_1_409' title='bbox 2594 1332 2950 1404; x_wconf 87' lang='lat' dir='ltr'><strong>suggestione</strong></span> <span class='ocrx_word' id='word_1_410' title='bbox 2971 1332 3300 1400; x_wconf 70' lang='lat' dir='ltr'><strong>daemonum,</strong></span> <span class='ocrx_word' id='word_1_411' title='bbox 3322 1333 3564 1388; x_wconf 89' lang='lat' dir='ltr'><strong>delecta-</strong></span> 
     </span>
    </p>
   </div>
   <div class='ocr_carea' id='block_1_59' title="bbox 1964 1418 3563 1488">
    <p class='ocr_par' dir='ltr' id='par_1_59' title="bbox 1964 1418 3563 1488">
     <span class='ocr_line' id='line_1_59' title="bbox 1964 1418 3563 1488; baseline 0.001 -16"><span class='ocrx_word' id='word_1_412' title='bbox 1964 1418 2108 1473; x_wconf 90' lang='lat' dir='ltr'><strong>tione</strong></span> <span class='ocrx_word' id='word_1_413' title='bbox 2137 1419 2334 1488; x_wconf 86' lang='lat' dir='ltr'><strong>carnis,</strong></span> <span class='ocrx_word' id='word_1_414' title='bbox 2392 1421 2756 1476; x_wconf 86' lang='lat' dir='ltr'><strong>consensione</strong></span> <span class='ocrx_word' id='word_1_415' title='bbox 2814 1420 3029 1486; x_wconf 88' lang='lat' dir='ltr'><strong>mentis,</strong></span> <span class='ocrx_word' id='word_1_416' title='bbox 3083 1420 3399 1476; x_wconf 81' lang='lat' dir='ltr'><strong>defensione</strong></span> <span class='ocrx_word' id='word_1_417' title='bbox 3439 1421 3563 1475; x_wconf 85' lang='lat' dir='ltr'><strong>ela-</strong></span> 
     </span>
    </p>
   </div>
   <div class='ocr_carea' id='block_1_60' title="bbox 1965 1506 3562 1581">
    <p class='ocr_par' dir='ltr' id='par_1_60' title="bbox 1965 1506 3562 1581">
     <span class='ocr_line' id='line_1_60' title="bbox 1965 1506 3562 1581; baseline 0.002 -21"><span class='ocrx_word' id='word_1_418' title='bbox 1965 1506 2154 1561; x_wconf 89' lang='lat' dir='ltr'><strong>tionis.</strong></span> <span class='ocrx_word' id='word_1_419' title='bbox 2195 1507 2566 1564; x_wconf 88' lang='lat' dir='ltr'><strong>Committitur</strong></span> <span class='ocrx_word' id='word_1_420' title='bbox 2605 1509 2658 1564; x_wconf 93' lang='lat' dir='ltr'><strong>in</strong></span> <span class='ocrx_word' id='word_1_421' title='bbox 2693 1525 2887 1581; x_wconf 88' lang='lat' dir='ltr'><strong>opere,</strong></span> <span class='ocrx_word' id='word_1_422' title='bbox 2939 1525 3090 1564; x_wconf 90' lang='lat' dir='ltr'><strong>nunc</strong></span> <span class='ocrx_word' id='word_1_423' title='bbox 3136 1509 3385 1576; x_wconf 88' lang='lat' dir='ltr'><strong>latenter,</strong></span> <span class='ocrx_word' id='word_1_424' title='bbox 3418 1523 3562 1563; x_wconf 90' lang='lat' dir='ltr'><strong>nunc</strong></span> 
     </span>
    </p>
   </div>
   <div class='ocr_carea' id='block_1_61' title="bbox 1961 1595 3559 1668">
    <p class='ocr_par' dir='ltr' id='par_1_61' title="bbox 1961 1595 3559 1668">
     <span class='ocr_line' id='line_1_61' title="bbox 1961 1595 3559 1668; baseline 0.003 -19"><span class='ocrx_word' id='word_1_425' title='bbox 1961 1595 2165 1666; x_wconf 83' lang='lat' dir='ltr'><strong>palam,</strong></span> <span class='ocrx_word' id='word_1_426' title='bbox 2198 1613 2342 1652; x_wconf 90' lang='lat' dir='ltr'><strong>nunc</strong></span> <span class='ocrx_word' id='word_1_427' title='bbox 2373 1597 2791 1663; x_wconf 90' lang='lat' dir='ltr'><strong>consuetudine,</strong></span> <span class='ocrx_word' id='word_1_428' title='bbox 2847 1613 2994 1653; x_wconf 92' lang='lat' dir='ltr'><strong>nunc</strong></span> <span class='ocrx_word' id='word_1_429' title='bbox 3037 1597 3446 1668; x_wconf 90' lang='lat' dir='ltr'><strong>desperatione.</strong></span> <span class='ocrx_word' id='word_1_430' title='bbox 3497 1600 3559 1654; x_wconf 88' lang='lat' dir='ltr'><strong>In</strong></span> 
     </span>
    </p>
   </div>
   <div class='ocr_carea' id='block_1_62' title="bbox 1963 1684 3560 1758">
    <p class='ocr_par' dir='ltr' id='par_1_62' title="bbox 1963 1684 3560 1758">
     <span class='ocr_line' id='line_1_62' title="bbox 1963 1684 3560 1758; baseline 0.002 -20"><span class='ocrx_word' id='word_1_431' title='bbox 1963 1684 2082 1738; x_wconf 90' lang='lat' dir='ltr'><strong>istis</strong></span> <span class='ocrx_word' id='word_1_432' title='bbox 2113 1701 2246 1757; x_wconf 88' lang='lat' dir='ltr'><strong>ergo</strong></span> <span class='ocrx_word' id='word_1_433' title='bbox 2302 1687 2563 1758; x_wconf 89' lang='lat' dir='ltr'><strong>gradibus</strong></span> <span class='ocrx_word' id='word_1_434' title='bbox 2622 1692 2676 1742; x_wconf 90' lang='lat' dir='ltr'><strong>et</strong></span> <span class='ocrx_word' id='word_1_435' title='bbox 2722 1686 2887 1742; x_wconf 92' lang='lat' dir='ltr'><strong>corde</strong></span> <span class='ocrx_word' id='word_1_436' title='bbox 2917 1686 3265 1758; x_wconf 86' lang='lat' dir='ltr'><strong>delinquitur,</strong></span> <span class='ocrx_word' id='word_1_437' title='bbox 3313 1693 3365 1740; x_wconf 91' lang='lat' dir='ltr'><strong>et</strong></span> <span class='ocrx_word' id='word_1_438' title='bbox 3395 1701 3560 1755; x_wconf 88' lang='lat' dir='ltr'><strong>opere</strong></span> 
     </span>
    </p>
   </div>
   <div class='ocr_carea' id='block_1_63' title="bbox 2104 1774 3557 1846">
    <p class='ocr_par' dir='ltr' id='par_1_63' title="bbox 2104 1774 3557 1846">
     <span class='ocr_line' id='line_1_63' title="bbox 2104 1774 3557 1846; baseline 0.001 -19"><span class='ocrx_word' id='word_1_439' title='bbox 2104 1775 2176 1828; x_wconf 89' lang='lat' dir='ltr'><strong>tia</strong></span> <span class='ocrx_word' id='word_1_440' title='bbox 2206 1782 2570 1845; x_wconf 89' lang='lat' dir='ltr'><strong>perpetratnr.</strong></span> <span class='ocrx_word' id='word_1_441' title='bbox 2599 1775 2793 1830; x_wconf 85' lang='lat' dir='ltr'><strong>Tribus</strong></span> <span class='ocrx_word' id='word_1_442' title='bbox 2818 1775 2992 1830; x_wconf 90' lang='lat' dir='ltr'><strong>modis</strong></span> <span class='ocrx_word' id='word_1_443' title='bbox 3020 1783 3300 1846; x_wconf 85' lang='lat' dir='ltr'><strong>peccatum</strong></span> <span class='ocrx_word' id='word_1_444' title='bbox 3333 1774 3557 1846; x_wconf 87' lang='lat' dir='ltr'><strong>geritur,</strong></span> 
     </span>
    </p>
   </div>
   <div class='ocr_carea' id='block_1_64' title="bbox 1961 1861 3556 1934">
    <p class='ocr_par' dir='ltr' id='par_1_64' title="bbox 1961 1861 3556 1934">
     <span class='ocr_line' id='line_1_64' title="bbox 1961 1861 3556 1934; baseline 0.002 -19"><span class='ocrx_word' id='word_1_445' title='bbox 1961 1861 2064 1917; x_wconf 90' lang='lat' dir='ltr'><strong>hoc</strong></span> <span class='ocrx_word' id='word_1_446' title='bbox 2093 1868 2176 1917; x_wconf 89' lang='lat' dir='ltr'><strong>est</strong></span> <span class='ocrx_word' id='word_1_447' title='bbox 2209 1863 2533 1934; x_wconf 89' lang='lat' dir='ltr'><strong>ignorantia,</strong></span> <span class='ocrx_word' id='word_1_448' title='bbox 2580 1862 2915 1928; x_wconf 75' lang='lat' dir='ltr'><strong>inﬁrmitate,</strong></span> <span class='ocrx_word' id='word_1_449' title='bbox 2968 1863 3254 1930; x_wconf 89' lang='lat' dir='ltr'><strong>industria,</strong></span> <span class='ocrx_word' id='word_1_450' title='bbox 3306 1863 3556 1933; x_wconf 89' lang='lat' dir='ltr'><strong>periculo</strong></span> 
     </span>
    </p>
   </div>
   <div class='ocr_carea' id='block_1_65' title="bbox 1961 1951 3556 2023">
    <p class='ocr_par' dir='ltr' id='par_1_65' title="bbox 1961 1951 3556 2023">
     <span class='ocr_line' id='line_1_65' title="bbox 1961 1951 3556 2023; baseline -0.001 -17"><span class='ocrx_word' id='word_1_451' title='bbox 1961 1959 2139 2006; x_wconf 90' lang='lat' dir='ltr'><strong>autem</strong></span> <span class='ocrx_word' id='word_1_452' title='bbox 2171 1967 2450 2022; x_wconf 74' lang='lat' dir='ltr'><strong>pmnarum</strong></span> <span class='ocrx_word' id='word_1_453' title='bbox 2495 1952 2692 2006; x_wconf 84' lang='lat' dir='ltr'><strong>diviso.</strong></span> <span class='ocrx_word' id='word_1_454' title='bbox 2739 1951 3068 2023; x_wconf 69' lang='lat' dir='ltr'><strong>Ignorantia:</strong></span> <span class='ocrx_word' id='word_1_455' title='bbox 3107 1967 3361 2022; x_wconf 88' lang='lat' dir='ltr'><strong>mamque</strong></span> <span class='ocrx_word' id='word_1_456' title='bbox 3391 1951 3556 2006; x_wconf 92' lang='lat' dir='ltr'><strong>modo</strong></span> 
     </span>
    </p>
   </div>
   <div class='ocr_carea' id='block_1_66' title="bbox 1960 2039 3555 2110">
    <p class='ocr_par' dir='ltr' id='par_1_66' title="bbox 1960 2039 3555 2110">
     <span class='ocr_line' id='line_1_66' title="bbox 1960 2039 3555 2110; baseline 0.001 -18"><span class='ocrx_word' id='word_1_457' title='bbox 1960 2040 2204 2109; x_wconf 88' lang='lat' dir='ltr'><strong>peccavit</strong></span> <span class='ocrx_word' id='word_1_458' title='bbox 2233 2041 2284 2093; x_wconf 89' lang='lat' dir='ltr'><strong>in</strong></span> <span class='ocrx_word' id='word_1_459' title='bbox 2344 2041 2596 2110; x_wconf 88' lang='lat' dir='ltr'><strong>paradiso</strong></span> <span class='ocrx_word' id='word_1_460' title='bbox 2651 2042 2786 2106; x_wconf 86' lang='lat' dir='ltr'><strong>Eva,</strong></span> <span class='ocrx_word' id='word_1_461' title='bbox 2847 2041 2990 2096; x_wconf 92' lang='lat' dir='ltr'><strong>sicut</strong></span> <span class='ocrx_word' id='word_1_462' title='bbox 3034 2039 3329 2110; x_wconf 80' lang='lat' dir='ltr'><strong>Apostolus</strong></span> <span class='ocrx_word' id='word_1_463' title='bbox 3376 2039 3555 2095; x_wconf 91' lang='lat' dir='ltr'><strong>dicit:</strong></span> 
     </span>
    </p>
   </div>
   <div class='ocr_carea' id='block_1_67' title="bbox 1963 2127 3558 2198">
    <p class='ocr_par' dir='ltr' id='par_1_67' title="bbox 1963 2127 3558 2198">
     <span class='ocr_line' id='line_1_67' title="bbox 1963 2127 3558 2198; baseline 0.002 -18"><span class='ocrx_word' id='word_1_464' title='bbox 1963 2151 1983 2174; x_wconf 78' lang='grc' dir='ltr'><strong>«ι</strong></span> <span class='ocrx_word' id='word_1_465' title='bbox 2023 2128 2116 2180; x_wconf 84' lang='lat' dir='ltr'><strong>Vir</strong></span> <span class='ocrx_word' id='word_1_466' title='bbox 2147 2143 2254 2183; x_wconf 90' lang='lat' dir='ltr'><strong>non</strong></span> <span class='ocrx_word' id='word_1_467' title='bbox 2273 2138 2355 2182; x_wconf 90' lang='lat' dir='ltr'><strong>est</strong></span> <span class='ocrx_word' id='word_1_468' title='bbox 2386 2129 2662 2193; x_wconf 90' lang='lat' dir='ltr'><strong>seductus,</strong></span> <span class='ocrx_word' id='word_1_469' title='bbox 2697 2129 2794 2183; x_wconf 87' lang='lat' dir='ltr'><strong>sed</strong></span> <span class='ocrx_word' id='word_1_470' title='bbox 2834 2129 3028 2183; x_wconf 91' lang='lat' dir='ltr'><strong>mulier</strong></span> <span class='ocrx_word' id='word_1_471' title='bbox 3075 2127 3298 2185; x_wconf 89' lang='lat' dir='ltr'><strong>seducta</strong></span> <span class='ocrx_word' id='word_1_472' title='bbox 3330 2128 3382 2182; x_wconf 92' lang='lat' dir='ltr'><strong>in</strong></span> <span class='ocrx_word' id='word_1_473' title='bbox 3416 2145 3558 2198; x_wconf 71' lang='lat' dir='ltr'><strong>pra:-</strong></span> 
     </span>
    </p>
   </div>
   <div class='ocr_carea' id='block_1_68' title="bbox 1959 2215 3558 2290">
    <p class='ocr_par' dir='ltr' id='par_1_68' title="bbox 1959 2215 3558 2290">
     <span class='ocr_line' id='line_1_68' title="bbox 1959 2215 3558 2290; baseline 0 -20"><span class='ocrx_word' id='word_1_474' title='bbox 1959 2215 2292 2271; x_wconf 83' lang='lat' dir='ltr'><strong>varicatione</strong></span> <span class='ocrx_word' id='word_1_475' title='bbox 2323 2216 2414 2270; x_wconf 83' lang='lat' dir='ltr'><strong>fuit</strong></span> <span class='ocrx_word' id='word_1_476' title='bbox 2439 2219 2484 2282; x_wconf 89' lang='grc' dir='ltr'><strong>(Ι</strong></span> <span class='ocrx_word' id='word_1_477' title='bbox 2517 2218 2652 2272; x_wconf 87' lang='lat' dir='ltr'><strong>Tim.</strong></span> <span class='ocrx_word' id='word_1_478' title='bbox 2678 2220 2761 2287; x_wconf 85' lang='grc' dir='ltr'><strong>ιι).</strong></span> <span class='ocrx_word' id='word_1_479' title='bbox 2786 2239 2807 2265; x_wconf 77' lang='lat' dir='ltr'><strong>n</strong></span> <span class='ocrx_word' id='word_1_480' title='bbox 2832 2217 3118 2290; x_wconf 58' lang='lat' dir='ltr'><strong>ErgoﬁEva</strong></span> <span class='ocrx_word' id='word_1_481' title='bbox 3136 2217 3383 2287; x_wconf 88' lang='lat' dir='ltr'><strong>peccavit</strong></span> <span class='ocrx_word' id='word_1_482' title='bbox 3404 2217 3558 2288; x_wconf 86' lang='lat' dir='ltr'><strong>igno-</strong></span> 
     </span>
    </p>
   </div>
   <div class='ocr_carea' id='block_1_69' title="bbox 1959 2304 3556 2377">
    <p class='ocr_par' dir='ltr' id='par_1_69' title="bbox 1959 2304 3556 2377">
     <span class='ocr_line' id='line_1_69' title="bbox 1959 2304 3556 2377; baseline 0 -19"><span class='ocrx_word' id='word_1_483' title='bbox 1959 2305 2148 2367; x_wconf 82' lang='lat' dir='ltr'><strong>rantia,</strong></span> <span class='ocrx_word' id='word_1_484' title='bbox 2204 2305 2370 2360; x_wconf 82' lang='lat' dir='ltr'><strong>Adam</strong></span> <span class='ocrx_word' id='word_1_485' title='bbox 2430 2304 2714 2370; x_wconf 90' lang='lat' dir='ltr'><strong>industria,</strong></span> <span class='ocrx_word' id='word_1_486' title='bbox 2774 2306 2901 2377; x_wconf 90' lang='lat' dir='ltr'><strong>quia</strong></span> <span class='ocrx_word' id='word_1_487' title='bbox 2957 2321 3063 2360; x_wconf 91' lang='lat' dir='ltr'><strong>non</strong></span> <span class='ocrx_word' id='word_1_488' title='bbox 3139 2305 3396 2361; x_wconf 89' lang='lat' dir='ltr'><strong>seductus</strong></span> <span class='ocrx_word' id='word_1_489' title='bbox 3458 2304 3556 2360; x_wconf 90' lang='lat' dir='ltr'><strong>sed</strong></span> 
     </span>
    </p>
   </div>
   <div class='ocr_carea' id='block_1_70' title="bbox 1959 2393 3558 2466">
    <p class='ocr_par' dir='ltr' id='par_1_70' title="bbox 1959 2393 3558 2466">
     <span class='ocr_line' id='line_1_70' title="bbox 1959 2393 3558 2466; baseline -0.001 -19"><span class='ocrx_word' id='word_1_490' title='bbox 1959 2393 2139 2448; x_wconf 88' lang='lat' dir='ltr'><strong>sciens</strong></span> <span class='ocrx_word' id='word_1_491' title='bbox 2194 2394 2546 2466; x_wconf 87' lang='lat' dir='ltr'><strong>prudensque</strong></span> <span class='ocrx_word' id='word_1_492' title='bbox 2604 2395 2875 2464; x_wconf 84' lang='lat' dir='ltr'><strong>peccavit.</strong></span> <span class='ocrx_word' id='word_1_493' title='bbox 2935 2393 3040 2462; x_wconf 88' lang='lat' dir='ltr'><strong>Qui</strong></span> <span class='ocrx_word' id='word_1_494' title='bbox 3088 2409 3221 2449; x_wconf 89' lang='lat' dir='ltr'><strong>vero</strong></span> <span class='ocrx_word' id='word_1_495' title='bbox 3277 2393 3558 2449; x_wconf 87' lang='lat' dir='ltr'><strong>seducitur</strong></span> 
     </span>
    </p>
   </div>
   <div class='ocr_carea' id='block_1_71' title="bbox 1957 2480 3557 2555">
    <p class='ocr_par' dir='ltr' id='par_1_71' title="bbox 1957 2480 3557 2555">
     <span class='ocr_line' id='line_1_71' title="bbox 1957 2480 3557 2555; baseline 0.001 -20"><span class='ocrx_word' id='word_1_496' title='bbox 1957 2483 2100 2553; x_wconf 90' lang='lat' dir='ltr'><strong>quod</strong></span> <span class='ocrx_word' id='word_1_497' title='bbox 2134 2482 2458 2548; x_wconf 91' lang='lat' dir='ltr'><strong>consentiat,</strong></span> <span class='ocrx_word' id='word_1_498' title='bbox 2492 2482 2774 2538; x_wconf 89' lang='lat' dir='ltr'><strong>evidenter</strong></span> <span class='ocrx_word' id='word_1_499' title='bbox 2817 2483 3056 2555; x_wconf 89' lang='lat' dir='ltr'><strong>ignorat.</strong></span> <span class='ocrx_word' id='word_1_500' title='bbox 3110 2483 3190 2537; x_wconf 93' lang='lat' dir='ltr'><strong>De</strong></span> <span class='ocrx_word' id='word_1_501' title='bbox 3239 2480 3557 2537; x_wconf 82' lang='lat' dir='ltr'><strong>infirmitate</strong></span> 
     </span>
    </p>
   </div>
   <div class='ocr_carea' id='block_1_72' title="bbox 1956 2569 3556 2642">
    <p class='ocr_par' dir='ltr' id='par_1_72' title="bbox 1956 2569 3556 2642">
     <span class='ocr_line' id='line_1_72' title="bbox 1956 2569 3556 2642; baseline 0.001 -18"><span class='ocrx_word' id='word_1_502' title='bbox 1956 2579 2139 2625; x_wconf 88' lang='lat' dir='ltr'><strong>autem</strong></span> <span class='ocrx_word' id='word_1_503' title='bbox 2174 2572 2364 2625; x_wconf 90' lang='lat' dir='ltr'><strong>Petrus</strong></span> <span class='ocrx_word' id='word_1_504' title='bbox 2394 2570 2642 2641; x_wconf 88' lang='lat' dir='ltr'><strong>deliquit,</strong></span> <span class='ocrx_word' id='word_1_505' title='bbox 2678 2572 2938 2642; x_wconf 90' lang='lat' dir='ltr'><strong>quoniam</strong></span> <span class='ocrx_word' id='word_1_506' title='bbox 2969 2571 3036 2625; x_wconf 92' lang='lat' dir='ltr'><strong>ad</strong></span> <span class='ocrx_word' id='word_1_507' title='bbox 3077 2578 3281 2626; x_wconf 90' lang='lat' dir='ltr'><strong>metum</strong></span> <span class='ocrx_word' id='word_1_508' title='bbox 3311 2569 3556 2626; x_wconf 88' lang='lat' dir='ltr'><strong>interro-</strong></span> 
     </span>
    </p>
   </div>
   <div class='ocr_carea' id='block_1_73' title="bbox 1956 2657 3556 2730">
    <p class='ocr_par' dir='ltr' id='par_1_73' title="bbox 1956 2657 3556 2730">
     <span class='ocr_line' id='line_1_73' title="bbox 1956 2657 3556 2730; baseline -0.001 -17"><span class='ocrx_word' id='word_1_509' title='bbox 1956 2660 2138 2730; x_wconf 85' lang='lat' dir='ltr'><strong>gantis</strong></span> <span class='ocrx_word' id='word_1_510' title='bbox 2168 2659 2380 2713; x_wconf 67' lang='lat' dir='ltr'><strong>ancillae</strong></span> <span class='ocrx_word' id='word_1_511' title='bbox 2410 2659 2680 2713; x_wconf 89' lang='lat' dir='ltr'><strong>Christum</strong></span> <span class='ocrx_word' id='word_1_512' title='bbox 2713 2659 2956 2730; x_wconf 87' lang='lat' dir='ltr'><strong>negavit.</strong></span> <span class='ocrx_word' id='word_1_513' title='bbox 3008 2659 3242 2714; x_wconf 89' lang='lat' dir='ltr'><strong>Gravius</strong></span> <span class='ocrx_word' id='word_1_514' title='bbox 3286 2664 3372 2713; x_wconf 90' lang='lat' dir='ltr'><strong>est</strong></span> <span class='ocrx_word' id='word_1_515' title='bbox 3401 2657 3556 2713; x_wconf 83' lang='lat' dir='ltr'><strong>inﬁr-</strong></span> 
     </span>
    </p>
   </div>
   <div class='ocr_carea' id='block_1_74' title="bbox 1956 2744 3551 2818">
    <p class='ocr_par' dir='ltr' id='par_1_74' title="bbox 1956 2744 3551 2818">
     <span class='ocr_line' id='line_1_74' title="bbox 1956 2744 3551 2818; baseline 0.001 -19"><span class='ocrx_word' id='word_1_516' title='bbox 1956 2748 2141 2801; x_wconf 90' lang='lat' dir='ltr'><strong>mitate</strong></span> <span class='ocrx_word' id='word_1_517' title='bbox 2172 2763 2330 2817; x_wconf 86' lang='lat' dir='ltr'><strong>quam</strong></span> <span class='ocrx_word' id='word_1_518' title='bbox 2359 2746 2668 2818; x_wconf 89' lang='lat' dir='ltr'><strong>ignorantia</strong></span> <span class='ocrx_word' id='word_1_519' title='bbox 2692 2761 2962 2817; x_wconf 80' lang='lat' dir='ltr'><strong>quemque</strong></span> <span class='ocrx_word' id='word_1_520' title='bbox 2986 2744 3332 2816; x_wconf 89' lang='lat' dir='ltr'><strong>delinquere,</strong></span> <span class='ocrx_word' id='word_1_521' title='bbox 3363 2747 3551 2814; x_wconf 91' lang='lat' dir='ltr'><strong>cujus-</strong></span> 
     </span>
    </p>
   </div>
   <div class='ocr_carea' id='block_1_75' title="bbox 1955 2833 3554 2906">
    <p class='ocr_par' dir='ltr' id='par_1_75' title="bbox 1955 2833 3554 2906">
     <span class='ocr_line' id='line_1_75' title="bbox 1955 2833 3554 2906; baseline -0.001 -17"><span class='ocrx_word' id='word_1_522' title='bbox 1955 2851 2060 2906; x_wconf 91' lang='lat' dir='ltr'><strong>que</strong></span> <span class='ocrx_word' id='word_1_523' title='bbox 2092 2835 2353 2890; x_wconf 83' lang='lat' dir='ltr'><strong>industria</strong></span> <span class='ocrx_word' id='word_1_524' title='bbox 2385 2850 2548 2904; x_wconf 89' lang='lat' dir='ltr'><strong>quam</strong></span> <span class='ocrx_word' id='word_1_525' title='bbox 2607 2833 2916 2888; x_wconf 79' lang='lat' dir='ltr'><strong>infirmitate</strong></span> <span class='ocrx_word' id='word_1_526' title='bbox 2963 2849 3219 2904; x_wconf 89' lang='lat' dir='ltr'><strong>peccare.</strong></span> <span class='ocrx_word' id='word_1_527' title='bbox 3277 2833 3554 2888; x_wconf 84' lang='lat' dir='ltr'><strong>[ndustria</strong></span> 
     </span>
    </p>
   </div>
   <div class='ocr_carea' id='block_1_76' title="bbox 1953 2920 3548 2996">
    <p class='ocr_par' dir='ltr' id='par_1_76' title="bbox 1953 2920 3548 2996">
     <span class='ocr_line' id='line_1_76' title="bbox 1953 2920 3548 2996; baseline -0.002 -18"><span class='ocrx_word' id='word_1_528' title='bbox 1953 2939 2189 2996; x_wconf 86' lang='lat' dir='ltr'><strong>namque</strong></span> <span class='ocrx_word' id='word_1_529' title='bbox 2217 2932 2402 2994; x_wconf 89' lang='lat' dir='ltr'><strong>peccat</strong></span> <span class='ocrx_word' id='word_1_530' title='bbox 2433 2922 2524 2994; x_wconf 90' lang='lat' dir='ltr'><strong>qui</strong></span> <span class='ocrx_word' id='word_1_531' title='bbox 2555 2923 2731 2978; x_wconf 91' lang='lat' dir='ltr'><strong>studio</strong></span> <span class='ocrx_word' id='word_1_532' title='bbox 2787 2937 2852 2977; x_wconf 90' lang='lat' dir='ltr'><strong>ac</strong></span> <span class='ocrx_word' id='word_1_533' title='bbox 2899 2921 3292 2977; x_wconf 89' lang='lat' dir='ltr'><strong>deliberatiene</strong></span> <span class='ocrx_word' id='word_1_534' title='bbox 3350 2920 3548 2977; x_wconf 90' lang='lat' dir='ltr'><strong>mentis</strong></span> 
     </span>
    </p>
   </div>
   <div class='ocr_carea' id='block_1_77' title="bbox 1952 3009 3554 3084">
    <p class='ocr_par' dir='ltr' id='par_1_77' title="bbox 1952 3009 3554 3084">
     <span class='ocr_line' id='line_1_77' title="bbox 1952 3009 3554 3084; baseline -0.001 -18"><span class='ocrx_word' id='word_1_535' title='bbox 1952 3012 2153 3067; x_wconf 88' lang='lat' dir='ltr'><strong>malum</strong></span> <span class='ocrx_word' id='word_1_536' title='bbox 2183 3013 2292 3084; x_wconf 84' lang='lat' dir='ltr'><strong>agit</strong></span> <span class='ocrx_word' id='word_1_537' title='bbox 2327 3027 2339 3079; x_wconf 90' lang='lat'><strong>;</strong></span> <span class='ocrx_word' id='word_1_538' title='bbox 2373 3010 2686 3066; x_wconf 87' lang='lat' dir='ltr'><strong>infirmitate</strong></span> <span class='ocrx_word' id='word_1_539' title='bbox 2741 3019 2920 3065; x_wconf 91' lang='lat' dir='ltr'><strong>autem</strong></span> <span class='ocrx_word' id='word_1_540' title='bbox 2981 3009 3070 3082; x_wconf 92' lang='lat' dir='ltr'><strong>qui</strong></span> <span class='ocrx_word' id='word_1_541' title='bbox 3119 3027 3252 3065; x_wconf 82' lang='lat' dir='ltr'><strong>casu</strong></span> <span class='ocrx_word' id='word_1_542' title='bbox 3301 3009 3384 3065; x_wconf 89' lang='lat' dir='ltr'><strong>vel</strong></span> <span class='ocrx_word' id='word_1_543' title='bbox 3417 3025 3554 3080; x_wconf 68' lang='lat' dir='ltr'><strong>prae-</strong></span> 
     </span>
    </p>
   </div>
   <div class='ocr_carea' id='block_1_78' title="bbox 1872 3087 3554 3172">
    <p class='ocr_par' dir='ltr' id='par_1_78' title="bbox 1872 3087 3554 3172">
     <span class='ocr_line' id='line_1_78' title="bbox 1872 3087 3554 3172; baseline -0.003 -15"><span class='ocrx_word' id='word_1_544' title='bbox 1872 3109 1920 3172; x_wconf 80' lang='lat' dir='ltr'>C</span> <span class='ocrx_word' id='word_1_545' title='bbox 1950 3101 2263 3172; x_wconf 90' lang='lat' dir='ltr'><strong>cipitatione</strong></span> <span class='ocrx_word' id='word_1_546' title='bbox 2293 3087 2574 3171; x_wconf 39' lang='lat' dir='ltr'><strong>delinquit...</strong></span> <span class='ocrx_word' id='word_1_547' title='bbox 2607 3099 2852 3169; x_wconf 88' lang='lat' dir='ltr'><strong>Nequius</strong></span> <span class='ocrx_word' id='word_1_548' title='bbox 2881 3108 3056 3154; x_wconf 91' lang='lat' dir='ltr'><strong>autem</strong></span> <span class='ocrx_word' id='word_1_549' title='bbox 3078 3108 3132 3152; x_wconf 90' lang='lat' dir='ltr'><strong>et</strong></span> <span class='ocrx_word' id='word_1_550' title='bbox 3190 3099 3259 3154; x_wconf 91' lang='lat' dir='ltr'><strong>de</strong></span> <span class='ocrx_word' id='word_1_551' title='bbox 3291 3098 3554 3152; x_wconf 89' lang='lat' dir='ltr'><strong>industria</strong></span> 
     </span>
    </p>
   </div>
   <div class='ocr_carea' id='block_1_79' title="bbox 1952 3186 3544 3260">
    <p class='ocr_par' dir='ltr' id='par_1_79' title="bbox 1952 3186 3544 3260">
     <span class='ocr_line' id='line_1_79' title="bbox 1952 3186 3544 3260; baseline -0.003 -16"><span class='ocrx_word' id='word_1_552' title='bbox 1952 3198 2200 3260; x_wconf 90' lang='lat' dir='ltr'><strong>peccant,</strong></span> <span class='ocrx_word' id='word_1_553' title='bbox 2267 3189 2358 3260; x_wconf 93' lang='lat' dir='ltr'><strong>qui</strong></span> <span class='ocrx_word' id='word_1_554' title='bbox 2417 3203 2526 3242; x_wconf 90' lang='lat' dir='ltr'><strong>non</strong></span> <span class='ocrx_word' id='word_1_555' title='bbox 2582 3186 2762 3242; x_wconf 86' lang='lat' dir='ltr'><strong>solum</strong></span> <span class='ocrx_word' id='word_1_556' title='bbox 2816 3204 2923 3241; x_wconf 89' lang='lat' dir='ltr'><strong>non</strong></span> <span class='ocrx_word' id='word_1_557' title='bbox 2978 3187 3117 3242; x_wconf 92' lang='lat' dir='ltr'><strong>bene</strong></span> <span class='ocrx_word' id='word_1_558' title='bbox 3177 3187 3387 3252; x_wconf 86' lang='lat' dir='ltr'><strong>vivunt,</strong></span> <span class='ocrx_word' id='word_1_559' title='bbox 3449 3186 3544 3240; x_wconf 90' lang='lat' dir='ltr'><strong>sed</strong></span> 
     </span>
    </p>
   </div>
   <div class='ocr_carea' id='block_1_80' title="bbox 1951 3273 3548 3345">
    <p class='ocr_par' dir='ltr' id='par_1_80' title="bbox 1951 3273 3548 3345">
     <span class='ocr_line' id='line_1_80' title="bbox 1951 3273 3548 3345; baseline -0.003 -12"><span class='ocrx_word' id='word_1_560' title='bbox 1951 3279 2127 3334; x_wconf 88' lang='lat' dir='ltr'><strong>adhuc</strong></span> <span class='ocrx_word' id='word_1_561' title='bbox 2156 3285 2208 3332; x_wconf 92' lang='lat' dir='ltr'><strong>et</strong></span> <span class='ocrx_word' id='word_1_562' title='bbox 2239 3277 2378 3332; x_wconf 90' lang='lat' dir='ltr'><strong>bene</strong></span> <span class='ocrx_word' id='word_1_563' title='bbox 2409 3275 2674 3343; x_wconf 89' lang='lat' dir='ltr'><strong>viventes,</strong></span> <span class='ocrx_word' id='word_1_564' title='bbox 2725 3275 2771 3330; x_wconf 90' lang='lat' dir='ltr'><strong>si</strong></span> <span class='ocrx_word' id='word_1_565' title='bbox 2819 3282 3067 3345; x_wconf 90' lang='lat' dir='ltr'><strong>possunt,</strong></span> <span class='ocrx_word' id='word_1_566' title='bbox 3112 3291 3142 3328; x_wconf 91' lang='lat' dir='ltr'><strong>a</strong></span> <span class='ocrx_word' id='word_1_567' title='bbox 3201 3273 3429 3330; x_wconf 89' lang='lat' dir='ltr'><strong>veritate</strong></span> <span class='ocrx_word' id='word_1_568' title='bbox 3459 3274 3548 3328; x_wconf 92' lang='lat' dir='ltr'><strong>di-</strong></span> 
     </span>
    </p>
   </div>
   <div class='ocr_carea' id='block_1_81' title="bbox 1950 3361 3548 3436">
    <p class='ocr_par' dir='ltr' id='par_1_81' title="bbox 1950 3361 3548 3436">
     <span class='ocr_line' id='line_1_81' title="bbox 1950 3361 3548 3436; baseline -0.002 -15"><span class='ocrx_word' id='word_1_569' title='bbox 1950 3374 2183 3421; x_wconf 86' lang='lat' dir='ltr'><strong>vertunt.</strong></span> <span class='ocrx_word' id='word_1_570' title='bbox 2219 3365 2356 3420; x_wconf 89' lang='lat' dir='ltr'><strong>Sunt</strong></span> <span class='ocrx_word' id='word_1_571' title='bbox 2385 3372 2440 3420; x_wconf 89' lang='lat' dir='ltr'><strong>et</strong></span> <span class='ocrx_word' id='word_1_572' title='bbox 2469 3364 2559 3435; x_wconf 89' lang='lat' dir='ltr'><strong>qui</strong></span> <span class='ocrx_word' id='word_1_573' title='bbox 2591 3364 2912 3436; x_wconf 88' lang='lat' dir='ltr'><strong>ignorantes</strong></span> <span class='ocrx_word' id='word_1_574' title='bbox 2942 3370 3190 3434; x_wconf 91' lang='lat' dir='ltr'><strong>peccant,</strong></span> <span class='ocrx_word' id='word_1_575' title='bbox 3226 3371 3277 3418; x_wconf 90' lang='lat' dir='ltr'><strong>et</strong></span> <span class='ocrx_word' id='word_1_576' title='bbox 3307 3371 3427 3417; x_wconf 91' lang='lat' dir='ltr'><strong>sunt</strong></span> <span class='ocrx_word' id='word_1_577' title='bbox 3455 3361 3548 3433; x_wconf 90' lang='lat' dir='ltr'><strong>qui</strong></span> 
     </span>
    </p>
   </div>
   <div class='ocr_carea' id='block_1_82' title="bbox 1949 3451 3550 3524">
    <p class='ocr_par' dir='ltr' id='par_1_82' title="bbox 1949 3451 3550 3524">
     <span class='ocr_line' id='line_1_82' title="bbox 1949 3451 3550 3524; baseline -0.002 -15"><span class='ocrx_word' id='word_1_578' title='bbox 1949 3455 2208 3511; x_wconf 86' lang='lat' dir='ltr'><strong>scientes.</strong></span> <span class='ocrx_word' id='word_1_579' title='bbox 2249 3454 2385 3508; x_wconf 90' lang='lat' dir='ltr'><strong>Sunt</strong></span> <span class='ocrx_word' id='word_1_580' title='bbox 2408 3453 2570 3507; x_wconf 90' lang='lat' dir='ltr'><strong>etiam</strong></span> <span class='ocrx_word' id='word_1_581' title='bbox 2603 3452 2694 3524; x_wconf 90' lang='lat' dir='ltr'><strong>qui</strong></span> <span class='ocrx_word' id='word_1_582' title='bbox 2736 3469 2836 3522; x_wconf 86' lang='lat' dir='ltr'><strong>per</strong></span> <span class='ocrx_word' id='word_1_583' title='bbox 2879 3451 3202 3524; x_wconf 77' lang='lat' dir='ltr'><strong>ignorantiae</strong></span> <span class='ocrx_word' id='word_1_584' title='bbox 3234 3451 3550 3506; x_wconf 85' lang='lat' dir='ltr'><strong>excusatio-</strong></span> 
     </span>
    </p>
   </div>
   <div class='ocr_carea' id='block_1_83' title="bbox 1947 3535 3541 3606">
    <p class='ocr_par' dir='ltr' id='par_1_83' title="bbox 1947 3535 3541 3606">
     <span class='ocr_line' id='line_1_83' title="bbox 1947 3535 3541 3606; baseline -0.003 -12"><span class='ocrx_word' id='word_1_585' title='bbox 1947 3557 2069 3594; x_wconf 89' lang='lat' dir='ltr'><strong>nem</strong></span> <span class='ocrx_word' id='word_1_586' title='bbox 2103 3539 2243 3593; x_wconf 84' lang='lat' dir='ltr'><strong>scire</strong></span> <span class='ocrx_word' id='word_1_587' title='bbox 2273 3538 2482 3597; x_wconf 88' lang='lat' dir='ltr'><strong>nolunt,</strong></span> <span class='ocrx_word' id='word_1_588' title='bbox 2534 3545 2594 3591; x_wconf 91' lang='lat' dir='ltr'><strong>ut</strong></span> <span class='ocrx_word' id='word_1_589' title='bbox 2645 3536 2821 3590; x_wconf 91' lang='lat' dir='ltr'><strong>minus</strong></span> <span class='ocrx_word' id='word_1_590' title='bbox 2869 3535 3173 3606; x_wconf 90' lang='lat' dir='ltr'><strong>culpabiles</strong></span> <span class='ocrx_word' id='word_1_591' title='bbox 3220 3535 3541 3591; x_wconf 89' lang='lat' dir='ltr'><strong>habeantur.</strong></span> 
     </span>
    </p>
   </div>
   <div class='ocr_carea' id='block_1_84' title="bbox 1947 3624 3544 3697">
    <p class='ocr_par' dir='ltr' id='par_1_84' title="bbox 1947 3624 3544 3697">
     <span class='ocr_line' id='line_1_84' title="bbox 1947 3624 3544 3697; baseline -0.003 -15"><span class='ocrx_word' id='word_1_592' title='bbox 1947 3628 2052 3697; x_wconf 92' lang='lat' dir='ltr'><strong>Qui</strong></span> <span class='ocrx_word' id='word_1_593' title='bbox 2084 3635 2263 3682; x_wconf 88' lang='lat' dir='ltr'><strong>tamen</strong></span> <span class='ocrx_word' id='word_1_594' title='bbox 2321 3625 2534 3695; x_wconf 90' lang='lat' dir='ltr'><strong>scipsos</strong></span> <span class='ocrx_word' id='word_1_595' title='bbox 2588 3641 2695 3679; x_wconf 93' lang='lat' dir='ltr'><strong>non</strong></span> <span class='ocrx_word' id='word_1_596' title='bbox 2749 3624 2999 3679; x_wconf 89' lang='lat' dir='ltr'><strong>muniunt</strong></span> <span class='ocrx_word' id='word_1_597' title='bbox 3040 3624 3138 3678; x_wconf 78' lang='lat' dir='ltr'><strong>sed</strong></span> <span class='ocrx_word' id='word_1_598' title='bbox 3191 3624 3366 3694; x_wconf 84' lang='lat' dir='ltr'><strong>magis</strong></span> <span class='ocrx_word' id='word_1_599' title='bbox 3397 3624 3544 3678; x_wconf 85' lang='lat' dir='ltr'><strong>deci-</strong></span> 
     </span>
    </p>
   </div>
   <div class='ocr_carea' id='block_1_85' title="bbox 1946 3711 3541 3787">
    <p class='ocr_par' dir='ltr' id='par_1_85' title="bbox 1946 3711 3541 3787">
     <span class='ocr_line' id='line_1_85' title="bbox 1946 3711 3541 3787; baseline -0.003 -17"><span class='ocrx_word' id='word_1_600' title='bbox 1946 3718 2120 3787; x_wconf 87' lang='lat' dir='ltr'><strong>piunt.</strong></span> <span class='ocrx_word' id='word_1_601' title='bbox 2156 3715 2384 3770; x_wconf 87' lang='lat' dir='ltr'><strong>Nescire</strong></span> <span class='ocrx_word' id='word_1_602' title='bbox 2415 3713 2736 3784; x_wconf 89' lang='lat' dir='ltr'><strong>simpliciter</strong></span> <span class='ocrx_word' id='word_1_603' title='bbox 2765 3713 2832 3766; x_wconf 86' lang='lat' dir='ltr'><strong>ad</strong></span> <span class='ocrx_word' id='word_1_604' title='bbox 2871 3712 3232 3784; x_wconf 88' lang='lat' dir='ltr'><strong>ignorantiam</strong></span> <span class='ocrx_word' id='word_1_605' title='bbox 3265 3711 3541 3782; x_wconf 88' lang='lat' dir='ltr'><strong>pertinet;</strong></span> 
     </span>
    </p>
   </div>
   <div class='ocr_carea' id='block_1_86' title="bbox 1945 3800 3542 3872">
    <p class='ocr_par' dir='ltr' id='par_1_86' title="bbox 1945 3800 3542 3872">
     <span class='ocr_line' id='line_1_86' title="bbox 1945 3800 3542 3872; baseline -0.003 -12"><span class='ocrx_word' id='word_1_606' title='bbox 1945 3806 2187 3860; x_wconf 88' lang='lat' dir='ltr'><strong>noluisse</strong></span> <span class='ocrx_word' id='word_1_607' title='bbox 2217 3818 2347 3858; x_wconf 90' lang='lat' dir='ltr'><strong>vero</strong></span> <span class='ocrx_word' id='word_1_608' title='bbox 2377 3803 2520 3858; x_wconf 91' lang='lat' dir='ltr'><strong>scire</strong></span> <span class='ocrx_word' id='word_1_609' title='bbox 2549 3803 2615 3856; x_wconf 86' lang='lat' dir='ltr'><strong>ad</strong></span> <span class='ocrx_word' id='word_1_610' title='bbox 2647 3809 3022 3857; x_wconf 90' lang='lat' dir='ltr'><strong>contumacem</strong></span> <span class='ocrx_word' id='word_1_611' title='bbox 3057 3800 3397 3872; x_wconf 90' lang='lat' dir='ltr'><strong>superbiam.</strong></span> <span class='ocrx_word' id='word_1_612' title='bbox 3439 3801 3542 3855; x_wconf 52' lang='lat' dir='ltr'><strong>Vo-</strong></span> 
     </span>
    </p>
   </div>
   <div class='ocr_carea' id='block_1_87' title="bbox 1943 3889 3538 3962">
    <p class='ocr_par' dir='ltr' id='par_1_87' title="bbox 1943 3889 3538 3962">
     <span class='ocr_line' id='line_1_87' title="bbox 1943 3889 3538 3962; baseline -0.004 -14"><span class='ocrx_word' id='word_1_613' title='bbox 1943 3895 2207 3948; x_wconf 90' lang='lat' dir='ltr'><strong>luntatem</strong></span> <span class='ocrx_word' id='word_1_614' title='bbox 2239 3892 2443 3962; x_wconf 88' lang='lat' dir='ltr'><strong>quippe</strong></span> <span class='ocrx_word' id='word_1_615' title='bbox 2473 3891 2745 3961; x_wconf 87' lang='lat' dir='ltr'><strong>prepriam</strong></span> <span class='ocrx_word' id='word_1_616' title='bbox 2778 3891 2949 3944; x_wconf 90' lang='lat' dir='ltr'><strong>Deum</strong></span> <span class='ocrx_word' id='word_1_617' title='bbox 2983 3889 3124 3944; x_wconf 89' lang='lat' dir='ltr'><strong>velle</strong></span> <span class='ocrx_word' id='word_1_618' title='bbox 3141 3889 3374 3954; x_wconf 90' lang='lat' dir='ltr'><strong>nescire,</strong></span> <span class='ocrx_word' id='word_1_619' title='bbox 3394 3889 3538 3959; x_wconf 90' lang='lat' dir='ltr'><strong>quod</strong></span> 
     </span>
    </p>
   </div>
   <div class='ocr_carea' id='block_1_88' title="bbox 1941 3983 3538 4059">
    <p class='ocr_par' dir='ltr' id='par_1_88' title="bbox 1941 3983 3538 4059">
     <span class='ocr_line' id='line_1_88' title="bbox 1941 3983 3538 4059; baseline -0.006 -13"><span class='ocrx_word' id='word_1_620' title='bbox 1941 3991 2088 4048; x_wconf 87' lang='lat' dir='ltr'><strong>aliud</strong></span> <span class='ocrx_word' id='word_1_621' title='bbox 2110 3998 2190 4045; x_wconf 92' lang='lat' dir='ltr'><strong>est</strong></span> <span class='ocrx_word' id='word_1_622' title='bbox 2214 4004 2374 4059; x_wconf 84' lang='lat' dir='ltr'><strong>quam</strong></span> <span class='ocrx_word' id='word_1_623' title='bbox 2393 3987 2532 4043; x_wconf 91' lang='lat' dir='ltr'><strong>velle</strong></span> <span class='ocrx_word' id='word_1_624' title='bbox 2555 3988 2732 4042; x_wconf 92' lang='lat' dir='ltr'><strong>Deum</strong></span> <span class='ocrx_word' id='word_1_625' title='bbox 2757 3984 3122 4056; x_wconf 90' lang='lat' dir='ltr'><strong>superbiendo</strong></span> <span class='ocrx_word' id='word_1_626' title='bbox 3142 3993 3491 4040; x_wconf 90' lang='lat' dir='ltr'><strong>contemnere</strong></span> <span class='ocrx_word' id='word_1_627' title='bbox 3508 3983 3538 4036; x_wconf 86' lang='lat'><strong>?</strong></span> 
     </span>
    </p>
   </div>
   <div class='ocr_carea' id='block_1_89' title="bbox 1941 4080 3533 4158">
    <p class='ocr_par' dir='ltr' id='par_1_89' title="bbox 1941 4080 3533 4158">
     <span class='ocr_line' id='line_1_89' title="bbox 1941 4080 3533 4158; baseline -0.007 -14"><span class='ocrx_word' id='word_1_628' title='bbox 1941 4092 2115 4144; x_wconf 88' lang='lat' dir='ltr'><strong>Nemo</strong></span> <span class='ocrx_word' id='word_1_629' title='bbox 2144 4087 2307 4158; x_wconf 87' lang='lat' dir='ltr'><strong>igitur</strong></span> <span class='ocrx_word' id='word_1_630' title='bbox 2338 4102 2396 4140; x_wconf 93' lang='lat' dir='ltr'><strong>se</strong></span> <span class='ocrx_word' id='word_1_631' title='bbox 2427 4086 2495 4139; x_wconf 92' lang='lat' dir='ltr'><strong>de</strong></span> <span class='ocrx_word' id='word_1_632' title='bbox 2549 4083 2854 4156; x_wconf 88' lang='lat' dir='ltr'><strong>ignorantia</strong></span> <span class='ocrx_word' id='word_1_633' title='bbox 2909 4090 3153 4147; x_wconf 84' lang='lat' dir='ltr'><strong>excuset,</strong></span> <span class='ocrx_word' id='word_1_634' title='bbox 3217 4082 3342 4152; x_wconf 86' lang='lat' dir='ltr'><strong>quia</strong></span> <span class='ocrx_word' id='word_1_635' title='bbox 3386 4080 3533 4134; x_wconf 88' lang='lat' dir='ltr'><strong>Deus</strong></span> 
     </span>
    </p>
   </div>
   <div class='ocr_carea' id='block_1_90' title="bbox 1939 4169 3530 4244">
    <p class='ocr_par' dir='ltr' id='par_1_90' title="bbox 1939 4169 3530 4244">
     <span class='ocr_line' id='line_1_90' title="bbox 1939 4169 3530 4244; baseline -0.008 -11"><span class='ocrx_word' id='word_1_636' title='bbox 1939 4193 2047 4233; x_wconf 92' lang='lat' dir='ltr'><strong>non</strong></span> <span class='ocrx_word' id='word_1_637' title='bbox 2080 4176 2256 4232; x_wconf 89' lang='lat' dir='ltr'><strong>solum</strong></span> <span class='ocrx_word' id='word_1_638' title='bbox 2279 4189 2373 4229; x_wconf 92' lang='lat' dir='ltr'><strong>eos</strong></span> <span class='ocrx_word' id='word_1_639' title='bbox 2400 4173 2609 4244; x_wconf 87' lang='lat' dir='ltr'><strong>judicat</strong></span> <span class='ocrx_word' id='word_1_640' title='bbox 2640 4172 2732 4243; x_wconf 90' lang='lat' dir='ltr'><strong>qui</strong></span> <span class='ocrx_word' id='word_1_641' title='bbox 2775 4186 2808 4225; x_wconf 90' lang='lat' dir='ltr'><strong>a</strong></span> <span class='ocrx_word' id='word_1_642' title='bbox 2850 4169 3169 4242; x_wconf 82' lang='lat' dir='ltr'><strong>cognitione</strong></span> <span class='ocrx_word' id='word_1_643' title='bbox 3208 4184 3306 4222; x_wconf 91' lang='lat' dir='ltr'><strong>sua</strong></span> <span class='ocrx_word' id='word_1_644' title='bbox 3337 4183 3530 4222; x_wconf 87' lang='lat' dir='ltr'><strong>rever-</strong></span> 
     </span>
    </p>
   </div>
   <div class='ocr_carea' id='block_1_91' title="bbox 1941 4265 3530 4340">
    <p class='ocr_par' dir='ltr' id='par_1_91' title="bbox 1941 4265 3530 4340">
     <span class='ocr_line' id='line_1_91' title="bbox 1941 4265 3530 4340; baseline -0.006 -12"><span class='ocrx_word' id='word_1_645' title='bbox 1941 4281 2126 4328; x_wconf 90' lang='lat' dir='ltr'><strong>tuntur</strong></span> <span class='ocrx_word' id='word_1_646' title='bbox 2160 4271 2258 4325; x_wconf 89' lang='lat' dir='ltr'><strong>sed</strong></span> <span class='ocrx_word' id='word_1_647' title='bbox 2289 4271 2451 4326; x_wconf 90' lang='lat' dir='ltr'><strong>etiam</strong></span> <span class='ocrx_word' id='word_1_648' title='bbox 2474 4269 2599 4323; x_wconf 87' lang='lat' dir='ltr'><strong>illos</strong></span> <span class='ocrx_word' id='word_1_649' title='bbox 2645 4267 2732 4340; x_wconf 88' lang='lat' dir='ltr'><strong>qui</strong></span> <span class='ocrx_word' id='word_1_650' title='bbox 2782 4266 3108 4321; x_wconf 91' lang='lat' dir='ltr'><strong>nescierunt.</strong></span> <span class='ocrx_word' id='word_1_651' title='bbox 3142 4267 3267 4319; x_wconf 68' lang='lat' dir='ltr'><strong>Haec</strong></span> <span class='ocrx_word' id='word_1_652' title='bbox 3297 4265 3366 4319; x_wconf 91' lang='lat' dir='ltr'><strong>de</strong></span> <span class='ocrx_word' id='word_1_653' title='bbox 3394 4279 3530 4335; x_wconf 89' lang='lat' dir='ltr'><strong>pec-</strong></span> 
     </span>
    </p>
   </div>
   <div class='ocr_carea' id='block_1_92' title="bbox 1936 4362 3530 4437">
    <p class='ocr_par' dir='ltr' id='par_1_92' title="bbox 1936 4362 3530 4437">
     <span class='ocr_line' id='line_1_92' title="bbox 1936 4362 3530 4437; baseline -0.006 -12"><span class='ocrx_word' id='word_1_654' title='bbox 1936 4387 2002 4425; x_wconf 91' lang='lat' dir='ltr'><strong>ca</strong></span> <span class='ocrx_word' id='word_1_655' title='bbox 2031 4386 2083 4425; x_wconf 93' lang='lat' dir='ltr'><strong>o.</strong></span> <span class='ocrx_word' id='word_1_656' title='bbox 2117 4369 2260 4437; x_wconf 89' lang='lat' dir='ltr'><strong>Quid</strong></span> <span class='ocrx_word' id='word_1_657' title='bbox 2289 4376 2468 4422; x_wconf 87' lang='lat' dir='ltr'><strong>autem</strong></span> <span class='ocrx_word' id='word_1_658' title='bbox 2517 4367 2585 4421; x_wconf 85' lang='lat' dir='ltr'><strong>de</strong></span> <span class='ocrx_word' id='word_1_659' title='bbox 2640 4363 2986 4421; x_wconf 78' lang='lat' dir='ltr'><strong>confessione</strong></span> <span class='ocrx_word' id='word_1_660' title='bbox 3039 4362 3246 4434; x_wconf 87' lang='lat' dir='ltr'><strong>peccati</strong></span> <span class='ocrx_word' id='word_1_661' title='bbox 3279 4363 3530 4418; x_wconf 89' lang='lat' dir='ltr'><strong>doctores</strong></span> 
     </span>
    </p>
   </div>
   <div class='ocr_carea' id='block_1_93' title="bbox 236 4460 3131 4554">
    <p class='ocr_par' dir='ltr' id='par_1_93' title="bbox 236 4460 3131 4554">
     <span class='ocr_line' id='line_1_93' title="bbox 236 4460 3131 4554; baseline -0.008 -15"><span class='ocrx_word' id='word_1_662' title='bbox 236 4481 393 4538; x_wconf 84' lang='lat' dir='ltr'><strong>beata</strong></span> <span class='ocrx_word' id='word_1_663' title='bbox 424 4498 621 4554; x_wconf 90' lang='lat' dir='ltr'><strong>parens</strong></span> <span class='ocrx_word' id='word_1_664' title='bbox 649 4481 864 4551; x_wconf 83' lang='lat' dir='ltr'><strong>Christi,</strong></span> <span class='ocrx_word' id='word_1_665' title='bbox 906 4497 1022 4553; x_wconf 70' lang='lat' dir='ltr'><strong>quae</strong></span> <span class='ocrx_word' id='word_1_666' title='bbox 1049 4479 1190 4536; x_wconf 89' lang='lat' dir='ltr'><strong>sicut</strong></span> <span class='ocrx_word' id='word_1_667' title='bbox 1229 4477 1446 4551; x_wconf 91' lang='lat' dir='ltr'><strong>quidam</strong></span> <span class='ocrx_word' id='word_1_668' title='bbox 1489 4475 1564 4530; x_wconf 87' lang='lat' dir='ltr'><strong>ait</strong></span> <span class='ocrx_word' id='word_1_669' title='bbox 1595 4493 1607 4529; x_wconf 94' lang='lat'>:</span> <span class='ocrx_word' id='word_1_670' title='bbox 1647 4498 1667 4521; x_wconf 91' lang='lat'><strong>«</strong></span> <span class='ocrx_word' id='word_1_671' title='bbox 1704 4473 1833 4529; x_wconf 85' lang='lat' dir='ltr'><strong>Eni-</strong></span> <span class='ocrx_word' id='word_1_672' title='bbox 1862 4463 1914 4523; x_wconf 91' lang='lat' dir='ltr'><strong>D</strong></span> <span class='ocrx_word' id='word_1_673' title='bbox 1944 4468 2196 4532; x_wconf 91' lang='lat' dir='ltr'><strong>sentiant,</strong></span> <span class='ocrx_word' id='word_1_674' title='bbox 2228 4480 2378 4521; x_wconf 93' lang='lat' dir='ltr'><strong>nunc</strong></span> <span class='ocrx_word' id='word_1_675' title='bbox 2398 4479 2620 4536; x_wconf 88' lang='lat' dir='ltr'><strong>quoque</strong></span> <span class='ocrx_word' id='word_1_676' title='bbox 2648 4461 2937 4517; x_wconf 88' lang='lat' dir='ltr'><strong>videndum</strong></span> <span class='ocrx_word' id='word_1_677' title='bbox 2967 4460 3096 4515; x_wconf 89' lang='lat' dir='ltr'><strong>erit.</strong></span> <span class='ocrx_word' id='word_1_678' title='bbox 3126 4512 3131 4516; x_wconf 89' lang='lat'><strong>.</strong></span> 
     </span>
    </p>
   </div>
   <div class='ocr_carea' id='block_1_94' title="bbox 235 4575 1829 4655">
    <p class='ocr_par' dir='ltr' id='par_1_94' title="bbox 235 4575 1829 4655">
     <span class='ocr_line' id='line_1_94' title="bbox 235 4575 1829 4655; baseline -0.007 -18"><span class='ocrx_word' id='word_1_679' title='bbox 235 4595 312 4636; x_wconf 69' lang='grc' dir='ltr'><strong>ια</strong></span> <span class='ocrx_word' id='word_1_680' title='bbox 343 4598 612 4654; x_wconf 91' lang='lat' dir='ltr'><strong>puerpera</strong></span> <span class='ocrx_word' id='word_1_681' title='bbox 661 4583 887 4655; x_wconf 81' lang='lat' dir='ltr'><strong>Regem,</strong></span> <span class='ocrx_word' id='word_1_682' title='bbox 937 4580 1027 4652; x_wconf 84' lang='lat' dir='ltr'><strong>qui</strong></span> <span class='ocrx_word' id='word_1_683' title='bbox 1070 4578 1275 4634; x_wconf 78' lang='lat' dir='ltr'><strong>ecelum</strong></span> <span class='ocrx_word' id='word_1_684' title='bbox 1320 4585 1633 4647; x_wconf 91' lang='lat' dir='ltr'><strong>terramque</strong></span> <span class='ocrx_word' id='word_1_685' title='bbox 1681 4575 1829 4627; x_wconf 85' lang='lat' dir='ltr'><strong>tenet</strong></span> 
     </span>
    </p>
   </div>
   <div class='ocr_carea' id='block_1_95' title="bbox 233 4673 1827 4754">
    <p class='ocr_par' dir='ltr' id='par_1_95' title="bbox 233 4673 1827 4754">
     <span class='ocr_line' id='line_1_95' title="bbox 233 4673 1827 4754; baseline -0.008 -17"><span class='ocrx_word' id='word_1_686' title='bbox 233 4697 333 4754; x_wconf 88' lang='lat' dir='ltr'><strong>per</strong></span> <span class='ocrx_word' id='word_1_687' title='bbox 360 4682 578 4737; x_wconf 69' lang='lat' dir='ltr'><strong>saecula.</strong></span> <span class='ocrx_word' id='word_1_688' title='bbox 620 4704 640 4731; x_wconf 79' lang='grc' dir='ltr'>ι</span> <span class='ocrx_word' id='word_1_689' title='bbox 676 4680 847 4751; x_wconf 86' lang='lat' dir='ltr'><strong>Cujus</strong></span> <span class='ocrx_word' id='word_1_690' title='bbox 876 4695 1075 4734; x_wconf 84' lang='lat' dir='ltr'><strong>nomen</strong></span> <span class='ocrx_word' id='word_1_691' title='bbox 1121 4685 1174 4732; x_wconf 92' lang='lat' dir='ltr'><strong>et</strong></span> <span class='ocrx_word' id='word_1_692' title='bbox 1217 4685 1418 4732; x_wconf 68' lang='lat' dir='ltr'><strong>aeterno</strong></span> <span class='ocrx_word' id='word_1_693' title='bbox 1450 4673 1827 4744; x_wconf 91' lang='lat' dir='ltr'><strong>complectens</strong></span> 
     </span>
    </p>
   </div>
   <div class='ocr_carea' id='block_1_96' title="bbox 233 4772 1826 4852">
    <p class='ocr_par' dir='ltr' id='par_1_96' title="bbox 233 4772 1826 4852">
     <span class='ocr_line' id='line_1_96' title="bbox 233 4772 1826 4852; baseline -0.005 -18"><span class='ocrx_word' id='word_1_694' title='bbox 233 4779 413 4834; x_wconf 91' lang='lat' dir='ltr'><strong>omnia</strong></span> <span class='ocrx_word' id='word_1_695' title='bbox 443 4795 578 4852; x_wconf 83' lang='lat' dir='ltr'><strong>gyro</strong></span> <span class='ocrx_word' id='word_1_696' title='bbox 608 4777 891 4849; x_wconf 90' lang='lat' dir='ltr'><strong>imperium</strong></span> <span class='ocrx_word' id='word_1_697' title='bbox 923 4777 1040 4832; x_wconf 91' lang='lat' dir='ltr'><strong>sine</strong></span> <span class='ocrx_word' id='word_1_698' title='bbox 1073 4776 1181 4830; x_wconf 79' lang='lat' dir='ltr'><strong>(ine</strong></span> <span class='ocrx_word' id='word_1_699' title='bbox 1226 4781 1427 4830; x_wconf 89' lang='lat' dir='ltr'><strong>manet.</strong></span> <span class='ocrx_word' id='word_1_700' title='bbox 1478 4772 1611 4841; x_wconf 69' lang='lat' dir='ltr'><strong>Quae</strong></span> <span class='ocrx_word' id='word_1_701' title='bbox 1641 4778 1826 4826; x_wconf 88' lang='lat' dir='ltr'><strong>ventre</strong></span> 
     </span>
    </p>
   </div>
   <div class='ocr_carea' id='block_1_97' title="bbox 233 4870 1823 4950">
    <p class='ocr_par' dir='ltr' id='par_1_97' title="bbox 233 4870 1823 4950">
     <span class='ocr_line' id='line_1_97' title="bbox 233 4870 1823 4950; baseline -0.006 -16"><span class='ocrx_word' id='word_1_702' title='bbox 233 4877 392 4934; x_wconf 85' lang='lat' dir='ltr'><strong>beato</strong></span> <span class='ocrx_word' id='word_1_703' title='bbox 420 4877 620 4950; x_wconf 86' lang='lat' dir='ltr'><strong>gaudia</strong></span> <span class='ocrx_word' id='word_1_704' title='bbox 650 4877 837 4932; x_wconf 88' lang='lat' dir='ltr'><strong>matris</strong></span> <span class='ocrx_word' id='word_1_705' title='bbox 866 4877 1071 4931; x_wconf 88' lang='lat' dir='ltr'><strong>havens</strong></span> <span class='ocrx_word' id='word_1_706' title='bbox 1100 4890 1219 4929; x_wconf 90' lang='lat' dir='ltr'><strong>curn</strong></span> <span class='ocrx_word' id='word_1_707' title='bbox 1245 4871 1573 4945; x_wconf 88' lang='lat' dir='ltr'><strong>virginitatis</strong></span> <span class='ocrx_word' id='word_1_708' title='bbox 1595 4870 1823 4929; x_wconf 89' lang='lat' dir='ltr'><strong>honore.</strong></span> 
     </span>
    </p>
   </div>
   <div class='ocr_carea' id='block_1_98' title="bbox 232 4971 1818 5048">
    <p class='ocr_par' dir='ltr' id='par_1_98' title="bbox 232 4971 1818 5048">
     <span class='ocr_line' id='line_1_98' title="bbox 232 4971 1818 5048; baseline -0.008 -16"><span class='ocrx_word' id='word_1_709' title='bbox 232 4991 336 5032; x_wconf 87' lang='lat' dir='ltr'><strong>nec</strong></span> <span class='ocrx_word' id='word_1_710' title='bbox 364 4976 594 5048; x_wconf 87' lang='lat' dir='ltr'><strong>primam</strong></span> <span class='ocrx_word' id='word_1_711' title='bbox 626 4975 801 5030; x_wconf 90' lang='lat' dir='ltr'><strong>simile</strong></span> <span class='ocrx_word' id='word_1_712' title='bbox 831 4974 949 5029; x_wconf 88' lang='lat' dir='ltr'><strong>visa</strong></span> <span class='ocrx_word' id='word_1_713' title='bbox 978 4981 1080 5040; x_wconf 89' lang='lat' dir='ltr'><strong>est,</strong></span> <span class='ocrx_word' id='word_1_714' title='bbox 1114 4987 1216 5027; x_wconf 93' lang='lat' dir='ltr'><strong>nec</strong></span> <span class='ocrx_word' id='word_1_715' title='bbox 1243 4971 1446 5026; x_wconf 91' lang='lat' dir='ltr'><strong>habere</strong></span> <span class='ocrx_word' id='word_1_716' title='bbox 1477 4975 1818 5039; x_wconf 84' lang='lat' dir='ltr'><strong>sequentem.</strong></span> 
     </span>
    </p>
   </div>
   <div class='ocr_carea' id='block_1_99' title="bbox 303 5064 1820 5140">
    <p class='ocr_par' dir='ltr' id='par_1_99' title="bbox 303 5064 1820 5140">
     <span class='ocr_line' id='line_1_99' title="bbox 303 5064 1820 5140; baseline -0.009 -11"><span class='ocrx_word' id='word_1_717' title='bbox 303 5074 489 5130; x_wconf 85' lang='lat' dir='ltr'><strong>Atille</strong></span> <span class='ocrx_word' id='word_1_718' title='bbox 517 5073 651 5129; x_wconf 86' lang='lat' dir='ltr'><strong>dixit</strong></span> <span class='ocrx_word' id='word_1_719' title='bbox 709 5091 722 5127; x_wconf 91' lang='lat'>:</span> <span class='ocrx_word' id='word_1_720' title='bbox 786 5096 808 5119; x_wconf 72' lang='grc' dir='ltr'>ιι</span> <span class='ocrx_word' id='word_1_721' title='bbox 871 5071 1124 5140; x_wconf 91' lang='lat' dir='ltr'><strong>Quinimo</strong></span> <span class='ocrx_word' id='word_1_722' title='bbox 1185 5087 1196 5125; x_wconf 94' lang='lat'>:</span> <span class='ocrx_word' id='word_1_723' title='bbox 1259 5068 1397 5123; x_wconf 89' lang='lat' dir='ltr'><strong>beati</strong></span> <span class='ocrx_word' id='word_1_724' title='bbox 1453 5067 1544 5139; x_wconf 91' lang='lat' dir='ltr'><strong>qui</strong></span> <span class='ocrx_word' id='word_1_725' title='bbox 1602 5064 1820 5119; x_wconf 86' lang='lat' dir='ltr'><strong>audiunt</strong></span> 
     </span>
    </p>
   </div>
   <div class='ocr_carea' id='block_1_100' title="bbox 230 5163 1820 5227">
    <p class='ocr_par' dir='ltr' id='par_1_100' title="bbox 230 5163 1820 5227">
     <span class='ocr_line' id='line_1_100' title="bbox 230 5163 1820 5227; baseline -0.008 -1"><span class='ocrx_word' id='word_1_726' title='bbox 230 5171 454 5226; x_wconf 90' lang='lat' dir='ltr'><strong>verbum</strong></span> <span class='ocrx_word' id='word_1_727' title='bbox 487 5171 587 5227; x_wconf 90' lang='lat' dir='ltr'><strong>Dei</strong></span> <span class='ocrx_word' id='word_1_728' title='bbox 617 5175 672 5225; x_wconf 87' lang='lat' dir='ltr'><strong>et</strong></span> <span class='ocrx_word' id='word_1_729' title='bbox 709 5169 1018 5226; x_wconf 87' lang='lat' dir='ltr'><strong>custodiunt</strong></span> <span class='ocrx_word' id='word_1_730' title='bbox 1047 5169 1200 5222; x_wconf 89' lang='lat' dir='ltr'><strong>illud.</strong></span> <span class='ocrx_word' id='word_1_731' title='bbox 1241 5192 1262 5214; x_wconf 75' lang='grc' dir='ltr'><strong><em>η</em></strong></span> <span class='ocrx_word' id='word_1_732' title='bbox 1299 5165 1530 5221; x_wconf 89' lang='lat' dir='ltr'><strong>Pulchre</strong></span> <span class='ocrx_word' id='word_1_733' title='bbox 1562 5163 1820 5218; x_wconf 87' lang='lat' dir='ltr'><strong>Salvator</strong></span> 
     </span>
    </p>
   </div>
   <div class='ocr_carea' id='block_1_101' title="bbox 225 5266 1819 5330">
    <p class='ocr_par' dir='ltr' id='par_1_101' title="bbox 225 5266 1819 5330">
     <span class='ocr_line' id='line_1_101' title="bbox 225 5266 1819 5330; baseline -0.006 -8"><span class='ocrx_word' id='word_1_734' title='bbox 225 5268 556 5323; x_wconf 87' lang='lat' dir='ltr'><strong>attestationi</strong></span> <span class='ocrx_word' id='word_1_735' title='bbox 611 5267 855 5322; x_wconf 89' lang='lat' dir='ltr'><strong>mulieris</strong></span> <span class='ocrx_word' id='word_1_736' title='bbox 930 5266 1136 5330; x_wconf 87' lang='lat' dir='ltr'><strong>annuit,</strong></span> <span class='ocrx_word' id='word_1_737' title='bbox 1196 5281 1304 5320; x_wconf 92' lang='lat' dir='ltr'><strong>non</strong></span> <span class='ocrx_word' id='word_1_738' title='bbox 1379 5270 1608 5316; x_wconf 88' lang='lat' dir='ltr'><strong>matrem</strong></span> <span class='ocrx_word' id='word_1_739' title='bbox 1665 5275 1819 5314; x_wconf 90' lang='lat' dir='ltr'><strong>suam</strong></span> 
     </span>
    </p>
   </div>
   <div class='ocr_carea' id='block_1_102' title="bbox 227 5359 1817 5426">
    <p class='ocr_par' dir='ltr' id='par_1_102' title="bbox 227 5359 1817 5426">
     <span class='ocr_line' id='line_1_102' title="bbox 227 5359 1817 5426; baseline -0.006 -5"><span class='ocrx_word' id='word_1_740' title='bbox 227 5367 603 5422; x_wconf 85' lang='lat' dir='ltr'><strong>tantummodo</strong></span> <span class='ocrx_word' id='word_1_741' title='bbox 659 5381 990 5421; x_wconf 86' lang='lat' dir='ltr'><strong>asseverans</strong></span> <span class='ocrx_word' id='word_1_742' title='bbox 1050 5379 1172 5418; x_wconf 86' lang='lat' dir='ltr'><strong>esse</strong></span> <span class='ocrx_word' id='word_1_743' title='bbox 1228 5362 1464 5426; x_wconf 74' lang='lat' dir='ltr'><strong>beatam,</strong></span> <span class='ocrx_word' id='word_1_744' title='bbox 1513 5361 1609 5415; x_wconf 91' lang='lat' dir='ltr'><strong>sed</strong></span> <span class='ocrx_word' id='word_1_745' title='bbox 1653 5359 1817 5414; x_wconf 89' lang='lat' dir='ltr'><strong>etiam</strong></span> 
     </span>
    </p>
   </div>
   <div class='ocr_carea' id='block_1_103' title="bbox 228 5458 1820 5534">
    <p class='ocr_par' dir='ltr' id='par_1_103' title="bbox 228 5458 1820 5534">
     <span class='ocr_line' id='line_1_103' title="bbox 228 5458 1820 5534; baseline -0.006 -15"><span class='ocrx_word' id='word_1_746' title='bbox 228 5480 421 5519; x_wconf 91' lang='lat' dir='ltr'><strong>omnes</strong></span> <span class='ocrx_word' id='word_1_747' title='bbox 448 5464 538 5534; x_wconf 89' lang='lat' dir='ltr'><strong>qui</strong></span> <span class='ocrx_word' id='word_1_748' title='bbox 568 5480 628 5521; x_wconf 88' lang='lat' dir='ltr'><strong>se</strong></span> <span class='ocrx_word' id='word_1_749' title='bbox 659 5465 896 5521; x_wconf 88' lang='lat' dir='ltr'><strong>Verbum</strong></span> <span class='ocrx_word' id='word_1_750' title='bbox 951 5463 1045 5517; x_wconf 92' lang='lat' dir='ltr'><strong>Dei</strong></span> <span class='ocrx_word' id='word_1_751' title='bbox 1091 5459 1274 5516; x_wconf 89' lang='lat' dir='ltr'><strong>auditu</strong></span> <span class='ocrx_word' id='word_1_752' title='bbox 1322 5458 1448 5513; x_wconf 84' lang='lat' dir='ltr'><strong>ﬁdei</strong></span> <span class='ocrx_word' id='word_1_753' title='bbox 1505 5458 1820 5528; x_wconf 88' lang='lat' dir='ltr'><strong>concipiunt</strong></span> 
     </span>
    </p>
   </div>
   <div class='ocr_carea' id='block_1_104' title="bbox 231 5557 1819 5632">
    <p class='ocr_par' dir='ltr' id='par_1_104' title="bbox 231 5557 1819 5632">
     <span class='ocr_line' id='line_1_104' title="bbox 231 5557 1819 5632; baseline -0.006 -14"><span class='ocrx_word' id='word_1_754' title='bbox 231 5569 288 5618; x_wconf 91' lang='lat' dir='ltr'><strong>et</strong></span> <span class='ocrx_word' id='word_1_755' title='bbox 316 5562 443 5617; x_wconf 90' lang='lat' dir='ltr'><strong>boni</strong></span> <span class='ocrx_word' id='word_1_756' title='bbox 473 5562 653 5632; x_wconf 85' lang='lat' dir='ltr'><strong>operis</strong></span> <span class='ocrx_word' id='word_1_757' title='bbox 680 5562 928 5618; x_wconf 88' lang='lat' dir='ltr'><strong>custodia</strong></span> <span class='ocrx_word' id='word_1_758' title='bbox 965 5577 1083 5615; x_wconf 92' lang='lat' dir='ltr'><strong>cum</strong></span> <span class='ocrx_word' id='word_1_759' title='bbox 1125 5559 1177 5613; x_wconf 91' lang='lat' dir='ltr'><strong>in</strong></span> <span class='ocrx_word' id='word_1_760' title='bbox 1228 5558 1394 5614; x_wconf 89' lang='lat' dir='ltr'><strong>corde</strong></span> <span class='ocrx_word' id='word_1_761' title='bbox 1442 5557 1819 5627; x_wconf 82' lang='lat' dir='ltr'><strong>proximorum</strong></span> 
     </span>
    </p>
   </div>
   <div class='ocr_carea' id='block_1_105' title="bbox 228 5654 1819 5734">
    <p class='ocr_par' dir='ltr' id='par_1_105' title="bbox 228 5654 1819 5734">
     <span class='ocr_line' id='line_1_105' title="bbox 228 5654 1819 5734; baseline -0.005 -19"><span class='ocrx_word' id='word_1_762' title='bbox 228 5661 439 5734; x_wconf 83' lang='lat' dir='ltr'><strong>pariunt</strong></span> <span class='ocrx_word' id='word_1_763' title='bbox 496 5666 550 5718; x_wconf 91' lang='lat' dir='ltr'><strong>et</strong></span> <span class='ocrx_word' id='word_1_764' title='bbox 608 5661 873 5716; x_wconf 90' lang='lat' dir='ltr'><strong>nutriunt.</strong></span> <span class='ocrx_word' id='word_1_765' title='bbox 941 5658 1059 5727; x_wconf 89' lang='lat' dir='ltr'><strong>Qua</strong></span> <span class='ocrx_word' id='word_1_766' title='bbox 1106 5656 1370 5713; x_wconf 85' lang='lat' dir='ltr'><strong>sententia</strong></span> <span class='ocrx_word' id='word_1_767' title='bbox 1416 5655 1632 5710; x_wconf 69' lang='lat' dir='ltr'><strong>Iudaeos</strong></span> <span class='ocrx_word' id='word_1_768' title='bbox 1679 5654 1819 5709; x_wconf 89' lang='lat' dir='ltr'><strong>clam</strong></span> 
     </span>
    </p>
   </div>
   <div class='ocr_carea' id='block_1_106' title="bbox 225 5755 1818 5836">
    <p class='ocr_par' dir='ltr' id='par_1_106' title="bbox 225 5755 1818 5836">
     <span class='ocr_line' id='line_1_106' title="bbox 225 5755 1818 5836; baseline -0.004 -20"><span class='ocrx_word' id='word_1_769' title='bbox 225 5761 482 5836; x_wconf 80' lang='lat' dir='ltr'><strong>percutit,</strong></span> <span class='ocrx_word' id='word_1_770' title='bbox 559 5758 650 5834; x_wconf 89' lang='lat' dir='ltr'><strong>qui</strong></span> <span class='ocrx_word' id='word_1_771' title='bbox 731 5759 919 5813; x_wconf 82' lang='lat' dir='ltr'><strong>Filium</strong></span> <span class='ocrx_word' id='word_1_772' title='bbox 988 5756 1089 5813; x_wconf 88' lang='lat' dir='ltr'><strong>Dei</strong></span> <span class='ocrx_word' id='word_1_773' title='bbox 1173 5755 1443 5811; x_wconf 90' lang='lat' dir='ltr'><strong>Christum</strong></span> <span class='ocrx_word' id='word_1_774' title='bbox 1528 5770 1652 5810; x_wconf 85' lang='lat' dir='ltr'><strong>esse</strong></span> <span class='ocrx_word' id='word_1_775' title='bbox 1717 5770 1818 5809; x_wconf 84' lang='lat' dir='ltr'><strong>uc-</strong></span> 
     </span>
    </p>
   </div>
   <div class='ocr_carea' id='block_1_107' title="bbox 2009 4563 3524 4642">
    <p class='ocr_par' dir='ltr' id='par_1_107' title="bbox 2009 4563 3524 4642">
     <span class='ocr_line' id='line_1_107' title="bbox 2009 4563 3524 4642; baseline -0.008 -13"><span class='ocrx_word' id='word_1_776' title='bbox 2009 4574 2225 4630; x_wconf 87' lang='lat' dir='ltr'><strong>Multam</strong></span> <span class='ocrx_word' id='word_1_777' title='bbox 2284 4573 2466 4642; x_wconf 91' lang='lat' dir='ltr'><strong>itaque</strong></span> <span class='ocrx_word' id='word_1_778' title='bbox 2524 4570 2732 4625; x_wconf 83' lang='lat' dir='ltr'><strong>dicunt.</strong></span> <span class='ocrx_word' id='word_1_779' title='bbox 2767 4584 2890 4622; x_wconf 89' lang='lat' dir='ltr'><strong>esse</strong></span> <span class='ocrx_word' id='word_1_780' title='bbox 2956 4564 3212 4620; x_wconf 88' lang='lat' dir='ltr'><strong>malitiam</strong></span> <span class='ocrx_word' id='word_1_781' title='bbox 3271 4563 3524 4619; x_wconf 89' lang='lat' dir='ltr'><strong>hominis.</strong></span> 
     </span>
    </p>
   </div>
   <div class='ocr_carea' id='block_1_108' title="bbox 1934 4661 3521 4743">
    <p class='ocr_par' dir='ltr' id='par_1_108' title="bbox 1934 4661 3521 4743">
     <span class='ocr_line' id='line_1_108' title="bbox 1934 4661 3521 4743; baseline -0.008 -15"><span class='ocrx_word' id='word_1_782' title='bbox 1934 4675 2110 4728; x_wconf 90' lang='lat' dir='ltr'><strong>Nemo</strong></span> <span class='ocrx_word' id='word_1_783' title='bbox 2139 4671 2358 4743; x_wconf 89' lang='lat' dir='ltr'><strong>quando</strong></span> <span class='ocrx_word' id='word_1_784' title='bbox 2387 4670 2525 4724; x_wconf 86' lang='lat' dir='ltr'><strong>male</strong></span> <span class='ocrx_word' id='word_1_785' title='bbox 2555 4682 2725 4740; x_wconf 88' lang='lat' dir='ltr'><strong>agere</strong></span> <span class='ocrx_word' id='word_1_786' title='bbox 2745 4665 2874 4731; x_wconf 90' lang='lat' dir='ltr'><strong>vult,</strong></span> <span class='ocrx_word' id='word_1_787' title='bbox 2900 4663 3271 4720; x_wconf 90' lang='lat' dir='ltr'><strong>auctoritatem</strong></span> <span class='ocrx_word' id='word_1_788' title='bbox 3300 4661 3521 4732; x_wconf 72' lang='lat' dir='ltr'><strong>quierit.</strong></span> 
     </span>
    </p>
   </div>
   <div class='ocr_carea' id='block_1_109' title="bbox 1935 4761 3525 4840">
    <p class='ocr_par' dir='ltr' id='par_1_109' title="bbox 1935 4761 3525 4840">
     <span class='ocr_line' id='line_1_109' title="bbox 1935 4761 3525 4840; baseline -0.008 -15"><span class='ocrx_word' id='word_1_789' title='bbox 1935 4771 2164 4840; x_wconf 88' lang='lat' dir='ltr'><strong>Quando</strong></span> <span class='ocrx_word' id='word_1_790' title='bbox 2193 4769 2423 4823; x_wconf 91' lang='lat' dir='ltr'><strong>dicimus</strong></span> <span class='ocrx_word' id='word_1_791' title='bbox 2481 4766 2790 4821; x_wconf 89' lang='lat' dir='ltr'><strong>hominibus</strong></span> <span class='ocrx_word' id='word_1_792' title='bbox 2849 4772 2903 4817; x_wconf 87' lang='lat' dir='ltr'><strong>ut</strong></span> <span class='ocrx_word' id='word_1_793' title='bbox 2959 4763 3097 4818; x_wconf 91' lang='lat' dir='ltr'><strong>bona</strong></span> <span class='ocrx_word' id='word_1_794' title='bbox 3129 4761 3350 4827; x_wconf 82' lang='lat' dir='ltr'><strong>faciant,</strong></span> <span class='ocrx_word' id='word_1_795' title='bbox 3385 4767 3438 4814; x_wconf 90' lang='lat' dir='ltr'><strong>et</strong></span> <span class='ocrx_word' id='word_1_796' title='bbox 3468 4767 3525 4812; x_wconf 88' lang='lat' dir='ltr'><strong>ut</strong></span> 
     </span>
    </p>
   </div>
   <div class='ocr_carea' id='block_1_110' title="bbox 1933 4857 3521 4936">
    <p class='ocr_par' dir='ltr' id='par_1_110' title="bbox 1933 4857 3521 4936">
     <span class='ocr_line' id='line_1_110' title="bbox 1933 4857 3521 4936; baseline -0.011 -10"><span class='ocrx_word' id='word_1_797' title='bbox 1933 4868 2289 4926; x_wconf 83' lang='lat' dir='ltr'><strong>confiteantur</strong></span> <span class='ocrx_word' id='word_1_798' title='bbox 2317 4865 2453 4920; x_wconf 91' lang='lat' dir='ltr'><strong>mala</strong></span> <span class='ocrx_word' id='word_1_799' title='bbox 2483 4881 2604 4936; x_wconf 71' lang='lat' dir='ltr'><strong>qua:</strong></span> <span class='ocrx_word' id='word_1_800' title='bbox 2631 4862 2893 4928; x_wconf 81' lang='lat' dir='ltr'><strong>fecerunt,</strong></span> <span class='ocrx_word' id='word_1_801' title='bbox 2925 4861 3108 4916; x_wconf 87' lang='lat' dir='ltr'><strong>dicunt</strong></span> <span class='ocrx_word' id='word_1_802' title='bbox 3147 4858 3304 4913; x_wconf 83' lang='lat' dir='ltr'><strong>nobis</strong></span> <span class='ocrx_word' id='word_1_803' title='bbox 3335 4874 3350 4910; x_wconf 90' lang='lat'><strong>:</strong></span> <span class='ocrx_word' id='word_1_804' title='bbox 3385 4857 3521 4911; x_wconf 87' lang='lat' dir='ltr'><strong>Date</strong></span> 
     </span>
    </p>
   </div>
   <div class='ocr_carea' id='block_1_111' title="bbox 1933 4953 3515 5031">
    <p class='ocr_par' dir='ltr' id='par_1_111' title="bbox 1933 4953 3515 5031">
     <span class='ocr_line' id='line_1_111' title="bbox 1933 4953 3515 5031; baseline -0.011 -9"><span class='ocrx_word' id='word_1_805' title='bbox 1933 4966 2332 5022; x_wconf 75' lang='lat' dir='ltr'><strong>auctoritatem.</strong></span> <span class='ocrx_word' id='word_1_806' title='bbox 2391 4963 2526 5031; x_wconf 60' lang='lat' dir='ltr'><strong>Quae</strong></span> <span class='ocrx_word' id='word_1_807' title='bbox 2572 4961 2846 5030; x_wconf 88' lang='lat' dir='ltr'><strong>Scriptura</strong></span> <span class='ocrx_word' id='word_1_808' title='bbox 2902 4959 3005 5013; x_wconf 89' lang='lat' dir='ltr'><strong>hoe</strong></span> <span class='ocrx_word' id='word_1_809' title='bbox 3046 4955 3208 5011; x_wconf 91' lang='lat' dir='ltr'><strong>nobis</strong></span> <span class='ocrx_word' id='word_1_810' title='bbox 3249 4953 3515 5025; x_wconf 73' lang='lat' dir='ltr'><strong>praecipit,</strong></span> 
     </span>
    </p>
   </div>
   <div class='ocr_carea' id='block_1_112' title="bbox 1929 5052 3520 5132">
    <p class='ocr_par' dir='ltr' id='par_1_112' title="bbox 1929 5052 3520 5132">
     <span class='ocr_line' id='line_1_112' title="bbox 1929 5052 3520 5132; baseline -0.01 -12"><span class='ocrx_word' id='word_1_811' title='bbox 1929 5074 1984 5120; x_wconf 94' lang='lat' dir='ltr'><strong>ut</strong></span> <span class='ocrx_word' id='word_1_812' title='bbox 2014 5063 2370 5121; x_wconf 83' lang='lat' dir='ltr'><strong>conﬁteamur</strong></span> <span class='ocrx_word' id='word_1_813' title='bbox 2411 5067 2630 5132; x_wconf 89' lang='lat' dir='ltr'><strong>peccata</strong></span> <span class='ocrx_word' id='word_1_814' title='bbox 2672 5065 2855 5112; x_wconf 89' lang='lat' dir='ltr'><strong>nostra</strong></span> <span class='ocrx_word' id='word_1_815' title='bbox 2883 5059 2912 5110; x_wconf 81' lang='lat'><strong>‘?</strong></span> <span class='ocrx_word' id='word_1_816' title='bbox 2953 5055 3009 5111; x_wconf 91' lang='lat' dir='ltr'><strong>Si</strong></span> <span class='ocrx_word' id='word_1_817' title='bbox 3057 5069 3189 5126; x_wconf 88' lang='lat' dir='ltr'><strong>ergo</strong></span> <span class='ocrx_word' id='word_1_818' title='bbox 3238 5052 3520 5122; x_wconf 85' lang='lat' dir='ltr'><strong>Scriptura</strong></span> 
     </span>
    </p>
   </div>
   <div class='ocr_carea' id='block_1_113' title="bbox 1927 5147 3519 5233">
    <p class='ocr_par' dir='ltr' id='par_1_113' title="bbox 1927 5147 3519 5233">
     <span class='ocr_line' id='line_1_113' title="bbox 1927 5147 3519 5233; baseline -0.01 -15"><span class='ocrx_word' id='word_1_819' title='bbox 1927 5171 2151 5233; x_wconf 86' lang='lat' dir='ltr'><strong>peccata</strong></span> <span class='ocrx_word' id='word_1_820' title='bbox 2173 5158 2419 5217; x_wconf 80' lang='lat' dir='ltr'><strong>confiteri</strong></span> <span class='ocrx_word' id='word_1_821' title='bbox 2451 5173 2557 5212; x_wconf 91' lang='lat' dir='ltr'><strong>non</strong></span> <span class='ocrx_word' id='word_1_822' title='bbox 2601 5154 2866 5226; x_wconf 86' lang='lat' dir='ltr'><strong>praecipit,</strong></span> <span class='ocrx_word' id='word_1_823' title='bbox 2911 5150 3238 5222; x_wconf 81' lang='lat' dir='ltr'><strong>respondete</strong></span> <span class='ocrx_word' id='word_1_824' title='bbox 3280 5149 3443 5204; x_wconf 92' lang='lat' dir='ltr'><strong>modo</strong></span> <span class='ocrx_word' id='word_1_825' title='bbox 3473 5147 3519 5202; x_wconf 90' lang='lat' dir='ltr'><strong>si</strong></span> 
     </span>
    </p>
   </div>
   <div class='ocr_carea' id='block_1_114' title="bbox 1928 5244 3517 5329">
    <p class='ocr_par' dir='ltr' id='par_1_114' title="bbox 1928 5244 3517 5329">
     <span class='ocr_line' id='line_1_114' title="bbox 1928 5244 3517 5329; baseline -0.008 -16"><span class='ocrx_word' id='word_1_826' title='bbox 1928 5259 2266 5329; x_wconf 87' lang='lat' dir='ltr'><strong>Scripturam</strong></span> <span class='ocrx_word' id='word_1_827' title='bbox 2299 5253 2514 5309; x_wconf 90' lang='lat' dir='ltr'><strong>habetis</strong></span> <span class='ocrx_word' id='word_1_828' title='bbox 2546 5268 2667 5324; x_wconf 64' lang='lat' dir='ltr'><strong>quae</strong></span> <span class='ocrx_word' id='word_1_829' title='bbox 2698 5257 2926 5321; x_wconf 89' lang='lat' dir='ltr'><strong>peccata</strong></span> <span class='ocrx_word' id='word_1_830' title='bbox 2970 5255 3152 5304; x_wconf 91' lang='lat' dir='ltr'><strong>tacere</strong></span> <span class='ocrx_word' id='word_1_831' title='bbox 3193 5247 3410 5315; x_wconf 83' lang='lat' dir='ltr'><strong>jubeat.</strong></span> <span class='ocrx_word' id='word_1_832' title='bbox 3461 5244 3517 5300; x_wconf 91' lang='lat' dir='ltr'><strong>Si</strong></span> 
     </span>
    </p>
   </div>
   <div class='ocr_carea' id='block_1_115' title="bbox 1928 5343 3518 5430">
    <p class='ocr_par' dir='ltr' id='par_1_115' title="bbox 1928 5343 3518 5430">
     <span class='ocr_line' id='line_1_115' title="bbox 1928 5343 3518 5430; baseline -0.009 -19"><span class='ocrx_word' id='word_1_833' title='bbox 1928 5373 2060 5430; x_wconf 89' lang='lat' dir='ltr'><strong>ergo</strong></span> <span class='ocrx_word' id='word_1_834' title='bbox 2089 5353 2335 5411; x_wconf 79' lang='lat' dir='ltr'><strong>confiteri</strong></span> <span class='ocrx_word' id='word_1_835' title='bbox 2366 5368 2474 5408; x_wconf 92' lang='lat' dir='ltr'><strong>non</strong></span> <span class='ocrx_word' id='word_1_836' title='bbox 2504 5349 2680 5416; x_wconf 90' lang='lat' dir='ltr'><strong>vultis,</strong></span> <span class='ocrx_word' id='word_1_837' title='bbox 2715 5365 2836 5405; x_wconf 90' lang='lat' dir='ltr'><strong>cum</strong></span> <span class='ocrx_word' id='word_1_838' title='bbox 2859 5347 3231 5402; x_wconf 87' lang='lat' dir='ltr'><strong>auctoritatem</strong></span> <span class='ocrx_word' id='word_1_839' title='bbox 3251 5343 3518 5400; x_wconf 83' lang='lat' dir='ltr'><strong>confiten-</strong></span> 
     </span>
    </p>
   </div>
   <div class='ocr_carea' id='block_1_116' title="bbox 1928 5444 3515 5521">
    <p class='ocr_par' dir='ltr' id='par_1_116' title="bbox 1928 5444 3515 5521">
     <span class='ocr_line' id='line_1_116' title="bbox 1928 5444 3515 5521; baseline -0.009 -10"><span class='ocrx_word' id='word_1_840' title='bbox 1928 5457 1982 5511; x_wconf 92' lang='lat' dir='ltr'><strong>di</strong></span> <span class='ocrx_word' id='word_1_841' title='bbox 2015 5471 2118 5509; x_wconf 89' lang='lat' dir='ltr'><strong>non</strong></span> <span class='ocrx_word' id='word_1_842' title='bbox 2145 5452 2372 5516; x_wconf 84' lang='lat' dir='ltr'><strong>habetis,</strong></span> <span class='ocrx_word' id='word_1_843' title='bbox 2398 5465 2564 5521; x_wconf 91' lang='lat' dir='ltr'><strong>quare</strong></span> <span class='ocrx_word' id='word_1_844' title='bbox 2591 5456 2770 5502; x_wconf 90' lang='lat' dir='ltr'><strong>tacere</strong></span> <span class='ocrx_word' id='word_1_845' title='bbox 2793 5445 2972 5509; x_wconf 90' lang='lat' dir='ltr'><strong>vultis,</strong></span> <span class='ocrx_word' id='word_1_846' title='bbox 2995 5460 3118 5500; x_wconf 90' lang='lat' dir='ltr'><strong>cum</strong></span> <span class='ocrx_word' id='word_1_847' title='bbox 3140 5444 3515 5499; x_wconf 88' lang='lat' dir='ltr'><strong>auctoritatem</strong></span> 
     </span>
    </p>
   </div>
   <div class='ocr_carea' id='block_1_117' title="bbox 1928 5541 3517 5614">
    <p class='ocr_par' dir='ltr' id='par_1_117' title="bbox 1928 5541 3517 5614">
     <span class='ocr_line' id='line_1_117' title="bbox 1928 5541 3517 5614; baseline -0.007 -8"><span class='ocrx_word' id='word_1_848' title='bbox 1928 5551 2140 5608; x_wconf 89' lang='lat' dir='ltr'><strong>tacendi</strong></span> <span class='ocrx_word' id='word_1_849' title='bbox 2170 5566 2278 5605; x_wconf 90' lang='lat' dir='ltr'><strong>non</strong></span> <span class='ocrx_word' id='word_1_850' title='bbox 2310 5546 2540 5602; x_wconf 86' lang='lat' dir='ltr'><strong>habetis.</strong></span> <span class='ocrx_word' id='word_1_851' title='bbox 2573 5547 2777 5599; x_wconf 91' lang='lat' dir='ltr'><strong>Tamen</strong></span> <span class='ocrx_word' id='word_1_852' title='bbox 2809 5543 2936 5614; x_wconf 89' lang='lat' dir='ltr'><strong>quia</strong></span> <span class='ocrx_word' id='word_1_853' title='bbox 2965 5541 3342 5597; x_wconf 89' lang='lat' dir='ltr'><strong>auctoritatem</strong></span> <span class='ocrx_word' id='word_1_854' title='bbox 3367 5556 3517 5611; x_wconf 63' lang='lat' dir='ltr'><strong>qum-</strong></span> 
     </span>
    </p>
   </div>
   <div class='ocr_carea' id='block_1_118' title="bbox 1930 5638 3519 5718">
    <p class='ocr_par' dir='ltr' id='par_1_118' title="bbox 1930 5638 3519 5718">
     <span class='ocr_line' id='line_1_118' title="bbox 1930 5638 3519 5718; baseline -0.009 -14"><span class='ocrx_word' id='word_1_855' title='bbox 1930 5650 2065 5717; x_wconf 87' lang='lat' dir='ltr'><strong>ritis,</strong></span> <span class='ocrx_word' id='word_1_856' title='bbox 2098 5647 2328 5718; x_wconf 87' lang='lat' dir='ltr'><strong>accipite</strong></span> <span class='ocrx_word' id='word_1_857' title='bbox 2357 5643 2753 5700; x_wconf 90' lang='lat' dir='ltr'><strong>auctoritatem.</strong></span> <span class='ocrx_word' id='word_1_858' title='bbox 2780 5639 3016 5711; x_wconf 86' lang='lat' dir='ltr'><strong>Antiqua</strong></span> <span class='ocrx_word' id='word_1_859' title='bbox 3035 5638 3118 5694; x_wconf 84' lang='lat' dir='ltr'><strong>lex</strong></span> <span class='ocrx_word' id='word_1_860' title='bbox 3151 5647 3368 5710; x_wconf 89' lang='lat' dir='ltr'><strong>peccata</strong></span> <span class='ocrx_word' id='word_1_861' title='bbox 3387 5653 3519 5693; x_wconf 84' lang='lat' dir='ltr'><strong>con-</strong></span> 
     </span>
    </p>
   </div>
   <div class='ocr_carea' id='block_1_119' title="bbox 1930 5734 3519 5821">
    <p class='ocr_par' dir='ltr' id='par_1_119' title="bbox 1930 5734 3519 5821">
     <span class='ocr_line' id='line_1_119' title="bbox 1930 5734 3519 5821; baseline -0.01 -18"><span class='ocrx_word' id='word_1_862' title='bbox 1930 5748 2079 5805; x_wconf 80' lang='lat' dir='ltr'><strong>titeri</strong></span> <span class='ocrx_word' id='word_1_863' title='bbox 2107 5748 2286 5821; x_wconf 84' lang='lat' dir='ltr'><strong>jubet,</strong></span> <span class='ocrx_word' id='word_1_864' title='bbox 2305 5754 2356 5800; x_wconf 87' lang='lat' dir='ltr'><strong>et</strong></span> <span class='ocrx_word' id='word_1_865' title='bbox 2377 5743 2622 5799; x_wconf 88' lang='lat' dir='ltr'><strong>homines</strong></span> <span class='ocrx_word' id='word_1_866' title='bbox 2645 5741 2712 5797; x_wconf 91' lang='lat' dir='ltr'><strong>ad</strong></span> <span class='ocrx_word' id='word_1_867' title='bbox 2734 5738 3050 5796; x_wconf 83' lang='lat' dir='ltr'><strong>sacerdotes</strong></span> <span class='ocrx_word' id='word_1_868' title='bbox 3073 5737 3248 5804; x_wconf 85' lang='lat' dir='ltr'><strong>mittit,</strong></span> <span class='ocrx_word' id='word_1_869' title='bbox 3280 5745 3329 5791; x_wconf 94' lang='lat' dir='ltr'><strong>ut</strong></span> <span class='ocrx_word' id='word_1_870' title='bbox 3355 5734 3519 5792; x_wconf 83' lang='lat' dir='ltr'><strong>confi-</strong></span> 
     </span>
    </p>
   </div>
  </div>
