4010 6074
449 228 558 279 883

450 437 640 505 (Num.
668 441 746 500 v).
780 434 892 488 illic
911 448 1047 504 ergo
1095 429 1475 502 przevaricatio
1520 428 1660 498 legis
1702 425 2048 483 confessione

450 531 505 578 et
533 523 809 578 oblatione
863 521 1132 588 aboletur,
1175 518 1396 590 quando
1445 518 1628 572 adhuc
1683 517 1872 570 umbra
1901 515 2043 582 fuit;

451 619 510 667 et
536 611 716 666 adhuc
761 609 1035 666 confessio
1084 608 1326 664 criminis
1366 623 1581 675 poenam
1630 607 1808 676 potius
1854 605 2047 658 timere

454 699 643 756 debuit
675 715 836 770 quam
867 697 1299 752 misericordiam
1333 702 1676 766 exspectare.
1715 694 1769 748 Si
1803 694 1919 748 haec
1949 709 2046 747 au-

451 788 678 844 ctoritas
709 804 815 842 non
839 785 1059 853 sufficit,
1107 785 1286 840 audite
1327 784 1680 854 Scripturam,
1713 782 1838 836 alibi
1869 783 2047 835 mani-

453 877 591 932 feste
620 876 893 931 dicentem
930 890 942 928 :
974 894 993 926 ι
1031 873 1134 942 Qui
1164 873 1450 928 abscondit
1479 871 1684 927 scelera
1717 887 1811 924 sua
1836 886 1944 925 non
1961 870 2054 939 ju-

451 964 972 1029 stiﬁcabitur(Prov.
999 964 1212 1032 xxvul).
1249 985 1272 1010 ν
1307 961 1449 1028 Quid
1493 968 1575 1015 est
1620 959 1765 1013 enim
1809 959 2049 1014 abscon-

450 1053 605 1121 dere,
638 1052 740 1106 nisi
774 1061 956 1108 tacere
987 1059 1038 1105 ct
1067 1049 1310 1106 conﬁteri
1340 1048 1504 1104 nolle.
1554 1050 1694 1102 Nam
1721 1046 1813 1118 qui
1844 1047 2050 1102 scelera

452 1157 553 1197 sua
577 1157 676 1212 per
700 1141 1095 1211 impudentiam
1127 1155 1292 1210 prave
1321 1139 1522 1210 agendi
1553 1137 1918 1197 manifestam,
1943 1151 2051 1190 non

446 1229 898 1299 justificationcm
930 1236 1232 1293 merentur,
1282 1228 1379 1281 sed
1421 1225 1846 1280 damnationem.
1883 1224 2054 1296 Igitur

449 1319 690 1390 tegenda
713 1324 839 1372 sunt
887 1317 1031 1370 mala
1076 1322 1335 1388 quantum
1383 1315 1616 1384 pertinet
1658 1315 1724 1368 ad
1760 1313 2051 1383 impuden-

449 1407 578 1462 tiam
611 1407 764 1476 pravi
795 1405 1004 1475 operis,
1037 1411 1095 1459 et
1141 1403 1432 1458 revelanda
1472 1410 1595 1456 sunt
1647 1419 1745 1472 per
1771 1402 2049 1456 humilita-

449 1503 555 1550 tem
590 1493 972 1549 confessionis.
1012 1492 1181 1548 Vultis
1211 1492 1388 1547 adhuc
1411 1492 1553 1547 scire
1581 1491 1878 1560 periculum
1911 1489 2050 1544 taci-

445 1582 742 1646 turnitatis,
801 1589 853 1636 et
911 1580 1194 1636 utilitatem
1251 1579 1639 1635 confessionis.
1711 1603 1732 1626 α
1783 1577 2048 1646 Quoniam

1581 215 1921 271 WERNERI
1956 213 2252 269 seems
2293 171 2348 268 ς.
2391 211 2610 268 ausu

449 352 667 402 teantur
729 350 952 417 peccata
1017 357 1136 411 sua,
1201 347 1259 396 ut
1320 337 1714 412 indulgentiam
1777 337 2133 408 accipiantA

3654 212 3755 265 884

2848 353 3076 393 DIVISIO.

2229 506 2296 560 Ut
2334 503 2762 574 dispensationis
2802 505 2977 576 gratia
3025 505 3232 578 largius
3274 505 3752 575 multiplicaretur,

2157 593 2306 648 Deus
2361 593 2524 648 homo
2581 593 2852 659 homines,
2920 593 3011 666 qui
3077 594 3199 664 puri
3264 595 3515 650 homines
3577 601 3751 657 erant,

2157 681 2447 753 participes
2480 680 2600 736 fecit
2631 683 2907 752 potestatis
2936 698 3050 736 sua:
3099 690 3157 736 ut
3199 683 3488 753 implerent
3515 680 3755 737 ofﬁcium

2158 770 2274 839 ejus
2303 771 2686 840 poenitentium
2723 769 3122 825 confessionem
3169 771 3536 840 suscipiendo,
3570 779 3626 824 et
3659 786 3760 840 p9-

2162 866 2411 912 testatem
2443 859 2565 927 ejus
2595 867 2912 913 exercerent
2941 859 3329 928 penitentibus
3360 866 3413 914 et
3441 858 3628 914 conﬁtt
3647 857 3756 912 nti-

2162 947 2264 1001 bus
2313 956 2534 1018 peccata
2583 947 2931 1003 remittendo.
2988 971 3007 994 α
3044 948 3308 1018 Accipite,
3346 947 3541 1018 inquit,
3583 947 3760 1017 Spiri-

2161 1044 2274 1091 tum
2306 1043 2552 1091 sanctum
2587 1051 2600 1088 :
2634 1051 2864 1107 quorum
2907 1035 3226 1091 remiseritis
3265 1045 3487 1107 peccata
3519 1051 3533 1090 :
3567 1037 3761 1090 remit-

2161 1131 2346 1178 tuntur
2392 1124 2491 1189 eis,
2553 1132 2604 1178 et
2659 1139 2894 1194 quorum
2951 1124 3280 1179 retinueritis
3336 1133 3546 1179 retenta
3601 1131 3765 1178 erunt

2162 1214 2346 1283 (Joan.
2386 1214 2501 1282 xx).
2539 1237 2559 1260 ιι
2616 1213 2768 1283 Ergo
2812 1213 3061 1267 Christus
3103 1214 3266 1268 homo
3314 1212 3596 1282 discipulis
3624 1213 3759 1279 suis,

2160 1301 2331 1355 vicem
2361 1301 2477 1370 ejus
2506 1301 2796 1372 agentibus
2818 1301 2871 1354 in
2905 1311 3069 1365 terra,
3102 1309 3424 1371 potestatem
3455 1301 3608 1354 dedit
3669 1300 3759 1354 di-

2160 1389 2403 1444 mittendi
2444 1398 2684 1459 peccata.
2745 1389 2853 1444 Sed
2904 1389 3039 1444 dicis
3086 1389 3380 1444 fortassis:
3417 1387 3606 1456 Quare
3651 1403 3763 1442 non

2160 1479 2409 1532 similiter
2439 1477 2683 1532 Christus
2713 1486 3043 1547 praeceptum
3084 1477 3234 1532 dedit
3282 1477 3593 1531 hominibus
3623 1491 3764 1547 pec-

2158 1576 2274 1622 rata
2305 1582 2401 1620 sua
2431 1564 2741 1631 conﬁtendi,
2784 1566 2926 1620 sicut
2965 1565 3248 1636 discipulis
3283 1574 3610 1636 potestatem
3654 1565 3759 1619 de-

445 1671 610 1736 tacui,
647 1693 668 1715 η
707 1669 881 1742 inquit
914 1669 1201 1724 Psalmista
1235 1690 1257 1719 ι
1294 1669 1876 1724 inveteraveruntossa
1908 1683 2048 1732 mea,
2083 1694 2135 1754 B
2163 1653 2630 1754 flifcgnﬁlémiuni
2648 1663 2875 1754 Ρεροδῐθξ
2889 1654 3239 1752 ξλίιηίίίεοάίῗ
3266 1655 3602 1754 Αυάξίὶυδνε
3627 1671 3642 1708 ε
3667 1669 3763 1751 νοτ

440 1759 570 1814 dum
601 1757 896 1813 clamarem
929 1765 1043 1814 tota
1074 1758 1162 1814 die
1207 1759 1383 1827 (Psal.
1420 1759 1594 1825 χχχι).
1636 1781 1656 1804 ι
1708 1758 1775 1811 Et
1805 1757 1998 1810 iterum
2033 1782 2049 1820 ζ

447 1870 468 1894 α
504 1847 774 1902 Delictum
805 1863 987 1902 meum
1019 1846 1296 1918 cognitum
1350 1845 1445 1900 tibi
1477 1845 1600 1909 feci,
1641 1853 1694 1899 et
1733 1844 2050 1913 injustitiam

441 1950 622 1990 meam
655 1950 764 1990 non
802 1934 1086 1990 abscondi.
1145 1935 1272 1988 Dixi
1329 1949 1341 1987 :
1394 1932 1708 1989 Conﬁtehor
1759 1933 2051 1987 adversum

441 2040 530 2078 me
562 2022 888 2092 injustitiam
920 2021 1177 2089 Domino,
1214 2031 1267 2077 et
1307 2029 1365 2076 tu
1413 2021 1670 2077 remisisti
1715 2021 2047 2090 impietatem

444 2128 627 2168 meam
673 2111 885 2182 peccati
933 2111 1041 2166 mei
1086 2112 1290 2180 (ibid).
1339 2135 1358 2159 ι
1411 2110 1545 2165 Vide
1593 2125 1728 2182 ergo
1768 2114 1822 2163 et
1862 2109 2048 2163 consi-

443 2201 572 2256 dera
607 2215 620 2254 :
655 2200 701 2253 si
731 2207 882 2254 taces
911 2208 1135 2270 peccata
1167 2207 1284 2264 tua,
1320 2198 1722 2260 inveterantur;
1753 2205 1806 2251 et
1835 2197 1882 2252 si
1921 2213 2048 2252 con-

441 2287 634 2354 ﬁteris,
669 2287 1071 2342 condonantur.
1131 2287 1239 2342 Sed
1283 2287 1424 2342 dicis
1457 2301 1470 2340 :
1505 2287 1648 2341 Ecce
1697 2287 1818 2340 dico
1856 2301 2047 2356 pecca-

441 2385 554 2431 tum
584 2391 784 2440 meum,
821 2376 921 2430 sed
965 2377 1100 2443 Deo,
1151 2388 1262 2430 non
1308 2374 1536 2430 homini.
1587 2374 1920 2445 Scripturam
1952 2390 2044 2429 se-

445 2480 606 2536 quor.
656 2465 756 2518 Illa
809 2463 940 2517 mihi
998 2464 1128 2520 dicit
1181 2471 1240 2518 ut
1291 2465 1407 2518 Deo
1449 2462 1710 2518 conﬁtear
1763 2475 2043 2533 peccatum

444 2567 648 2616 meum,
682 2567 791 2608 non
821 2568 906 2606 me
937 2553 1006 2606 ad
1064 2552 1337 2607 hominem
1395 2552 1554 2606 mittit
1595 2569 1608 2606 :
1651 2552 1704 2605 in
1754 2568 1860 2624 quo
1894 2551 2041 2606 salus

441 2657 551 2696 non
584 2648 687 2708 est,
721 2641 817 2694 sed
860 2639 992 2696 illuc
1049 2641 1212 2694 trahit
1240 2639 1664 2705 confessionem,
1715 2639 1858 2694 unde
1906 2655 2040 2710 pro-

440 2729 605 2784 mittit
637 2727 1017 2784 remissionem
1050 2745 1064 2782 :
1110 2751 1132 2776 «ι
1169 2728 1292 2782 Dixi
1342 2745 1356 2782 :
1407 2726 1721 2783 Conﬁtebor
1748 2729 2041 2782 adversum

437 2833 527 2873 me
557 2817 878 2886 injustitiam
923 2831 1102 2872 meam
1153 2816 1410 2884 Domino,
1463 2825 1516 2871 et
1559 2825 1614 2870 tu
1647 2817 1902 2872 remisisti
1932 2817 2038 2870 im-

439 2906 699 2977 pietatem
731 2905 939 2976 peccati
971 2905 1098 2959 mei.
1127 2928 1149 2954 n
1171 2904 1312 2974 Quid
1342 2904 1466 2960 facit
1485 2905 1696 2960 homo?
1727 2905 1870 2959 Audi
1893 2905 2037 2976 quod

439 2995 594 3052 facit.
633 2995 828 3049 Nonne
859 2993 952 3048 ille
1001 2995 1164 3049 homo
1212 2993 1330 3061 fuit,
1380 2994 1472 3065 qui
1515 2994 1692 3049 dixit:
1732 3017 1752 3044 ιι
1789 2994 1908 3057 Fili,
1949 2994 2036 3048 di-

437 3083 725 3138 mittuntur
753 3083 848 3136 tibi
877 3090 1110 3152 peccata
1151 3089 1245 3137 tua
1277 3083 1498 3151 (Matth.
1533 3084 1642 3152 IX).
1681 3105 1702 3130 η
1738 3084 1809 3138 Et
1857 3098 2044 3137 verum

440 3181 542 3238 est,
575 3171 704 3242 quia
734 3171 822 3226 ille
855 3171 1018 3226 homo
1052 3170 1151 3225 fuit
1180 3171 1275 3242 qui
1323 3172 1424 3226 hoc
1457 3171 1608 3225 dixit.
1658 3173 1722 3224 Et
1753 3180 2045 3242 propterea.

441 3261 532 3333 qui
566 3259 718 3314 illum
750 3260 1026 3315 hominem
1051 3275 1173 3314 esse
1211 3259 1472 3324 viderunt,
1519 3260 1698 3314 Deum
1728 3268 1906 3314 autem
1935 3277 2043 3315 non

441 3355 841 3418 cognoverunt,
893 3355 1370 3402 murmuraverunt
1427 3347 1570 3402 inter
1616 3364 1676 3403 se
1737 3349 1982 3403 dicentes
2028 3363 2041 3403 :

447 3459 468 3486 ι
505 3435 640 3504 Quis
667 3443 751 3491 est
780 3435 868 3491 hic
897 3435 987 3506 qui
1017 3437 1179 3490 etiam
1227 3443 1456 3505 peccata
1504 3436 1769 3491 dimittit?
1798 3437 1979 3507 (ibid).
2018 3462 2039 3487 ι

442 3541 700 3596 Sciebant
731 3541 874 3594 enim
906 3540 1033 3612 quia
1063 3550 1291 3612 peccata
1327 3540 1601 3597 dimittere
1645 3543 1746 3597 Dei
1777 3552 1911 3610 erat,
1945 3544 2044 3599 sed

441 3637 757 3693 nesciebant
788 3637 914 3708 quia
955 3637 1100 3708 quod
1139 3638 1238 3692 Dei
1287 3646 1422 3704 erat,
1474 3639 1636 3695 homo
1684 3655 1716 3694 a
1747 3641 1862 3695 Deo
1891 3657 2047 3697 acce-

437 3743 614 3808 perat.
650 3735 715 3789 Et
745 3734 837 3790 ille
869 3733 1087 3807 quidem
1116 3736 1281 3790 homo
1331 3736 1476 3806 quod
1517 3737 1771 3803 habebat,
1806 3737 2038 3809 inquan-

439 3840 553 3886 tum
584 3832 745 3887 homo
774 3837 912 3896 erat,
956 3830 1080 3887 ideo
1126 3831 1379 3898 habebat,
1431 3833 1560 3904 quia
1594 3842 1883 3904 acceperat
1913 3852 1926 3899 ;
1962 3835 2042 3888 in-

437 3937 699 4002 quantum
732 3944 864 3986 vero
894 3930 1042 3984 Deus
1071 3938 1186 3984 erat
1228 3929 1412 4000 homo,
1463 3929 1607 3985 idem
1656 3930 1832 4000 ipsum
1863 3931 2036 3986 habe-

434 4028 548 4098 bat,
581 4035 635 4084 et
663 4044 771 4084 non
800 4035 1117 4100 acceperat.
1157 4029 1447 4099 Propterea
1488 4036 1662 4083 autem
1696 4029 1859 4084 voluit
1887 4029 2036 4085 acci-

435 4141 569 4197 pere
599 4125 896 4197 aliquando
926 4124 980 4180 in
1013 4125 1350 4181 humanitate
1398 4125 1544 4197 quod
1587 4141 1802 4196 semper
1848 4126 2037 4182 habuit

435 4223 490 4277 in
511 4223 730 4290 deitate,
796 4231 853 4278 ut
905 4239 934 4278 e
983 4222 1162 4282 vicino
1208 4223 1416 4279 homini
1463 4223 1923 4295 appropinquaret
1979 4225 2034 4278 in

435 4336 502 4376 eo
519 4321 664 4391 quod
682 4320 920 4376 hominis
948 4327 1067 4375 erat
1090 4337 1102 4376 :
1128 4329 1180 4376 et
1199 4321 1255 4375 in
1271 4337 1336 4376 eo
1352 4321 1472 4392 ipso
1498 4321 1642 4393 quod
1671 4321 1905 4376 hominis
1921 4329 2036 4376 erat

431 4417 636 4471 homini
666 4417 954 4471 exhiberet
983 4417 1129 4488 quod
1159 4418 1260 4472 Dei
1291 4426 1425 4473 erat.
1451 4420 1511 4473 In
1543 4434 1608 4472 eo
1636 4435 1866 4490 namque
1888 4419 2033 4489 quod

432 4513 676 4568 hominis
706 4522 821 4568 erat
852 4512 1194 4580 familiarius,
1217 4515 1421 4570 homini
1453 4515 1806 4586 jungebalur
1837 4534 1850 4580 ;
1881 4515 1934 4569 iu
1965 4531 2031 4570 eo

430 4627 564 4667 vero
594 4610 739 4682 quod
770 4611 868 4666 Dei
897 4620 1014 4666 erat
1044 4612 1316 4682 potentius
1343 4612 1395 4666 in
1429 4613 1646 4668 homine
1677 4613 2028 4682 operabatur.

430 4707 724 4777 Propterea
751 4705 887 4760 dixit
919 4724 932 4760 :
972 4729 994 4755 ι
1023 4708 1092 4762 Ut
1121 4708 1310 4763 sciatis
1339 4709 1467 4780 quia
1500 4709 1666 4764 Filius
1683 4708 1918 4764 hominis
1941 4711 2034 4763 ha”

428 4805 521 4860 bet
551 4813 901 4876 protestatem
930 4805 986 4858 in
1017 4813 1162 4860 terra
1189 4806 1497 4863 dimittendi
1520 4816 1765 4878 peccata,
1795 4817 1926 4863 tunc
1955 4808 2033 4862 ait

428 4901 729 4975 paralytico
764 4917 776 4956 :
810 4903 993 4976 Surge
1022 4911 1072 4958 et
1102 4903 1319 4958 ambula
1341 4904 1538 4975 (ibid).
1578 4928 1600 4952 υ
1623 4904 1867 4960 Ostendit
1887 4906 2032 4977 quod

431 5000 614 5058 videre
635 5008 906 5073 poterant,
929 5008 984 5057 ut
1002 5017 1106 5072 per
1127 5001 1231 5057 hoc
1251 5001 1542 5058 crederent
1558 5002 1704 5074 quod
1726 5003 1907 5059 videre
1924 5018 2032 5058 non

428 5106 700 5170 poterant.
733 5100 962 5170 Propter
990 5099 1097 5155 hoc
1139 5115 1274 5172 ergo
1323 5101 1471 5156 Deus
1514 5099 1690 5156 factus
1736 5108 1817 5155 est
1845 5101 2030 5168 homo,

429 5203 488 5251 ut
515 5210 578 5251 se
607 5197 676 5250 ad
733 5197 1196 5253 confabulandum
1241 5199 1448 5254 homini
1494 5199 1806 5269 proximum
1853 5215 1915 5253 ac
1957 5198 2033 5252 fa-

430 5290 697 5348 miliarem
755 5293 1054 5360 exhiberet,
1097 5303 1154 5350 ut
1200 5297 1256 5350 in
1303 5313 1408 5350 una
1437 5297 1738 5368 eademque
1793 5311 2032 5367 persona

431 5398 488 5448 et
517 5406 675 5445 suum
703 5406 880 5462 genus
913 5391 1078 5448 homo
1110 5393 1376 5450 inveniret
1406 5395 1491 5451 cui
1522 5395 1841 5451 ﬁducialiter
1873 5393 2024 5449 infir~

426 5490 671 5546 mitatem
701 5506 857 5546 suam
887 5491 1192 5558 revelarot,
1227 5502 1279 5548 et
1321 5511 1485 5565 supra
1530 5495 1800 5550 hominem
1857 5495 2028 5548 Deum

427 5587 657 5643 credens
685 5586 754 5642 de
783 5596 1008 5658 accepta
1051 5587 1118 5642 ab
1167 5588 1259 5644 illo
1306 5589 1627 5645 remissione
1674 5599 2024 5661 peccatorum

426 5699 649 5742 suorum
677 5699 786 5740 non
819 5682 1113 5740 diffideret.

2163 1744 2259 1798 luit
2283 1744 2626 1808 Christus,ut
2653 1758 2682 1796 a
2721 1743 3003 1813 temetipso
3042 1758 3324 1812 surgeres,
3357 1752 3413 1796 ut
3458 1758 3569 1797 non
3600 1742 3760 1811 quasi

2160 1840 2364 1888 extorta
2400 1831 2483 1887 vel
2524 1838 2711 1886 coacta
2762 1831 3032 1886 videretur
3075 1830 3347 1886 confessio
3392 1840 3496 1885 tua.
3541 1831 3758 1886 Idcirco

2160 1922 2307 1992 quod
2337 1920 2408 1974 ad
2438 1935 2496 1974 se
2530 1919 2785 1990 pertinuit
2839 1917 3079 1974 ofﬁcium
3125 1935 3278 1974 suum
3320 1919 3602 1990 discipulis
3644 1919 3759 1974 suis

2157 2009 2528 2080 peragendum
2555 2008 2804 2076 injunxit,
2837 2017 2892 2062 ut
2922 2007 3260 2062 medicorum
3288 2023 3442 2062 more
3469 2024 3659 2079 aegros
3689 2009 3760 2063 ad

2158 2113 2218 2152 se
2249 2097 2536 2152 venientes
2566 2096 2884 2166 exeiperent
2913 2105 2964 2151 et
2998 2105 3268 2151 sanarent.
3293 2096 3523 2152 Medicis
3546 2096 3684 2150 dixit
3707 2103 3764 2150 ut

2156 2193 2428 2252 curarent,
2463 2185 2560 2240 sed
2592 2183 2818 2238 inﬁrmis
2847 2200 2958 2239 non
3000 2184 3134 2238 dixit
3181 2193 3234 2238 ut
3265 2185 3334 2239 ad
3375 2185 3628 2240 medicos
3658 2201 3763 2241 cu-

2156 2273 2314 2328 randi
2346 2272 2622 2328 venirent.
2661 2274 2774 2328 Hoc
2801 2272 2952 2344 quasi
2984 2281 3187 2330 certum
3218 2289 3341 2328 esse
3370 2273 3558 2339 voluit,
3603 2272 3762 2345 quod

2155 2362 2291 2434 aegri
2323 2361 2560 2416 libenter
2616 2361 2848 2416 salutem
2897 2371 3220 2432 quaererent,
3273 2370 3326 2416 et
3378 2378 3440 2416 se
3478 2363 3761 2417 curandos

2154 2450 2429 2516 offerrent,
2491 2449 2536 2503 si
2589 2451 2832 2504 medicos
2882 2449 3205 2504 invenirent.
3260 2451 3562 2520 Pr0pterea
3610 2453 3761 2506 solos

2157 2534 2399 2590 medicos
2430 2534 2655 2588 monuit.
2691 2534 2979 2588 Inﬁrmum
3007 2534 3151 2590 enim
3192 2550 3321 2588 suus
3349 2535 3572 2590 morbus
3602 2535 3760 2589 sufﬁ-

2157 2623 2361 2680 cienter
2391 2623 2645 2678 admonet
2676 2639 2851 2694 neque
2901 2638 3041 2693 Opus
3091 2631 3366 2694 praecepto
3406 2623 3530 2689 hoc,
3570 2624 3613 2678 si
3653 2624 3760 2679 do-

2154 2711 2252 2766 let.
2292 2713 2494 2766 Tamen
2528 2712 2635 2782 ipsi
2669 2710 2864 2766 medici
2914 2719 3124 2781 postea,
3169 2711 3292 2783 quia
3322 2711 3675 2784 negligentes
3705 2713 3760 2766 in

2153 2801 2429 2856 curatione
2488 2817 2583 2854 sua
2637 2817 2820 2871 aegros
2861 2801 3209 2870 invenerunt,
3270 2816 3363 2855 eos
3403 2801 3469 2855 ad
3521 2801 3760 2856 salutem

2156 2885 2505 2956 quarendam
2537 2893 2589 2940 et
2618 2884 2987 2939 admonitione
3017 2900 3115 2938 sua
3144 2884 3514 2940 excitaverunt
3535 2894 3587 2940 et
3620 2903 3761 2956 pra-

2158 2983 2314 3044 cepto
2345 2981 2712 3028 attraxerunt.
2769 2995 2790 3023 α
2831 2973 3193 3040 Conﬁtemini,
3253 2973 3422 3044 inquit
3470 2975 3760 3046 apostolus

2074 3049 2123 3112 Ο
2152 3063 2412 3128 Jacobus,
2444 3063 2761 3116 alterutrum
2793 3070 3015 3132 peccata
3043 3069 3244 3128 vestra,
3266 3070 3320 3117 et
3350 3071 3503 3118 orate
3536 3080 3638 3134 pro
3671 3064 3724 3118 in
3748 3095 3760 3105 -

2154 3152 2328 3207 vicem
2361 3159 2417 3205 ut
2447 3151 2730 3205 salvemini
2761 3154 2899 3216 (Jac.
2927 3153 3000 3220 v).
3040 3175 3061 3199 »
3097 3149 3235 3220 Quid
3275 3159 3358 3206 est
3385 3151 3713 3208 alterutrum
3733 3153 3762 3207 ?

2153 3240 2206 3294 id
2237 3248 2318 3295 est
2349 3240 2491 3294 alter
2521 3240 2694 3306 alteri,
2731 3241 2893 3294 homo
2944 3239 3168 3294 homini.
3209 3241 3330 3295 Non
3383 3241 3558 3295 solum
3592 3242 3759 3297 homo

2153 3331 2290 3395 Deo,
2337 3329 2472 3384 sicut
2504 3345 2667 3383 verus
2714 3328 2804 3382 ille
2844 3327 3128 3384 confessor
3156 3329 3231 3382 ait
3263 3349 3274 3384 :
3313 3353 3334 3376 ει
3373 3329 3494 3383 Dixi
3527 3330 3760 3386 conﬁte-

2157 3418 2256 3472 bor
2286 3417 2578 3472 adversum
2603 3433 2688 3472 me
2705 3416 3019 3486 injustitiam
3045 3432 3223 3472 meam
3255 3418 3658 3483 Domino,etc.v
3679 3422 3758 3475 Tu

2154 3506 2411 3560 remisisti
2441 3506 2769 3576 impietatem
2801 3505 3013 3576 peccati
3043 3506 3172 3571 mei,
3206 3507 3413 3561 scilicet
3442 3508 3608 3562 homo
3649 3508 3756 3562 ho-

2155 3595 2284 3648 mini
2315 3603 2538 3665 propter
2569 3595 2762 3648 Deum.
2814 3594 2935 3648 Plus
2979 3593 3126 3648 enim
3174 3593 3302 3650 facit
3338 3595 3429 3666 qui
3460 3611 3626 3650 servo
3659 3597 3760 3650 hu-

2156 3682 2388 3737 miliatur
2407 3690 2626 3753 prOpter
2654 3682 2826 3736 Deum
2859 3697 3022 3754 quam
3071 3683 3162 3752 qui
3207 3683 3310 3753 ipsi
3342 3684 3456 3738 Deo
3495 3685 3758 3738 humilia-

2151 3780 2261 3826 tur.
2306 3773 2598 3841 Propterea
2625 3795 2645 3818 u
2683 3770 3024 3825 Confitemini
3051 3771 3368 3826 alterutrum
3401 3781 3634 3842 peccata
3665 3790 3759 3828 ve-

2149 3869 2280 3914 stra.
2320 3884 2341 3907 ιι
2378 3858 2517 3928 Quid
2548 3867 2629 3913 est
2659 3860 2973 3912 alterutrum
3006 3859 3033 3912 ?
3063 3859 3189 3913 Non
3229 3867 3410 3914 tamen
3453 3862 3758 3934 unusquis-

2148 3965 2253 4020 que
2294 3948 2602 4019 unicuique,
2663 3948 2760 4001 sed
2802 3947 3136 4012 alterutrum,
3194 3948 3297 4004 hoc
3336 3956 3418 4003 est
3457 3949 3605 4005 inter
3653 3967 3750 4005 vos

2146 4036 2394 4091 homines
2426 4036 2752 4099 hominibus,
2785 4050 2916 4090 oves
2963 4036 3292 4106 pastoribus,
3344 4038 3578 4105 subjecti
3610 4055 3750 4108 prae-

2146 4125 2307 4192 latis;
2342 4125 2394 4179 hi
2426 4125 2514 4196 qui
2547 4132 2762 4195 peccata
2790 4124 2997 4178 habent
3027 4126 3110 4178 his
3152 4125 3244 4196 qui
3298 4134 3523 4195 peccata
3556 4127 3751 4183 dimit-

2147 4222 2259 4269 tere
2307 4221 2626 4286 potestatem
2687 4213 2914 4267 habent.
2974 4213 3220 4268 Debitum
3267 4214 3486 4285 quidem
3545 4225 3663 4270 erat
3695 4226 3753 4270 ut

2145 4302 2549 4359 confessionem
2597 4301 2793 4356 facturi
2833 4302 2900 4355 ad
2949 4302 3099 4355 illum
3143 4302 3296 4356 iretis
3342 4304 3432 4374 qui
3465 4313 3550 4358 est
3580 4322 3752 4376 super

2062 4404 2112 4463 D
2147 4406 2260 4446 vos.
2280 4393 2435 4445 Nunc
2451 4399 2652 4454 autem,
2675 4406 2775 4460 pro
2793 4389 3146 4462 indulgentiae
3167 4391 3751 4461 dispensationc,con-

2139 4479 2348 4536 ceditur
2377 4488 2433 4533 ut
2480 4488 2699 4548 peccata
2746 4479 2814 4531 ad
2870 4479 3100 4533 invicem
3159 4479 3313 4534 vobis
3370 4479 3746 4536 conﬁteamini

2141 4569 2282 4622 inter
2313 4584 2427 4622 vos.
2452 4569 2548 4622 Ille
2577 4567 2795 4640 quidem
2835 4567 2926 4638 qui
2965 4568 3115 4621 solus
3142 4568 3559 4624 confessionem
3591 4574 3747 4626 acci-

2141 4661 2292 4728 peret
2323 4655 2723 4711 confessionem
2772 4672 2879 4710 non
2924 4656 3145 4722 faceret,
3185 4657 3311 4727 quia
3366 4667 3598 4728 peccata
3653 4676 3764 4714 non

2143 4765 2383 4819 haberet.
2442 4763 2504 4816 Hi
2550 4771 2730 4817 autem
2788 4763 2880 4834 qui
2941 4769 3284 4832 peccatorum
3334 4765 3752 4820 confessionem

2141 4866 2434 4936 accipiunt,
2470 4873 2520 4920 et
2564 4865 2944 4920 conﬁtentibus
2997 4872 3219 4935 peccata
3273 4879 3373 4919 sua
3439 4865 3748 4938 dimittunt,

2141 4990 2368 5030 necesse
2396 4973 2597 5027 habent
2620 4979 2673 5026 ut
2691 4980 2742 5027 et
2764 4971 2868 5041 ipsi
2897 4979 3119 5041 peccata
3148 4987 3246 5026 sua
3277 4971 3675 5040 conﬁteantur,
3696 4984 3756 5031 ut

2141 5079 2526 5152 paenitentibus
2544 5083 2597 5134 et
2613 5077 2996 5135 conﬁtentibus
3019 5085 3244 5148 peccata
3263 5094 3362 5134 sua
3383 5079 3752 5136 dimittantur.

2213 5198 2512 5267 Pr0pterea
2543 5209 2677 5264 ergo
2699 5193 3035 5249 conﬁtemini
3065 5193 3381 5250 alterutrum
3405 5206 3636 5267 peccata
3659 5215 3754 5255 ve-

2141 5303 2256 5350 stra
2287 5303 2339 5349 et
2369 5302 2522 5348 orate
2557 5309 2657 5364 pro
2684 5293 2940 5348 invicem.
2991 5292 3074 5346 Ad
3105 5293 3280 5364 quid?
3309 5295 3374 5350 Ut
3405 5294 3697 5350 salvemini
3735 5316 3748 5351 :

2139 5393 2469 5450 confitemini
2516 5399 2571 5447 ut
2626 5390 2926 5446 salvemini.
2971 5389 3114 5459 Quid
3162 5397 3246 5446 est
3294 5391 3636 5449 conﬁtemini
3690 5404 3752 5449 ut

2138 5491 2423 5547 salvemini
2451 5500 2478 5549 τ
2507 5490 2622 5545 Hoc
2639 5497 2716 5543 est
2750 5505 2856 5543 non
2877 5489 3183 5555 salvemini,
3209 5489 3314 5544 nisi
3335 5489 3744 5547 conﬁteamini.

2138 5591 2262 5643 Haec
2295 5587 2544 5644 fortassis
2574 5591 2630 5640 tu
2673 5585 2860 5640 audire
2892 5585 3131 5654 noluisti,
3168 5585 3258 5657 qui
3297 5585 3540 5641 latebras
3581 5605 3742 5660 qua-

2133 5686 2212 5742 ris
2276 5694 2328 5742 et
2384 5683 2676 5742 abscondis
2732 5683 2940 5740 scelera
3003 5691 3089 5739 tua
3155 5693 3206 5739 ut
3264 5699 3372 5740 non
3425 5683 3745 5755 justiﬁceris
