4062 6074
294 244 400 307 885

1222 240 1797 303 DEFLORATIONES
1833 238 1936 299 SS».
1974 241 2272 302 PATRUM.
2311 273 2385 285 —
2418 190 2547 301 LIB.
2588 244 2637 300 I.
2714 188 2719 189 γ
2760 270 2765 277 ο

3480 240 3589 300 886

291 368 417 423 Non
444 366 541 425 tibi
568 368 743 438 placet
757 362 899 439 quod
931 366 1125 446 dicitur
1151 368 1276 441 quia
1303 368 1359 423 hi
1389 368 1480 438 qui
1526 358 1713 424 nolunt
1760 382 1887 422 con-
1913 365 1969 427 Α
1999 366 2119 425 liter
2143 385 2264 425 cum
2294 370 2488 427 dicitur
2512 371 2605 427 tibi
2639 390 2652 427 ε
2707 370 2768 427 Si
2822 369 3030 427 homini
3084 367 3353 425 erubescis
3406 366 3593 424 dicere

290 463 693 538 ﬁteri.peccata
733 482 831 521 sua
884 465 1077 521 salvari
1134 481 1241 521 non
1294 472 1538 539 possunt.
1594 465 1886 536 Propterea

294 553 533 610 fortassis
591 555 802 611 conaris
849 555 916 609 ad
972 554 1117 609 aliud
1172 552 1372 609 dictum
1428 552 1655 625 apostoli
1709 552 1885 607 intor-

292 660 477 713 quere,
536 651 592 699 ut
655 645 985 716 intelligatur
1044 642 1418 699 conﬁtentibus
1483 641 1699 711 quidem
1761 656 1887 710 pro-

289 733 498 788 misisse
529 733 904 802 salvationem,
958 740 1138 788 tamen
1183 748 1291 789 non
1347 729 1723 786 conﬁtentibus
1777 744 1886 783 non

288 837 517 894 negasse
533 821 988 891 justiﬁcationem.
1012 821 1149 876 Audi
1179 836 1329 888 ergo.
1364 819 1689 891 Augustinus
1707 817 1835 873 dicit
1867 832 1878 868 :

295 933 318 959 α
344 912 466 965 Non
500 918 673 982 potest
704 910 824 981 quis
855 908 1133 979 justiﬁcari
1162 926 1194 965 a
1220 914 1439 980 peccato
1478 907 1579 961 nisi
1609 906 1885 962 confessus

289 1007 450 1062 fuerit
477 1014 598 1062 ante
628 1016 925 1079 peccatum.
964 1029 987 1056 η
1027 1009 1181 1075 Item,
1230 1006 1375 1061 Beda
1422 1005 1473 1058 in
1524 1004 1715 1059 eadem
1762 1003 1881 1074 epi-

288 1096 428 1151 stola
447 1096 652 1161 Jacobi,
686 1096 753 1150 de
796 1112 902 1166 qua
953 1095 1198 1165 superius
1243 1092 1609 1149 testimonium
1645 1091 1882 1160 sumpsi-

289 1200 411 1239 mus
434 1202 446 1239 :
477 1206 498 1233 «ι
525 1183 653 1239 Sine
672 1184 1027 1250 confessione,
1053 1183 1240 1252 inquit,
1260 1187 1533 1252 nequeunt
1550 1179 1742 1234 dimitti
1760 1194 1887 1248 pec-

290 1280 432 1328 cata.
460 1294 482 1321 ι»
519 1273 576 1328 Si
607 1273 662 1327 in
694 1274 797 1328 hoc
832 1273 923 1327 illa
953 1271 1201 1327 discretio
1230 1286 1344 1324 esse
1373 1269 1584 1337 dicitur,
1616 1275 1672 1322 ut
1702 1267 1883 1338 quoti-

292 1361 455 1417 diana
475 1362 724 1431 leviaque
738 1369 959 1431 peccata
975 1361 1284 1415 alterqu
1304 1357 1669 1428 coaequalibus
1707 1354 1882 1411 conﬁ-

294 1458 523 1518 tcamur,
548 1457 602 1505 ut
621 1450 952 1505 orationibus
971 1448 1203 1505 invicem
1237 1447 1525 1503 salvemur.
1561 1446 1726 1500 Porro
1749 1459 1880 1516 gra-

291 1549 459 1605 vioris
498 1550 661 1619 leprze
720 1547 1119 1607 immunditiam
1168 1545 1430 1603 sacerdoti
1477 1544 1779 1616 pandemus
1832 1550 1885 1596 et

291 1635 362 1694 ad
390 1638 508 1708 ejus
536 1638 813 1693 arbitrium
836 1635 1115 1707 justiﬁcari
1144 1650 1410 1691 curemus.
1448 1656 1469 1681 υ
1508 1632 1693 1688 Videte
1741 1647 1883 1700 quo-

291 1728 455 1785 modo
512 1725 840 1783 concordant
892 1724 1198 1780 testimonia
1250 1723 1506 1778 veritatis.
1570 1721 1662 1775 Est
1733 1736 1879 1789 qum-
1905 1716 1959 1777 Β

289 1816 416 1871 dam
434 1823 487 1871 et
505 1815 807 1870 communis
834 1813 889 1868 in
917 1811 1159 1869 Ecclesia
1195 1809 1529 1881 pmnitentia,
1553 1824 1714 1879 quam
1746 1823 1881 1878 quo-

288 1905 417 1961 tidie
446 1903 750 1961 adinvicem
777 1903 1024 1969 facimus,
1051 1901 1109 1957 in
1163 1916 1270 1970 qua
1323 1899 1563 1954 oratione
1621 1898 1740 1952 fusa
1785 1910 1882 1967 pro

288 1994 521 2049 invicem
552 2008 651 2062 pro
685 1990 1012 2062 quotidianis
1060 1997 1112 2045 et
1157 1987 1448 2046 levioribus
1505 1985 1738 2058 peccatis
1792 1983 1882 2038 in-

288 2090 623 2163 dulgentiam
653 2096 707 2145 et
733 2089 1106 2145 remissionem
1143 2097 1569 2154 consequamur;
1619 2080 1886 2155 gravioris

289 2187 469 2235 autem
508 2179 682 2250 culpa
736 2185 947 2233 reatum
1003 2174 1265 2248 singulari
1312 2171 1657 2229 confessione
1711 2184 1887 2225 sacer-

290 2267 402 2324 doti
434 2268 722 2343 aperimus,
776 2274 831 2322 et
882 2265 1177 2321 secundum
1240 2262 1359 2333 ejus
1410 2259 1715 2326 consilium,
1771 2274 1888 2313 mu-

290 2373 418 2412 nere
447 2355 826 2413 satisfactionis
854 2355 1057 2415 oblato.
1103 2350 1491 2424 indulgentiam
1541 2347 1746 2421 peccati
1791 2346 1889 2402 ob-

292 2447 541 2501 tinemus.
567 2445 674 2502 Sed
694 2444 863 2500 dicis:
898 2443 958 2499 Si
990 2442 1185 2498 salvari
1218 2456 1329 2496 non
1368 2444 1543 2511 potest
1581 2440 1747 2493 homo
1784 2434 1887 2489 nisi

290 2534 607 2592 conﬁteatur
660 2539 880 2605 peccata
934 2547 1052 2601 sua,
1112 2529 1239 2601 quid
1296 2534 1376 2584 est
1431 2526 1575 2597 quod
1628 2524 1887 2595 scriptum

295 2623 608 2681 invenitur:
645 2645 669 2671 α
724 2622 996 2693 Lacrymae
1052 2620 1232 2675 lavant
1285 2616 1539 2672 delictum
1597 2613 1740 2685 quod
1795 2627 1888 2669 ore

292 2712 469 2785 pudor
495 2718 575 2768 est
603 2709 864 2767 conﬁteri.
886 2707 1236 2765 Inveniuntur
1267 2705 1412 2760 enim
1454 2702 1702 2777 quaedam
1748 2701 1889 2772 ejus-

293 2801 447 2857 modi
479 2800 642 2864 dicta,
675 2806 729 2852 et
757 2798 971 2871 rapiunt
999 2812 1063 2851 ea
1107 2794 1358 2851 homines
1408 2792 1724 2863 gaudentes,
1782 2805 1891 2849 non

291 2899 419 2969 quia
447 2899 726 2955 veritatem
759 2895 977 2967 capiant
1031 2894 1087 2948 in
1140 2893 1239 2958 eis,
1297 2891 1394 2947 sed
1449 2890 1574 2960 quia
1626 2887 1890 2944 malitiam

301 3004 453 3043 suam
516 2986 813 3042 defendere
862 2984 1050 3039 volunt
1107 2998 1176 3037 ex
1250 2980 1345 3037 eis.
1424 2979 1619 3035 Dicunt
1695 2976 1885 3032 enim:

292 3077 435 3147 Quid
469 3092 565 3133 nos
593 3072 994 3146 constringitis;
1027 3070 1156 3142 quid
1197 3085 1297 3125 nos
1325 3067 1537 3125 arctatis
1565 3067 1594 3120 ‘?
1636 3064 1895 3125 Pudenda
1924 3061 1973 3125 C

288 3173 411 3221 sunt
440 3166 581 3222 facta
607 3171 811 3231 nostra,
847 3178 954 3219 non
982 3177 1085 3218 nos
1110 3158 1375 3230 permittit
1400 3155 1725 3213 verecundia
1762 3155 1881 3210 elo-

293 3253 404 3325 qui,
465 3251 836 3308 erubescimus
888 3247 1129 3304 conﬁteri
1186 3245 1328 3318 quod
1390 3243 1641 3300 fecimus.
1726 3239 1886 3311 Quod

292 3358 577 3415 possumus
605 3348 788 3396 tamen
818 3338 1066 3404 facimus,
1118 3351 1211 3391 cor
1264 3334 1547 3391 contritum
1602 3328 1659 3388 'et
1710 3329 1886 3387 humi-

291 3441 477 3496 liatnm
509 3435 800 3503 offerimus,
832 3434 1078 3489 dolemus
1104 3447 1203 3502 pro
1224 3447 1290 3486 eo
1320 3429 1462 3500 quod
1493 3428 1633 3484 male
1652 3427 1881 3500 egimus,

295 3529 559 3599 lacrymas
626 3524 934 3591 fundimus,
1014 3521 1190 3578 carnis
1254 3518 1614 3575 maceratione
1678 3523 1882 3571 reatum

293 3617 570 3690 punimus.
635 3612 778 3683 Quid
833 3611 999 3667 verba
1062 3608 1318 3679 quasi-itis,
1377 3606 1470 3662 ubi
1524 3620 1692 3677 opera
1742 3604 1887 3659 bona

292 3709 467 3762 sunt?
520 3703 795 3758 Habemus
849 3700 1177 3771 Scripturam
1251 3695 1618 3751 consolantem
1683 3709 1783 3749 nos
1835 3700 1887 3749 et

293 3794 601 3851 dicentem:
643 3814 664 3840 ‹‹
707 3792 965 3861 Lacryma
1019 3788 1203 3843 lavant
1259 3785 1533 3849 delictum,
1591 3780 1734 3852 quod
1790 3796 1883 3836 ore

292 3883 466 3957 pudor
493 3887 573 3937 est
603 3878 864 3935 conﬁteri.
901 3899 923 3926 η
970 3876 1091 3932 Non
1149 3873 1355 3929 malitia
1402 3886 1736 3937 excusemus,
1788 3868 1883 3923 sed

290 3969 628 4029 verecundiae
653 3967 942 4038 parcimus.
974 3963 1132 4034 Quod
1160 3978 1292 4035 ergo
1316 3960 1500 4017 dicere
1526 3958 1733 4015 homini
1753 3972 1880 4012 eru-

288 4065 560 4122 bescimus
586 4061 814 4117 dicimus
856 4061 993 4126 Deo,
1052 4058 1144 4127 qui
1196 4072 1305 4111 non
1355 4055 1709 4128 improperat.
1772 4052 1883 4106 Hu-

283 4153 523 4226 jusmodi
545 4167 676 4225 ergo
706 4147 1080 4206 occasionibus
1107 4152 1352 4217 quaerunt
1375 4143 1621 4199 homines
1650 4157 1880 4196 excusa-

284 4244 489 4311 tionem
536 4240 753 4312 corpori
809 4254 927 4304 suo,
982 4245 1040 4293 et
1083 4241 1362 4307 pervetere
1414 4238 1675 4289 conantur
1729 4229 1877 4286 Scri-

285 4340 489 4405 pturas,
521 4330 647 4403 quia
673 4327 910 4403 perversi
947 4331 1069 4381 sunt
1097 4323 1220 4393 ipsi.

965 4509 1125 4549 DlVlSl
1131 4507 1184 4547 0.

365 4639 507 4710 Quid
534 4644 629 4709 est,
689 4635 835 4707 quod
890 4633 1163 4706 Scriptura
1216 4629 1352 4685 dixit
1394 4629 1649 4699 lacrymaa
1703 4625 1887 4681 lavant

293 4729 567 4796 delictum,
598 4725 744 4799 quod
788 4740 880 4781 ore
934 4722 1111 4794 pudor
1164 4727 1243 4775 est
1298 4716 1567 4774 conﬁteri.
1630 4712 1885 4784 Nunquid

294 4818 416 4874 ideo
446 4816 627 4872 dixit:
661 4815 704 4870 si
760 4811 1030 4870 erubescis
1080 4807 1321 4865 conﬁteri
1379 4813 1654 4878 peccatum
1712 4810 1881 4868 tuum,

294 4906 439 4978 quod
462 4904 560 4960 tibi
588 4901 838 4961 sufﬁciat.
887 4900 933 4956 si
983 4906 1187 4955 tantum
1241 4893 1572 4966 lacrymaris,
1621 4892 1784 4947 etiam
1839 4888 1886 4943 si

292 5011 399 5051 non
433 4991 739 5051 conﬁtearis
757 4992 787 5043 ‘?
816 4991 1013 5045 Nonne
1040 4986 1207 5042 multo
1240 4984 1433 5040 melius
1459 4988 1541 5036 est
1566 4988 1626 5034 ut
1651 4978 1888 5049 Scriptu-

290 5108 409 5148 ram
438 5093 541 5148 hoc
570 5088 747 5161 potius
775 5086 954 5145 dicere
995 5084 1230 5140 voluisse
1283 5079 1555 5151 intelligas
1599 5075 1744 5147 quod
1799 5074 1886 5129 la—

294 5195 514 5252 crymze,
566 5194 635 5233 ex
692 5176 885 5232 intima
938 5173 1116 5229 cordis
1170 5168 1490 5226 contritione
1534 5164 1756 5237 prolata:
1798 5161 1891 5216 illa

294 5251 458 5326 etiam
490 5272 713 5339 peccata
742 5266 924 5320 lavare
954 5266 1194 5331 possunt,
1244 5257 1372 5328 quia
1418 5255 1533 5309 sine
1578 5251 1783 5323 pudore
1837 5256 1892 5305 et

294 5338 621 5413 verecundia
649 5369 745 5410 ore
772 5349 1007 5424 proﬁteri
1041 5363 1148 5403 non
1207 5350 1445 5417 possunt.
1505 5340 1648 5411 Quid
1701 5354 1832 5411 ergo
1863 5338 1891 5391 ‘?

297 5445 354 5501 Si
384 5442 640 5515 pudenda
669 5447 888 5512 peccata
926 5439 1178 5507 lacrymae
1225 5434 1426 5498 lavant,
1482 5430 1557 5485 ibi
1607 5426 1891 5483 tacendum

298 5542 398 5599 est,
430 5532 523 5588 ubi
555 5530 796 5586 divinum
825 5527 1084 5583 auxilium
1115 5522 1354 5579 maxime
1381 5517 1740 5577 necessarium
1779 5523 1883 5571 est.

300 5626 421 5679 lmo
452 5621 619 5677 multo
648 5618 824 5690 magis
854 5616 927 5677 ibi
952 5610 1318 5671 conﬁtendum
1365 5616 1460 5675 est,
1511 5614 1571 5662 ut
1618 5605 1894 5690 humilitas

302 5715 660 5778 confessionis
702 5686 965 5786 lacrymas
1004 5711 1273 5783 adaugent
1319 5701 1671 5763 contritionis.
1722 5686 1893 5757 Simi-

1993 474 2272 537 peccatum
2302 475 2472 536 tuum,
2504 476 2558 523 ut
2588 468 2735 523 dicas
2763 469 2879 523 Deo
2923 468 3014 539 qui
3068 483 3174 522 non
3230 467 3579 535 improperat,

1991 571 2100 611 non
2134 556 2227 610 tibi
2280 557 2515 612 dicitur:
2576 557 2635 613 Si
2689 556 2957 612 erubescis
3010 555 3188 611 dicere
3244 554 3469 621 homini,
3523 561 3583 609 ut

1992 644 2217 711 homini,
2250 660 2360 700 non
2384 646 2554 711 dicas,
2574 645 2668 701 sed
2691 646 2824 714 Deo,
2849 646 2944 700 sed
2967 642 3315 699 mansuetudo
3347 642 3445 697 Dei
3482 640 3580 696 tibi

1992 741 2403 811 demonstratur,
2436 743 2563 813 quia
2589 751 2699 798 tam
2730 742 2875 797 mitis
2901 750 2953 795 et
2982 741 3162 795 suavis
3192 747 3273 794 est
3325 739 3579 795 omnibus

1992 829 2059 884 ad
2090 846 2147 885 se
2174 830 2632 903 confugientibus,
2664 840 2723 886 ut
2750 830 3108 899 improprium
3164 829 3234 884 ab
3283 828 3423 899 ipso,
3484 826 3579 882 ali-

1993 917 2121 987 quid
2152 926 2200 973 te
2233 918 2522 974 formidare
2552 935 2658 974 non
2687 924 2949 989 oporteat,
2981 918 3143 972 etiam
3169 916 3228 988 lsi
3286 916 3414 971 talia
3470 915 3584 970 fue-

1992 1015 2097 1069 rint
2122 1022 2341 1086 peccata
2371 1023 2478 1083 tua,
2512 1023 2569 1070 ut
2596 1032 2660 1070 ea
2702 1021 2751 1069 te
2806 1012 3011 1069 homini
3070 1012 3411 1091 manifestare
3466 1009 3580 1063 sine

1993 1103 2361 1159 erubescentia
2389 1120 2499 1158 non
2530 1118 2683 1174 posse
2724 1102 3019 1173 contingat.
3078 1103 3142 1156 In
3196 1116 3261 1154 eo
3311 1098 3455 1153 enim
3510 1098 3579 1151 de

1992 1208 2097 1267 quo
2127 1191 2395 1247 erubescis
2423 1207 2546 1245 cum
2576 1190 2781 1246 homini
2811 1190 2965 1258 dicis,
3006 1188 3318 1244 erubescere
3365 1196 3417 1242 te
3470 1200 3579 1240 non

1991 1296 2203 1358 oportet
2221 1305 2340 1344 cum
2371 1288 2486 1343 Deo
2525 1287 2659 1342 dicis
2702 1287 2827 1357 quia
2862 1301 2971 1340 non
3002 1286 3334 1355 improperat
3360 1282 3576 1351 dicenti,

1991 1376 2085 1433 sed
2113 1377 2382 1432 condonet
2408 1374 2701 1432 conﬁtenti.
2736 1376 2835 1430 Dic
2889 1390 3022 1446 ergo
3080 1373 3283 1428 homini
3330 1380 3386 1427 ut
3439 1372 3579 1427 salu-

1990 1465 2156 1529 briter
2183 1465 2252 1520 ad
2280 1472 2489 1537 tempus
2515 1463 2861 1523 confundaris
2888 1478 3068 1520 coram
3097 1477 3181 1529 eo,
3214 1468 3271 1515 ut
3299 1461 3398 1515 ista
3446 1476 3581 1515 con-

1988 1562 2131 1617 fusio
2159 1562 2388 1634 gloriam
2420 1562 2515 1616 tibi
2543 1560 2887 1631 postmodum
2912 1558 3178 1638 adducat,
3230 1566 3283 1613 et
3327 1555 3579 1611 ﬁduciam

1992 1658 2223 1722 praestet,
2258 1666 2325 1705 ne
2367 1650 2754 1721 improperium
2812 1649 3019 1712 timeas,
3078 1663 3200 1702 cum
3253 1644 3580 1700 manifestari

1990 1739 2217 1809 coeperis
2242 1754 2423 1794 coram
2449 1739 2583 1793 Deo.
2616 1738 2819 1793 Tamen
2860 1752 2928 1792 ne
2982 1735 3119 1791 forte
3175 1734 3375 1789 diceret
3432 1732 3581 1804 cogi-

1992 1836 2117 1891 tatio
2149 1843 2239 1890 tua
2269 1851 2283 1889 :
2318 1835 2374 1890 Si
2405 1842 2511 1890 tam
2536 1850 2701 1906 grave
2757 1841 2837 1888 est
2894 1830 3098 1887 homini
3152 1830 3392 1886 revelare
3446 1844 3582 1900 pec-

1991 1931 2129 1993 cata,
2163 1931 2216 1979 et
2271 1924 2315 1978 si
2371 1922 2735 1987 erubescimus
2790 1921 2864 1976 ita
2913 1935 3096 1975 coram
3152 1919 3393 1987 homine,
3451 1916 3579 1989 quid

1992 2012 2252 2067 faciemus
2299 2019 2423 2068 ante
2470 2011 2780 2078 Dominum,
2835 2008 2988 2079 cujus
3028 2007 3366 2078 majestatem
3408 2005 3582 2062 decli-

1995 2127 2124 2168 nare
2175 2126 2283 2165 non
2314 2125 2617 2181 possumus,
2660 2124 2833 2178 neque
2872 2104 3134 2177 judicium
3176 2103 3438 2176 effugere.
3501 2104 3585 2159 Ne

1997 2202 2159 2275 igitur
2183 2200 2261 2255 sic
2306 2199 2372 2253 de
2424 2198 2540 2253 Deo
2590 2195 2876 2270 cogitando
2926 2194 3264 2265 temetipsum
3311 2191 3585 2262 desperes,

1996 2289 2294 2347 ostenditur
2322 2286 2419 2342 tibi
2450 2285 2804 2341 mansuetudo
2851 2282 2954 2339 Dei
3003 2298 3133 2354 erga
3164 2280 3484 2351 pmnitentes
3537 2285 3590 2333 et

1995 2385 2335 2453 conﬁtentes,
2389 2383 2532 2454 quod
2588 2388 2809 2453 peccata
2864 2378 3049 2440 omnia
3103 2385 3154 2434 et
3211 2374 3592 2450 penitentibus

1995 2476 2291 2543 condonet,
2322 2480 2374 2527 et
2401 2470 2779 2528 conﬁtentibus
2808 2484 2917 2524 non
2952 2469 3305 2540 improperat.
3344 2464 3434 2522 Sic
3462 2479 3593 2539 ergo

1996 2562 2355 2636 accipequod
2383 2559 2583 2616 dictum
2615 2566 2712 2614 est.
2744 2558 2842 2613 Die
2871 2558 2987 2613 Deo
3026 2556 3118 2628 qui
3164 2571 3271 2611 non
3321 2554 3567 2625 imprope

1995 2669 2096 2718 rat.
2128 2659 2299 2729 Quasi
2319 2656 2518 2712 diceret
2549 2675 2561 2711 :
2596 2654 2771 2710 Etiam
2801 2654 2845 2709 si
2865 2653 3147 2723 erubescas
3192 2667 3375 2706 coram
3420 2648 3596 2704 homi-

1998 2766 2086 2814 ne,
2120 2764 2186 2803 ne
2218 2745 2501 2801 erubescas
2528 2759 2711 2800 coram
2744 2743 2879 2808 Deo,
2912 2741 3166 2812 quoniam
3189 2739 3452 2794 Dominus
3494 2736 3593 2791 mi—

1999 2838 2105 2893 tior
2130 2838 2349 2891 homine
2377 2840 2457 2889 est
2485 2839 2539 2887 et
2567 2820 2931 2898 mansuetior,
2959 2836 3012 2885 et
3052 2835 3132 2883 est
3178 2827 3386 2899 patiens
3430 2825 3591 2879 mise-

1998 2935 2090 3001 ris,
2120 2940 2180 2988 ut
2208 2947 2315 2987 non
2344 2929 2692 3001 improperet.
2722 2925 3028 2983 Secundum
3070 2926 3214 2979 hunc
3262 2922 3439 2992 itaque
3485 2937 3595 2976 mo-

2003 3023 2131 3078 dum
2161 3036 2271 3076 non
2300 3019 2396 3074 tibi
2440 3017 2632 3073 dicitur
2685 3023 2744 3071 ut
2796 3021 3017 3088 peccata
3078 3020 3167 3067 tua
3222 3009 3428 3067 homini
3484 3024 3592 3065 non

2003 3112 2172 3177 dicas,
2200 3109 2293 3163 sed
2323 3115 2381 3163 ut
2408 3106 2461 3162 in
2491 3106 2575 3161 his
2606 3104 2767 3160 etiam
2799 3120 2919 3175 quae
2974 3118 3157 3159 coram
3215 3098 3436 3157 homine
3480 3114 3594 3154 eru-

1992 3206 2265 3265 besccnda
2300 3211 2441 3273 sunt,
2499 3203 2567 3258 de
2624 3202 2722 3259 Dei
2797 3201 2993 3274 pietate
3073 3196 3311 3255 conﬁdas
3374 3197 3588 3265 (CHRY-

1993 3297 2221 3368 sosr.).

2093 3410 2338 3485 Opponis
2384 3408 2557 3469 adhuc
2617 3407 2879 3479 lacrymas
2903 3404 3025 3462 illas
3078 3403 3218 3459 Petri
3269 3418 3403 3473 quas
3452 3398 3588 3472 legis

1995 3512 2219 3581 (Matth.
2262 3526 2324 3576 ii,
2375 3510 2451 3579 6),
2511 3505 2907 3571 confessionem
2967 3519 3075 3558 non
3136 3500 3277 3573 legis
3330 3500 3583 3570 lacrymm

1992 3603 2176 3659 lavant
2194 3599 2445 3655 delictum
2470 3595 2621 3668 quod
2648 3610 2741 3665 ore
2789 3592 2965 3665 pudor
3018 3598 3098 3646 est
3146 3588 3414 3646 conﬁteri.
3473 3588 3583 3643 Has

1993 3706 2124 3763 ergo
2154 3689 2419 3760 lacrymas
2470 3682 2722 3758 opponis,
2781 3697 2891 3738 non
2944 3679 3072 3751 quia
3121 3693 3273 3734 amas
3323 3691 3584 3746 compun-

1992 3787 2245 3851 ctionem,
2262 3782 2360 3839 sed
2373 3782 2505 3852 quia
2518 3780 2663 3853 fugis
2686 3777 3079 3835 confessionem
3090 3817 3102 3830 .
3137 3774 3284 3832 Dicis
3301 3788 3436 3846 ergo
3452 3771 3582 3841 quia

1992 3876 2253 3947 lacrymas
2274 3871 2413 3927 Petri
2455 3869 2610 3941 legis,
2648 3864 3071 3923 satisfactionem
3111 3878 3222 3920 non
3258 3862 3421 3933 legis.
3474 3862 3580 3915 Au-

1989 3963 2112 4019 disti
2169 3960 2295 4032 quia
2339 3958 2566 4028 ﬂeverit,
2622 3956 2718 4012 sed
2770 3953 2902 4024 quid
2955 3951 3151 4009 dixerit
3195 3966 3304 4006 non
3359 3947 3576 4006 audisti.

1988 4062 2116 4117 Ideo
2142 4060 2397 4128 lacrymte
2426 4055 2609 4111 lavant
2625 4052 2898 4113 delictum.
2931 4048 3074 4118 quod
3130 4062 3223 4102 ore
3268 4045 3443 4115 pudor
3494 4052 3575 4099 est

1988 4146 2250 4204 conﬁteri.
2282 4144 2386 4213 Qui
2413 4157 2543 4214 ergo
2578 4160 2589 4195 :
2626 4141 2741 4197 Hoc
2758 4138 2860 4193 tibi
2883 4136 2992 4192 dici
3023 4142 3178 4206 putas
3205 4140 3263 4189 ut
3307 4133 3431 4203 quia
3476 4134 3575 4188 Pe-

1988 4245 2098 4292 trus
2125 4236 2447 4305 lacrymatus
2470 4229 2684 4301 legitur,
2713 4226 2990 4283 confessus
3007 4239 3117 4279 non
3151 4222 3346 4295 legitur
3373 4235 3387 4289 ;
3436 4228 3495 4276 tu
3529 4220 3574 4276 si

1988 4330 2317 4403 lacrymaris,
2340 4342 2449 4384 non
2486 4323 2807 4381 conﬁtearis.
2845 4321 3041 4377 Nonne
3072 4317 3241 4373 multa
3277 4316 3468 4371 melius
3495 4324 3575 4371 est

1906 4417 1962 4480 D
1994 4429 2051 4476 ut
2078 4418 2209 4474 illud
2236 4417 2415 4489 potius
2445 4414 2530 4470 hic
2556 4408 2911 4468 demonstrari
2937 4407 3225 4479 intelligas,
3257 4404 3383 4475 quia
3423 4405 3469 4460 si
3514 4404 3578 4460 il-

1990 4509 2058 4564 lic
2113 4513 2316 4562 tantum
2370 4505 2620 4574 lacrymze
2673 4499 2952 4555 valuerunt
3017 4495 3109 4550 ubi
3180 4493 3576 4549 confessionem

1985 4606 2098 4663 oris
2125 4620 2234 4661 non
2261 4603 2580 4668 habuerunt,
2612 4604 2810 4670 quanto
2858 4593 3054 4668 magis,
3086 4593 3131 4649 si
3160 4608 3300 4650 verae
3334 4591 3532 4646 fuerint
3562 4608 3575 4645 :

1992 4710 2090 4751 nec
2143 4693 2324 4749 valent
2369 4690 2461 4746 ubi
2519 4704 2642 4743 cum
2696 4685 2875 4742 cordis
2924 4682 3241 4739 contritione
3309 4686 3365 4737 et.
3416 4679 3579 4734 etiam
3662 4720 3665 4721 ν

1991 4783 2099 4838 oris
2126 4779 2519 4838 confessionem
2549 4775 2774 4831 habent.
2838 4774 2953 4841 Hoc
3007 4771 3149 4827 enim
3205 4768 3299 4823 tibi
3345 4767 3579 4822 demon-

1990 4886 2202 4945 stratur,
2233 4892 2356 4949 cum
2386 4873 2631 4931 subditur
2666 4870 2815 4940 prius
2873 4868 3133 4935 ﬂendum,
3182 4871 3370 4937 postea
3416 4862 3582 4919 conﬁ-

1995 4966 2232 5023 tendum.
2281 4965 2397 5021 Hoc
2451 4960 2719 5034 siquidem
2774 4958 2845 5013 ad
2899 4956 3178 5014 veritatem
3230 4950 3586 5010 confessionis
3672 4980 3678 4985 ο

1994 5061 2220 5125 spectat,
2265 5060 2324 5109 ut
2359 5051 2507 5125 prius
2549 5045 2952 5119 compungaris,
3008 5049 3196 5116 postea
3249 5038 3577 5097 conﬁtearis.

1995 5153 2134 5208 Nam
2160 5157 2285 5208 sunt
2312 5149 2532 5220 quidam
2564 5146 2697 5201 sicut
2750 5142 3091 5213 impudentes
3135 5140 3205 5196 ad
3258 5139 3586 5209 faciendum,

1996 5242 2074 5297 sic
2098 5237 2443 5296 inverecundi
2477 5237 2545 5291 ad
2576 5234 2883 5290 dicendum.
2916 5231 3021 5301 Qui
3065 5229 3322 5301 quoniam
3369 5230 3592 5302 turpitu-

1998 5329 2178 5385 dinem
2207 5344 2361 5383 suam
2393 5326 2450 5381 in
2478 5323 2726 5380 iaciendo
2756 5337 2864 5378 non
2893 5319 3097 5386 vident,
3128 5318 3507 5376 verecundiam
3538 5320 3593 5375 in

1998 5425 2225 5482 dicendo
2256 5440 2366 5479 non
2393 5422 2609 5478 habent.
2660 5419 2869 5488 Quibus
2914 5418 3097 5487 utique
3138 5433 3236 5487 per
3277 5419 3593 5488 prophetam

1999 5513 2241 5569 dicitur:
2284 5534 2305 5561 (ι
2344 5512 2508 5567 Frons
2530 5508 2771 5564 mulieris
2799 5506 3094 5563 meretricis
3138 5505 3282 5562 facta
3327 5512 3405 5561 δι
3449 5504 3548 5560 tibi
3580 5522 3594 5559 :

2001 5599 2271 5657 nescivisti
2302 5598 2618 5653 erubescere
2650 5596 2785 5664 (Jer.
2836 5596 2937 5665 iu).
2984 5616 3006 5641 «ι
3066 5592 3158 5652 Isti
3214 5606 3599 5661 nonnunquam

1998 5699 2120 5757 sine
2152 5697 2333 5770 aliquo
2357 5694 2788 5767 compunctionis
2829 5700 2996 5759 motu,
3052 5690 3167 5747 sine
3214 5688 3395 5758 aliquo
3445 5686 3603 5743 timo-
