4010 6074
350 195 457 248 887

1476 186 1837 245 WERNERII
1877 190 2161 248 ABBATIS
2202 191 2259 248 S.
2300 192 2519 250 BLASII

3558 198 3665 250 888

354 314 429 372 ris
455 314 543 371 vel
588 312 789 370 amoris
840 312 939 370 Dei
1000 319 1198 369 attactu
1257 328 1354 384 pro
1404 313 1521 368 sola
1573 313 1955 370 consuetudine
1982 319 2036 379 Α
2066 325 2119 372 et
2149 325 2327 373 tamen
2357 333 2467 374 non
2494 317 2573 374 sic
2600 318 2947 376 verecundari
2990 325 3047 374 ut
3102 325 3291 375 taceat.
3349 319 3468 374 Hoc
3524 318 3673 375 bene

355 404 625 475 explenda
652 402 721 458 ad
750 402 979 457 dicenda
1008 409 1253 471 peccata,
1286 417 1382 456 sua
1422 417 1481 456 se
1524 401 1777 474 ingerunt
1816 403 1961 458 aesti-

358 507 568 554 mantes
594 515 651 553 se
700 506 924 568 propter
965 499 1136 553 solam
1192 499 1480 554 verborum
1525 500 1890 569 prolationem
1932 518 1965 556 a

359 589 541 644 debito
597 594 939 659 peccatorum
987 602 1205 642 suorum
1254 587 1484 644 absolvi.
1540 586 1748 656 Quibus
1821 598 1962 646 recte

360 686 606 742 dicitur:
659 686 811 740 Prius
867 684 1126 752 ﬂendum,
1197 692 1386 756 postea
1456 685 1840 742 conﬁtendum.
1899 689 1958 743 In

361 775 699 831 confessione
730 789 962 844 namque
990 780 1333 845 peccatorum
1374 775 1650 830 hominem
1701 783 1755 831 et
1799 792 1957 831 vere-

363 871 588 927 cundari
627 877 855 945 Oportet,
896 878 953 927 ut
1003 871 1278 927 humiliter
1328 888 1449 943 quas
1501 872 1632 928 fecit
1677 881 1954 946 agnoscat,

2068 407 2219 463 novit
2244 407 2517 476 peccatrix
2547 408 2639 463 illa
2669 409 2864 463 mulier
2916 425 3037 478 quae
3089 416 3142 463 et
3195 409 3361 477 venit,
3422 414 3482 462 ut
3538 424 3670 477 peo-

2068 510 2186 558 cata
2213 520 2309 559 sua
2337 520 2396 559 se
2424 504 2753 560 abscondere
2782 506 2927 561 nolle
2974 506 3277 561 ostenderet
3309 505 3470 569 (Luc.
3515 506 3621 574 vn)
3654 522 3667 556 :

2068 600 2119 646 et
2149 600 2329 647 tamen
2357 609 2465 648 non
2495 599 2638 662 ante,
2671 593 2765 650 sed
2798 602 2939 650 retro
2969 595 3127 663 stetit,
3177 601 3237 647 ut
3280 593 3673 649 verecundiam

2068 689 2409 759 turpitudinis
2458 706 2570 744 suae
2616 706 2673 745 se
2732 690 3009 745 attendere
3059 690 3471 746 demonstraret.
3531 690 3676 744 Pro-

2067 784 2185 848 pter
2212 779 2313 833 hoc
2343 787 2484 833 recte
2513 778 2709 834 dicitur
2755 795 2767 831 :
2796 779 2948 835 Prius
2989 777 3247 847 ﬂendum,
3305 786 3497 849 postea
3551 794 3683 834 con-

2066 872 2325 929 ﬁtendum
2339 915 2354 929 .

816 1448 1436 1554 llOMlNICA
1507 1448 1632 1551 ΙΝ
1705 1449 2103 1552 MEDIA
2199 1449 3279 1577 QUADRAGESIMIE.

453 1853 474 1879 (ι
498 1829 649 1885 Abiit
666 1829 817 1885 Jesus
836 1837 979 1885 trans
998 1846 1148 1886 mare
1167 1827 1428 1897 Galilaeaa,
1454 1828 1597 1900 quod
1623 1836 1704 1885 est
1733 1828 1973 1885 Tiberia-
2000 1828 2053 1889 B
2085 1828 2428 1901 evangelicus
2454 1828 2606 1884 cibus
2652 1827 2856 1901 incipit,
2891 1829 2986 1884 sed
3024 1828 3172 1900 prius
3190 1843 3287 1899 per
3304 1825 3695 1882 remissionem

374 1919 459 1973 dis
482 1918 664 1988 (Joan.
688 1917 787 1989 γι).
817 1940 839 1967 ι»
864 1919 1099 1974 Audiens
1129 1919 1282 1975 Jesus
1328 1919 1455 1988 quia
1474 1918 1704 1973 Joannes
1740 1918 1977 1990 Baptista

376 2007 672 2063 decollatus
702 2014 861 2075 esset,
889 2008 1108 2063 secessit
1135 2024 1167 2063 a
1206 2007 1381 2077 patria
1434 2023 1532 2062 sua
1587 2006 1643 2061 in
1689 2022 1795 2077 qua
1854 2014 1977 2062 tunc

375 2094 695 2153 morabatur
724 2095 780 2149 in
811 2095 1060 2151 navicula
1088 2096 1146 2150 in
1172 2095 1351 2151 locum
1399 2094 1663 2150 desertum
1711 2110 1973 2150 seorsum.

374 2230 379 2235 ο
453 2225 476 2250 α
511 2202 729 2257 Etcum
760 2200 1033 2257 audissent
1074 2201 1245 2257 turbae
1298 2209 1496 2257 secutae
1552 2208 1676 2255 sunt
1719 2216 1843 2256 eum
1891 2218 1978 2273 pe-

377 2299 583 2354 destres
610 2298 676 2352 de
697 2297 1022 2353 civitatibus.
1055 2298 1122 2353 Et
1160 2298 1348 2353 exiens
1402 2297 1537 2354 vidit
1595 2298 1805 2353 turbam
1852 2298 1980 2353 mul-

381 2394 513 2454 tam,
544 2394 597 2440 et
624 2385 874 2441 misertus
900 2394 980 2441 est
1026 2386 1162 2457 ejus,
1214 2394 1267 2441 et
1311 2387 1518 2443 curavit
1557 2386 1845 2460 languidos
1894 2402 1983 2444 eoo

368 2490 524 2530 rrum.
561 2496 583 2522 »ι
647 2475 791 2530 Bene
847 2474 1049 2529 dictum
1103 2482 1184 2531 est
1239 2475 1479 2543 secessit,
1536 2491 1643 2531 non
1700 2474 1857 2549 fugit,
1917 2483 1977 2531 ut

380 2561 690 2619 ostendatur
735 2562 911 2635 magis
955 2579 1079 2618 eum
1135 2563 1536 2633 persecutiones
1591 2564 1758 2620 vitare
1816 2580 1978 2635 quam

384 2660 591 2715 timere.
634 2658 1011 2731 Opportunum
1044 2676 1279 2731 namque
1313 2668 1525 2733 tempus
1551 2678 1664 2717 suae
1703 2662 1979 2731 passionis

384 2756 722 2820 exspectans,
757 2755 809 2803 et
839 2748 1042 2804 vitabat
1069 2765 1135 2804 ne
1164 2748 1457 2805 homicidio
1503 2749 1571 2805 de
1608 2750 1814 2806 Joanne
1857 2751 1981 2822 jun-

381 2844 598 2910 geretur
623 2836 975 2892 homicidium
1005 2836 1075 2893 de
1100 2854 1179 2893 se.
1212 2838 1310 2893 Vel
1338 2837 1460 2893 ideo
1489 2839 1728 2905 secessit,
1748 2847 1806 2895 ut
1824 2838 1983 2895 nobis

380 2925 646 2997 praeberet
681 2925 992 2996 exemplum
1020 2925 1255 2983 vitanda:
1293 2927 1623 2994 temeritatis,
1672 2927 1810 2983 ultro
1869 2935 1981 2983 tra-

384 3022 620 3077 dendum
678 3039 755 3078 se.
813 3023 937 3080 Non
993 3025 1136 3080 enim
1192 3040 1382 3081 omnes
1435 3023 1628 3081 eadem
1683 3027 1984 3083 constantia

388 3111 804 3182 perseverantia
822 3113 1100 3167 tormentis
1118 3128 1226 3183 qua
1258 3129 1315 3168 se
1354 3113 1680 3184 torquendos
1717 3113 1972 3171 offerunt.

2084 1932 2425 1990 peccatorum
2460 1924 2770 1980 vulneribus
2799 1924 3067 1981 medicina
3109 1924 3372 1992 tribuitur,
3404 1932 3457 1979 et
3496 1933 3701 1995 postea

2084 2030 2287 2070 mensae
2315 2012 2544 2068 caelestis
2571 2013 2828 2069 alimonia
2851 2013 3189 2084 expenditur.
3227 2014 3350 2068 Non
3391 2020 3472 2068 est
3521 2012 3702 2085 igitur

2086 2118 2304 2159 necesse
2336 2109 2395 2156 ut
2450 2117 2754 2171 quaeramus
2808 2117 2959 2157 escas
3010 2101 3065 2155 in
3120 2101 3261 2157 villis
3318 2108 3371 2156 et
3427 2100 3694 2168 castellis,

2089 2200 2190 2255 hoc
2216 2205 2296 2254 est
2332 2213 2400 2253 ne
2428 2197 2739 2253 deseramus
2773 2214 2969 2269 panem
3000 2197 3145 2264 vitae,
3191 2198 3363 2269 pretio
3412 2196 3578 2251 studii
3634 2205 3700 2251 et

2086 2287 2304 2352 laboris,
2347 2294 2587 2343 ementes
2636 2287 3080 2358 philosophorum
3130 2286 3398 2341 doctrinas
3434 2286 3547 2340 suis
3600 2301 3699 2341 ra-

2089 2376 2323 2431 tionibus
2351 2375 2602 2438 munitas,
2634 2392 2860 2445 quarum
2910 2383 3064 2447 pastu
3113 2374 3466 2431 delectemur.
3523 2373 3695 2444 Quod

2087 2481 2265 2529 autem
2312 2472 2557 2544 discipuli
2601 2472 2870 2528 desertum
2910 2471 3093 2528 dicunt
3122 2488 3236 2527 esse
3256 2472 3453 2538 locum,
3486 2471 3696 2544 ﬁgurat

2086 2562 2299 2618 Judaeos
2326 2569 2721 2617 murmurantes
2747 2562 2815 2617 de
2845 2562 3193 2617 conversione
3231 2561 3491 2633 gentium.
3548 2561 3694 2615 Hinc

2088 2651 2254 2706 Isaias
2284 2650 2340 2704 in
2368 2665 2556 2705 eorum
2589 2666 2724 2706 voce
2758 2665 2771 2705 :
2806 2672 2827 2698 α
2862 2650 3001 2706 Ecce
3029 2658 3219 2722 gentes
3267 2649 3417 2720 quasi
3445 2649 3589 2704 stilla
3616 2647 3695 2702 si-

2090 2748 2214 2804 tula:
2244 2748 2375 2816 (Ira.
2407 2749 2527 2817 XL).
2563 2770 2584 2797 ιι
2621 2750 2756 2803 Item
2790 2767 2802 2803 :
2842 2771 2864 2796 α
2900 2746 3103 2803 Omnes
3140 2756 3328 2821 gentes
3377 2746 3530 2818 quasi
3577 2762 3695 2801 non

2088 2838 2213 2904 sint,
2244 2836 2321 2892 sic
2346 2844 2470 2891 sunt
2496 2852 2680 2892 coram
2711 2852 2776 2892 eo
2805 2836 3015 2907 (ibid.).

2165 2956 2187 2985 α
2212 2934 2561 3007 Responditei
2580 2935 2889 3007 Philippus:
2929 2936 3291 2991 Ducentorum
3331 2931 3686 2989 denariorum

2091 3041 2257 3096 panes
2291 3041 2399 3080 non
2429 3022 2697 3080 suﬁiciunt
2751 3024 2829 3079 eis
2886 3033 2943 3079 ut
2990 3023 3353 3094 unusquisque
3406 3022 3689 3078 modicum

2091 3113 2221 3184 quid
2241 3113 2491 3185 accipiat.
2534 3113 2598 3168 Et
2627 3113 2755 3167 dicit
2785 3112 2879 3168 eis.
2914 3111 3235 3183 Quotpanes
3252 3111 3463 3167 habetis
3482 3111 3511 3164 ε)
3549 3111 3700 3167 Dicit

388 3198 627 3255 Petendo
648 3199 811 3254 etiam
851 3199 1193 3256 solitudinem
1244 3200 1517 3256 turbarum
1562 3200 1668 3256 ﬁde
1715 3218 1785 3257 an
1830 3202 1981 3273 sequi
2011 3185 2060 3249 C
2095 3202 2143 3255 ei
2171 3218 2307 3257 unus
2332 3218 2400 3258 ex
2429 3201 2705 3271 discipulis
2737 3201 2880 3272 ejus,
2934 3202 3173 3256 Andreas
3240 3200 3404 3255 frater
3450 3198 3699 3255 Simonis

389 3295 576 3343 curent
602 3288 871 3359 explorat,
902 3294 956 3344 et
983 3289 1269 3358 probatam
1300 3289 1469 3362 digna
1516 3289 1765 3346 mercede
1808 3308 1988 3347 remu-

391 3380 560 3429 nerat.
594 3374 788 3429 Turba:
831 3381 1009 3429 autem
1046 3389 1157 3429 non
1197 3374 1480 3445 jumentis,
1539 3391 1649 3431 non
1703 3377 1984 3449 vehiculis,

397 3470 493 3525 sed
545 3470 764 3542 prOprio
818 3471 1002 3526 labore
1052 3470 1251 3542 pedum
1308 3472 1409 3528 iter
1458 3472 1651 3529 deserti
1707 3475 1986 3546 arripiunt,

396 3567 450 3615 et
475 3558 663 3614 salutis
699 3558 1024 3614 desiderium
1062 3558 1367 3618 ostendunt.
1425 3562 1627 3617 Rursus
1682 3563 1797 3633 ipse
1852 3564 1993 3621 exci-

396 3646 596 3719 piendo
626 3646 901 3719 fatigatos,
934 3647 1179 3703 docendo
1209 3648 1422 3717 inscios,
1454 3651 1695 3707 sanando
1737 3660 1989 3725 aegrotos,

394 3735 692 3791 recreando
714 3734 955 3805 jejunos,
979 3743 1237 3806 quantum
1285 3736 1354 3792 de
1398 3738 1616 3794 notione
1662 3740 1993 3796 credentium

397 3822 692 3879 delectetur
727 3821 985 3879 insinuat.
1026 3823 1197 3880 Aliter
1250 3831 1534 3896 postquam
1591 3827 1735 3897 apud
1780 3828 1995 3886 Iudaeos

399 3919 684 3992 prophetia
712 3933 905 3974 vocem
935 3919 1203 3991 perdidit,
1224 3919 1430 3975 transiit
1469 3920 1538 3976 ad
1581 3921 1851 3979 desertum
1898 3926 1997 3981 Ec-

398 4008 597 4076 clesia),
629 4023 751 4079 quae
777 4002 895 4065 viro
927 4008 1165 4064 carebat.
1210 4009 1405 4065 Turbae
1447 4009 1823 4081 relinquebant
1868 4014 1997 4072 civi-

400 4105 551 4167 tates,
583 4096 638 4151 id
666 4104 746 4151 est
788 4096 1040 4166 pristinas
1095 4097 1526 4155 conversationes
1579 4107 1632 4155 et
1677 4099 1994 4174 dogmatum

396 4185 701 4242 varietates.
733 4184 890 4254 Quod
919 4185 1049 4241 dicit
1093 4186 1281 4241 exiens
1323 4187 1591 4259 signiﬁcat
1636 4190 1779 4258 quod
1828 4191 1996 4248 turba:

399 4274 684 4330 habuerint
713 4273 1045 4330 voluntatem
1074 4274 1236 4329 eundi
1280 4274 1348 4330 ad
1397 4291 1542 4342 eum,
1596 4276 1802 4333 scilicet
1856 4279 1996 4336 vires

397 4377 506 4417 non
536 4361 856 4430 habuerunt,
888 4369 941 4416 et
956 4361 1080 4417 ideo
1110 4362 1361 4418 Salvator
1378 4363 1598 4419 obviam
1626 4366 1822 4438 pergit.

475 4498 497 4523 ιι
530 4475 976 4545 Vesperi-autem
1006 4476 1148 4532 facto
1178 4477 1494 4533 accedentes
1516 4478 1801 4535 duodecim
1831 4479 1990 4535 dixe-

2092 3297 2233 3353 Petri
2266 3316 2277 3353 :
2312 3298 2404 3352 Est
2432 3314 2567 3369 puer
2594 3315 2730 3352 unus
2766 3298 2855 3354 hic
2892 3299 2981 3369 qui
3028 3297 3193 3353 habet
3230 3297 3466 3368 quinque
3512 3313 3691 3368 panes

2095 3386 2426 3441 hordeaceos
2452 3394 2502 3440 et
2534 3386 2671 3441 duos
2703 3387 2905 3458 pisces.
2947 3386 3055 3443 Sed
3083 3388 3199 3442 hac
3239 3385 3367 3456 quid
3413 3393 3540 3440 sunt
3559 3386 3703 3440 inter

2098 3481 2272 3530 tantos
2291 3476 2320 3528 ?
2347 3474 2463 3529 Nisi
2493 3473 2627 3530 forte
2656 3491 2753 3530 nos
2772 3491 2958 3531 eamus
2983 3483 3037 3529 et
3082 3491 3325 3531 emamus
3373 3474 3426 3528 in
3472 3489 3695 3528 omnem

2098 3574 2237 3627 hanc
2268 3572 2476 3627 turbam
2507 3588 2674 3628 escas.
2707 3571 2811 3642 Qui
2842 3573 2914 3627 ait
2954 3573 3031 3629 eis
3064 3592 3076 3628 :
3132 3571 3328 3628 Aﬁ‘erte
3384 3571 3507 3627 illos
3560 3570 3700 3627 mihi

2097 3662 2221 3717 huc.
2246 3662 2317 3716 Et
2342 3661 2598 3732 praecepit
2624 3660 2729 3715 illis
2762 3668 2822 3716 ut
2859 3660 3175 3717 accumbere
3221 3660 3459 3715 facerent
3504 3676 3700 3715 omnes

2098 3749 2391 3804 secundum
2421 3748 2777 3804 contubernia
2806 3766 2966 3821 supra
2987 3749 3156 3804 viride
3206 3748 3417 3803 fenum.
3477 3748 3547 3802 Et
3592 3747 3702 3803 dis-

2101 3848 2399 3904 cubuerunt
2428 3847 2483 3901 in
2508 3854 2689 3916 partes
2717 3864 2814 3918 per
2841 3854 3095 3903 centenos
3123 3854 3178 3902 et
3220 3863 3316 3917 per
3361 3845 3701 3918 quinquage-

2102 3953 2218 3994 nos.
2256 3959 2277 3985 υ
2315 3936 2611 4005 Quaesierat
2638 3936 2901 3991 Dominus
2928 3951 2961 3990 a
2999 3935 3246 4007 Philippo
3290 3942 3501 3990 tentans
3548 3951 3701 4002 eum,

2103 4024 2247 4096 quod
2275 4026 2509 4080 Joannes
2534 4031 2943 4091 commemorat,
2997 4023 3140 4079 unde
3189 4039 3312 4079 esca
3351 4023 3470 4078 dari
3515 4033 3703 4092 posset

2103 4126 2272 4182 turbae
2291 4126 2320 4179 ‘I
2340 4124 2553 4180 Etenim
2576 4125 2702 4195 quia
2730 4122 3033 4196 ignorantia
3062 4122 3249 4193 populi
3278 4129 3389 4177 erat
3432 4120 3489 4175 in
3539 4122 3693 4194 lege;

2103 4214 2343 4285 quandiu
2372 4214 2515 4268 enim
2546 4213 2742 4285 legitur
2769 4214 3014 4289 Moyses:
3041 4211 3299 4266 Velamen
3339 4210 3575 4283 positum
3623 4218 3704 4265 est

2102 4319 2264 4373 super
2290 4302 2453 4358 corda
2482 4317 2685 4367 eorum,
2721 4307 3005 4371 propterea
3053 4299 3275 4354 tentatio
3330 4298 3423 4353 illa
3477 4297 3702 4353 Domini

2102 4390 2464 4462 ignorantiam
2494 4389 2739 4461 discipuli
2770 4386 3192 4443 demonstrabat.
3244 4386 3446 4441 Eadem
3496 4387 3700 4456 quippe

2104 4478 2445 4550 simplicitate
2503 4494 2609 4547 qua
2663 4477 2957 4547 Philippus,
3021 4474 3256 4545 loquitur
3308 4482 3359 4529 et
3423 4475 3690 4532 Andreas.

395 4563 605 4619 runtilli
631 4541 655 4618 ἶ
662 4563 879 4618 Dimitte
898 4564 1102 4633 turbas,
1122 4572 1381 4621 uteuntes
1402 4566 1456 4620 in
1469 4567 1685 4622 castella
1706 4568 1988 4639 villasque,
2023 4541 2078 4604 ι)
2107 4541 2229 4623 δρᾶ.
2264 4541 2537 4622 Dominus
2573 4541 2821 4620 ostendit
2842 4541 3122 4634 gratuitas
3175 4561 3410 4617 credenti
3495 4564 3701 4634 pepulo

394 4669 514 4724 quae
535 4653 676 4708 circa
694 4660 818 4708 sunt
850 4652 1135 4721 divertant,
1166 4661 1219 4708 et
1254 4654 1530 4709 inveniant
1549 4671 1716 4723 escas,
1751 4658 1877 4727 quia
1906 4659 1994 4714 hic

392 4742 449 4796 in
476 4741 687 4797 deserto
717 4742 838 4798 loco
867 4757 1072 4797 sumus.
1104 4742 1258 4796 Iesus
1289 4751 1467 4798 autem
1497 4743 1635 4798 dixit
1684 4744 1826 4800 illis:
1866 4745 1992 4801 Non

388 4840 588 4895 habent
617 4855 834 4895 necesse
865 4838 962 4906 ire,
997 4838 1120 4894 date
1150 4838 1255 4893 illis
1285 4856 1384 4895 vos
1414 4839 1759 4897 manducare.
1798 4864 1819 4890 »
1868 4842 1987 4898 Pro-

387 4935 546 4984 vorat
573 4929 849 5001 apostolos
878 4928 946 4984 ad
976 4927 1298 4984 fractionem
1331 4945 1554 5001 panum,
1616 4937 1693 4995 ut,
1752 4930 1858 4984 illis
1914 4938 1989 4986 te-

383 5016 647 5072 stantibus
692 5033 753 5072 se
792 5033 902 5073 non
938 5017 1160 5083 habere,
1209 5017 1527 5089 magnitudo
1569 5016 1712 5089 signi
1768 5018 1987 5075 notitior

382 5103 494 5170 ﬁat,
535 5106 694 5161 simul
732 5106 1028 5175 insinuans,
1079 5106 1205 5176 quia
1248 5105 1486 5176 quotidie
1521 5121 1620 5177 per
1663 5121 1757 5162 eos
1798 5123 1983 5162 sumus

376 5202 654 5272 pascendi.
686 5203 829 5271 Quid
858 5205 1003 5259 enim
1061 5211 1229 5276 agunt
1285 5204 1469 5258 Petrus
1526 5211 1580 5259 et
1638 5203 1829 5259 Paulus
1885 5221 1982 5276 per

378 5289 652 5361 epistolas,
684 5290 784 5345 nisi
815 5298 872 5345 ut
920 5299 1126 5347 mentes
1174 5300 1382 5348 nostras
1422 5292 1691 5347 alimentis
1741 5291 1977 5347 cmlesti-

375 5378 478 5433 bus
522 5381 791 5448 pascant?
825 5380 886 5433 In
919 5395 1140 5450 vespere
1180 5379 1364 5435 turbas
1400 5379 1582 5449 reﬁcit,
1632 5380 1758 5450 quia
1787 5380 1842 5433 in
1869 5378 1977 5437 ﬁne

369 5467 553 5521 saeculi
578 5466 975 5537 propinquitate
1004 5482 1125 5520 cum
1154 5468 1234 5521 sol
1258 5467 1480 5536 justiti-ce
1538 5484 1633 5539 pro
1682 5468 1839 5523 nobis
1883 5484 1973 5524 oc-

370 5553 570 5622 cubuit,
596 5570 628 5609 a
656 5553 863 5608 diutina
893 5553 1185 5623 spiritualis
1216 5554 1408 5611 inedia:
1436 5557 1582 5611 fame
1611 5570 1794 5612 sumus
1836 5556 1971 5612 libe—

336 5652 487 5709 rati.
518 5648 660 5709 Nota
698 5649 942 5707 ordinem
998 5650 1253 5721 mysterii.
1316 5651 1441 5707 Post
1495 5652 1765 5709 defectum
1826 5654 1963 5728 legis

2101 4672 2158 4710 se
2188 4654 2373 4726 largiri
2402 4670 2550 4708 escas
2577 4654 2767 4708 eadem
2795 4653 3035 4724 benigna
3071 4658 3335 4721 potestate
3383 4667 3490 4720 qua
3529 4653 3703 4724 gratis

2098 4742 2416 4798 redimendo
2441 4750 2612 4797 sanat.
2650 4742 2788 4797 Puer
2826 4742 3002 4796 ferens
3060 4756 3227 4811 panes
3276 4755 3402 4794 cum
3458 4740 3701 4811 piscibus

2096 4848 2233 4887 unus
2260 4832 2327 4886 de
2356 4830 2633 4903 discipulis
2660 4830 2777 4897 fuit,
2810 4830 2896 4887 vel
2941 4829 3079 4885 forte
3136 4828 3329 4898 aliquis
3377 4827 3445 4883 de
3505 4829 3691 4884 turba.

2096 4926 2252 4996 Quod
2308 4933 2487 4981 autem
2541 4924 2824 4996 Philippus
2879 4923 2965 4979 vel
3030 4922 3273 4978 Andreas
3348 4921 3700 4994 singulariter

2090 5024 2283 5080 dicitur
2310 5024 2453 5094 apud
2482 5023 2765 5088 Joannem,
2825 5022 2928 5076 hoc
2983 5019 3073 5075 alii
3129 5018 3480 5091 evangelista;
3534 5018 3696 5074 disci-

2090 5113 2247 5184 pulos
2276 5112 2550 5183 pluraliter
2578 5109 2776 5165 dixisse
2804 5109 3060 5175 referunt,
3106 5107 3470 5179 intelligentes
3518 5124 3691 5162 unum

2088 5217 2199 5272 prae
2230 5200 2436 5255 caeteris
2464 5199 2610 5269 quui
2640 5199 2726 5255 vel
2777 5206 3036 5269 ponentes
3086 5196 3351 5267 pluralem
3398 5212 3688 5251 numerum

2086 5305 2182 5361 pro
2210 5288 2488 5361 singulari.
2525 5286 2885 5343 Contubernia
2929 5284 3168 5356 intellige
3225 5284 3465 5340 diversas
3519 5285 3690 5340 homi°
3740 5293 3745 5296 '

2082 5403 2210 5441 num
2240 5384 2539 5453 societates,
2575 5384 2666 5454 qui
2695 5382 2763 5439 de
2791 5383 3017 5439 diversis
3047 5382 3188 5436 villis
3207 5389 3484 5445 venerant,
3524 5380 3684 5449 juxta

2079 5474 2223 5544 quod
2253 5474 2449 5527 milites
2499 5473 2554 5525 in
2599 5472 2791 5527 eodem
2841 5470 3185 5526 tabernaculo
3232 5469 3546 5525 societatem
3596 5471 3683 5524 ha-

2077 5564 2267 5619 bentes
2292 5560 2397 5616 dici
2418 5561 2595 5617 solent
2620 5559 3058 5616 contubernales.
3089 5556 3338 5628 Quinque
3359 5573 3532 5629 panes
3553 5566 3681 5613 sunt

2074 5651 2311 5727 quinque
2340 5649 2468 5710 libri
2487 5649 2674 5725 Moysi,
2699 5649 2824 5723 quia
2842 5647 2896 5704 in
2935 5646 3127 5721 opibus
3164 5647 3299 5719 legis
3329 5653 3585 5716 tanquam
3608 5662 3676 5702 ex
