4062 6074
317 218 416 273 889

1239 217 1818 277 DEFLORATIONES
1856 220 1961 277 ss.
2009 194 2308 279 PATRUM.
2338 194 2411 264 έ-
2444 223 2573 279 LIB.
2614 227 2659 280 ι.

3510 188 3613 275 eeo
3631 189 3645 231 ῖ

313 355 456 410 pane
485 349 598 396 erat
635 340 768 395 vita.
828 341 929 396 Per
970 338 1148 421 legem
1179 342 1322 397 enim
1373 342 1573 398 divinae
1600 318 1911 398 aeternitatis
1937 343 1990 407 Α
2015 343 2325 400 doctoribus
2370 347 2591 418 mystice
2645 346 2893 404 ﬁdelibus
2949 354 3305 421 exponuntur.
3340 346 3440 401 Per
3476 342 3611 400 duos

317 429 577 501 cegnitio,
626 429 813 484 mundi
859 430 1078 499 creatio,
1128 447 1312 485 cursus
1357 431 1586 486 labentis
1625 432 1828 499 saeculi,
1861 440 1914 487 et

318 533 448 573 vera
476 517 591 573 Deo
621 518 885 573 serviendi
928 518 1121 590 religio
1172 521 1408 574 humano
1437 521 1625 593 generi
1658 520 1906 575 innotuit.

318 612 373 668 in
412 614 628 669 duobus
682 613 920 685 piscibus
962 614 1333 686 intelliguntur
1368 616 1561 687 psalmi
1591 623 1643 671 et
1671 617 1910 687 prophe-

316 709 405 765 tiae
434 718 792 781 temperantes
818 720 1086 768 austerum
1116 729 1365 783 saporem
1397 714 1550 787 legis,
1584 715 1709 785 quia
1737 714 1916 769 erudi-

315 813 427 863 tum
456 809 512 863 in
541 809 663 882 lege
691 809 790 865 Dei
820 811 1080 882 populum
1112 811 1184 865 dn
1212 811 1571 881 promissione
1611 810 1910 868 Dominicae

312 896 696 953 incarnationis
768 914 924 955 novae
989 900 1180 973 gratim
1235 900 1517 956 dulcedine
1587 899 1905 972 pascebant,

314 984 467 1056 quasi
516 986 571 1040 in
617 986 812 1043 virtute
864 1003 1020 1059 aqum
1076 1005 1230 1060 spem
1277 989 1629 1045 confoventes
1658 990 1908 1044 humanae

312 1072 459 1129 vitae.
508 1073 647 1129 Hinc
701 1082 782 1131 est
825 1076 971 1147 quod
1015 1077 1280 1133 Dominus
1309 1084 1430 1149 post
1464 1078 1906 1134 resurrectionem

308 1160 418 1217 ait:
456 1185 478 1211 α
514 1162 811 1234 Oportebat
838 1164 1051 1235 impleri
1083 1167 1269 1221 omnia
1311 1182 1432 1237 quae
1476 1166 1676 1237 scripta
1704 1172 1827 1221 sunt
1850 1166 1907 1220 in

308 1248 432 1322 lege
461 1250 752 1323 Moysi,'et
802 1253 1078 1325 prophetis
1132 1263 1185 1310 et
1235 1254 1456 1326 psalmis
1504 1254 1573 1310 de
1619 1271 1706 1310 me
1743 1255 1901 1325 (Luc.

312 1339 489 1409 xxiv).
526 1362 549 1388 ιι
582 1340 682 1397 Hic
709 1357 922 1416 quoque
969 1342 1289 1414 praecipiens
1314 1343 1418 1398 sibi
1455 1342 1631 1399 aﬁ‘erri
1660 1359 1827 1414 panes
1853 1351 1908 1399 et

310 1427 502 1499 pisces,
582 1429 802 1500 mystice
857 1431 1114 1503 praecepit
1178 1431 1505 1488 intellectum
1580 1432 1903 1488 Testamenti

313 1516 518 1572 Veteris
546 1516 616 1572 ad
642 1534 699 1572 se
727 1517 934 1574 referri.
965 1521 1109 1575 Bene
1141 1527 1322 1576 autem
1352 1537 1448 1592 per
1474 1519 1729 1591 aquatilia
1753 1519 1902 1593 ﬁgu-

308 1620 496 1667 rantur
516 1615 897 1685 prophetantes
943 1615 1009 1671 de
1047 1624 1229 1673 nostro
1278 1633 1420 1685 aevo,
1452 1616 1508 1671 in
1536 1632 1642 1687 quo
1671 1617 1902 1689 populus

307 1699 548 1756 ﬁdelium
578 1702 693 1758 sine
744 1703 898 1774 aquis
943 1703 1200 1775 baptismi
1244 1705 1427 1762 vivere
1465 1705 1765 1762 nullatenus
1794 1721 1899 1777 po-
1927 1693 1980 1753 Β

311 1795 428 1844 test.
481 1790 651 1847 Panes
697 1807 824 1848 vero
880 1794 1165 1850 hordeacei
1222 1794 1454 1862 fuerunt,
1506 1793 1596 1865 qui
1641 1794 1793 1851 cibus
1822 1802 1902 1850 est

305 1890 643 1960 rusticorum,
700 1892 790 1963 qui
845 1894 1069 1949 rudibus
1143 1895 1475 1951 auditoribus
1530 1895 1680 1967 quasi
1736 1888 1896 1968 gres;

306 1978 451 2034 siora
497 1981 882 2037 committenda
927 1991 1049 2037 sunt
1094 1991 1384 2056 praecepta.
1455 1985 1715 2040 Animalis
1752 1984 1896 2039 enim

299 2076 467 2132 homo
498 2093 602 2133 non
633 2080 861 2150 percipit
888 2096 954 2136 ea
983 2097 1104 2151 quae
1148 2089 1272 2136 sunt
1315 2082 1530 2151 spiritus
1576 2082 1694 2137 Dei.
1744 2082 1895 2139 Unde

310 2164 574 2221 Dominus
628 2168 914 2239 unicuique
968 2186 1066 2241 pro
1107 2170 1320 2241 juribus
1373 2171 1515 2225 dona
1563 2171 1801 2226 tribuens
1844 2179 1898 2227 et

301 2268 518 2323 semper
562 2256 630 2311 ad
684 2257 1007 2326 perfectiora
1064 2274 1383 2330 provocans,
1440 2260 1617 2329 primo
1659 2259 1893 2330 quinque

300 2342 535 2410 panibus
545 2344 779 2415 quinque
799 2346 968 2402 millia
986 2345 1173 2413 reﬁcit,
1189 2347 1424 2403 secundo
1443 2357 1650 2420 septem
1665 2348 1895 2420 panibus

300 2451 529 2513 quatuor
555 2446 724 2502 millia
755 2448 1056 2517 hominum,
1090 2449 1243 2505 tertio
1264 2449 1537 2522 discipulis
1572 2466 1681 2506 suae
1718 2451 1893 2507 carnis

301 2549 355 2594 et
396 2544 675 2614 sanguinis
720 2545 1029 2615 mysterium
1086 2546 1273 2611 credit,
1305 2546 1373 2600 ad
1414 2547 1662 2602 ultimum
1707 2547 1799 2603 dat
1835 2557 1893 2603 ut

300 2628 463 2684 edant
490 2638 544 2685 et
568 2630 756 2686 bibant
800 2650 961 2704 super
1016 2650 1259 2689 mensam
1307 2651 1459 2689 suam
1490 2635 1545 2689 in
1571 2651 1740 2707 regno
1770 2654 1886 2694 suo.

301 2716 398 2773 Vel
426 2718 500 2773 ita
532 2738 544 2774 :
577 2720 874 2777 Hordeacei
922 2730 1077 2778 erant
1115 2738 1304 2792 panes,
1337 2722 1461 2793 quia
1490 2724 1559 2777 ad
1590 2726 1753 2780 Vetus
1781 2727 1891 2782 Te-

296 2812 621 2863 stamentum
671 2809 1031 2877 pertinebant,
1066 2818 1120 2866 et
1146 2812 1283 2866 sicut
1336 2812 1425 2866 vix
1470 2814 1778 2883 pervenitur
1822 2816 1890 2871 ad

296 2893 590 2951 medullam
646 2897 854 2966 hordei,
900 2898 975 2953 ita
1013 2900 1174 2954 Vetus
1227 2900 1626 2956 Testamentum
1673 2903 1893 2960 vestitur

294 2978 532 3054 tegmine
569 2986 883 3054 carnalium,
931 2987 1028 3041 sed
1068 2987 1289 3055 sauciat,
1321 3004 1443 3043 cum
1474 2989 1616 3043 intus
1645 2993 1890 3061 perveni-

295 3076 403 3124 tur.
460 3071 580 3128 Duo
628 3081 806 3128 autem
862 3075 1039 3144 pisces
1086 3076 1176 3145 qui
1220 3092 1469 3148 saporem
1511 3077 1714 3133 dabant
1763 3080 1888 3151 pani

290 3174 535 3228 suavem,
568 3169 689 3217 sunt
717 3162 841 3219 duae
891 3180 1138 3233 personae
1193 3166 1485 3221 sacerdotis
1512 3175 1565 3222 et
1592 3168 1737 3242 regis
1774 3169 1890 3240 qui-

288 3245 392 3319 bus
436 3266 668 3337 populus
722 3268 887 3324 Israel
935 3268 1244 3341 regebatur,
1279 3276 1337 3325 ut
1385 3287 1481 3341 per
1509 3288 1600 3328 eas
1628 3274 1887 3330 consilio-

291 3367 412 3407 rum
470 3354 821 3412 moderamen
890 3357 1182 3429 acciperet.
1250 3357 1457 3428 Quibus
1525 3361 1663 3416 inter
1709 3363 1889 3419 turbas

291 3439 595 3498 ﬂuctuantis
653 3446 856 3512 saculi,
930 3462 1080 3502 more
1134 3447 1361 3518 piscium
1419 3449 1717 3519 quassatis,
1788 3469 1889 3508 nec

290 3538 681 3610 deﬁcientibus,
740 3543 1076 3617 figurabatur
1146 3548 1384 3603 Christus
1438 3565 1595 3604 verus
1639 3551 1889 3607 sacerdos

290 3634 343 3682 et
370 3636 568 3686 rector.
611 3632 748 3687 Puer
779 3641 1005 3704 portans
1034 3643 1113 3690 est
1142 3636 1374 3708 populus
1420 3636 1531 3705 ille,
1582 3639 1802 3707 puerilis
1832 3641 1887 3713 in

288 3732 469 3788 sensu,
502 3735 604 3775 nec
650 3722 1003 3789 manducans,
1062 3724 1153 3794 qui
1182 3724 1334 3794 quasi
1382 3740 1517 3780 onus
1543 3726 1724 3782 clausa
1754 3744 1881 3800 por-

291 3813 455 3879 tabat,
490 3832 588 3872 nec
634 3818 769 3874 alios
823 3836 1069 3890 pascens.
1118 3824 1253 3877 Item
1313 3838 1410 3892 per
1455 3821 1689 3893 quinque
1720 3842 1887 3897 panes

290 3901 565 3974 Scriptura
620 3914 674 3961 et
717 3909 969 3980 exempla
1022 3910 1256 3979 Patrum,
1290 3909 1345 3963 in
1377 3909 1610 3980 quinque
1639 3914 1885 3970 aetatibus

286 3990 620 4064 degentium,
687 3995 1076 4069 intelliguntur,
1148 3999 1343 4069 quibus
1407 4003 1646 4073 quotidie
1699 4002 1885 4059 ﬁdeles

285 4085 498 4143 abunde
551 4090 878 4146 reﬁciuntur.
928 4096 989 4148 In
1039 4095 1214 4171 prima
1279 4105 1435 4153 aetate
1464 4100 1675 4154 ‘Enoch
1742 4116 1881 4171 pane

281 4175 463 4246 scripti
496 4193 593 4233 nos
619 4178 813 4245 reficit,
841 4181 969 4235 dum
1002 4168 1293 4239 Dominum
1332 4203 1453 4241 cum
1485 4188 1723 4243 millibus
1742 4168 1880 4243 san-

280 4267 485 4317 ctorum
522 4265 590 4320 ad
615 4266 879 4336 judicium
910 4277 1193 4325 venturum
1223 4273 1431 4329 scribit.
1467 4275 1610 4330 Pane
1640 4276 1877 4348 exempli

1919 3039 1969 3103 C

2022 450 2234 504 quoque
2264 434 2436 507 pisces
2453 437 2573 492 dua;
2589 453 2851 508 personae,
2874 438 3016 509 regis
3034 437 3282 493 videlicet
3297 442 3349 489 et
3366 431 3614 489 sacerdo-
3633 458 3637 463 -

2019 522 2088 577 tis
2116 523 2483 595 designantur,
2515 543 2636 595 quae
2655 528 2784 582 solae
2813 527 2868 580 in
2900 526 3073 581 Veteri
3116 526 3456 579 Testamento
3488 521 3610 577 oleo

1993 629 2199 679 .sancto
2230 621 2593 694 ungebantur.
2659 624 2898 679 Christus
2954 631 3133 679 autem
3190 620 3376 676 ﬁdeles
3406 619 3463 673 in
3489 619 3605 674 salo

2018 711 2199 766 saeculi
2256 718 2312 764 ut
2365 711 2540 780 pisces
2594 712 2817 766 latentes
2872 729 2969 784 per
3011 712 3302 782 piscatores
3340 707 3630 783 apostolos

2018 805 2130 855 rete
2165 797 2290 854 ﬁdei
2319 798 2478 870 cepit,
2511 808 2563 854 et
2608 808 2826 857 cunctos
2853 801 2973 857 oleo
3025 798 3324 856 chrismatis
3362 797 3419 850 in
3453 807 3639 866 reges

2018 895 2143 951 etin
2182 895 2486 952 sacerdotes
2522 913 2723 969 ungere
2764 899 2908 953 fecit.
2939 899 3041 954 Per
3068 898 3248 952 albam
3292 908 3525 964 namque
3552 891 3607 946 in

2015 984 2339 1054 baptismate
2366 992 2663 1057 acceptam,
2691 986 3076 1056 sacerdotium;
3120 1001 3217 1056 per
3235 983 3450 1038 mitram
3472 995 3604 1037 vero

2015 1073 2178 1145 capiti
2206 1073 2514 1146 impositam
2556 1071 2869 1148 designatur
2911 1074 3161 1131 diadema
3206 1072 3442 1144 regium.
3501 1068 3607 1125 Se-

2016 1175 2195 1242 quitur
2227 1191 2240 1227 :

2092 1282 2114 1309 u
2140 1258 2250 1316 Sed
2269 1262 2386 1317 haec
2416 1261 2544 1332 quid
2564 1261 2704 1317 inter
2732 1268 2906 1317 tantos
2924 1261 2954 1314 ‘?
2978 1282 2999 1309 υ
3034 1261 3110 1316 Ac
3138 1258 3182 1313 si
3210 1256 3446 1313 dicatur:
3478 1255 3605 1310 Per-

2013 1349 2196 1404 multis
2249 1349 2507 1407 alimenta
2579 1349 2824 1423 petituris
2880 1364 3043 1422 supra
3106 1363 3324 1403 omnem
3386 1359 3603 1400 sensum

2012 1446 2272 1518 corporis,
2304 1463 2628 1518 omnemque
2684 1448 2936 1515 litteram,
2987 1444 3115 1517 quid
3167 1441 3387 1514 prodest
3429 1439 3605 1495 littera

2012 1537 2212 1593 vetus?
2241 1534 2381 1605 Quia
2409 1537 2694 1593 carnaliter
2737 1536 3020 1608 sepiebant
3063 1540 3117 1589 et
3172 1532 3227 1586 in
3273 1547 3367 1602 spe
3398 1526 3600 1584 carnali

2011 1625 2377 1694 quiescebant,
2457 1625 2650 1695 quibus
2712 1625 2801 1681 lex
2884 1620 3201 1695 temporalia
3264 1617 3600 1691 promiserat,
3644 1616 3645 1619 “

2010 1721 2319 1794 praecipitur
2345 1738 2508 1793 super
2532 1721 2705 1777 viride
2723 1722 2907 1777 fenum
2936 1721 3113 1791 jacere
3147 1738 3159 1774 :
3199 1740 3220 1767 α
3245 1715 3436 1773 Omnis
3456 1713 3601 1769 enim

2009 1825 2134 1866 caro
2164 1810 2368 1879 fenum,
2401 1817 2455 1865 et
2479 1810 2693 1866 claritas
2736 1809 2971 1866 hominis
3024 1809 3160 1865 sicut
3186 1806 3285 1862 ﬂos
3312 1804 3423 1860 feni
3452 1804 3590 1874 (Ιεα.

2007 1898 2125 1965 xL).
2162 1922 2184 1947 ιι
2204 1899 2519 1967 Discumbit
2545 1915 2676 1971 ergo
2706 1916 2868 1971 super
2894 1899 3078 1954 fenum
3101 1896 3191 1967 qui
3211 1908 3429 1950 carnem
3445 1907 3597 1946 suam

2005 1995 2193 2060 calcat,
2245 2002 2299 2049 et
2352 1993 2512 2049 ﬂores
2556 1994 2697 2049 illius
2749 1994 2901 2064 quasi
2957 2008 3113 2049 arens
3144 1990 3325 2045 fenum
3372 1985 3599 2044 conterit

2004 2083 2186 2140 seculi
2214 2083 2515 2153 voluptates
2542 2083 2644 2138 sibi
2693 2082 3000 2153 subjiciens.
3053 2079 3262 2136 Diversi
3307 2075 3601 2131 discubitus

2003 2172 2404 2228 convivantium
2435 2172 2676 2227 diversos
2732 2170 3036 2245 signiﬁcant
3089 2175 3384 2225 conventus
3410 2163 3596 2220 Eccle-

2001 2261 2223 2317 siarum.
2253 2260 2634 2335 Quinquageni
2663 2268 2841 2317 autem
2875 2258 3237 2324 discumbunt,
3270 2255 3395 2326 quia
3422 2253 3597 2309 adhuc

2002 2358 2057 2412 in
2086 2359 2400 2430 poenitentia
2438 2359 2595 2431 positi
2624 2359 2865 2415 auditum
2892 2356 3044 2415 verbi
3088 2354 3408 2428 percipiunt.
3455 2353 3595 2408 Nam

1999 2448 2492 2521 quinquagenarius
2547 2465 2803 2504 numerus
2861 2446 3190 2519 poenitentiae
3235 2452 3290 2499 et
3316 2440 3595 2499 remissio-

2000 2535 2084 2590 nis
2112 2543 2208 2591 est.
2265 2536 2489 2592 Centeni
2542 2552 2669 2592 vero
2726 2535 3084 2600 discumbunt,
3132 2533 3259 2603 quia
3300 2547 3398 2603 per
3426 2526 3599 2601 poeni-

2001 2632 2218 2687 tentiam
2239 2632 2686 2705 quinquagenarii
2742 2632 2810 2687 ad
2856 2631 3154 2703 perfectum
3182 2627 3459 2684 centesimi
3488 2643 3593 2680 nu-

1998 2720 2132 2775 meri
2162 2721 2377 2776 culmen
2423 2720 2791 2789 ascendentes,
2822 2720 2877 2774 in
2906 2720 3022 2775 solo
3062 2718 3179 2789 jam
3224 2717 3347 2775 vitae
3377 2722 3593 2770 aeterna:

1997 2808 2262 2864 desiderio
2291 2809 2577 2880 suspirant.

2075 2929 2097 2955 α
2130 2908 2380 2979 Acceptis
2407 2915 2584 2963 autem
2616 2906 2850 2977 quinque
2899 2905 3128 2978 panibus
3157 2911 3210 2958 et
3237 2901 3447 2958 duobus
3473 2900 3591 2971 pis-

1999 2995 2150 3050 cibus
2195 2996 2430 3067 respexit
2487 2997 2542 3050 in
2580 2997 2796 3061 caalum,
2832 3001 2883 3050 et
2936 2992 3215 3049 benedixit
3242 2992 3365 3060 illis,
3409 2990 3588 3063 fregit,

2000 3092 2053 3139 et
2106 3084 2376 3139 distribuit
2432 3084 2745 3155 discipulis;
2796 3083 3044 3154 discipuli
3088 3089 3265 3137 autem
3308 3078 3493 3134 turbis.
3527 3079 3594 3132 Et
3648 3080 3651 3081 ⁷

1998 3172 2457 3228 manducaverunt
2513 3188 2703 3227 omnes
2763 3179 2817 3227 et
2869 3170 3086 3226 saturati
3139 3176 3280 3224 sunt.
3336 3167 3593 3223 Tulerunt

1994 3260 2248 3330 reliquias
2277 3260 2560 3317 duodecim
2610 3260 2871 3332 cophinos
2902 3260 3326 3331 fragmentorum
3366 3256 3578 3327 plenos.

1995 3349 2429 3404 Manducantium
2488 3355 2668 3404 autem
2724 3348 2826 3404 fuit
2870 3364 3125 3403 numerus
3168 3344 3318 3416 quasi
3351 3344 3586 3415 quinque

1994 3437 2163 3492 millia
2187 3437 2444 3503 virorum,
2478 3437 2718 3506 exceptis
2754 3436 3068 3492 mulieribus
3095 3442 3149 3491 et
3178 3433 3433 3506 parvulis.
3469 3453 3490 3480 »
3527 3433 3587 3486 In

1994 3535 2188 3591 caelum
2233 3535 2497 3591 Dominus
2550 3535 2817 3607 respexit,
2873 3536 3137 3590 honorem
3193 3532 3363 3587 Patris
3404 3547 3436 3586 a
3482 3546 3588 3600 quo

1994 3623 2108 3694 ipse
2156 3632 2269 3679 erat
2316 3622 2610 3693 confessus,
2671 3631 2729 3678 ut
2765 3623 2855 3694 qui
2885 3623 3133 3679 adessent
3169 3620 3530 3694 intelligerent
3557 3635 3589 3674 a
3650 3688 3658 3696 .

1994 3737 2100 3791 quo
2133 3728 2290 3776 tantae
2320 3720 2527 3775 virtutis
2572 3721 2865 3793 accepisset
2910 3720 3177 3788 eﬂ'ectum,
3216 3718 3508 3791 dirigentes
3537 3724 3590 3772 et

1993 3809 2095 3880 ipsi
2134 3809 2262 3865 illuc
2286 3810 2469 3866 oculos
2498 3810 2718 3865 mentis.
2788 3810 2845 3865 Si
2895 3826 3063 3881 panes
3089 3825 3197 3863 non
3229 3809 3582 3879 fragorentur,

1993 3914 2100 3953 non
2129 3898 2331 3954 alerent
2361 3905 2559 3954 tantam
2594 3898 2827 3954 turbam.
2862 3899 2951 3955 Sic
2980 3906 3029 3953 et
3058 3898 3171 3965 lex,
3220 3897 3266 3951 si
3314 3911 3421 3950 non
3451 3910 3585 3965 ape-

1992 3988 2200 4055 riretur,
2247 4004 2356 4044 non
2406 3996 2650 4059 pasceret
2702 3988 2917 4055 multos,
2967 4003 3102 4057 quos
3155 3992 3340 4057 aperta
3392 3982 3582 4053 pascit.

1992 4075 2362 4146 Unusquisque
2414 4077 2779 4147 apostolorum
2832 4076 2900 4130 de
2955 4074 3195 4144 reliquiis
3251 4072 3439 4142 implet
3484 4085 3584 4125 co-

1988 4164 2213 4235 phinum
2242 4180 2419 4233 suum,
2463 4172 2521 4218 ut
2567 4165 2651 4219 vel
2707 4164 2904 4219 habeat
2949 4162 3092 4217 unde
3118 4169 3306 4232 postea
3334 4159 3585 4233 gentibus

1987 4252 2138 4307 cibos
2164 4253 2423 4321 praebeat,
2475 4252 2562 4308 vel
2609 4269 2675 4307 ex
2734 4252 2974 4322 reliquiis
3029 4266 3184 4307 veros
3227 4250 3389 4305 fuisse
3421 4264 3586 4321 panes

282 4365 382 4404 nos
412 4352 568 4408 satiat
597 4354 726 4410 dum
756 4373 879 4411 eum
932 4359 1005 4413 ob
1051 4358 1314 4428 justitiam
1353 4364 1470 4419 Deo
1511 4347 1878 4435 placuissc,et

1997 4349 2199 4405 doceat.
2233 4349 2482 4420 Quinque
2513 4350 2682 4406 millia
2717 4351 2976 4419 virorum,
3008 4350 3061 4405 id
3092 4357 3171 4405 est
3196 4347 3579 4419 perfectorum-

282 4445 338 4500 in
368 4450 676 4519 paradisum
724 4462 936 4524 raptum
994 4456 1158 4512 fuisse
1215 4458 1491 4531 Scriptura
1538 4477 1877 4518 commemo-

278 4541 382 4590 rat.
434 4538 498 4590 In
554 4542 790 4597 secunda
845 4550 1001 4598 aetate
1055 4544 1209 4615 panis
1255 4547 1414 4602 nobis
1460 4565 1557 4619 per
1604 4550 1877 4605 Abraham

278 4631 625 4703 ministratur,
650 4637 778 4692 dum
800 4639 1001 4694 litteras
1028 4640 1283 4697 Hebraeas
1314 4645 1874 4713 reperisse,transacta

278 4720 512 4777 abinitio
527 4724 821 4797 scripsisse,
860 4730 1244 4785 astronomiam
1271 4732 1323 4785 in
1359 4734 1590 4806 Egypto
1611 4733 1873 4805 docuisse,

272 4832 338 4872 ac
365 4818 482 4875 Deo
511 4819 566 4873 in
586 4823 847 4905 omnibus
867 4825 1112 4885 obedissc
1142 4838 1402 4886 narratur.
1454 4832 1516 4886 In
1548 4832 1700 4887 tertia
1719 4839 1875 4888 aetate

272 4929 371 4984 per
400 4916 617 4987 Moysen
644 4920 862 4991 copiose
892 4922 1179 4994 reﬁcimur,
1212 4926 1340 4981 dum
1369 4926 1558 4983 decem
1589 4930 1875 4999 praeceptis

271 5017 371 5072 per
415 5003 531 5073 eius
582 5008 780 5080 scripta
836 5008 1164 5081 instruimur,
1221 5022 1275 5069 et
1320 5015 1437 5084 ipse
1482 5032 1647 5085 super
1685 5033 1873 5072 omnes

270 5091 519 5148 homines
549 5099 1023 5156 mansuetissimus
1061 5102 1225 5158 fuisse
1255 5111 1307 5159 et
1335 5104 1518 5159 multis
1563 5104 1733 5178 signis
1762 5107 1869 5161 ful-

267 5188 399 5246 sisse
427 5192 773 5251 describitur.
807 5199 865 5253 In
898 5208 1084 5269 quarta
1113 5209 1270 5258 aetate
1301 5203 1494 5269 David,
1528 5204 1786 5258 Salomon
1818 5212 1871 5259 et

262 5302 453 5344 omnes
481 5308 620 5361 pene
649 5299 926 5365 prophetae
969 5315 1066 5355 nos
1116 5300 1257 5355 dulci
1311 5318 1449 5373 pane
1480 5301 1702 5372 satiant,
1738 5302 1867 5357 dum

262 5401 362 5439 nos
392 5389 626 5459 mysticis
672 5393 883 5465 scriptis
930 5404 983 5450 et
1023 5398 1176 5452 factis
1223 5399 1534 5453 informant.
1572 5400 1632 5454 In
1685 5401 1868 5470 quinta

259 5490 417 5538 aetate
448 5485 642 5541 Esdras
673 5505 769 5543 nos
797 5507 936 5561 pane
969 5502 1189 5562 saturat,
1222 5495 1349 5551 dum
1375 5496 1553 5567 legem
1588 5497 1863 5552 incensam

258 5570 492 5639 reitcrat,
525 5582 580 5629 et
609 5578 867 5650 templum
914 5580 1237 5638 destructum
1259 5583 1566 5639 remdiﬁcat.
1600 5585 1666 5640 Hi
1696 5602 1865 5655 panes

1990 4439 2162 4495 Sexus
2186 4439 2392 4511 fragilis
2428 4448 2481 4494 et
2518 4441 2697 4496 minor
2749 4448 2879 4495 aetas
2933 4439 3141 4511 indigni
3171 4445 3291 4494 sunt
3321 4453 3571 4493 numero.

1987 4527 2138 4583 Unde
2170 4535 2222 4583 et
2250 4528 2305 4582 in
2332 4530 2691 4584 Numerorum
2751 4529 2889 4585 libro
2920 4528 3128 4598 quoties
3172 4526 3494 4595 sacerdotes,
3529 4534 3582 4581 et

1984 4623 2183 4680 Levitaa
2212 4632 2266 4679 et
2293 4625 2464 4680 turbae
2506 4625 2861 4697 pugnantium
2903 4624 3293 4691 describuntur,
3334 4622 3495 4689 servi,
3528 4628 3579 4675 et

1984 4721 2236 4777 mulieres
2266 4729 2318 4777 et
2344 4723 2574 4793 parvuli,
2598 4730 2649 4778 et
2675 4722 2916 4794 ignobile
2948 4723 3140 4795 vulgus
3168 4721 3579 4794 praetermittun-

1986 4816 2086 4863 tur.
2117 4810 2238 4866 Non
2268 4818 2411 4867 nova
2452 4818 2599 4866 creat
2647 4812 2896 4867 Salvator
2949 4811 3168 4877 cibaria,
3209 4811 3305 4866 sed
3334 4826 3576 4881 praesen-

1985 4908 2125 4964 tibus
2162 4910 2451 4979 benedicit,
2509 4912 2635 4982 quia
2682 4911 2737 4965 in
2794 4928 2955 4968 carne
3004 4911 3244 4981 veniens,
3303 4926 3412 4966 non
3469 4910 3619 4991 alia\

1980 5007 2253 5079 praedicat,
2287 5009 2379 5063 sed
2410 5009 2707 5080 prophetiae
2752 5009 2895 5064 dicta
2922 5009 3187 5081 mysteriis
3213 5008 3406 5081 gratiae
3435 5024 3570 5081 gra-

1977 5104 2105 5159 vida
2131 5104 2479 5160 demonstrat.
2531 5105 2683 5161 Unde
2731 5106 2971 5175 sequitur
3023 5106 3149 5176 quia
3198 5105 3379 5177 fregit,
3410 5105 3463 5158 id
3493 5114 3575 5160 est

1976 5194 2156 5247 clausa
2207 5201 2541 5248 sacramenta
2595 5194 2730 5265 legis
2784 5202 2837 5249 et
2864 5197 3248 5266 prophetarum
3296 5194 3571 5265 patefecit.

1979 5289 2149 5345 Panes
2201 5289 2504 5361 frangendo
2575 5290 3013 5362 multiplicantur,
3068 5292 3193 5361 quia
3247 5294 3398 5348 multi
3453 5292 3574 5347 libri

1978 5385 2105 5440 facti
2159 5395 2273 5440 sunt
2334 5386 2656 5455 exponendo
2714 5388 2913 5460 legem.
2974 5389 3250 5461 Frangens
3303 5391 3575 5445 distribuit

1975 5484 2267 5552 discipulis,
2302 5493 2353 5539 et
2382 5485 2456 5539 illi
2487 5486 2831 5555 praefractum
2875 5486 3208 5559 frangentes,
3238 5487 3565 5543 distribuunt

1975 5580 2159 5645 turbis,
2223 5581 2349 5650 quia
2405 5583 2602 5639 sanctis
2640 5583 2952 5639 doctoribus
2997 5586 3205 5655 aperuit
3252 5601 3464 5639 sensum
3514 5594 3574 5639 ut

262 5667 433 5725 turbis
454 5670 862 5746 distribuuntur,
904 5678 1033 5735 dum
1081 5681 1272 5736 horum
1301 5681 1498 5753 scripta
1553 5690 1608 5738 et
1659 5682 1802 5739 facta
1831 5699 1864 5737 a
1920 5722 1925 5727 .
1969 5678 2333 5751 intelligerent
2405 5678 2727 5753 Scripturas,
2770 5689 2837 5738 'et
2890 5682 3185 5739 intellectas
3243 5681 3572 5738 auditoribus
