4010 6074
408 178 510 235 891

1541 174 1881 232 WERNEBI
1916 176 2203 236 ΑΒΜ-[ιε
2240 145 2556 235 senisu

3603 179 3726 232 892

418 308 529 359 toto
548 301 680 358 orbe
705 300 936 359 ﬁdeliter
987 301 1451 375 dispensaverunt.
1511 299 1669 370 Quod
1717 299 1884 356 turbis
1912 316 2009 357 su—
2035 299 2096 364 Α
2124 299 2220 355 dit.
2252 299 2522 357 Continuo
2553 300 2696 356 enim
2728 306 2869 356 tactu
2922 299 3162 372 parentis
3212 299 3511 356 animatum
3549 313 3722 354 ovum

420 397 598 462 perest
624 389 873 461 discipuli
903 391 1112 459 tollunt,
1146 389 1271 460 quia
1300 388 1553 460 mysteria
1581 405 1703 459 quae
1733 405 1764 443 a
1792 388 2015 444 rudibus

416 493 527 533 non
553 477 853 548 capiuntur,
885 494 918 532 a
954 477 1205 548 perfectis
1251 475 1611 547 inquiruntur.
1677 476 1811 532 Sunt
1869 476 2014 532 enim

417 570 723 643 fragmenta
750 588 870 642 quae
900 572 1131 643 papulas
1160 585 1265 625 non
1295 570 1470 640 potuit
1498 571 1845 634 manducare.
1870 587 2016 642 qua:-

416 659 542 715 dam
588 660 877 715 secretiora
932 658 1320 732 intelligentiae,
1381 658 1576 730 quibus
1632 658 1841 730 impleti
1893 667 2016 714 sunt

420 757 650 828 apostoli
681 757 832 827 quasi
865 757 1080 827 cophini
1120 756 1425 813 duodecim.
1458 756 1560 812 Per
1585 757 1847 828 cophinos
1874 772 2014 827 apo-

418 844 541 901 stoli
596 843 911 917 ﬁgurantur,
945 852 997 900 et
1023 860 1122 916 per
1171 843 1445 915 apostolos
1490 843 1637 898 chori
1679 843 2014 914 sequentium

418 932 698 989 doctorum
729 934 859 989 foris
895 933 1111 1004 quidem
1158 932 1470 987 hominibus
1511 931 1769 1002 despecti,
1802 932 1897 988 sed
1926 931 2016 986 in-

419 1029 501 1077 tus
529 1022 598 1077 ad
649 1021 843 1077 alenda
889 1021 1153 1078 humlium
1208 1021 1372 1076 corda
1399 1021 1534 1076 cibis
1569 1020 1889 1076 salutaribus
1915 1037 2016 1076 cu-

417 1109 630 1165 mulati.
670 1110 858 1166 Solent
912 1110 1073 1165 enim‘
1112 1125 1278 1181 opera
1335 1108 1553 1164 servilia
1588 1109 1705 1181 geri
1749 1108 2013 1180 cOphinis.

420 1196 525 1253 Sed
556 1198 820 1255 Dominus
848 1197 1113 1267 cophinos
1172 1197 1490 1269 fragmentis
1514 1197 1775 1266 implevit,
1810 1197 1921 1268 qui,
1960 1204 2019 1251 ut

420 1294 644 1349 fortiora
674 1294 1045 1363 confunderet,
1079 1294 1293 1349 inﬁrma
1349 1294 1535 1348 mundi
1574 1294 1744 1367 eligit.
1775 1293 2017 1365 Apostoli

419 1381 703 1438 duodecim
763 1383 1027 1453 cophinos
1080 1383 1149 1437 de
1207 1382 1523 1455 fragmentis
1577 1380 2017 1437 manducantium

415 1469 794 1542 impleverunt,
857 1470 987 1525 dum
1044 1471 1101 1525 in
1158 1478 1312 1527 sexta
1366 1479 1522 1526 aetate
1550 1471 1748 1541 scripta
1776 1470 2017 1541 priorum

418 1582 515 1621 sua
567 1567 810 1622 doctrina
853 1567 1231 1623 disseruerunt.
1282 1567 1556 1637 Cophinus
1602 1567 1669 1621 de
1713 1566 1903 1639 gracili
1930 1565 2019 1619 vi-

418 1654 564 1710 mine
593 1656 913 1725 contexitur,
946 1665 998 1711 et
1025 1656 1156 1712 ordo
1187 1656 1510 1728 apostolicus
1539 1655 1607 1711 de
1635 1655 1824 1711 humili
1852 1654 2015 1726 stirpe

421 1744 655 1817 eligitur.
687 1744 787 1800 Hic
812 1746 1068 1816 reliquias
1115 1744 1388 1800 edentium
1418 1752 1735 1817 congregat,
1768 1743 1895 1814 quia
1923 1742 2014 1797 lit-

422 1839 588 1888 teram
620 1833 969 1904 popularibus
997 1841 1204 1906 erogat,
1238 1833 1462 1905 mystica
1491 1832 1823 1903 sapientibus
1850 1846 2019 1886 reser-

420 1937 528 1985 vat.
558 1930 627 1986 Et
646 1930 771 2001 quia
797 1932 1033 2002 quinque
1064 1938 1188 1986 sunt
1237 1947 1424 1986 sensus
1480 1930 1758 1986 exterioris
1784 1928 2019 1984 hominis

419 2018 653 2091 quinque
681 2020 851 2075 millia
878 2019 1114 2077 virorum
1167 2019 1334 2075 secuti
1393 2019 1689 2073 Dominum
1734 2017 2020 2089 designant

423 2122 516 2163 eos
562 2108 651 2178 qui
708 2108 763 2162 in
816 2109 1014 2164 saeculo
1069 2110 1209 2163 bene
1264 2115 1529 2163 noverunt
1563 2107 1639 2162 uti
1669 2106 2020 2162 exterioribus

424 2212 546 2266 qua:
573 2196 868 2268 possident.
904 2196 1007 2266 Qui
1060 2205 1203 2251 recte
1234 2196 1469 2267 quinque
1520 2195 1749 2267 panibus
1788 2195 2017 2263 aluntur,

425 2293 551 2363 quia
579 2294 712 2348 tales
738 2309 957 2349 necesse
996 2302 1077 2348 est
1118 2291 1323 2371 institui
1376 2291 1643 2363 legalibus
1671 2291 1846 2346 adhuc
1874 2306 2018 2362 prae-

418 2381 615 2451 ceptis.
648 2383 786 2437 Nam
822 2382 912 2452 qui
960 2382 1164 2437 mundo
1193 2381 1261 2437 ad
1318 2380 1586 2453 integrum
1615 2379 1937 2443 renuntiant,
1969 2386 2023 2433 et

425 2477 654 2539 quatuor
680 2478 802 2525 sunt
830 2472 1021 2540 millia,
1053 2479 1107 2526 et
1132 2477 1339 2540 septem
1396 2470 1626 2541 panibus
1679 2468 1882 2538 refecti,
1918 2470 2022 2523 hoc

425 2573 505 2621 est
555 2575 607 2623 et
662 2568 976 2641 evangelica
1021 2567 1314 2624 refectione
1370 2566 1630 2622 sublimes
1665 2573 1716 2621 et
1759 2565 2021 2635 spirituali

422 2665 597 2737 gratia
625 2664 784 2721 docti.
822 2665 985 2736 Cujus
1030 2664 1438 2738 signiﬁcationis
1490 2681 1670 2730 causa,
1702 2680 1824 2719 reor
1849 2664 1904 2718 in
1932 2662 2021 2718 in-

316 2812 319 2817 ,
426 2753 583 2809 troitu
616 2754 945 2810 tabernaculi
986 2754 1221 2825 quinque
1277 2754 1555 2809 columnas
1592 2754 1876 2808 deauratas
1897 2754 2023 2824 jus-

421 2866 508 2906 sas
530 2848 644 2906 ﬁeri
674 2852 873 2921 (Exod.
906 2854 1126 2923 xxxvi);
1187 2858 1313 2907 ante
1358 2852 1635 2906 oraculum
1680 2866 1828 2918 vero,
1861 2849 1914 2903 id
1945 2856 2026 2905 est

423 2939 620 2995 Sancta
664 2949 969 2997 sanctorum
1026 2946 1269 3011 quatuor,
1320 2940 1445 3011 quia
1496 2938 1874 3008 incipientibus
1929 2954 2026 3010 per

422 3028 600 3101 legem
629 3029 977 3102 castigantur,
1018 3007 1086 3085 ne
1116 3007 1356 3100 peccent,
1406 3007 1629 3101 perfecti
1660 3044 1757 3099 per
1783 3007 2012 3101 gratiam
2044 3007 2093 3071 Ο

421 3116 795 3183 admonentur,
828 3125 888 3173 ut
915 3119 1030 3175 Deo
1053 3118 1304 3173 devotius
1334 3116 1536 3174 vivant.

505 3242 527 3268 «ι
561 3219 642 3275 Illi
669 3236 802 3292 ergo
851 3220 1120 3282 homines.
1173 3236 1294 3276 cum
1354 3219 1613 3274 vidissent
1644 3219 1789 3290 quod
1826 3219 2025 3274 fecerat

428 3307 666 3380 signum,
703 3309 989 3364 dicebant:
1052 3307 1190 3378 Quia
1245 3307 1333 3363 hic
1361 3315 1439 3363 est
1468 3324 1593 3363 vere
1640 3307 1903 3379 Propheta
1933 3305 2025 3376 qui

429 3404 681 3452 venturus
708 3404 788 3452 est
817 3397 871 3451 in
899 3396 1188 3452 mundum.
1255 3397 1407 3452 Iesus
1462 3411 1613 3468 ergo,
1663 3412 1783 3451 cum
1811 3409 2023 3466 cogno-

431 3493 613 3561 visset,
643 3493 764 3564 quia
794 3494 1003 3549 venturi
1051 3502 1225 3550 essent
1253 3501 1311 3549 ut
1336 3500 1587 3563 raperent
1614 3508 1757 3558 eum,
1794 3501 1845 3549 et
1873 3491 2020 3546 face-

432 3589 552 3637 rent
590 3597 713 3637 eum
769 3598 976 3655 regem,
1038 3582 1193 3655 fugit.
1230 3604 1251 3631 »
1294 3582 1460 3637 Recte
1513 3589 1791 3636 senserunt
1822 3588 2023 3636 tantum

430 3672 749 3741 prophetam
801 3686 897 3742 per
951 3670 1135 3727 salutis
1177 3670 1450 3739 praeconia
1478 3677 1761 3725 venturum
1791 3685 1905 3723 esse
1936 3668 2025 3722 in-

435 3767 713 3835 mundum,
752 3767 805 3822 id
833 3775 913 3823 est
948 3768 1017 3823 ad
1071 3784 1414 3824 communem
1443 3765 1723 3823 hominum
1756 3765 2028 3839 cognitio-

436 3871 580 3911 nem.
612 3855 871 3928 Discipuli
899 3864 953 3912 et
978 3857 1149 3913 turbae
1192 3855 1467 3912 credentes
1492 3855 1548 3911 in
1578 3855 1890 3924 Dominum,
1924 3871 2027 3925 pu-

434 3951 679 4000 taverunt
698 3946 847 4001 illum
877 3946 952 4001 sic
971 3962 1200 4013 venisse,
1258 3953 1316 4001 ut
1360 3944 1479 4015 jam
1535 3951 1806 4017 regnaret,
1839 3951 1893 3998 et
1920 3945 2024 3998 hoc

439 4052 518 4100 est
544 4044 682 4100 velle
708 4061 897 4117 rapere
927 4052 982 4100 et
1006 4060 1193 4117 regem
1249 4044 1447 4109 facere,
1495 4043 1791 4116 praevenire
1823 4050 2032 4113 tempus

440 4131 557 4201 ejus
585 4133 727 4203 quod
784 4134 897 4205 ipse
954 4133 1097 4206 apud
1128 4150 1184 4188 se
1231 4133 1536 4189 occultabat
1589 4148 1757 4203 usque
1784 4131 1837 4186 in
1868 4130 2031 4188 ﬁnem

430 4221 639 4276 saeculi.
672 4222 824 4279 Unde
854 4222 1022 4277 illud:
1064 4245 1085 4271 α
1118 4224 1242 4277 Non
1280 4230 1360 4277 est
1413 4228 1649 4278 vestrum
1701 4237 1859 4278 nosse
1889 4228 2032 4275 tem-

440 4330 574 4389 pOra
600 4318 687 4373 vel
714 4326 989 4374 momenta
1017 4320 1169 4388 (Act.
1206 4321 1269 4389 ι).
1306 4341 1328 4367 »ι
1366 4319 1600 4391 Fugiens
1655 4324 1832 4373 autem
1874 4316 2029 4372 nobis

442 4406 749 4476 exemplum
804 4408 1142 4474 monstravit,
1200 4415 1258 4462 ut
1320 4407 1375 4462 in
1431 4407 1592 4462 bonis
1647 4423 1769 4476 qum
1815 4405 2030 4478 agimus

441 4494 664 4549 humani
718 4493 920 4550 favoris
992 4494 1395 4550 retributionem
1461 4495 1708 4562 vitemus,
1765 4493 2029 4564 simulque

440 4588 677 4645 insinuat
699 4589 843 4661 quod
871 4590 1093 4646 altitudo
1121 4607 1216 4645 sua
1246 4606 1355 4646 non
1392 4598 1568 4661 potest
1593 4588 1845 4661 intelligi.

834 4697 973 4753 Item
1003 4697 1256 4771 quaedam
1285 4696 1354 4754 de
1376 4696 1642 4769 piscibus.

515 4802 802 4873 Quomodo
824 4803 891 4859 de
921 4804 1155 4875 quinque
1176 4802 1407 4875 panibus
1434 4801 1761 4875 evangelicis
1785 4800 2031 4872 quaedam

444 4901 731 4975 allegorice
762 4902 1168 4975 perstrinximus
1221 4900 1355 4956 libet
1404 4916 1619 4971 quoque
1668 4900 1848 4969 aliqua
1878 4913 2032 4954 com-

448 5007 749 5047 memorare
822 4991 891 5046 de
967 4990 1220 5063 piscibus,
1295 5006 1416 5045 cum
1482 4989 1670 5045 beatus
1724 4986 2037 5043 Ambrosius

449 5088 535 5156 (in
551 5090 958 5159 Hexaemeron)
972 5089 1319 5145 dicitdiversa
1337 5104 1540 5161 genere
1561 5086 1787 5159 piscium
1797 5085 2038 5142 diversos

448 5193 574 5231 usus
622 5178 845 5233 habere.
902 5178 1004 5234 Alii
1050 5179 1195 5234 enim
1252 5194 1356 5235 ova
1409 5185 1688 5250 generant,
1747 5175 1839 5232 alii
1885 5175 2038 5231 vivos

450 5273 682 5343 pariunt,
743 5281 900 5344 atque
955 5275 1235 5343 formatos,
1267 5283 1320 5330 et
1348 5274 1437 5345 qui
1467 5290 1570 5329 ova
1616 5279 1895 5346 generant,
1930 5287 2038 5327 non

450 5368 607 5425 nidos
633 5377 837 5436 texunt,
905 5378 960 5423 ut
1014 5386 1159 5435 aves,
1219 5386 1325 5426 non
1356 5369 1590 5425 diuturni
1622 5368 1763 5424 fotus
1798 5367 2038 5424 laborem

2123 390 2334 457 cecidit,
2387 398 2440 445 et
2483 389 2647 460 piscis
2700 388 2886 445 exivit.
2946 389 3113 459 Cujus
3162 389 3359 444 deinde
3387 404 3554 459 quam
3582 403 3728 457 pura

2123 486 2177 532 et
2197 478 2454 535 inviolata
2504 477 2792 547 successio,
2852 478 3030 532 nullus
3072 478 3222 533 alteri
3266 477 3360 533 sed
3389 476 3583 549 generi
3619 491 3726 531 suo

2123 578 2376 633 miscetur
2404 577 2687 648 thymallus
2740 576 3016 648 thymallo,
3060 576 3218 647 lupus
3245 575 3392 646 lupo.
3425 575 3729 645 Scorptena

2123 691 2336 747 quoque
2370 675 2667 732 castitatem
2723 675 3052 731 immaculati
3106 672 3359 729 mnuubii
3399 672 3591 744 generi
3620 686 3727 726 suo

2122 772 2325 823 servat.
2370 766 2557 835 Itaque
2621 763 2785 820 habet
2845 761 3161 834 pudicitiam
3224 761 3441 834 generis
3477 760 3583 827 sui,
3624 759 3729 815 sed

2123 870 2391 911 venenum
2436 852 2653 926 generis
2676 853 2758 908 sui
2784 868 2896 907 non
2940 852 3122 908 habet.
3162 851 3290 909 Non
3317 849 3462 905 enim
3491 847 3732 923 percutit

2124 967 2417 1024 scorpaena,
2449 950 2545 1006 sed
2575 949 2763 1006 reﬁcit.

2192 1060 2271 1116 De
2295 1074 2476 1115 mare.
2534 1057 2732 1114 Scarus
2784 1056 2922 1112 inter
2955 1056 3130 1127 pisces
3172 1054 3444 1113 ruminare
3473 1053 3732 1125 perbibi.»

2126 1155 2227 1214 tur,
2257 1154 2317 1201 ut
2360 1146 2540 1202 ferunt
2580 1145 2780 1216 quibus
2822 1152 2919 1201 aut
2952 1151 3175 1200 eventus
3198 1151 3295 1199 aut
3318 1159 3449 1198 usus
3476 1142 3600 1208 fuit,
3633 1151 3733 1198 aut

2124 1235 2354 1292 studium
2412 1234 2541 1290 talia
2588 1233 3066 1305 comprehendere.
3114 1232 3258 1288 Sane
3298 1247 3396 1288 nec
3423 1231 3531 1302 ipsi
3558 1247 3593 1286 a
3615 1230 3733 1286 suis

2126 1323 2379 1396 potentia:
2433 1338 2652 1378 evasere
2687 1322 3021 1391 violentiam,
3081 1328 3134 1376 et
3178 1320 3418 1377 avmtiaa
3442 1320 3731 1390 paternis-

2122 1437 2242 1476 rum
2270 1419 2520 1490 subjecti,
2551 1419 2751 1488 ubique
2807 1417 3093 1473 inferiores
3138 1424 3280 1472 sum.
3309 1416 3550 1488 Quisque
3576 1414 3732 1470 inﬁr-

2126 1509 2268 1565 mior
2295 1523 2358 1564 eo
2396 1508 2594 1579 praedae
2647 1513 2817 1578 patet.
2872 1506 2939 1561 Et
2993 1506 3237 1577 plerique
3277 1505 3496 1575 quidem
3540 1504 3734 1559 herbis

2044 1654 2097 1714 Β
2126 1613 2432 1678 pascuntur,
2488 1621 2553 1660 ac
2606 1604 2826 1659 minutis
2879 1603 3172 1659 vermibus.
3234 1603 3371 1659 Sunt
3414 1609 3599 1659 tamen
3633 1601 3732 1673 qui

2390 1709 2439 1714 -_
2480 1692 2732 1714 sua--.
2793 1700 2837 1714 -.
2871 1707 2957 1714 μ--
3003 1706 3154 1714 --.μ
3205 1697 3500 1714 _-_-___.--_
3546 1690 3732 1714 In---

2125 1694 2357 1751 invicem
2386 1709 2444 1749 se
2475 1692 2754 1759 devorant,
2782 1700 2841 1747 et
2868 1707 2966 1747 sua
2997 1706 3158 1748 carne
3205 1697 3517 1762 pascuntur.
3546 1690 3736 1745 Minor

2127 1783 2268 1854 apud
2298 1782 2418 1837 illos
2448 1797 2569 1837 esca
2596 1780 2821 1851 majoris
2867 1788 2964 1847 est,
3013 1796 3193 1835 rursus
3220 1780 3335 1851 ipse
3362 1779 3542 1849 major
3568 1794 3604 1834 a
3632 1795 3734 1833 va-

2127 1878 2315 1934 lidiore
2384 1877 2673 1945 invaditur,
2741 1886 2796 1934 et
2866 1876 2927 1933 ﬁt
2980 1894 3103 1933 esca
3158 1877 3405 1943 alterius,
3454 1876 3736 1949 praedator

2127 1967 2314 2024 alieni.
2354 1968 2537 2038 Itaque
2565 1984 2665 2022 usu
2692 1967 2841 2023 venit
2866 1973 2944 2036 ut,
3003 1983 3123 2023 cum
3158 1966 3274 2039 ipse
3295 1966 3458 2021 alium
3486 1966 3735 2022 devora-

2127 2066 2281 2130 verit,
2313 2065 2383 2120 ab
2406 2064 2518 2120 alio
2544 2064 2849 2133 devoretur,
2880 2072 2935 2119 et
2963 2064 3016 2119 in
3046 2081 3211 2120 unum
3231 2071 3471 2121 ventrem
3503 2070 3735 2133 uterque

2126 2154 2308 2211 veniat
2356 2170 2478 2209 cum
2533 2160 2782 2208 voratore
2837 2152 3057 2224 proprio
3115 2153 3422 2219 devoratus,
3461 2150 3633 2222 ﬁtque
3660 2151 3737 2205 si-

2129 2243 2325 2298 militer
2344 2242 2398 2296 in
2430 2257 2539 2297 uno
2568 2242 2771 2298 viscere
2826 2241 3025 2312 praedae
3080 2240 3442 2311 vindictaeque
3496 2256 3734 2296 consor-

2127 2331 2280 2386 tium.
2313 2331 2381 2385 Et
2406 2329 2537 2402 ipsis
2592 2338 2781 2401 postea
2833 2338 3026 2400 sponte
3080 2331 3202 2386 hac
3242 2329 3479 2385 accrevit
3504 2328 3731 2399 injuria,

2128 2429 2263 2485 sicut
2288 2429 2345 2484 in
2374 2429 2531 2485 nobis
2559 2444 2669 2483 non
2697 2445 2766 2483 ex
2807 2435 2998 2484 murra
3045 2426 3229 2499 coepit,
3260 2427 3358 2482 sed
3382 2443 3452 2481 ex
3479 2426 3731 2494 avaritia,
3798 2408 3805 2415 ’

2130 2524 2239 2585 aut,
2290 2517 2419 2587 quia
2464 2516 2535 2572 ad
2562 2533 2718 2572 usum
2770 2517 3051 2573 hominum
3082 2515 3198 2572 dati
3241 2523 3384 2584 sunt,
3426 2515 3484 2570 in
3511 2514 3733 2588 signum

2130 2631 2343 2685 quoque
2372 2613 2499 2669 facti
2548 2621 2691 2680 sunt,
2722 2621 2779 2668 ut
2809 2612 2864 2667 in
2891 2613 2977 2668 his
3012 2620 3316 2669 nostrorum
3347 2627 3560 2668 morum
3599 2611 3736 2667 vitia

2130 2703 2441 2771 viderimus,
2500 2710 2553 2758 et
2602 2718 2913 2758 caveremus
2968 2702 3238 2773 exempla,
3269 2717 3337 2756 ne
3364 2701 3489 2770 quis
3532 2708 3737 2770 poten-

2129 2792 2232 2847 tior
2259 2791 2568 2848 inferiorem
2624 2791 2922 2858 invaderet,
2968 2790 3192 2846 daturus
3247 2789 3301 2844 in
3340 2804 3399 2845 se
3440 2787 3737 2861 potentiori

2131 2880 2441 2951 exemplum
2497 2878 2730 2949 injuria.
2786 2880 2973 2949 Itaque
3032 2877 3124 2948 qui
3168 2878 3399 2933 alterum
3430 2876 3598 2943 laedit,
3632 2876 3738 2931 sibi

2130 2978 2382 3048 laqueum
2411 2983 2563 3047 parat
2593 2975 2647 3031 in
2678 2992 2837 3047 quem
2882 2976 2999 3048 ipse
3043 2975 3267 3031 incidat.
3307 2975 3375 3030 Et
3400 2981 3454 3029 tu
3482 2973 3653 3044 piscis
3677 2990 3740 3028 es

2130 3085 2221 3155 qui
2250 3084 2456 3140 viscera
2484 3083 2696 3139 invadis
2737 3082 2933 3151 aliena,
2968 3081 3066 3153 qui
3111 3081 3384 3154 demergis
3436 3079 3736 3149 inﬁmum,

2131 3173 2223 3243 qui
2274 3172 2582 3229 credentem
2635 3166 2973 3243 persequeris
3030 3187 3198 3241 usque
3255 3170 3312 3225 in
3364 3169 3726 3239 profundum.

2133 3264 2277 3318 Cave
2304 3277 2392 3330 ne,
2426 3260 2556 3316 dum
2611 3261 2762 3316 illum
2810 3258 3069 3330 sequeris,
3112 3258 3318 3315 incidas
3357 3258 3474 3329 ipse
3504 3258 3563 3312 in
3591 3258 3735 3314 vali-

2130 3351 2339 3405 diorem
2395 3357 2448 3405 et
2500 3349 2727 3405 deducat
2756 3356 2806 3404 te
2838 3348 2895 3403 in
2950 3348 3154 3404 alienas
3199 3346 3441 3413 insidias,
3494 3345 3589 3417 qui
3620 3354 3737 3402 tuas

2127 3448 2276 3513 vitat,
2336 3447 2587 3518 priusque
2648 3454 2794 3501 tuam
2850 3452 3132 3515 exspectet
3176 3460 3497 3513 arumnam,
3555 3445 3649 3514 qui
3681 3452 3731 3499 te

2132 3544 2483 3610 persequente
2512 3536 2791 3607 propriam
2820 3534 3227 3590 reformidabat.

2204 3645 2281 3700 De
2310 3646 2450 3701 ceto.
2486 3641 2599 3698 Ceti
2632 3649 2754 3697 sunt
2782 3641 3006 3697 marium
3052 3640 3268 3697 bellum.
3298 3640 3438 3709 Quae
3468 3640 3512 3694 si
3541 3656 3735 3712 super-

2133 3737 2319 3788 natant
2387 3730 2637 3786 fluctibus
2707 3729 2775 3786 ad
2832 3745 2980 3785 mare
3037 3729 3237 3785 insulas
3290 3736 3466 3799 putes,
3524 3736 3737 3784 montes

2135 3819 2421 3876 altissimos
2475 3819 2701 3875 summis
2748 3818 2819 3874 ad
2873 3819 3070 3875 omium
3128 3816 3416 3874 verticibus
3460 3817 3726 3873 eminere.

2135 3918 2270 3988 Quae
2296 3934 2405 3973 non
2434 3917 2490 3972 in
2518 3925 2632 3973 acta
2678 3933 2778 3973 nec
2833 3917 2888 3972 in
2943 3916 3229 3982 littoribus,
3270 3915 3367 3972 sed
3394 3916 3451 3971 in
3482 3913 3735 3971 Atlantici

2135 4005 2300 4062 maris
2326 4005 2595 4078 profundo
2626 4004 2876 4060 dicuntur
2916 4004 3107 4074 videri,
3138 4011 3199 4060 ut
3224 4020 3410 4061 eorum
3440 4011 3737 4073 conspwtu

2135 4102 2313 4151 nautae
2340 4111 2373 4150 a
2401 4088 2695 4167 navigahdi
2742 4093 2795 4147 in
2824 4094 2929 4151 illis
2955 4093 3090 4150 locis
3121 4092 3542 4165 praesumptione
3571 4107 3738 4149 revo-

2137 4199 2340 4257 centur,
2374 4208 2471 4247 nec
2498 4199 2708 4247 secreta
2736 4191 3125 4247 elementorum
3155 4189 3301 4247 adire
3320 4189 3438 4247 sine
3464 4205 3737 4260 suprema;

2140 4289 2338 4337 terrore
2398 4279 2587 4336 mortis
2655 4287 2936 4352 usurpant.
3002 4278 3355 4353 Physiologus
3425 4286 3610 4335 autem
3668 4278 3735 4335 de

2056 4361 2108 4421 D
2137 4378 2257 4427 ceto
2285 4371 2448 4439 dicit;
2494 4369 2770 4440 quoniam,
2802 4368 2847 4423 si
2879 4376 3057 4424 tamen
3085 4367 3338 4436 creditur,
3358 4368 3494 4425 duas
3516 4376 3737 4424 naturas

2137 4467 2317 4523 habet.
2376 4465 2556 4522 Prima
2609 4473 2707 4535 est,
2746 4465 2791 4520 si
2838 4463 3100 4532 esurierit,
3159 4465 3330 4537 aperit
3365 4480 3427 4520 os
3455 4479 3653 4534 suum;
3686 4472 3738 4520 et

2136 4555 2406 4611 maximus
2458 4554 2594 4610 odor
2646 4561 2700 4609 et
2745 4554 2925 4609 suavis
2980 4554 3091 4610 exit
3135 4569 3205 4610 ex
3248 4569 3341 4609 ore
3388 4552 3524 4622 ejus,
3578 4552 3654 4608 ita
3680 4560 3739 4607 ut

2137 4644 2373 4699 minores
2412 4642 2587 4715 pisces
2619 4642 2984 4713 jucundentur
3028 4642 3148 4713 ejus
3200 4640 3481 4711 suavitate,
3516 4649 3572 4696 et
3599 4656 3738 4698 con-

2136 4746 2430 4813 gregentur
2469 4755 2658 4795 omnes
2709 4739 2766 4793 in
2818 4755 2911 4795 ore
2965 4738 3102 4808 ejus,
3159 4746 3234 4803 et.
3270 4754 3394 4794 cum
3449 4738 3737 4808 impletum

2139 4829 2300 4885 fuerit
2326 4845 2386 4885 os
2410 4828 2549 4898 ejus,
2582 4828 2779 4883 claudit
2802 4844 2863 4883 os
2891 4827 3071 4897 piscis,
3116 4834 3169 4883 et
3213 4826 3373 4899 glutit
3398 4842 3513 4883 eos.
3551 4825 3739 4900 Magni

2138 4926 2319 4975 autem
2365 4917 2539 4989 pisces
2564 4924 2621 4972 et
2645 4916 2867 4988 perfecti
2908 4931 3017 4971 non
3071 4916 3509 4988 appropinquant
3544 4914 3739 4971 saltem

2140 5006 2221 5063 ori
2250 5007 2383 5075 ejus.
2434 5005 2681 5061 Secunda
2730 5019 2855 5060 vero
2905 5010 3095 5059 natura
3123 5010 3203 5059 est
3231 5004 3369 5073 ejus,
3398 5011 3458 5058 ut
3485 5003 3743 5059 exhibeat

2138 5112 2199 5151 se
2228 5094 2279 5149 in
2310 5094 2531 5149 modum
2561 5093 2767 5149 insulae.
2798 5092 3132 5165 Navigantes
3173 5099 3352 5148 autem
3403 5090 3745 5164 suspicantur

2141 5184 2373 5238 insulam
2414 5198 2555 5239 esse.
2603 5182 2797 5254 Ligant
2841 5196 3011 5236 naves
3052 5197 3177 5236 suas
3229 5179 3298 5237 ad
3353 5196 3496 5249 eam,
3528 5187 3585 5235 et
3612 5180 3738 5235 dum

2145 5279 2449 5337 accenderit
2476 5280 2658 5352 ignem
2712 5295 2874 5351 super
2929 5294 3050 5334 eam
3080 5277 3155 5333 ad
3177 5278 3543 5348 coquendum,
3580 5286 3744 5348 atque

2146 5369 2216 5425 ad
2240 5368 2660 5426 calefaciendum
2716 5383 2775 5423 se
2828 5367 3062 5423 sentiens
3115 5366 3297 5439 ignem
3324 5366 3583 5440 dimergit
3609 5366 3744 5424 sein

454 5464 699 5531 induunt,
757 5481 865 5519 non
919 5481 1042 5519 cum
1098 5466 1342 5522 molestia
1388 5465 1469 5521 sui
1518 5465 1771 5522 nutriunt.
1833 5464 2043 5521 Cecidit
2149 5465 2473 5537 profundum
2502 5473 2556 5521 et
2587 5465 2749 5522 trahit
2802 5471 2924 5536 post
2949 5481 3007 5520 se
3034 5479 3204 5519 naves
3259 5464 3473 5538 ligatas.
3523 5465 3655 5520 Haec
3681 5464 3746 5518 de

454 5569 615 5609 ovum
647 5551 790 5623 quod
820 5567 958 5620 aqua
986 5552 1195 5622 gremio
1240 5554 1473 5622 quodam
1505 5562 1704 5609 natura
1743 5569 1854 5609 sua:
1893 5552 2044 5624 quasi
2148 5554 2370 5611 historia
2394 5554 2518 5611 ceti.
2548 5554 2706 5610 Nunc
2733 5568 2949 5624 quoque
2996 5551 3283 5625 jungenda
3316 5560 3397 5608 est
3424 5551 3748 5625 signiﬁcatio

455 5640 632 5696 nutrix
660 5638 859 5695 blanda
905 5637 1157 5710 suscepit,
1190 5646 1242 5694 et
1271 5640 1469 5695 animal
1525 5640 1685 5697 celeri
1718 5640 1831 5697 fotu
1856 5640 2041 5697 reddi-

2150 5641 2335 5715 ipsius.
2396 5642 2609 5699 Viribus
2659 5649 2736 5698 est
2786 5640 3020 5697 Zabulus
3093 5641 3244 5712 quasi
3302 5649 3450 5701 catus
3518 5655 3747 5715 corpore
