4062 6074
307 214 412 267 893

1276 209 1859 268 DEFLORATIONES
1897 209 2004 268 SS.
2063 211 2364 270 PATRUM.
2401 241 2466 254 --
2502 211 2694 268 1.18.1.

3498 211 3600 266 894

306 346 563 404 magnus.
607 333 676 386 Ut
705 339 1017 386 monstrant
1057 332 1237 406 magni
1274 349 1410 404 quos
1461 333 1587 390 facit
1616 333 1704 389 ille
1731 333 1900 408 magi.
1931 335 1988 396 Α
2013 343 2227 404 noceat,
2258 335 2384 391 dum
2413 335 2636 408 gravior
2663 336 2732 392 sit
2777 344 2828 393 et
2858 337 3036 411 magis
3065 335 3230 392 noxia
3259 331 3601 406 improbitas,

304 422 514 475 litantes
545 429 870 476 cunctorum
904 438 1026 492 qua:-
1054 429 1180 476 sunt
1218 421 1417 495 ubique
1448 423 1688 478 viorum.
1728 424 1909 478 Esurit

303 517 462 580 atque
516 510 644 575 sitit,
698 525 946 580 quosque
1005 519 1182 580 potest
1232 511 1466 581 perimit.
1527 511 1634 566 Sed
1665 513 1909 568 modicos

302 597 429 652 ﬁdei
461 598 624 653 trahit
674 598 727 651 in
786 598 1078 653 dulcedine
1137 601 1310 667 verbi,
1367 616 1600 672 namque
1651 600 1757 655 fide
1812 599 1908 655 fir-

303 702 422 740 mos
452 703 559 740 non
593 685 753 741 trahit
782 686 873 740 ille
905 687 1072 742 viros.
1133 688 1190 742 In
1222 704 1330 759 quo
1359 688 1603 760 quisquis
1634 689 1856 744 confidit
1890 704 1904 758 ;

301 783 388 840 vel
419 783 602 854 specie
631 793 834 840 certam
867 785 970 839 sibi
995 785 1176 840 mittit.
1223 786 1305 840 Ad
1334 787 1516 858 stygia
1545 794 1670 842 tunc
1703 787 1909 859 rapitur

301 888 468 944 quam
500 872 641 928 male
671 872 962 943 decipitur.

366 989 447 1044 De
484 1003 728 1044 murena
757 991 813 1043 et
861 989 1080 1060 vipera.
1162 989 1327 1060 Viper
1389 997 1470 1045 est
1510 989 1907 1062 nequissimum

299 1091 475 1147 genus
530 1075 717 1130 bestiae
746 1084 799 1130 et
856 1093 1031 1147 super
1059 1093 1222 1133 omne
1272 1079 1422 1149 quod
1478 1078 1773 1149 serpentini
1802 1095 1908 1151 ge-

300 1163 454 1219 neris
483 1171 564 1219 est
586 1163 835 1230 astutior,
858 1164 952 1218 ubi
977 1166 1207 1220 coeundi
1225 1166 1577 1236 cupiditatem
1600 1182 1907 1237 assumpse-

302 1251 371 1307 rit
400 1269 629 1308 murena
649 1253 941 1320 maritima,
982 1263 1166 1309 notam
1187 1255 1291 1308 sibi
1310 1255 1528 1326 requirit
1549 1255 1802 1325 copulam
1821 1261 1908 1314 vel

300 1365 496 1404 novam
553 1356 848 1421 praeparat,
941 1367 1358 1424 progressaque
1433 1353 1504 1406 ad
1552 1351 1699 1405 littus
1749 1353 1907 1408 sibilo

301 1438 588 1493 testificata
617 1439 969 1508 praesentiam
1000 1440 1083 1493 sui
1113 1440 1184 1494 ad
1213 1440 1557 1512 conjugalem
1589 1441 1906 1510 amplexum

307 1525 456 1580 illam
493 1535 711 1582 evocat.
752 1529 977 1602 Murena
1005 1536 1180 1583 autem
1215 1527 1438 1583 invitata
1467 1545 1576 1584 non
1623 1529 1796 1596 deest,
1856 1537 1910 1584 et

298 1623 582 1671 venenatae
611 1616 850 1685 serpenti
881 1617 1152 1687 expetitos
1201 1633 1332 1672 usus
1362 1634 1474 1672 suae
1505 1618 1746 1687 impartit
1775 1633 1904 1674 con-

2010 423 2364 496 benignitatis
2394 425 2719 480 obumbrata
2776 425 3073 481 velamine.
3111 427 3181 480 Et
3225 424 3351 479 ideo
3377 421 3606 478 cavendi

2010 521 2132 567 sunt
2161 530 2284 584 quae
2313 514 2494 569 crines
2552 531 2663 569 suae
2693 514 2903 569 fraudis
2933 523 2984 570 et
3015 513 3240 569 brachia
3270 511 3432 582 longe
3462 511 3603 564 late-

2010 618 2116 674 que
2146 601 2486 674 dispergunt,
2524 603 2609 657 vel
2655 603 2892 673 speciem
2939 603 3167 657 induunt
3197 599 3606 655 multiformem.

2008 697 2076 751 Et
2113 695 2198 750 isti
2228 697 2373 751 enim
2430 697 2613 768 polypi
2664 706 2785 752 sunt
2845 714 3018 754 nexus
3048 698 3308 768 plurimos
3349 693 3606 747 habentes

2009 790 2063 838 et
2092 784 2414 839 callidorum
2469 783 2819 856 ingeniorum
2872 785 3122 858 vestigia,
3157 785 3352 856 quibus
3392 781 3606 835 irretire

2007 880 2241 942 possunt
2297 872 2556 944 quidquid
2602 873 2657 927 in
2713 875 2971 945 scopulos
3041 889 3152 929 suae
3205 871 3409 927 fraudis
3464 868 3605 925 inci-

2006 968 2174 1024 derit.

2077 1076 2156 1130 De
2184 1091 2420 1132 cancro.
2457 1075 2696 1131 Cancros
2727 1075 2905 1131 vocari
2957 1076 3112 1146 quasi
3142 1074 3388 1140 conchae,
3447 1087 3606 1130 crura

2006 1163 2290 1230 habentes,
2338 1163 2560 1218 inimica
2613 1163 2813 1219 ostreis
2868 1164 3175 1228 animalia;
3222 1179 3413 1220 eorum
3461 1163 3604 1218 enim

2006 1260 2264 1317 arnibus
2320 1261 2509 1317 vivunt
2567 1261 2700 1316 miro
2750 1261 2997 1334 ingenio.
3063 1263 3312 1334 Namque
3369 1261 3603 1316 validam

2007 1357 2203 1405 testam
2233 1351 2352 1419 ejus
2404 1350 2621 1420 aperire
2678 1365 2785 1405 non
2833 1359 3030 1420 potest,
3085 1351 3327 1420 explorat
3385 1349 3604 1420 quando

2007 1447 2188 1493 ostrea
2218 1438 2457 1493 claustra
2488 1446 2748 1494 testarum
2807 1438 3038 1509 aperiat,
3099 1447 3224 1494 tunc
3278 1453 3479 1494 cancer
3524 1437 3604 1491 la-

2007 1534 2181 1582 tenter
2236 1527 2448 1598 lapillos
2497 1527 2685 1596 injicit,
2734 1534 2897 1599 a-tque
2949 1526 3208 1597 impedita
3255 1525 3607 1582 conclusione

2006 1631 2202 1678 ostreae
2230 1639 2427 1679 carnes
2457 1623 2656 1678 erodit.
2712 1624 2953 1678 Tradunt
2981 1623 3201 1695 quidam
3259 1622 3449 1678 decem
3477 1636 3608 1677 can-

290 1708 612 1777 junctionis.
666 1714 808 1784 Quid
867 1716 969 1770 sibi
1028 1717 1140 1772 vult
1195 1732 1378 1772 sermo
1424 1717 1734 1785 hujusmodi
1793 1717 1900 1772 nisi
1935 1690 2121 1766 Bcris
2161 1727 2284 1766 cum
2324 1711 2487 1766 ocimi
2543 1711 2822 1782 manipulo
2878 1690 3113 1785 alligatis
3167 1727 3358 1767 omnes
3388 1709 3477 1781 qui
3535 1707 3609 1763 ibi

296 1802 556 1858 ferendos
586 1819 709 1858 esse
767 1820 955 1860 mores
984 1799 1284 1876 conjugum
1315 1807 1343 1858 ‘?
1391 1813 1444 1860 et
1473 1806 1518 1859 si
1561 1806 1761 1862 absens
1792 1809 1896 1872 est,

297 1891 414 1960 ejus
444 1893 836 1962 opperiendam
871 1894 1236 1963 praesentiam,
1269 1893 1396 1949 licet
1433 1894 1677 1965 siasper,
1708 1893 1896 1959 fallax,

295 1980 625 2050 inconditus,
658 1981 920 2050 lubricus,
959 1982 1303 2037 temulentus.
1323 1981 1464 2051 Quid
1488 1985 1642 2053 pejus
1663 1998 1895 2049 veneno,

297 2079 443 2149 quo'd
491 2079 546 2132 in
575 2080 805 2150 conjuge
835 2096 1057 2133 murena
1095 2096 1206 2134 non
1259 2079 1500 2153 refugit?
1557 2082 1759 2136 Vocata
1789 2097 1896 2136 non

297 2167 470 2233 deest,
501 2175 557 2221 et
585 2167 852 2236 serpentis
882 2167 1150 2223 lubricum
1207 2169 1392 2224 sedula
1423 2169 1681 2224 charitate
1737 2184 1899 2225 com-

295 2254 580 2326 plectitur.
640 2255 740 2311 Ille
771 2265 861 2311 tua
892 2257 1042 2312 mala
1072 2265 1270 2328 portat,
1305 2265 1355 2312 et
1385 2257 1620 2312 levitatis
1648 2257 1900 2314 femineae

300 2351 628 2416 facilitatem,
662 2361 718 2407 tu
749 2352 922 2408 virum
954 2361 1104 2408 tuum
1132 2371 1242 2409 non
1290 2363 1464 2424 potes,
1499 2354 1709 2423 mulier,
1733 2355 1898 2410 susti-

298 2456 453 2496 nere.
487 2441 657 2496 Adam
689 2457 788 2512 per
819 2443 987 2496 Evam
1017 2443 1281 2512 deceptus
1335 2451 1418 2498 est
1445 2445 1612 2508 (Gen.
1649 2444 1751 2514 in),
1786 2459 1899 2498 non

299 2529 412 2583 Eva
443 2545 544 2599 per
590 2530 794 2588 Adam.
860 2529 1036 2599 Quem
1065 2531 1278 2587 vocavit
1329 2531 1397 2586 ad
1427 2531 1644 2602 culpam
1699 2531 1902 2587 mulier

296 2619 504 2690 justum
536 2626 619 2673 est
648 2627 704 2674 ut
732 2635 852 2674 eum
911 2620 1335 2690 gubernatorem
1385 2628 1647 2686 assumat,
1697 2635 1765 2674 ne
1794 2620 1900 2674 ite-

302 2734 417 2772 rum
450 2717 686 2772 feminea
718 2717 970 2774 facilitate
1000 2719 1237 2775 labatur.
1278 2719 1382 2775 Sed
1441 2718 1699 2774 horridus
1728 2727 1782 2774 et
1810 2719 1895 2773 in-

300 2806 475 2861 cultus
502 2814 609 2862 est.
675 2806 785 2861 Sed
828 2807 998 2863 semel
1053 2808 1252 2879 placuit
1285 2827 1297 2862 :
1338 2808 1616 2880 Numquid
1668 2807 1756 2863 vir
1785 2807 1901 2862 fre-

302 2903 530 2964 quenter
577 2903 664 2948 est
692 2895 978 2965 eligendus
1008 2897 1036 2952 ?
1066 2896 1384 2966 Comparem
1415 2912 1569 2950 suum
1602 2903 1654 2950 et
1682 2896 1780 2950 bos
1812 2911 1898 2950 re-

300 2982 484 3054 quirit,
544 2989 598 3036 et
626 2999 804 3053 equus
834 2983 1028 3056 diligit,
1067 2993 1118 3040 et
1147 2985 1195 3039 si
1224 2992 1459 3040 mutetur
1487 2984 1644 3050 alius,
1679 2983 1898 3038 trahere

296 3080 491 3152 jugum
521 3081 695 3136 nescit
729 3101 740 3136 :
769 3096 996 3152 compar
1022 3081 1246 3136 alterius
1276 3081 1362 3135 vel
1394 3082 1461 3136 ad
1492 3097 1552 3135 se
1580 3096 1686 3136 non
1720 3089 1897 3134 tutum

300 3174 478 3238 putat,
529 3172 586 3223 tu
637 3170 883 3241 jugalem
934 3170 1192 3240 repudias
1251 3178 1420 3235 tuum,
1481 3177 1530 3224 et
1589 3177 1745 3240 putas
1776 3185 1899 3224 esse

299 3253 643 3318 mutandum,
678 3261 729 3307 et
759 3253 801 3306 si
833 3269 942 3307 uno
972 3253 1176 3308 deserit
1204 3253 1317 3319 die,
1382 3252 1681 3323 suspicaris
1711 3253 1902 3308 ruina-

299 3348 426 3416 lem,
462 3357 513 3405 et
544 3350 720 3405 statim
758 3350 1033 3423 incognita
1081 3366 1247 3406 causa
1279 3351 1434 3422 quasi
1473 3351 1746 3422 cognitam
1796 3368 1900 3422 pu-

297 3438 452 3493 doris
482 3440 800 3510 exsequeris
831 3440 1112 3508 injuriam.
1169 3440 1375 3511 Vipera
1413 3441 1690 3495 absentem
1720 3441 1902 3512 requi-

297 3527 382 3592 rit,
423 3527 708 3583 absentem
739 3536 911 3593 vocat,
945 3532 999 3582 et
1030 3528 1226 3584 blanalo
1267 3527 1569 3598 proclamat
1599 3529 1779 3594 sibilo,
1812 3537 1898 3583 at-

299 3632 404 3686 que
461 3616 552 3670 ubi
606 3617 899 3672 adventare
955 3632 1269 3687 comparem
1317 3618 1568 3681 senserit,
1621 3633 1898 3672 venenum

298 3715 522 3778 evomit,
556 3715 917 3769 reverentiam
969 3715 1159 3769 marito
1216 3712 1474 3770 deferens
1530 3714 1900 3770 verecundata

295 3802 588 3874 nuptialem
621 3804 877 3876 gratiam,
911 3811 966 3858 tu
998 3803 1214 3867 mulier,
1265 3803 1644 3859 advenientem
1675 3803 1744 3858 de
1775 3803 1901 3858 lon-

297 3891 502 3964 ginquo
539 3893 816 3953 maritum.
842 3891 1193 3948 contumeliis
1225 3892 1470 3962 repellis.

367 4009 443 4064 De
472 4010 689 4081 polypo.
750 4007 985 4078 Polypus
1014 4007 1199 4077 piscis.
1234 4007 1286 4061 id
1322 4016 1404 4062 est
1435 4007 1687 4078 multipes
1722 4027 1732 4062 :
1768 4006 1899 4078 plu-

295 4096 465 4151 rimos
518 4097 661 4152 enim
716 4113 892 4151 nexus
921 4097 1104 4151 habet.
1153 4097 1262 4150 Iste
1309 4096 1629 4168 ingeniosus
1681 4097 1898 4150 hamum

291 4193 576 4256 appetens,
609 4185 883 4241 branchiis
941 4184 1335 4255 complectitur,
1395 4199 1502 4238 non
1535 4200 1722 4239 morsu
1756 4203 1767 4238 :
1800 4200 1901 4240 nec

293 4275 450 4344 prius
498 4274 713 4328 dimittit
744 4290 908 4346 quam
941 4289 1125 4330 escam
1181 4273 1613 4330 circumroserit.
1678 4273 1900 4328 Vadoso

1926 3035 1973 3098 C

2009 1806 2134 1854 sunt
2162 1799 2492 1870 scorpiones
2523 1801 2588 1853 ad
2621 1816 2743 1854 eum
2801 1798 2979 1855 locum
3010 1799 3269 1855 coituros.
3310 1799 3444 1854 Sunt
3473 1812 3604 1868 ergo

2005 1897 2253 1951 homines
2310 1897 2403 1966 qui
2432 1897 2614 1952 cancri
2676 1913 2774 1951 usu
2807 1897 2857 1950 in
2917 1897 3112 1952 alienae
3145 1913 3306 1951 usum
3365 1896 3601 1952 circum-

2007 1984 2322 2054 scriptionis
2351 1984 2615 2055 irrepant,
2657 1992 2709 2039 et
2740 1983 3105 2039 inﬁrmitatem
3137 1983 3369 2055 propriae
3395 1982 3623 2037 virtutis

2007 2080 2126 2126 astu
2184 2073 2418 2144 quodam
2484 2072 2807 2138 suﬁ'ulciant,
2866 2073 3017 2127 fratri
3073 2073 3255 2128 dolum
3302 2079 3523 2128 nectent
3552 2079 3606 2125 et

2005 2160 2232 2215 alterius
2255 2164 2554 2231 pascantur
2583 2177 2848 2216 aarumna.
2906 2162 2986 2215 Tu
3015 2169 3194 2216 autem
3225 2159 3456 2232 propriis
3487 2167 3604 2215 esto

2006 2267 2310 2325 contentus,
2353 2267 2407 2314 et
2461 2259 2640 2315 aliena
2671 2268 2720 2315 te
2787 2260 2988 2314 damna
3016 2275 3122 2314 non
3152 2265 3395 2330 pascant.
3423 2259 3605 2312 Bonus

2007 2347 2164 2402 cibus
2195 2357 2277 2402 est
2301 2347 2620 2418 simplicitas
2677 2348 3004 2404 innocentiae
3045 2365 3159 2402 suae
3198 2347 3342 2401 bona
3369 2347 3602 2413 habens,

2006 2435 2255 2491 insidiari
2285 2436 2462 2491 nescit
2520 2437 2734 2503 alienis,
2793 2453 2896 2492 nec
2924 2436 3169 2492 avaritiae
3199 2452 3314 2490 suae
3345 2434 3462 2491 face
3519 2435 3606 2489 in—

2006 2533 2266 2598 ardescit,
2300 2533 2383 2594 cui
2416 2533 2624 2588 lucrum
2669 2549 2829 2588 omne
2858 2533 2926 2587 ad
2981 2533 3235 2587 virtutum
3263 2531 3606 2603 dispendium

2007 2629 2108 2686 est,
2145 2621 2213 2675 ad
2242 2621 2586 2692 cupiditatem
2635 2621 2968 2677 incendium.
3001 2622 3068 2676 Et
3116 2621 3238 2675 ideo
3265 2620 3423 2674 beata
3450 2627 3531 2674 est
3563 2618 3608 2673 si

2008 2710 2146 2764 bona
2179 2726 2273 2764 sua
2303 2709 2515 2764 noverit
2544 2725 2666 2765 cum
2718 2709 2942 2765 veritate
2999 2717 3314 2780 paupertas,
3347 2715 3396 2762 et
3423 2707 3606 2762 omni-

2007 2799 2106 2853 bus
2136 2797 2478 2868 praeferenda
2510 2799 2804 2865 thesauris,
2867 2797 2989 2869 quia
3017 2797 3210 2852 melius
3241 2804 3322 2851 est
3350 2796 3606 2867 exiguum

2007 2911 2128 2951 cum
2160 2895 2259 2950 Dei
2291 2895 2505 2961 timore,
2549 2911 2708 2966 quam
2757 2895 2995 2950 thesauri
3053 2893 3236 2965 magni
3265 2893 3382 2948 sine
3416 2892 3610 2948 timore

2008 2985 2123 3052 ejus
2155 2986 2336 3054 (Prov.
2398 2985 2512 3055 xv).
2551 2984 2778 3040 Utamur
2807 2999 2938 3055 ergo
2988 2982 3208 3054 ingenio
3237 2982 3306 3037 ad
3355 2998 3608 3053 quaeren-

2008 3072 2134 3127 dam
2169 3072 2400 3144 gratiam
2425 3081 2476 3127 et
2499 3073 2724 3128 salutem
2746 3073 3024 3139 tuendam,
3049 3087 3157 3126 non
3179 3071 3249 3125 ad
3265 3069 3493 3125 alienam
3513 3069 3612 3126 cir-

2008 3169 2480 3227 cumscribendam
2514 3169 2910 3225 innocentiam.
2941 3169 3096 3225 Licet
3117 3168 3275 3223 nobis
3309 3167 3384 3222 uti
3419 3183 3610 3222 exem-

2008 3259 2112 3330 plis
2142 3258 2427 3313 maritimis
2455 3258 2528 3313 ad
2577 3259 2879 3330 profectum
2923 3265 3126 3314 nostrae
3156 3256 3365 3323 salutis,
3398 3271 3507 3311 non
3537 3257 3608 3311 ad

2007 3347 2242 3404 alienum
2277 3347 2606 3419 periculum.

2079 3458 2154 3511 De
2183 3456 2407 3512 echino.
2470 3455 2710 3510 Echinus
2768 3455 2868 3510 iste
2913 3461 3189 3520 terrenus,
3250 3469 3409 3525 quem
3440 3452 3606 3525 vulgo

2008 3553 2237 3608 ericium
2293 3559 2509 3616 vocant,
2573 3552 2618 3606 si
2683 3551 2811 3624 quid
2877 3543 3195 3605 insidiarum
3251 3549 3606 3621 persenserit,

2009 3641 2182 3710 spinis
2213 3641 2325 3696 suis
2356 3641 2646 3707 clauditur,
2679 3650 2842 3712 atque
2874 3639 2929 3694 in
2981 3654 3075 3694 sua
3109 3656 3168 3695 se
3198 3637 3403 3710 colligit
3431 3651 3608 3701 arma,

2010 3738 2064 3784 ut
2121 3729 2434 3800 quicunque
2486 3746 2608 3784 eum
2665 3728 3092 3802 contingendum
3122 3726 3392 3799 putaverit
3422 3725 3610 3780 vulne-

2009 3833 2176 3880 retur.
2212 3827 2470 3896 Idemque
2519 3827 2741 3882 echinus
2791 3826 2968 3880 futura
2997 3825 3320 3895 praevidens,
3357 3822 3611 3894 geminas

2009 3914 2112 3968 sibi
2139 3914 2415 3983 repirandi
2450 3914 2563 3968 vias
2593 3914 2786 3977 munit,
2841 3924 2897 3968 ut
2929 3913 3145 3984 quando
3201 3914 3426 3967 boream
3449 3910 3611 3964 ﬂatu-

2010 4019 2129 4056 rum
2160 4002 2448 4074 collegerit
2507 4001 2989 4073 septentrionalem
3051 4003 3346 4065 obstruat;
3388 3999 3608 4068 quando

2009 4099 2138 4146 noto
2168 4091 2484 4162 cognoverit
2510 4091 2694 4162 detegi
2724 4090 2867 4144 aeris
2899 4088 3086 4143 nubila
3111 4087 3180 4141 ad
3210 4086 3611 4156 septentriona-

2008 4188 2114 4242 lem
2171 4205 2229 4243 se
2260 4187 2521 4253 conferat,
2556 4196 2611 4241 ut
2643 4188 2802 4241 flatus
2859 4183 3097 4242 declinet
3125 4182 3344 4248 obvios,
3377 4191 3430 4238 et
3458 4200 3487 4239 e
3519 4200 3607 4239 re-

2007 4275 2174 4348 gione
2205 4277 2497 4331 nocituros.
2531 4277 2656 4331 Haec
2704 4275 2772 4330 de
2804 4274 2994 4330 echino
3027 4282 3266 4328 terreno.
3307 4272 3386 4328 De
3417 4273 3608 4328 echino

293 4375 473 4423 autem
502 4369 554 4422 in
613 4369 795 4424 littore
833 4376 1038 4439 petram
1071 4378 1265 4425 nactus
1323 4368 1562 4440 aﬂ‘igitur
1592 4368 1640 4424 ei
1674 4387 1687 4434 ;
1739 4377 1898 4437 atque
1928 4393 1979 4452 Ι)
2012 4373 2190 4420 autem
2223 4365 2436 4420 marino
2466 4364 2663 4421 dicitur
2691 4364 2837 4434 quod
2865 4364 2931 4417 sit
2960 4362 3159 4417 animal
3190 4361 3462 4434 exiguum,
3505 4361 3610 4416 vile

294 4457 560 4512 nebuloso
589 4457 813 4528 ingenio
862 4458 1104 4512 colorem
1162 4457 1326 4523 subit,
1391 4467 1444 4513 et
1499 4457 1662 4511 simili
1713 4458 1897 4527 specie

293 4559 452 4625 terga
481 4555 699 4608 obtutus
730 4555 992 4624 plurimos
1041 4553 1271 4624 piscium
1301 4555 1420 4609 sine
1448 4556 1555 4609 ulla
1585 4554 1898 4626 suspicione

290 4639 496 4696 fraudis
523 4642 782 4712 allapsos.
817 4642 944 4696 dum
976 4658 1083 4697 non
1129 4652 1435 4713 praecavent
1463 4653 1512 4698 et
1545 4659 1738 4697 saxum
1770 4644 1895 4713 Opi—

292 4738 510 4795 nantar,
541 4731 760 4788 casibus
783 4730 1001 4786 furtim
1031 4733 1161 4786 artis
1211 4731 1456 4796 includit,
1490 4739 1540 4786 et
1597 4732 1721 4786 sinu
1753 4748 1896 4803 quo-

289 4819 415 4872 dam
472 4836 588 4874 suae
643 4820 826 4876 carnis
882 4819 1178 4888 intercipit.
1244 4820 1333 4875 Sic
1390 4828 1690 4889 spontanea
1747 4821 1898 4874 venit

290 4916 499 4987 praeda,
533 4924 582 4972 et
615 4916 817 4970 talibus
858 4915 1072 4985 capitur
1120 4915 1462 4988 argumentis
1497 4936 1508 4971 :
1539 4917 1716 4986 qualia
1773 4925 1898 4970 sunt

289 5020 480 5059 eorum
511 5004 602 5076 qui
631 5004 911 5076 ingenium
950 5021 1106 5058 suum
1139 5020 1285 5074 saepe
1333 5013 1688 5070 commutant,
1723 5013 1776 5060 et
1805 5006 1895 5059 di-

291 5109 478 5149 versas
509 5093 740 5150 nocendi
771 5102 923 5147 artes
953 5103 1190 5158 movent,
1225 5101 1280 5147 ut
1311 5093 1654 5165 singulorum
1686 5102 1895 5148 mentes

289 5206 597 5258 sensusque
647 5198 975 5260 pertentent,
1053 5206 1176 5244 cum
1246 5190 1656 5245 continentibus
1716 5190 1893 5246 conti-

287 5281 536 5332 nentiam
573 5279 949 5348 przedicantes,
983 5278 1038 5331 in
1088 5278 1233 5332 coitu
1263 5279 1741 5349 intemperantium
1772 5287 1896 5332 tan-

289 5381 446 5434 quam
501 5366 647 5421 devii
677 5368 743 5421 ab
793 5367 972 5421 studio
1003 5367 1288 5432 castitatis,
1323 5376 1375 5422 et
1416 5368 1653 5422 demersi
1685 5367 1894 5422 intem-

284 5462 552 5532 perantiae
605 5463 914 5529 volutabris,
957 5472 1014 5518 ut
1065 5465 1155 5536 qui
1188 5481 1283 5519 eos
1307 5464 1532 5518 audiunt
1564 5473 1654 5517 aut
1688 5463 1889 5530 vident,

283 5551 502 5608 incauta
562 5551 812 5607 facilitate
868 5569 928 5608 se
986 5554 1235 5618 credant,
1295 5569 1466 5626 eoque
1497 5552 1887 5607 citiuslabun-

284 5665 388 5724 tur,
425 5657 552 5712 dum
585 5657 920 5731 distinguere
949 5675 1059 5715 non
1091 5667 1304 5727 norunt,
1365 5674 1466 5714 nec
1493 5666 1717 5714 cavetur
1744 5657 1891 5730 quod

2006 4479 2068 4517 ac
2100 4459 2469 4530 deSpicabile;
2505 4458 2832 4513 maritimum
2868 4458 3190 4530 plerumque
3224 4458 3384 4513 index
3416 4457 3610 4512 futurae

2006 4549 2362 4620 tempestatis,
2423 4556 2515 4602 aut
2546 4547 2948 4620 tranquillitatis
3000 4547 3288 4602 annuntius
3320 4545 3458 4601 solet
3488 4560 3611 4600 esse

2004 4638 2410 4710 navigantibus.
2479 4638 2724 4706 Denique
2771 4653 2892 4692 cum
2950 4635 3248 4707 procellam
3326 4642 3609 4690 ventorum

2005 4726 2374 4798 praesenserit,
2407 4725 2684 4782 calculum
2719 4726 2956 4780 validum
2987 4725 3195 4795 arripit,
3230 4739 3462 4794 eumque
3511 4738 3609 4776 ve-

2003 4825 2082 4878 lut
2109 4825 2387 4878 saburram
2421 4824 2585 4888 vehit,
2621 4831 2671 4877 et
2703 4831 2961 4893 tanquam
2993 4823 3291 4876 anchoram
3327 4817 3506 4881 trahit,
3540 4833 3607 4872 ne

2003 4913 2306 4967 excutiatur
2336 4911 2615 4966 fluctibus.
2651 4913 2841 4981 Itaque
2872 4925 2978 4964 non
3012 4909 3124 4963 suis
3154 4925 3213 4963 se
3245 4908 3440 4961 liberat
3474 4907 3606 4961 viri-

2003 5001 2106 5055 bus
2150 5001 2248 5055 sed
2279 4999 2461 5054 alieno
2521 4997 2725 5053 stabilit
2757 5005 2810 5053 et
2839 4997 2977 5069 regit
3006 4996 3276 5068 pondere.
3313 4994 3437 5064 Quo
3472 4994 3610 5048 indi-

2003 5099 2107 5165 cio,
2160 5105 2337 5152 nauta
2379 5096 2521 5151 velut
2577 5098 2793 5167 signum
2829 5089 3020 5148 futura:
3049 5093 3466 5164 perturbationis
3511 5109 3607 5148 ca-

2003 5193 2247 5257 pessunt,
2285 5195 2336 5239 et
2367 5185 2468 5238 sibi
2526 5191 2842 5255 prtecavent
2874 5199 2940 5237 ne
2998 5198 3093 5237 eos
3122 5181 3418 5252 imparatos
3447 5181 3607 5236 turbo

2001 5273 2327 5344 improvisus
2387 5273 2650 5328 inveniat.
2705 5274 2860 5342 Saepe
2923 5269 3175 5326 homines
3230 5269 3605 5326 confusionem

2001 5363 2150 5418 aeris
2183 5362 2386 5428 vident,
2422 5369 2474 5416 et
2505 5377 2649 5431 saepe
2685 5360 2940 5414 falluntur
2958 5359 3101 5431 quod
3131 5358 3454 5430 plerumque
3486 5373 3605 5412 eam

2002 5451 2120 5506 sine
2147 5457 2468 5521 tempestate
2523 5449 2860 5517 discutiant;
2910 5449 3134 5505 echinus
3198 5463 3306 5501 non
3357 5447 3600 5502 fallitur:

2001 5549 2254 5605 echinum
2285 5564 2384 5602 sua
2441 5563 2779 5617 nequaquam
2839 5547 2997 5619 signa
3031 5553 3380 5616 praetereunt.
3448 5546 3602 5601 Unda

2000 5655 2198 5728 exiguo
2231 5654 2454 5710 animali
2484 5663 2628 5712 tanta
2651 5653 2895 5721 scientia,
2930 5660 2986 5708 ut
3015 5653 3189 5708 futura
3221 5650 3545 5723 prmnuntiet
