4062 6074
406 195 510 249 895
528 231 533 235 ι

1445 188 1448 190 ’
1539 195 1877 251 WERNERI
1916 195 2198 254 ABBATIS
2251 197 2308 253 S.
2350 197 2566 253 BLASII

3604 197 3708 254 896

403 314 526 385 Quo
555 315 730 388 magis
757 316 812 371 in
858 332 924 373 eo
953 318 1086 378 nihil
1133 326 1233 386 est,
1266 335 1374 392 quo
1431 326 1632 375 tantam
1680 321 1846 375 habet
1874 334 1998 392 pru-
2024 321 2081 381 Α
2109 311 2322 392 campo,
2357 330 2406 379 et
2436 338 2732 380 occurrens
2763 321 2988 397 regibus
3009 322 3271 389 arrident,
3306 321 3568 378 odoretur
3600 317 3709 376 bel-

401 404 664 460 dentiam.
723 406 902 461 Credo
961 407 1106 478 quod
1161 424 1260 478 per
1341 409 1733 482 indulgentiam
1785 409 2005 464 Domini

408 508 592 547 rerum
655 495 916 559 omnium,
976 496 1028 548 id
1107 513 1325 568 quoque
1399 499 1754 568 praescientiae
1810 515 2006 552 munus

404 581 695 651 acceperit.
728 583 937 636 Etenim
966 583 1012 637 si
1044 583 1229 638 fenum
1265 587 1406 640 Deus
1437 587 1516 642 sic
1566 587 1723 642 vestit
1752 595 1808 641 ut
1839 591 2005 642 mire-

409 685 552 734 mur,
585 670 630 723 si
661 671 835 738 pascit
894 671 1156 741 volatilia,
1213 674 1259 727 si
1313 675 1527 744 paravit
1575 675 1756 731 corvis
1803 691 2004 740 escam,

407 757 544 828 pulli
575 757 719 812 enim
738 759 860 827 ejus
882 760 950 814 ad
975 761 1151 816 Deum
1171 761 1427 817 clamant.
1445 764 1499 817 Si
1519 764 1838 819 mulieribus
1859 764 2009 818 dedit

408 861 635 911 texturae
665 856 1006 926 sapientiam,
1039 858 1085 913 si
1139 875 1411 925 araneam,
1445 879 1564 933 qua;
1608 871 1714 916 tam
1743 863 2009 917 subtiliter

403 956 474 998 ac
505 943 663 1000 docte
692 945 855 1001 laxos
884 961 1071 1002 casses
1099 950 1383 1018 suspendit
1403 950 1454 1004 in
1483 950 1690 1005 foribus
1707 950 2008 1021 sapientia,

407 1044 517 1085 non
548 1030 764 1103 reliquit
793 1033 1109 1101 immunem,
1146 1036 1189 1090 si
1222 1036 1341 1108 ipse
1378 1037 1636 1093 virtutem
1666 1053 1810 1109 equo
1838 1039 2006 1105 dedit,

408 1134 462 1183 et
490 1127 650 1186 solvit
675 1129 746 1186 de
787 1130 1005 1188 cervice
1033 1133 1152 1203 ejus
1195 1133 1539 1193 formidinem
1601 1143 1657 1192 ut
1689 1135 1929 1193 exsultet
1953 1136 2013 1192 in

2113 411 2224 465 lum
2256 413 2486 478 eminus,
2520 411 2787 468 excitetur
2815 429 2952 468 sono
2997 413 3159 480 tubae,
3193 412 3238 466 si
3268 413 3384 467 haec
3417 408 3707 464 irrationa-

2115 502 2244 555 bilia
2273 501 2530 573 pleraque
2562 510 2612 556 et
2640 502 2751 556 alia
2789 502 3126 556 insensibilia
3185 509 3239 556 ut
3268 501 3473 564 fenum,
3510 506 3566 552 ut
3597 497 3708 552 lilia

2114 591 2348 661 replevit
2377 607 2473 644 sua
2504 590 2861 661 dispositione
2895 589 3192 661 sapientiae,
3226 589 3354 661 quid
3399 587 3712 641 dubitamus

2114 692 2259 763 quod
2307 691 2470 746 etiam
2530 691 2583 745 in
2632 691 2886 747 echinum
2941 688 3236 747 contulerit
3263 687 3422 755 hujus
3477 684 3717 756 gratiam

2114 781 2501 853 praescientite.
2540 780 2687 836 Nihil
2735 780 2877 836 enim
2926 779 3342 850 inexploratum,
3403 773 3537 828 nihil
3571 773 3716 829 enim

2115 869 2568 926 indissimulatum
2624 869 2902 939 relinquit.
2962 866 3162 923 Omnia
3203 864 3352 920 videt
3407 862 3500 935 qui
3540 859 3718 932 pascit

2116 966 2302 1023 omnia
2323 985 2342 1022 :
2376 965 2554 1022 omnia
2584 965 2758 1037 replet
2778 964 3054 1036 Sapientia
3074 977 3195 1035 quas
3219 961 3402 1017 omnia
3428 958 3484 1014 in
3503 957 3696 1030 sapien

2116 1054 2192 1110 tia
2217 1054 2376 1111 fecit.

1263 1469 1659 1572 DOMIN
1675 1469 1880 1572 [CA
1945 1470 2111 1571 DE
2205 1467 2827 1574 PASSlONE

488 1693 510 1716 α
547 1668 678 1740 Quis
700 1688 764 1727 ex
786 1673 943 1728 vobis
974 1682 1169 1748 arguet
1183 1677 1350 1732 mede
1380 1687 1606 1747 peccato
1629 1678 2002 1751 (Joan.vut).»
2036 1677 2090 1739 Β
2121 1681 2364 1735 humana
2393 1678 2668 1734 inﬂatione
2713 1677 2968 1732 discreta.
3015 1671 3327 1730 Secundum
3382 1668 3597 1741 poenale
3619 1667 3718 1737 ju—

412 1757 536 1812 Non
566 1758 893 1832 dedignatur
920 1778 984 1818 ex
1017 1764 1228 1818 ratione
1253 1766 1548 1822 ostendere
1579 1783 1639 1822 se
1669 1775 2016 1837 peccatorem

415 1861 525 1900 non
557 1863 707 1904 esse.
748 1871 770 1896 α
831 1849 887 1904 Si
918 1851 1204 1906 veritatem
1255 1853 1398 1918 dico,
1433 1870 1600 1925 quare
1656 1871 1764 1909 non
1795 1856 2017 1911 creditis

416 1934 550 1990 mihi
577 1938 605 1990 ‘?
634 1935 738 2005 Qui
769 1947 852 1993 est
881 1955 946 1993 ex
977 1940 1118 2009 Deo,
1151 1942 1316 1996 verba
1347 1943 1447 1996 Dei
1503 1943 1674 1998 audit.
1725 1945 2017 2014 PrOpterea

412 2047 512 2087 vos
541 2048 647 2088 non
678 2035 894 2103 auditis,
929 2037 1054 2108 quia
1092 2055 1156 2091 ex
1192 2039 1302 2093 Deo
1333 2055 1441 2094 non
1471 2041 1623 2094 estis.
1661 2061 1684 2090 ι
1719 2041 1855 2095 Sunt
1884 2057 2020 2096 non-

413 2121 544 2176 nulli
573 2123 663 2194 qui
699 2133 972 2194 przecepta
1004 2126 1098 2180 Dei
1145 2142 1247 2181 nec
1275 2143 1403 2182 aure
1453 2129 1702 2198 corporis
1732 2129 2018 2200 percipere

413 2209 725 2281 dignantur,
799 2221 852 2266 et
873 2221 998 2266 sunt
1027 2214 1272 2268 nonnulli
1290 2216 1380 2286 qui
1403 2217 1728 2287 percipiunt,
1752 2218 1847 2272 sed
1869 2217 2020 2274 nullo

415 2306 613 2360 mentis
641 2307 912 2363 desiderio
969 2311 1422 2381 complectuntur,
1479 2321 1532 2369 et
1586 2322 1721 2368 sunt
1776 2315 2021 2370 nonnulli

415 2394 508 2465 qui
540 2394 775 2450 libenter
803 2397 1071 2452 audiendo
1102 2409 1539 2471 compunguntur
1565 2402 1660 2458 sed
1692 2411 1817 2474 post
1847 2404 2022 2476 lacry-

414 2497 535 2537 mas
563 2483 632 2538 ad
665 2482 1000 2555 iniquitatem
1032 2487 1279 2543 redeunt.
1314 2489 1378 2544 Hi
1423 2491 1670 2559 profecto
1723 2494 1890 2547 verba
1921 2493 2022 2548 Dei

411 2585 520 2626 non
551 2572 792 2639 audiunt,
815 2574 940 2645 quia
964 2591 1030 2630 ea
1045 2592 1307 2632 exercere
1327 2577 1380 2632 in
1415 2594 1586 2649 opere
1621 2590 2002 2636 contemnunt.

410 2667 560 2724 Licet
588 2668 756 2740 igitur
783 2685 974 2726 omnes
1011 2682 1134 2727 sunt
1165 2671 1258 2730 lilii
1290 2675 1391 2730 Dei
1444 2693 1544 2747 per
1572 2685 1842 2744 naturam,
1876 2679 2020 2750 quod

413 2758 704 2812 ostendunt
759 2759 1036 2828 parabolae
1087 2761 1157 2816 de
1189 2762 1298 2818 lilio
1348 2764 1490 2837 frugi
1539 2774 1590 2820 et
1633 2767 1909 2838 prodigo;
1950 2768 2021 2824 de

413 2845 625 2900 duobus
666 2846 794 2900 ﬁliis
825 2847 1068 2903 invitatis
1095 2851 1164 2904 ad
1195 2851 1432 2920 vineam,
1483 2853 1560 2908 illi
1590 2863 1768 2910 tamen
1800 2863 1924 2910 sunt
1950 2872 2019 2912 ex

413 2955 630 3013 diabolo
658 2974 759 3029 per
788 2956 998 3023 vitium,
1038 2956 1166 3029 quia
1197 2954 1359 3010 verba
1382 2952 1481 3008 Dei
1512 2969 1618 3007 non
1639 2952 1889 3025 diligunt.
1914 2953 2018 3022 Qui

2125 1769 2324 1824 dicium
2353 1769 2516 1822 Pater
2547 1782 2656 1822 non
2680 1765 2888 1835 judicat
2933 1776 3281 1834 quemquam,
3313 1758 3412 1814 sed
3432 1773 3594 1813 omne
3616 1756 3719 1827 ju-

2124 1858 2321 1914 dicium
2351 1856 2500 1912 dedit
2522 1856 2656 1910 Filio
2685 1871 2700 1924 ;
2732 1853 3032 1910 secundum
3072 1849 3334 1921 judicium
3371 1845 3722 1902 discretionis

2119 1946 2323 2016 judicat
2368 1954 2422 2000 ut
2473 1945 2527 1999 in
2571 1943 2817 2015 psalmo:
2855 1964 2878 1989 α
2911 1940 3105 1995 Judica
3160 1954 3248 1992 me
3312 1937 3460 1991 Deus
3526 1934 3711 2002 (Psal.

2128 2037 2282 2105 χιιι).
2326 2059 2347 2082 ι»
2384 2034 2552 2102 Hujus
2576 2031 2766 2102 judicii
2823 2029 3090 2100 expositio
3120 2025 3361 2098 sequitur
3393 2039 3405 2078 :
3443 2045 3465 2071 α
3515 2024 3583 2078 Et
3611 2021 3727 2077 dis-

2126 2148 2308 2200 cerne,
2339 2131 2531 2202 inquit,
2586 2144 2806 2185 causam
2838 2142 3017 2181 meam
3079 2125 3148 2180 de
3178 2130 3341 2195 gente
3371 2137 3478 2176 non
3531 2127 3727 2175 sancta

2127 2221 2348 2293 (ibid)
2390 2243 2412 2268 »
2475 2219 2735 2274 Similiter
2774 2217 2910 2271 duas
2963 2213 3288 2270 tentationes
3343 2208 3722 2280 intelligimus,

2128 2333 2360 2388 quarum
2389 2331 2496 2371 una
2526 2314 2749 2385 decipit,
2783 2313 2953 2368 altera
2993 2311 3206 2382 probat.
3263 2309 3400 2363 Nam
3456 2304 3724 2377 scriptum

2129 2415 2212 2463 est
2244 2421 2256 2461 :
2295 2430 2317 2455 α
2351 2407 2500 2461 Deus
2528 2403 2806 2459 neminem
2836 2409 3007 2457 tentet
3035 2401 3173 2470 (Jac.
3209 2398 3269 2468 t).
3319 2420 3341 2444 ιι
3398 2396 3466 2450 Et
3521 2395 3721 2450 iterum

2129 2497 2388 2566 scriptum
2435 2501 2518 2549 est
2551 2508 2563 2548 :
2599 2515 2622 2540 α
2655 2493 2851 2547 Tentat
2877 2507 2979 2546 vos
3025 2488 3288 2544 Dominus
3317 2487 3464 2540 Deus
3514 2491 3716 2548 vester,

2127 2593 2185 2639 ut
2215 2585 2351 2640 sciat
2379 2583 2427 2638 si
2458 2581 2703 2652 diligatis
2733 2595 2857 2635 eum
2896 2579 3091 2648 (Deut.
3129 2577 3266 2645 xm).
3295 2597 3318 2622 ιι
3356 2575 3423 2633 Ut
3450 2573 3599 2628 sciat
3627 2571 3721 2625 di-

2128 2690 2270 2738 ctum
2303 2688 2384 2736 est
2413 2695 2514 2750 pro
2545 2680 2690 2734 scire
2719 2679 2919 2749 faciat.
2950 2675 3055 2730 Job
3083 2673 3283 2728 latebat
3312 2687 3391 2735 se,
3422 2669 3521 2724 sed
3539 2670 3720 2724 Deum

2128 2787 2257 2826 non.
2291 2769 2523 2824 Admisit
2556 2769 2704 2822 Deus
2739 2773 3085 2827 tentatorem,
3128 2770 3181 2816 et
3203 2760 3330 2816 fecit
3357 2775 3482 2815 eum
3510 2757 3594 2812 sui
3624 2772 3718 2813 co-

2127 2859 2420 2932 gnitorem.
2449 2857 2540 2912 Sic
2597 2864 2648 2911 et
2676 2855 2784 2909 duo
2833 2854 3055 2908 timores
3084 2857 3256 2904 sunt:
3310 2846 3545 2911 servilis,
3589 2860 3717 2900 cum

2127 2957 2286 3011 times
2332 2971 2401 3010 ne
2445 2954 2669 3024 patiaris
2714 2967 2933 3022 poenam
2967 2968 2980 3014 ;
3012 2955 3219 3013 castus,
3251 2963 3380 3003 cum
3434 2944 3594 3000 times
3648 2958 3719 2999 ne

410 3061 538 3101 vero
569 3026 929 3102 renascuntur
981 3026 1072 3101 ex-
1103 3045 1218 3099 Deo
1264 3041 1636 3115 generationis
1691 3043 2002 3114 adoptione,
2033 3033 2082 3093 C
2114 3041 2328 3095 amittas
2349 3039 2635 3108 justitiam.
2686 3038 2938 3092 Alterum
2992 3031 3235 3105 perfecta
3264 3028 3509 3087 charitas
3567 3026 3713 3082 foras

411 3134 637 3190 audiunt
666 3135 890 3191 verbum
922 3133 1022 3190 Dei
1045 3140 1099 3189 et
1128 3132 1464 3189 custodiunt.

487 3255 511 3280 «
565 3232 983 3302 Responderunt
1019 3231 1183 3302 igitur
1231 3229 1424 3294 Judaei,
1484 3237 1536 3283 et
1562 3229 1821 3284 dixerunt
1877 3230 1926 3286 ei
1987 3248 2002 3285 :

409 3320 604 3376 Nonne
634 3321 772 3376 bene
802 3321 1032 3376 dicimus
1061 3336 1161 3374 nos
1201 3319 1328 3388 quia
1347 3319 1723 3374 Samaritanus
1753 3335 1813 3373 es
1841 3327 1896 3374 tu
1953 3326 2006 3376 et

413 3408 739 3465 daemonium
772 3409 989 3464 habes?
1025 3433 1044 3455 ε
1080 3409 1419 3478 Receperant
1457 3408 1782 3463 Samaritani
1811 3409 2004 3464 Domi-

417 3522 568 3574 num,
602 3507 821 3579 quando
851 3507 1064 3562 locutus
1091 3514 1176 3562 est
1203 3505 1418 3561 mulieri
1448 3505 1516 3560 ad
1548 3505 1769 3570 fontem,
1800 3514 1854 3562 et
1881 3523 2007 3562 cum

415 3595 497 3650 eis
545 3604 898 3651 conversatus
927 3603 1064 3650 erat.
1127 3596 1334 3651 Vocant
1362 3594 1529 3666 igitur
1556 3611 1679 3649 eum
1708 3595 1880 3650 Judaei
1909 3595 2009 3650 Sa-

417 3683 746 3739 maritanum
778 3683 930 3754 quasi
971 3690 1335 3754 peccatorem,
1368 3683 1491 3754 quia
1537 3691 1854 3754 peccatores
1881 3683 2008 3740 illos

415 3772 758 3843 reputabant,
790 3787 892 3828 nec
921 3771 1001 3827 eis
1030 3773 1402 3828 conlabantur.

492 3893 513 3918 α
549 3870 846 3941 Respondit
871 3869 1030 3925 Iesus
1065 3887 1078 3925 :
1108 3870 1227 3941 Ego
1281 3867 1607 3926 daemonium
1654 3884 1761 3924 non
1809 3869 2005 3935 habeo,

416 3957 514 4014 sed
545 3957 845 4014 honorifico
885 3960 1094 4014 Patrem
1156 3975 1359 4023 meum,
1410 3966 1463 4012 et
1516 3973 1613 4012 vos
1642 3957 2008 4013 inhonorastis

416 4063 528 4102 me.
583 4071 604 4094 »
639 4048 882 4102 Alterum
915 4048 982 4102 de
1011 4048 1226 4102 duobus
1255 4047 1483 4115 objectis
1508 4046 1749 4119 negavit.
1781 4045 2008 4102 Samari-

416 4142 577 4191 tanus
634 4136 777 4191 enim
835 4138 1192 4208 iterpretatur
1231 4140 1462 4194 custos:
1521 4144 1572 4190 et
1602 4135 1885 4191 custodem
1949 4151 2010 4192 se

414 4249 541 4288 esse
573 4249 679 4288 non
712 4234 950 4304 negavit.
995 4235 1116 4288 Non
1173 4235 1314 4289 enim
1346 4233 1601 4289 dormitat
1654 4233 1746 4306 qui
1775 4232 2012 4289 custodit

413 4322 581 4376 Israel
604 4324 774 4386 (Psal.
811 4322 957 4392 cxx).
991 4323 1057 4376 Et
1086 4323 1190 4376 nisi
1249 4323 1510 4377 Dominus
1571 4322 1894 4378 custodierit
1922 4321 2006 4376 ci-

2113 3125 2272 3179 mittit
2301 3125 2546 3179 timorem
2577 3124 2759 3190 (Joan.
2792 3121 2902 3189 tv);
2935 3119 3170 3174 alterum
3203 3123 3407 3178 servat,
3458 3128 3564 3168 nos
3591 3119 3718 3167 ante

2113 3213 2287 3269 Deum
2317 3227 2644 3284 permanens
2675 3210 2729 3264 in
2785 3208 3045 3264 saeculum
3092 3203 3298 3262 saeculi.
3332 3204 3477 3257 Nam
3507 3209 3560 3256 et
3588 3216 3716 3255 mu-

2114 3310 2217 3366 lier
2243 3311 2488 3366 adultera
2516 3309 2668 3363 timet
2697 3323 2766 3363 ne
2795 3306 2878 3362 vir
2907 3306 3031 3374 ejus
3057 3303 3256 3373 veniat,
3292 3308 3474 3366 casta,
3527 3314 3598 3354 ne
3626 3299 3715 3354 vir

2115 3401 2232 3470 ejus
2266 3399 2548 3455 abscedat.

2195 3512 2217 3536 ιι
2250 3491 2444 3552 Amen,
2461 3503 2620 3542 amen
2641 3486 2763 3541 dico
2789 3484 2964 3550 vobis,
2989 3481 3033 3537 si
3063 3481 3184 3553 quis
3204 3491 3713 3536 sermonemmeum

2119 3585 2420 3641 servaverit
2448 3593 2677 3639 mortem
2706 3599 2817 3638 non
2844 3580 3048 3636 videbit
3068 3579 3123 3635 in
3141 3587 3423 3634 aeternum.
3455 3597 3476 3623 ι’
3514 3574 3714 3629 Exem-

2117 3669 2210 3740 plo
2235 3685 2334 3725 suo
2364 3685 2466 3724 nos
2495 3667 2752 3724 admonet
2781 3683 2869 3733 ne,
2929 3680 3051 3720 eum
3083 3663 3341 3718 malorum
3372 3659 3714 3730 perversitas

2115 3759 2332 3824 crescit,
2357 3757 2667 3828 praedicare
2699 3770 3000 3819 cessemus,
3032 3752 3155 3824 quia
3206 3758 3260 3808 et
3288 3749 3418 3806 boni
3449 3746 3712 3803 meliores

2115 3864 2215 3918 per
2244 3845 2602 3903 contumelias
2633 3844 2763 3900 ﬁunt
2810 3849 2866 3901 et
2897 3841 3122 3914 reprobi
3172 3840 3239 3896 de
3273 3837 3540 3895 beneﬁcio
3613 3852 3713 3908 pe-

2106 3945 2256 4015 jores
2269 3985 2284 4000 .

2193 4075 2215 4100 υ
2250 4051 2510 4108 Dixerunt
2540 4065 2677 4122 ergo
2705 4047 2878 4104 Judaei
2911 4065 2925 4102 :
2963 4047 3122 4102 Nunc
3167 4043 3552 4116 cognoscimus
3579 4040 3716 4113 quia

2115 4140 2443 4196 daemonium
2498 4139 2694 4194 babes.
2758 4137 3031 4191 Abraham
3080 4142 3328 4189 mortuus
3383 4139 3468 4187 est
3493 4139 3548 4186 et
3575 4145 3712 4200 pro-

2117 4238 2314 4309 pheta,
2347 4245 2399 4292 et
2428 4245 2484 4292 tu
2503 4236 2642 4290 dicis
2675 4252 2688 4288 :
2745 4234 2803 4290 Si
2855 4232 2977 4305 quis
3029 4245 3342 4287 sermonem
3372 4242 3554 4283 meum
3583 4243 3712 4282 ser-

2119 4326 2346 4388 vaverit,
2373 4330 2605 4381 mortem
2628 4340 2733 4378 non
2757 4321 2995 4394 gustabit
3013 4322 3068 4376 in
3088 4328 3370 4376 aeternum.
3394 4337 3418 4367 ι
3442 4318 3522 4371 De
3533 4324 3713 4370 morte

413 4410 632 4466 vitalem
682 4386 926 4464 frustra.
965 4410 1150 4483 vigilat
1207 4411 1301 4482 qui
1358 4410 1592 4466 custodit
1647 4427 1766 4464 eam
1825 4411 2001 4479 (Psal.
2040 4386 2092 4449 Ῐ)
2119 4386 2378 4482 secunda,
2410 4419 2586 4469 morte
2614 4386 2902 4485 gehennae,
2951 4413 3128 4465 morte
3173 4405 3534 4464 damnationis
3584 4420 3713 4459 cum

412 4506 612 4574 cxxw).
661 4507 782 4561 Non
810 4507 1209 4562 contumeliosa
1243 4508 1414 4562 verba
1444 4507 1726 4577 respondit
1754 4508 1846 4578 qui
1879 4523 2007 4562 vere

412 4595 746 4666 respondere
798 4604 1022 4665 posset:
1074 4597 1181 4650 Vos
1228 4595 1560 4651 daemonium
1620 4596 1856 4651 habetis.
1897 4594 2006 4650 Sed

414 4684 673 4755 superbia
703 4691 886 4740 nostra
918 4683 1004 4740 hic
1033 4684 1404 4738 confunditur.
1449 4686 1566 4739 Jam
1595 4684 1723 4754 quid
1752 4684 1910 4740 nobis
1940 4700 2002 4739 ex

415 4773 519 4828 hoc
564 4772 823 4838 innuitur,
886 4772 988 4826 nisi
1031 4779 1090 4827 ut
1135 4789 1201 4828 eo
1233 4778 1475 4843 tempore
1506 4788 1614 4845 quo
1659 4789 1693 4828 a
1741 4772 2006 4843 proximis

413 4869 578 4926 falsas
606 4870 968 4926 contumelias
1013 4869 1320 4939 accepimus
1372 4885 1558 4925 eorum
1616 4869 1778 4924 etiam
1834 4870 2006 4925 verba

414 4959 558 5013 mala
590 4967 879 5022 taceamus,
915 4975 984 5014 ne
1015 4958 1330 5029 mysterium
1385 4966 1593 5014 nostrae
1649 4957 2003 5028 correptionis

411 5061 563 5101 arma
594 5055 876 5102 vertamus
906 5046 1102 5102 furoris
1117 5087 1130 5101 .

491 5166 512 5189 α
547 5145 666 5214 Ego
698 5145 930 5216 gloriam
961 5161 1137 5200 meam
1181 5161 1286 5200 non
1316 5160 1530 5217 quaero,
1562 5152 1645 5199 est
1676 5144 1766 5215 qui
1795 5152 2005 5214 quaerat

415 5238 466 5284 et
515 5231 744 5298 judicet.
791 5257 812 5281 ι
865 5234 986 5288 Νοη
1054 5249 1241 5303 quaero
1295 5233 1520 5305 gloriam
1579 5232 1719 5287 sicut
1775 5232 2004 5286 simula-

411 5327 557 5374 torcs
588 5319 676 5390 qui
712 5331 958 5388 quaerunt
986 5321 1155 5376 videri
1198 5323 1344 5392 quod
1401 5337 1508 5377 nou
1541 5330 1689 5375 sunt.
1728 5321 1824 5376 Est
1847 5321 2006 5377 Pater

412 5407 510 5479 qui
541 5407 727 5478 quaarit
758 5408 990 5478 gloriam
1048 5425 1242 5476 meam,
1277 5419 1331 5464 et
1354 5410 1580 5478 judicet,
1614 5409 1669 5464 id
1701 5409 2008 5466 estdiscer-

414 5513 564 5559 nata
595 5505 767 5573 gloria
823 5515 1026 5568 vestra.
1084 5507 1209 5578 quia
1268 5524 1364 5564 vos
1417 5509 1716 5564 secundum
1747 5507 2006 5564 saeculum

412 5593 744 5664 gloriamini,
793 5611 899 5649 non
961 5611 1110 5665 ego;
1170 5595 1267 5650 sed
1316 5613 1377 5651 ea
1407 5596 1586 5667 gloria
1625 5611 1786 5668 quam
1844 5597 2006 5652 habui

409 5683 552 5757 apud
586 5684 797 5740 Patrem
852 5693 1146 5757 antequam
1199 5685 1431 5741 mundus
1459 5694 1624 5753 esset,
1669 5701 1791 5756 quae
1830 5691 1914 5742 est
1941 5685 2007 5741 ab

2113 4503 2332 4558 diabolo
2362 4503 2508 4568 dicit,
2543 4502 2668 4574 quia
2699 4517 2802 4557 nec
2830 4501 3106 4555 Abraham
3138 4506 3384 4553 mortuus
3439 4501 3543 4559 est,
3605 4508 3711 4550 nec

2112 4603 2414 4672 prophetas.
2478 4600 2558 4654 llli
2615 4600 2757 4655 enim
2803 4597 3004 4653 mortui
3045 4605 3189 4661 sunt,
3251 4603 3303 4649 et
3360 4592 3583 4658 vivunt;
3617 4591 3710 4646 isti

2111 4691 2378 4745 vivebant
2403 4696 2455 4745 et
2488 4689 2688 4745 mortui
2714 4695 2886 4746 erant.
2906 4688 3130 4743 Mortem
3159 4682 3345 4742 videre
3361 4679 3456 4740 vel
3481 4685 3713 4755 gustare

2113 4789 2191 4834 est
2231 4795 2353 4835 eam
2386 4778 2644 4849 experiri.

2189 4900 2201 4925 ι
2248 4875 2500 4948 Nunquid
2530 4883 2585 4930 tu
2625 4876 2798 4943 major
2831 4891 2893 4930 es
2949 4881 3106 4944 patre
3159 4877 3350 4928 nostro
3397 4869 3706 4933 Abraham,

2111 4960 2201 5033 qui
2233 4969 2479 5016 mortuus
2509 4967 2609 5016 est.
2662 4960 2729 5014 Et
2771 4960 3050 5030 prophetae
3113 4955 3310 5012 mortui
3338 4962 3487 5010 sunt.
3526 4952 3706 5022 Quem

2110 5050 2342 5120 teipsum
2375 5049 2505 5105 facis
2533 5051 2560 5103 ‘l
2591 5048 2892 5116 Respondit
2921 5048 3082 5103 Jesus
3123 5063 3137 5100 :
3178 5044 3235 5101 Si
3305 5059 3412 5117 ego
3451 5041 3709 5113 gloriﬁco

2110 5140 2381 5210 meipsum
2414 5139 2586 5210 gloria
2620 5154 2741 5192 mea
2771 5137 2902 5192 nihil
2933 5144 3042 5192 est.
3083 5137 3177 5191 Est
3207 5136 3363 5190 Pater
3396 5149 3557 5190 meus
3613 5130 3708 5203 qui

2111 5235 2378 5306 gloriﬁcat
2407 5252 2514 5301 me,
2555 5250 2714 5306 quem
2747 5250 2842 5288 vos
2871 5232 3053 5287 dicitis
3073 5232 3196 5304 quia
3215 5233 3361 5286 Deus
3402 5237 3584 5285 vester
3599 5237 3704 5293 est,

2112 5333 2163 5378 et
2196 5340 2301 5379 non
2332 5321 2667 5396 cegnovislis
2698 5339 2849 5378 eum.
2899 5321 3022 5392 Ego
3047 5328 3224 5375 autem
3265 5320 3389 5374 novi
3437 5334 3583 5374 eum.
3638 5318 3710 5373 Et

2113 5413 2156 5466 si
2188 5413 2380 5468 dixero
2433 5412 2557 5484 quia
2613 5428 2724 5468 non
2761 5411 2880 5468 scio
2935 5427 3084 5475 eum,
3145 5425 3242 5464 ero
3271 5407 3468 5464 similis
3526 5407 3704 5472 vobis,

2113 5501 2370 5556 mendax.
2403 5500 2513 5556 Sed
2541 5501 2654 5556 scio
2684 5516 2829 5564 eum,
2863 5508 2916 5555 et
2944 5513 3249 5556 sermonem
3274 5497 3390 5566 ejus
3429 5512 3611 5551 servo.
3676 5520 3699 5543 ιι

2114 5595 2432 5650 Sermonem
2462 5595 2642 5650 Patris
2672 5602 2730 5649 ut
2764 5593 2927 5649 Filius
2955 5593 3281 5664 loquebatur
3309 5609 3322 5645 :
3368 5598 3418 5645 et
3439 5590 3554 5662 ipse
3587 5598 3705 5645 erat

2116 5684 2351 5741 Verbum
2384 5683 2576 5752 Patris,
2635 5683 2727 5759 qui
2763 5681 3074 5740 hominibus
3114 5680 3460 5756 loquebatur.
3480 5679 3538 5736 Si
3563 5695 3702 5754 ergo
