4062 6074
299 257 404 314 897

1243 248 1820 308 DEFLORATIONES
1861 247 1939 306 SS
2001 242 2296 304 PATRUM.
2326 279 2398 289 —
2435 246 2559 303 LIB.
2599 250 2645 304 Ι.

3489 253 3594 307 898

298 377 687 452 cognovissent
710 377 949 444 Patrem,
974 375 1165 432 Filium
1188 376 1308 446 ejus
1329 374 1693 446 recepissent:
1731 390 1891 447 quem
1922 373 1975 434 A
2007 373 2224 429 habuit.
2264 373 2452 445 Itaque
2484 382 2741 446 quantum
2774 374 2831 430 in
2863 374 2982 446 ipsa
3012 376 3126 443 fuit,
3159 393 3265 434 non
3295 379 3597 437 debuitsu-

299 485 411 525 vox
442 468 616 523 Patris
644 464 988 539 glorificabat
1019 465 1072 518 in
1104 465 1457 534 baptismate,
1489 464 1542 518 in
1591 472 1795 530 monte,
1847 472 1899 519 et

302 557 354 612 in
386 557 506 612 aliis
538 555 876 625 hujusmodi.
917 556 1046 608 Ideo
1087 562 1276 608 contra
1322 553 1427 608 hoc
1472 553 1615 624 quod
1664 552 1895 607 dicunt:

305 647 482 715 Quem
509 645 741 715 teipsum
761 642 916 708 facis,
942 641 1108 697 refert
1129 641 1360 713 gloriam
1396 657 1551 695 suam
1573 641 1640 694 ad
1672 641 1899 694 Patrem

304 735 496 792 dicens
531 751 544 787 :
577 733 632 788 Si
662 748 769 804 ego
803 731 952 786 solus
983 731 1100 784 sine
1132 732 1284 784 Patre
1317 728 1562 800 glorifico
1605 728 1898 800 meipsum,

305 825 450 880 sicut
481 821 855 886 simulatores,
889 819 1069 891 gloria
1099 834 1222 873 mea
1251 817 1385 872 nihil
1415 825 1516 872 est.

383 966 404 989 ι
447 941 728 995 Abraham
770 945 929 1008 pater
983 945 1170 992 vester
1226 934 1514 990 exsultavit
1576 943 1632 988 ut
1687 933 1904 990 videret

309 1029 456 1087 diem
522 1043 699 1082 meum
736 1041 748 1080 :
780 1034 832 1080 et
861 1025 1013 1092 vidit,
1048 1033 1099 1080 et
1130 1025 1349 1097 gavisus
1378 1032 1478 1079 est.
1507 1046 1527 1071 »
1551 1022 1795 1078 Credens
1812 1039 1905 1076 ex-

305 1117 524 1174 sultavit
553 1114 851 1187 sperando,
886 1121 943 1168 ut
975 1113 1186 1168 videret
1217 1111 1592 1183 intelligendo.
1622 1110 1781 1179 Quod
1827 1109 1905 1166 ait

308 1206 455 1262 diem
506 1220 707 1268 meum,
760 1203 1031 1258 incertum
1089 1209 1272 1272 potest
1315 1216 1441 1256 esse
1494 1200 1636 1255 unde
1690 1197 1901 1266 dixerit,

307 1303 490 1350 utrum
520 1293 663 1348 diem
696 1291 913 1347 Domini
943 1289 1303 1361 temporalem
1335 1288 1388 1342 in
1418 1304 1599 1358 carne,
1645 1303 1712 1342 an
1758 1287 1902 1342 diem

309 1383 400 1453 qui
441 1381 619 1437 nescit
681 1388 860 1436 ortum
914 1394 1016 1434 nec
1073 1393 1381 1433 occasum:
1448 1377 1558 1432 Sed
1617 1385 1905 1446 utrumque

309 1472 599 1527 Abraham
628 1468 782 1524 vidit.
816 1467 1050 1536 Quando
1089 1466 1231 1522 enim
1281 1465 1430 1520 misit
1479 1482 1698 1520 servum
1748 1478 1904 1518 suum

309 1569 496 1633 petere
525 1574 752 1614 uxorem
782 1556 892 1612 ﬁlio
923 1571 1020 1611 suo
1049 1557 1227 1621 Isaac,
1262 1555 1334 1609 ait
1366 1572 1378 1608 :
1430 1577 1452 1602 α
1492 1555 1633 1609 Pone
1684 1568 1905 1607 manum

308 1657 457 1704 tuam
489 1648 590 1703 sub
620 1646 826 1702 femore
857 1661 999 1709 meo,
1035 1653 1085 1699 et
1111 1644 1235 1714 jura
1261 1659 1360 1714 per
1390 1644 1561 1698 Deum
1585 1642 1704 1698 caeli
1731 1642 1898 1710 (Gen.

310 1739 491 1807 xxxv).
521 1759 541 1784 υ
565 1734 669 1804 Qui
688 1735 793 1789 hoc
813 1733 915 1787 sibi
950 1732 1060 1786 vult
1092 1731 1196 1785 nisi
1236 1731 1367 1803 quia
1402 1729 1804 1802 significabatur
1834 1727 1902 1784 de
1931 1729 1982 1789 B

309 1841 522 1898 genere
555 1823 791 1878 Abrahae
822 1823 995 1877 Deum
1025 1821 1147 1876 οωΙί
1175 1829 1463 1875 venturum
1493 1820 1545 1873 in
1578 1835 1762 1874 carne.
1797 1816 1904 1881 Qui

309 1913 718 1986 reprehendunt
747 1927 968 1967 carnem
999 1909 1218 1974 Christi,
1252 1909 1654 1979 reprehendunt
1703 1907 1903 1962 factum

309 2004 570 2058 Abrahae.
608 2001 884 2054 Abraham
916 1999 1058 2053 diem
1095 1996 1316 2052 Domini
1347 1997 1494 2064 vidit,
1527 2012 1646 2051 cum
1679 1996 1730 2049 in
1760 1992 1903 2065 figu-

310 2109 368 2148 ra
401 2106 634 2146 summm
662 2088 944 2144 Trinitatis
976 2095 1084 2140 tres
1115 2085 1344 2157 angelos
1373 2084 1611 2155 hospitio
1641 2082 1903 2153 suscepit.

385 2230 408 2255 α
451 2207 724 2262 Dixerunt
749 2202 921 2257 Judaei
947 2201 1019 2256 ad
1061 2217 1233 2256 eum:
1287 2198 1688 2270 Quinquaginta
1734 2211 1907 2252 annos

314 2295 561 2353 nondum
595 2293 786 2356 habes,
812 2299 862 2346 et
885 2290 1160 2344 Abraham
1184 2289 1408 2344 vidisti?
1432 2287 1578 2342 Dixit
1603 2287 1680 2341 eis
1709 2286 1868 2340 Jesus
1892 2303 1904 2340 :

314 2391 508 2451 Amen,
539 2398 702 2438 amen
731 2380 854 2435 dico
886 2379 1060 2444 vobis,
1095 2386 1382 2449 antequam
1435 2376 1716 2430 Abraham
1757 2373 1911 2430 ﬁeret

315 2490 422 2547 ego
452 2488 592 2528 sum.
630 2494 651 2518 η
685 2469 806 2524 Νοιι
838 2467 914 2522 ait
960 2471 1034 2521 tui
1068 2485 1082 2530 ;
1125 2466 1226 2522 sed
1277 2482 1418 2534 sum,
1474 2464 1598 2536 quia
1648 2463 1911 2520 Divinitas

315 2571 529 2633 tempus
559 2575 666 2614 non
695 2558 884 2612 habet.
928 2556 1009 2609 Ab
1045 2554 1238 2609 intuitu
1283 2553 1486 2622 carnis,
1538 2553 1606 2606 ad
1656 2551 1912 2606 divinita-

317 2659 428 2708 tem
449 2651 614 2704 trahit
636 2662 650 2717 ;
675 2645 792 2714 sed,
829 2645 951 2701 duri
973 2653 1029 2700 ut
1049 2643 1278 2716 lapi-ies,
1298 2651 1488 2714 putant
1505 2642 1608 2698 hoc
1631 2656 1752 2696 esse
1773 2640 1913 2696 blas-

321 2739 616 2814 phemiam.

395 2881 418 2905 α
460 2855 722 2910 Tulerunt
749 2867 886 2925 ergo
931 2849 1141 2922 lapides
1170 2856 1228 2904 ut
1251 2849 1502 2917 jacerent
1528 2845 1584 2900 in
1614 2861 1762 2900 eum.
1817 2844 1912 2900 Je-

321 2962 415 3001 sus
445 2953 624 2999 autem
653 2939 938 2998 abscondit
967 2956 1048 3005 se,
1079 2945 1132 2993 et
1161 2937 1327 2993 exivit
1346 2937 1413 2992 de
1439 2934 1660 3006 templo.
1690 2958 1711 2982 υ
1739 2933 1914 3003 Quem

322 3034 627 3104 intelligere
673 3046 781 3086 non
838 3035 1088 3101 poterant
1133 3027 1366 3082 obruere
1406 3025 1767 3096 qumrebant:
1816 3021 1915 3077 sed

322 3122 588 3179 Dominus
618 3137 677 3175 se
707 3118 978 3174 vindicare
1006 3115 1196 3184 noluit,
1229 3113 1352 3186 quia
1382 3113 1490 3184 pati
1538 3119 1786 3168 venerat.
1847 3111 1914 3165 Et

321 3212 446 3267 ideo
477 3226 538 3266 se
567 3207 854 3264 abscondit
885 3214 941 3260 ut
970 3205 1120 3259 daret
1141 3203 1300 3258 nobis
1330 3202 1636 3273 exemplum
1669 3201 1799 3256 dare
1827 3199 1914 3255 lo-

322 3316 447 3357 cum
477 3301 593 3364 iraa,
627 3297 712 3352 vel
743 3295 866 3350 ideo
913 3301 970 3348 ut
1017 3292 1333 3348 ostenderet
1381 3292 1510 3362 quia
1553 3291 1671 3361 ipsa
1719 3288 1916 3344 veritas

323 3390 405 3446 eis
433 3385 802 3449 absconditur,
839 3383 929 3455 qui
961 3381 1082 3452 ejus
1131 3381 1298 3436 verba
1346 3381 1502 3452 sequi
1542 3385 1914 3442 contemnunt,

326 3486 379 3534 et
409 3476 546 3549 fugit
576 3481 836 3539 mentem,
870 3472 997 3541 quia
1040 3485 1150 3524 non
1203 3469 1408 3523 invenit
1454 3467 1730 3522 humilem.
1775 3467 1917 3520 Nota
1979 3524 1981 3527 ,

325 3565 461 3638 quia
506 3562 903 3620 inconsiderate
953 3559 1126 3614 Judaei
1169 3559 1422 3612 dixerunt
1464 3557 1533 3612 ad
1577 3555 1866 3612 Dominum
1901 3571 1914 3608 :

327 3651 730 3724 Quinquaginta
758 3663 930 3703 annos
958 3647 1201 3702 nondum
1231 3646 1401 3701 habes
1421 3645 1448 3699 ?
1487 3646 1622 3700 Sunt
1670 3643 1763 3716 qui
1811 3641 1917 3696 fin-

326 3751 462 3817 gunt
497 3742 566 3796 ab
603 3738 978 3796 incarnatione
1015 3751 1191 3806 usque
1250 3735 1319 3790 ad
1375 3733 1691 3805 passionem
1749 3730 1917 3786 multo

326 3831 512 3904 plures
542 3844 714 3886 annos
745 3841 909 3900 quam
939 3842 1010 3881 ex
1038 3824 1283 3881 historiis
1311 3824 1661 3897 colligamus.

971 4002 1204 4059 SERMO

333 4175 406 4216 DE
433 4173 613 4214 CARNB
644 4171 796 4222 QUAM
825 4156 1061 4211 VERBUM
1088 4166 1392 4209 ASSUHPSIT
1418 4170 1430 4207 Ξ
1456 4165 1655 4213 QUALIS
1684 4164 1881 4206 FUBRlT
1905 4167 1918 4204 ἒ

517 4271 812 4313 SECUNDUM
842 4265 1290 4310 ΡΑεειΒιιιτΑτΒΜ
1319 4264 1390 4304 ET
1416 4263 1720 4305 AFFECTUS.

407 4404 483 4458 De
513 4417 675 4458 carne
705 4397 868 4456 Verbi
897 4410 1329 4454 commemorare
1358 4399 1590 4464 oportet,
1616 4391 1743 4464 quia
1775 4390 1924 4445 illam

331 4492 401 4548 ab
428 4491 550 4562 ipsa
577 4487 935 4559 conceptione
979 4484 1213 4556 Spiritus
1262 4481 1436 4538 sancti
1483 4480 1803 4552 operatione
1847 4479 1924 4533 ita

331 4580 646 4636 mundatam
679 4575 979 4640 credimus,
1011 4580 1068 4628 ut
1089 4588 1211 4629 eam
1235 4571 1476 4627 Verbum
1497 4569 1672 4641 ipsum
1693 4568 1926 4623 liberum

333 4685 555 4742 prorsus
583 4675 638 4724 et
677 4666 974 4720 immunem
1018 4662 1086 4716 ab
1139 4659 1286 4716 omni
1332 4667 1558 4732 peccato
1601 4669 1924 4720 assumeret,

333 4774 494 4831 paena
522 4763 726 4812 tantum
756 4759 984 4826 peccato
1012 4749 1306 4816 voluntate,
1339 4764 1448 4804 non
1474 4747 1801 4804 necessitate
1837 4762 1929 4800 as-

335 4846 617 4912 sumentis,
653 4849 988 4907 remanente,
1020 4847 1076 4894 ut
1104 4841 1231 4894 dum
1263 4837 1373 4893 ista
1402 4836 1454 4890 in
1483 4836 1767 4892 Salvatore
1809 4834 1928 4889 sine

334 4936 496 5007 culpa
526 4939 821 5006 pateretur,
846 4930 938 4985 illa
956 4944 1061 5000 qua
1082 4927 1136 4981 in
1163 4925 1444 4981 salvandis
1467 4939 1567 4996 pro
1590 4923 1748 4994 culpa
1767 4937 1932 4994 paena

335 5033 575 5090 obnoxia
606 5031 814 5086 fuerant
840 5027 1198 5082 liberaretur.
1239 5023 1318 5078 De
1353 5027 1453 5078 hac
1483 5037 1646 5093 poena
1687 5019 1930 5092 passibi—

339 5123 504 5179 litatis
525 5121 640 5175 sive
663 5114 1004 5174 mortalitatis
1017 5119 1268 5185 quarunt
1295 5111 1514 5182 quidam
1557 5108 1834 5182 quomodo
1873 5107 1931 5161 in

339 5227 504 5269 carne
519 5205 814 5265 Salvatoris
830 5202 1080 5260 crat.Sed
1101 5200 1260 5256 facile
1272 5207 1354 5255 est
1365 5198 1506 5254 scire
1519 5197 1792 5269 quomodo
1807 5210 1934 5251 caro

339 5299 432 5357 illa
463 5296 704 5370 quandiu
732 5294 787 5348 in
829 5307 1008 5347 massa
1065 5289 1288 5362 generis
1337 5286 1557 5342 humani
1604 5287 1706 5340 sub
1761 5283 1934 5355 origi-

339 5387 451 5444 nali
506 5386 693 5442 debito
750 5383 866 5448 fuit,
924 5395 1142 5451 pmnam
1201 5392 1419 5449 quoque
1475 5371 1938 5447 praevaricationis

344 5493 467 5550 quae
496 5478 674 5530 totum
706 5471 990 5526 tenebatur
1017 5469 1072 5522 in
1103 5474 1214 5522 toto
1244 5465 1362 5537 ipso
1389 5481 1454 5520 ex
1484 5463 1809 5520 necessitate
1842 5479 1935 5517 su-

345 5573 552 5630 stinuit.
585 5573 877 5641 Postquam
909 5581 1042 5622 vero
1079 5580 1116 5619 a
1159 5571 1273 5618 toto
1319 5562 1440 5633 ipso
1482 5560 1825 5634 singulariter
1851 5558 1939 5614 di-

349 5663 466 5720 visa
495 5667 597 5729 est,
629 5667 688 5714 ut
715 5672 821 5714 nec
853 5656 908 5711 in
935 5655 1056 5726 ipso
1087 5659 1253 5718 esset,
1286 5665 1390 5707 nec
1418 5666 1542 5706 cum
1565 5651 1684 5720 ipso
1705 5649 1759 5702 in
1779 5663 1942 5704 causa

345 5749 724 5826 participaret,
749 5745 867 5817 jam
898 5742 1031 5800 nihil
1057 5756 1216 5816 pensa
1234 5738 1442 5810 debuit,
1466 5737 1596 5810 quia
1614 5737 1790 5810 culpa
1808 5734 1943 5792 nihil

2007 471 2208 525 stinere
2239 485 2476 540 pmnam,
2511 472 2771 542 quoniam
2803 474 2912 542 jam
2963 490 3068 529 non
3111 475 3302 530 habuit
3348 477 3590 548 culpam.

2010 561 2223 614 Poterat
2249 575 2380 630 ergo
2413 559 2562 630 juste
2592 561 2842 617 Salvator
2870 562 2924 616 in
2954 578 3116 618 carne
3147 581 3262 630 sua,
3294 582 3453 637 quam
3483 569 3600 625 sine

2008 647 2166 718 Culpa
2206 649 2522 720 assumpsit,
2557 665 2775 720 poenam
2802 651 3164 719 mortalitatis,
3200 655 3598 724 passibilitatis-

2009 758 2114 815 que
2143 742 2534 809 infirmitatem,
2567 761 2672 801 non
2706 747 3078 818 assumpsisse
3109 768 3122 815 ;
3176 751 3274 805 sed
3321 768 3440 807 eam
3492 771 3600 811 non

2009 831 2188 886 solum
2220 847 2386 902 super
2417 833 2470 887 id
2503 835 2646 904 quod
2677 851 2776 890 nos
2807 852 2993 891 sumus
3021 839 3303 907 mortales,
3336 842 3460 912 quia
3479 859 3604 912 pec-

2010 927 2162 976 cator
2191 935 2300 974 non
2336 930 2468 987 erat,
2508 926 2604 976 sed
2653 940 2816 994 super
2866 925 2921 978 id
2975 925 3138 980 etiam
3199 929 3342 998 quod
3397 931 3603 1000 primus

2009 1019 2174 1073 homo
2201 1027 2324 1072 ante
2355 1027 2637 1088 peccatum
2670 1019 2783 1087 fuit,
2818 1023 2938 1092 quia
2977 1024 3286 1093 probandus
3329 1043 3436 1082 non
3487 1039 3606 1086 erat

2012 1121 2045 1163 a
2082 1107 2262 1178 prima
2318 1109 2676 1178 conceptione
2741 1109 2969 1180 gloriam
3036 1111 3458 1170 immortalitatis
3513 1119 3602 1172 in-

2012 1196 2225 1250 duisse.
2267 1195 2485 1250 Primus
2516 1197 2717 1269 quippe
2746 1199 2910 1254 homo
2939 1201 3067 1270 quia
3094 1202 3414 1271 probandus
3462 1216 3598 1276 erat,

2015 1293 2136 1348 talis
2167 1309 2292 1348 esse
2319 1293 2527 1359 debuit,
2565 1294 2656 1364 qui
2687 1302 2737 1350 et
2768 1311 2992 1365 peccare
3023 1306 3079 1352 et
3108 1313 3214 1354 non
3244 1315 3477 1370 peccare
3505 1320 3604 1374 po-

2012 1381 2226 1448 tuisset,
2263 1389 2319 1436 ut
2349 1381 2648 1436 voluntatis
2676 1399 2785 1438 non
2815 1385 3155 1440 necessitatis
3207 1399 3353 1444 esset
3400 1400 3606 1447 utrum-

2015 1486 2146 1542 que.
2183 1471 2376 1542 Neque
2407 1471 2553 1525 enim
2584 1471 2669 1526 vel
2709 1472 2985 1527 obedienti
3033 1474 3305 1543 meritum,
3357 1479 3443 1534 vel
3496 1497 3607 1537 non

2014 1566 2288 1622 obedienti
2325 1566 2487 1638 culpa
2525 1583 2649 1623 esse
2687 1569 2972 1638 potuisset,
3024 1571 3128 1626 nisi
3175 1581 3228 1626 et
3270 1575 3603 1646 obedientia,

2015 1662 2068 1709 et
2096 1656 2486 1725 praevaricatio
2515 1656 2813 1711 voluntaria
2841 1657 3051 1714 fuisset.
3117 1662 3305 1733 Itaque
3359 1664 3479 1734 quia
3537 1665 3608 1720 ad

2013 1743 2390 1814 probationem
2414 1752 2495 1799 est
2514 1753 2802 1816 utrumque
2825 1746 3077 1808 voluntas
3099 1750 3217 1816 ejus
3251 1753 3609 1822 exspectaba-

2011 1849 2112 1907 tur,
2144 1842 2213 1895 ad
2246 1849 2535 1913 utrumque
2566 1843 2614 1897 ei
2645 1844 2982 1914 possibilitas
3036 1847 3415 1916 praestabatur.
3467 1849 3608 1920 Quia

2013 1945 2144 2002 ergo
2176 1931 2439 2001 peccandi
2487 1938 2541 1986 et
2582 1947 2690 1986 non
2732 1934 2999 2002 peccandi
3042 1937 3460 2005 passibilitatem
3501 1941 3606 1997 ha-

2012 2019 2145 2085 buit,
2178 2020 2464 2089 oportebat
2498 2028 2554 2074 ut
2584 2028 2638 2075 et
2671 2021 2938 2076 moriendi
2973 2031 3022 2077 et
3055 2041 3162 2078 non
3182 2026 3451 2081 moriendi
3483 2046 3608 2100 pos-

2012 2116 2324 2170 sibilitatem
2354 2116 2604 2172 haberet.
2636 2118 2689 2172 Si
2722 2118 2866 2172 enim
2906 2136 2974 2173 ex
3018 2123 3342 2179 necessitate
3390 2125 3612 2183 immor-

2014 2204 2137 2260 talis
2170 2204 2380 2270 fuisset,
2415 2206 2578 2260 etiam
2611 2208 3000 2276 praevaricator
3053 2218 3103 2264 et
3160 2221 3416 2282 peccator
3453 2195 3610 2271 'mori

2015 2309 2120 2348 non
2153 2293 2438 2364 potuisset,
2462 2302 2624 2366 atque
2656 2295 2729 2349 ita
2768 2295 3135 2352 inobedientia
3180 2316 3401 2370 poenam
3449 2303 3610 2359 debi-

2017 2395 2120 2443 tam
2152 2405 2262 2445 non
2292 2389 2538 2445 haberet.
2572 2391 2689 2447 Nec
2734 2407 2795 2447 se
2843 2404 3266 2465 recognosceret
3315 2397 3612 2469 aliquando

2015 2486 2292 2550 peccator,
2329 2478 2377 2533 si
2410 2487 2660 2534 mortuus
2689 2479 2833 2536 intus
2864 2497 3083 2554 semper
3115 2485 3244 2539 foris
3275 2485 3503 2543 viveret.

2090 2611 2267 2667 Item:
2303 2611 2348 2666 si
2395 2628 2459 2668 ex
2517 2613 2841 2669 necessitate
2886 2614 3130 2670 mortalis
3186 2615 3395 2686 fuisset,
3453 2621 3612 2676 etiam

2017 2700 2386 2757 inobedientia
2417 2701 2722 2772 persistens
2771 2702 2914 2758 mori
2958 2704 3262 2771 debuisset,
3313 2715 3367 2762 et
3412 2708 3613 2778 injuste

2017 2790 2135 2845 sine
2167 2789 2329 2859 culpa
2356 2790 2662 2860 puniretur,
2695 2790 2742 2845 si
2801 2806 2912 2846 non
2973 2807 3211 2863 peccans
3267 2805 3598 2854 moreretur.

2021 2885 2361 2957 Quapmpter
2391 2887 2514 2957 quia
2543 2887 2855 2958 probandus
2913 2897 3032 2945 erat
3086 2899 3137 2946 et
3191 2899 3370 2947 utrum
3419 2893 3618 2952 inobe-

2021 2975 2224 3031 dientia
2255 2975 2574 3046 persisteret
2601 2978 3039 3047 exspectabatur,
3073 2995 3200 3035 caro
3231 2997 3449 3053 quoque
3469 2984 3616 3040 illius

1948 3085 1996 3148 C
2027 3064 2323 3120 secundum
2353 3063 2556 3137 aliquid
2586 3065 2830 3121 mortalis
2875 3076 3009 3133 erat,
3061 3068 3189 3140 quia
3238 3079 3448 3140 poterat
3503 3090 3615 3130 non

2027 3161 2184 3227 mori,
2213 3169 2480 3233 quatenus
2509 3178 2575 3216 ex
2599 3177 2665 3217 eo
2682 3163 2828 3233 quod
2849 3164 2988 3218 mori
3002 3169 3213 3235 poterat
3235 3177 3544 3225 moreretur
3563 3171 3612 3226 si

2023 3260 2297 3321 peccaret,
2335 3258 2384 3304 et
2415 3266 2479 3305 ex
2511 3266 2577 3306 eo
2605 3250 2877 3317 similiter,
2934 3252 3058 3324 quia
3105 3269 3214 3308 non
3259 3256 3405 3310 mori
3453 3266 3617 3328 pote-

2021 3347 2126 3405 rat,
2157 3355 2268 3393 non
2298 3345 2626 3404 moreretur,
2660 3339 2704 3394 si
2748 3339 2803 3394 in
2850 3339 3158 3396 obedientia
3205 3355 3610 3413 perseveraret.

2023 3435 2266 3491 Christus
2297 3443 2496 3501 autem,
2531 3435 2655 3508 quia
2687 3436 2858 3492 homo
2879 3437 3151 3508 perfectus
3183 3454 3215 3493 a
3245 3439 3509 3512 principio
3564 3451 3618 3500 et

2024 3523 2282 3594 probatus
2321 3524 2571 3579 inventus
2609 3531 2692 3578 est
2728 3525 2798 3578 ad
2826 3525 3214 3595 perfectionem
3237 3529 3324 3582 vel
3373 3529 3444 3584 ad
3484 3547 3616 3601 pro-

2025 3613 2320 3675 bationem.
2355 3621 2682 3682 eXpectatus
2710 3629 2818 3668 non
2848 3620 2950 3678 est,
2982 3624 3035 3670 et
3064 3615 3271 3673 idcirco
3297 3617 3438 3674 sicut
3478 3619 3622 3676 libe-

2027 3726 2148 3764 rum
2179 3708 2464 3763 arbitrium
2487 3709 2691 3777 habuit,
2754 3725 2858 3765 nec
2913 3717 3092 3766 tamen
3149 3713 3219 3767 ita
3278 3723 3335 3770 ut
3390 3731 3623 3786 peccare

2027 3805 2215 3868 posset
2245 3797 2319 3852 ita
2349 3813 2567 3869 quoque
2585 3806 2637 3853 et
2659 3798 3148 3861 immortalitatem.
3185 3811 3446 3874 quantum
3476 3805 3530 3860 in
3562 3822 3622 3863 se

2028 3895 2164 3953 erat,
2197 3887 2399 3942 habere
2431 3885 2634 3953 debuit,
2669 3895 2721 3941 et
2752 3887 2822 3941 ita
2852 3895 2905 3942 ut
2938 3889 3077 3944 mori
3109 3891 3333 3946 omnino
3364 3909 3471 3948 non
3502 3909 3626 3964 pos-

2029 3991 2136 4040 set.
2176 3982 2330 4038 Unde
2361 3989 2570 4038 constat
2603 3982 2747 4054 quod
2779 3983 2992 4038 Christo
3022 3984 3229 4040 homini
3285 4003 3315 4040 a
3352 3988 3624 4060 principio

2029 4088 2138 4127 non
2169 4071 2345 4127 solum
2373 4071 2462 4125 illa
2492 4070 2864 4126 immortalitas
2879 4070 3202 4137 debebatur,
3227 4091 3393 4144 quam
3414 4076 3626 4146 primus

2030 4161 2198 4216 homo
2228 4159 2414 4214 habuit
2443 4167 2566 4214 ante
2600 4160 3130 4229 praevaricationem,
3164 4163 3263 4217 sed
3293 4163 3387 4217 illa
3409 4180 3627 4238 quoque

2032 4273 2194 4329 quam
2225 4271 2370 4312 nunc
2399 4256 2673 4312 secundus
2701 4257 2868 4312 habet
2894 4266 3017 4328 post
3043 4259 3523 4330 resurrectionem,
3569 4271 3628 4318 ut

2039 4345 2292 4402 videlicet
2324 4345 2461 4401 sicut
2490 4362 2552 4401 ex
2587 4347 2868 4402 consortio
2916 4347 3146 4402 Deitatis
3190 4347 3386 4420 spiritu
3421 4350 3631 4408 conﬁr-

1979 4440 2214 4502 Dmatus
2243 4442 2365 4491 erat
2394 4434 2464 4490 ad
2493 4435 2793 4501 veritatem,
2828 4443 2885 4490 ut
2915 4453 3148 4508 peccare
3177 4453 3287 4494 non
3315 4448 3523 4511 posset,
3555 4441 3628 4497 ita

2037 4549 2255 4607 quoque
2285 4548 2352 4588 ex
2390 4532 2587 4588 merito
2617 4532 2832 4588 virtutis
2862 4548 3033 4591 carne
3078 4535 3427 4594 continuatus
3485 4547 3635 4597 esset

2035 4621 2102 4678 ad
2133 4621 2624 4692 incorruptionem,
2657 4629 2712 4676 ut
2740 4621 2881 4677 mori
2928 4637 3034 4678 non
3084 4633 3298 4694 posset.
3347 4625 3456 4682 Sed
3504 4626 3634 4698 quia

2037 4727 2164 4768 caro
2191 4710 2464 4782 peccatrix
2497 4726 2526 4764 a
2555 4725 2718 4781 poena
2745 4712 2958 4781 peccati
3007 4711 3230 4769 liberari
3281 4730 3388 4770 non
3437 4715 3630 4786 potuit,

2037 4811 2146 4865 nisi
2175 4813 2292 4877 ejus
2323 4825 2452 4865 caro
2483 4826 2602 4880 qua
2630 4809 2747 4864 sine
2776 4819 2998 4879 peccato
3047 4810 3164 4880 fuit,
3216 4821 3496 4882 pateretur
3536 4814 3627 4869 in-

2039 4899 2349 4954 ﬁrmitatem
2375 4897 2758 4969 passibilitatis
2789 4907 2841 4953 et
2873 4899 3222 4954 mortalitatis
3253 4901 3308 4954 in
3338 4917 3504 4957 carne
3534 4918 3630 4957 as—

2039 4996 2280 5059 sumpta,
2314 4986 2534 5042 retinuit
2563 4993 2849 5055 potestate,
2884 4987 3140 5042 sustinuit
3171 4989 3474 5056 voluntate,
3519 5006 3632 5046 non

2041 5101 2240 5157 passus
2268 5093 2350 5138 est
2380 5083 2731 5139 necessitate.
2775 5085 2855 5138 De
2909 5100 3075 5138 sensu
3121 5094 3303 5140 autem
3356 5087 3636 5158 passionis

2043 5174 2096 5228 in
2129 5190 2289 5230 carne
2321 5172 2522 5228 Christi
2552 5172 2770 5243 quidam
2801 5171 2942 5228 male
2971 5172 3213 5230 sensisse
3261 5175 3631 5245 inveniuntur,

2042 5279 2353 5327 asserentes
2384 5285 2606 5325 carnem
2637 5269 2805 5336 illam,
2833 5267 2886 5322 in
2917 5269 3169 5325 omnibus
3198 5271 3284 5327 his
3316 5288 3437 5343 quae
3467 5273 3521 5328 in
3570 5291 3634 5330 ea

2046 5368 2098 5415 et
2128 5359 2276 5415 circa
2305 5375 2428 5413 eam
2452 5358 2689 5414 exhibita
2720 5365 2841 5412 sunt
2870 5357 3142 5429 passionis
3167 5375 3397 5433 genera,
3446 5361 3638 5418 simili~

2046 5448 2288 5503 tudinem
2319 5447 2538 5518 quidem
2569 5445 2836 5517 passionis
2866 5455 2918 5502 et
2946 5447 3156 5502 doloris
3177 5450 3512 5522 suscepisse,
3537 5453 3638 5508 sed

2047 5545 2254 5601 nullum
2284 5542 2513 5600 omnino
2541 5541 2788 5596 dolorem
2817 5549 2908 5598 aut
2933 5543 3242 5614 passionem
3275 5546 3630 5604 sustinuisse.

2051 5635 2159 5691 Sed
2189 5649 2298 5690 non
2326 5631 2606 5687 attendunt
2644 5639 2839 5702 quanta
2884 5632 3200 5689 absurditas
3245 5633 3518 5703 ejusmodi
3555 5651 3642 5692 as-

2053 5730 2346 5790 sertionem
2375 5735 2761 5804 consequatur.
2804 5727 3092 5798 Quomodo
3138 5729 3280 5786 enim
3320 5731 3374 5787 in
3423 5731 3637 5804 Christo
