4010 6074
490 262 596 318 899

1633 251 1966 317 WERNERI
2004 262 2291 320 ABBATIS
2331 267 2388 322 S.
2430 269 2648 327 BLASII

3688 286 3787 337 900

489 402 616 441 vera
645 383 955 456 compassio
986 381 1104 449 fuit,
1135 382 1183 438 si
1213 397 1345 439 vera
1371 383 1552 454 passio
1581 400 1688 441 non
1731 385 1824 441 fuit
1849 389 1878 440 Ὺ
1925 386 2079 457 Quo-
2109 394 2156 452 Α
2193 392 2362 449 victor
2391 397 2676 469 existeret,
2712 410 2977 473 quatenus
3007 411 3058 459 et
3090 404 3193 460 sibi
3225 405 3589 462 teutationem
3625 406 3784 463 vitio-

486 471 648 526 modo
679 469 844 523 stabit
869 469 1017 540 quod
1046 467 1172 523 dicit
1201 468 1471 539 propheta
1501 486 1516 523 :
1547 489 1569 521 ι
1604 471 1746 526 Vere
1777 471 2078 544 languor-es

486 574 706 622 nostros
735 565 853 636 ipse
884 565 1023 632 tulit,
1056 573 1110 619 et
1135 563 1362 619 dolores
1407 573 1631 621 nostros
1679 567 1801 638 ipse
1846 569 2075 638 portavit

485 657 623 725 (lsa.
662 654 807 726 Lm).
855 677 876 701 ιι
910 653 966 709 Si
995 652 1242 708 Christus
1289 653 1344 707 in
1391 669 1552 710 cruce
1594 655 1837 711 dolorem
1879 671 2074 728 passus

482 760 590 798 non
624 742 718 797 fuit
750 785 764 808 ,
810 758 982 814 quare
1023 751 1301 812 tantopere
1329 742 1557 798 calicem
1586 744 1861 813 passionis
1892 752 2072 800 trans-

483 840 612 895 ferri
651 856 684 895 a
711 856 768 895 se
799 839 1091 910 postulavit
1117 841 1144 894 ‘?
1175 840 1393 906 (Matth.
1429 844 1611 905 xxvt.)
1645 840 1787 909 Quid
1817 841 1921 896 sibi
1967 857 2069 898 vo-

481 930 581 985 luit
609 929 832 1002 sanguis
878 927 969 983 ille
1023 928 1322 994 desudans,
1381 929 1683 997 angustiam
1740 930 2072 986 imminentis

481 1019 675 1074 mortis
697 1025 1029 1073 contestatus
1049 1017 1077 1070 ?
1106 1016 1249 1085 Quid
1271 1017 1376 1070 sibi
1398 1016 1566 1072 voluit
1587 1019 1730 1089 quod
1760 1018 1878 1089 ipse
1912 1019 2071 1074 Chri-

479 1124 592 1171 stus
623 1115 676 1169 in
707 1112 1037 1178 inﬁrmitate,
1071 1113 1374 1169 secundum
1407 1129 1569 1186 quam
1611 1131 1740 1170 caro
1757 1115 2070 1187 passionem

479 1205 674 1269 timuit,
700 1211 752 1258 et
773 1202 1070 1268 voluntate,
1115 1202 1417 1257 secundum
1444 1220 1603 1274 quam
1625 1204 1848 1274 spiritus
1869 1220 2068 1275 prom-

482 1303 607 1366 ptus
657 1292 778 1358 fuit,
809 1305 1092 1362 exponens
1109 1291 1219 1344 ait:
1245 1313 1266 1340 «ι
1300 1290 1530 1361 Spiritus
1552 1293 1767 1363 quidem
1789 1302 2070 1364 promptus

480 1399 582 1457 est,
615 1405 739 1445 caro
765 1394 945 1443 autem
979 1385 1196 1442 inﬁrma
1216 1388 1244 1442 ?
1271 1411 1290 1436 -
1328 1388 1527 1457 (Ibid.)
1559 1389 1651 1443 Isti
1681 1405 1818 1462 ergo
1839 1389 1931 1461 qui
1972 1407 2074 1446 ne-

477 1487 610 1553 gant
639 1478 695 1532 in
725 1476 1003 1533 Salvatore
1033 1477 1332 1532 secundum
1361 1475 1730 1532 inﬁrmitatem
1765 1477 1948 1534 carnis
1973 1493 2073 1533 vc-

478 1592 596 1632 ram
623 1575 789 1630 fuisse
819 1574 1148 1645 passionem,
1181 1581 1439 1644 quantum
1474 1574 1527 1628 in
1559 1591 1620 1630 se
1649 1583 1751 1642 est,
1786 1589 1906 1630 eam
1953 1591 2074 1646 quae

475 1681 572 1738 per
601 1663 909 1736 passionem
929 1662 1128 1718 Christi
1166 1662 1308 1719 facta
1370 1671 1473 1730 est,
1523 1663 1929 1721 convincuntur
1969 1679 2072 1720 ne-

476 1777 610 1835 gare
640 1758 1087 1830 redemptionem.

547 1878 685 1933 Sunt
712 1874 803 1930 alii
833 1873 927 1946 qui
956 1889 1064 1930 non
1099 1872 1300 1929 minori
1346 1872 1620 1929 dementia
1668 1873 1738 1929 de
1784 1871 2071 1929 affectibus

473 1973 726 2030 humanis
754 1971 808 2025 in
839 1970 1071 2037 Christo,
1104 1969 1404 2026 secundum
1449 1985 1586 2042 quos
1633 1969 1918 2026 veritatem
1967 1984 2070 2024 na-

473 2073 608 2119 turae
633 2077 760 2118 cum
786 2058 1116 2115 humanitate
1162 2058 1447 2130 suscepit;
1494 2058 1697 2130 quidan
1737 2074 1846 2114 non
1896 2057 2067 2113 solum

471 2153 632 2219 falsa,
673 2150 772 2206 sed
807 2147 1084 2203 horrenda
1112 2147 1270 2202 etiam
1308 2147 1689 2218 blasphemare
1720 2161 1828 2202 non
1869 2146 2066 2201 timue-

470 2258 617 2306 runt.
643 2248 785 2317 Quia
805 2246 946 2303 enim
971 2245 1264 2316 Apostolus
1292 2244 1395 2300 ait:
1425 2269 1446 2292 α
1482 2245 1605 2300 Non
1625 2243 1892 2298 habemus
1923 2259 2066 2315 pon-

473 2338 695 2402 tiﬁcem,
724 2335 816 2407 qui
847 2351 957 2390 non
985 2333 1157 2404 possit
1213 2333 1452 2403 compati
1509 2331 1914 2387 inﬁrmitatibus
1969 2347 2066 2388 no-

473 2428 627 2492 stris,
660 2432 922 2480 tentatum
957 2430 1136 2477 autem
1167 2437 1267 2491 per
1296 2421 1474 2476 omnia
1522 2422 1702 2491 (Hebr.
1760 2421 1856 2489 ιν).
1894 2442 1916 2468 ι»
1967 2422 2063 2474 As-

478 2522 666 2571 serunt
691 2514 987 2567 humanum
1017 2508 1273 2566 affectum
1304 2509 1358 2564 in
1405 2509 1620 2564 Christo
1677 2517 1856 2564 motus
1911 2509 2066 2564 vitio-

469 2627 586 2667 rum
625 2608 868 2664 sensisse
907 2606 1114 2678 absque
1154 2620 1426 2662 consensu
1472 2614 1652 2660 tamen
1680 2605 1929 2675 rationis,
1983 2622 2062 2662 se-

473 2701 710 2758 cundum
739 2694 1160 2766 concupiscendi
1186 2693 1572 2750 inﬁrmitatem
1604 2711 1760 2767 quam
1792 2711 1910 2764 nos,
1971 2695 2064 2767 qui

472 2797 789 2860 peccatores
819 2801 1028 2850 sumus,
1066 2800 1130 2839 ex
1169 2783 1263 2837 illa
1310 2783 1564 2855 originali
1611 2783 1960 2854 corruptione
2005 2784 2062 2837 in

470 2903 655 2951 carne,
680 2899 838 2954 quam
870 2889 1170 2952 portamus,
1205 2880 1423 2936 illicitos
1453 2879 1726 2952 appetitus
1777 2888 1826 2936 et
1881 2889 2061 2936 motus

466 2970 924 3044 concupiscentiae
953 2969 1230 3042 surgentis
1257 2977 1311 3024 et
1341 2969 1454 3024 vitii
1503 2970 1759 3024 tentantis
1806 2969 2060 3025 delecta-

465 3065 690 3126 tionem,
719 3061 880 3116 etiam
911 3059 1082 3125 inviti,
1116 3059 1356 3114 solemus
1411 3058 1644 3114 sentire.
1704 3059 1818 3114 Nos
1876 3066 2058 3114 autem

2195 506 2313 545 rum
2354 498 2662 564 superando
2702 499 2986 569 prtemium
3019 501 3248 571 justitiaa
3307 505 3624 576 acquireret
3657 547 3670 573 ,
3738 516 3788 561 et

2193 580 2352 636 nobis
2383 581 2433 636 in
2467 585 2771 642 tentatione
2801 590 2990 659 positis
3014 591 3305 646 resistendi
3333 601 3386 648 et
3428 594 3686 649 vincendi
3736 595 3787 648 in

2195 681 2488 751 semetipso
2519 684 2832 754 exemplum
2867 686 3150 743 formarat.
3182 689 3290 745 Sed
3344 691 3487 745 absit
3538 709 3571 746 a
3626 709 3788 747 sensu

2195 767 2503 826 Christiano
2542 780 2599 826 ut
2636 774 2796 827 ullam
2864 775 2920 828 in
2986 792 3146 832 carne
3215 788 3576 836 sacrosancta
3645 783 3790 855 Agni

2192 867 2468 923 vernaculi
2496 869 2815 926 inordinatae
2844 872 3218 929 delectationis
3246 885 3299 930 et
3327 879 3790 948 concupiscentia

2189 953 2392 1012 illicitae
2424 958 2722 1014 illationem
2754 960 2936 1033 aliquo
2966 964 3126 1018 modo
3157 965 3348 1031 fuisse,
3378 975 3468 1020 aut
3497 967 3670 1032 dicat,
3697 978 3791 1023 aut

2192 1052 2394 1119 credat,
2428 1055 2554 1126 quia
2584 1057 2628 1111 si
2659 1059 2828 1114 ullam
2878 1077 3070 1132 pravae
3113 1060 3494 1119 delectationis
3543 1066 3788 1123 radicem

2191 1148 2283 1195 aut
2313 1151 2515 1198 motum
2541 1148 2962 1218 concupiscendi
2990 1151 3358 1206 inordinatum
3384 1153 3436 1207 in
3480 1152 3570 1209 illa
3618 1155 3788 1212 fuisse

2190 1229 2518 1301 diceremus,
2553 1235 2794 1304 profecto
2826 1238 2896 1292 ab
2923 1239 3069 1293 omni
3099 1241 3249 1297 initio
3277 1241 3502 1298 liberam
3550 1259 3792 1317 negare-

2188 1341 2329 1381 mus.
2366 1327 2654 1397 Quomodo
2684 1343 2863 1389 autem
2900 1336 3093 1391 vitium
3136 1338 3447 1407 mundaret,
3497 1341 3544 1396 si
3594 1342 3788 1397 vilium

2187 1419 2692 1484 portaret?Motus
2751 1423 2974 1494 quidem
3030 1425 3370 1482 inordinatus
3430 1445 3497 1484 ex
3550 1429 3786 1486 inﬁrmi-

2185 1510 2289 1558 tate
2329 1508 2750 1579 concupiscendi
2790 1529 3024 1586 surgens
3059 1530 3182 1570 cum
3223 1515 3344 1587 ipsa
3400 1520 3784 1590 corruptione,

2184 1591 2252 1646 de
2280 1610 2383 1665 qua
2410 1595 2584 1651 oritur
2612 1615 2720 1654 non
2750 1600 2925 1656 solum
2955 1619 3114 1673 poena
3145 1611 3248 1670 est,
3282 1605 3379 1661 sed
3410 1604 3581 1678 culpa
3617 1628 3629 1664 :
3657 1611 3788 1681 quia

2182 1695 2361 1745 tamen
2394 1691 2446 1746 in
2479 1693 2766 1764 baptizatis
2797 1697 2864 1752 ad
2895 1697 3298 1756 damnationem
3316 1717 3424 1757 non
3454 1703 3782 1775 imputatur,

2099 1758 2150 1818 Β
2181 1778 2302 1849 quia
2332 1796 2430 1851 per
2472 1783 2705 1854 gratiam
2755 1801 2916 1842 novae
2973 1790 3407 1860 regenerationis
3462 1803 3778 1861 excusatur,

2179 1866 2318 1922 sicut
2340 1868 2468 1924 dicit
2497 1873 2787 1942 Apostolus
2821 1892 2833 1928 :
2891 1898 2914 1925 α
2946 1877 3066 1931 Jam
3106 1878 3241 1933 nihil
3284 1879 3651 1937 damnationis
3696 1891 3782 1939 est

2180 1955 2262 2009 his
2292 1957 2384 2028 qui
2415 1966 2544 2014 sunt
2571 1959 2626 2015 in
2655 1962 2868 2019 Christo
2897 1964 3026 2020 Jesu
3059 1966 3241 2036 (Rom.
3278 1970 3419 2036 vm).
3458 1994 3479 2016 η
3514 1970 3650 2027 Hac
3689 1979 3778 2026 ta-

2179 2061 2305 2100 men
2335 2048 2615 2119 corruptio
2643 2065 2744 2122 per
2772 2052 3005 2124 gratiam
3038 2058 3368 2112 sacramenti
3397 2075 3505 2114 non
3547 2061 3776 2132 quidem

2175 2134 2370 2205 accipit
2400 2144 2457 2190 ut
2487 2138 2648 2209 culpa
2675 2155 2784 2196 non
2814 2141 2902 2210 sit,
2933 2143 3032 2198 sed
3061 2151 3119 2198 ut
3146 2144 3471 2202 damnabilis
3502 2164 3613 2204 non
3654 2149 3724 2204 sit
3758 2170 3770 2216 ;

2176 2232 2299 2303 quia
2327 2233 2374 2288 si
2402 2235 2564 2306 culpa
2593 2236 2817 2294 omnino
2847 2254 2954 2294 non
2987 2248 3153 2310 esset,
3184 2259 3293 2299 non
3325 2244 3556 2301 haberet
3592 2263 3773 2304 excu-

2175 2320 2302 2388 sari,
2335 2322 2463 2393 quia
2485 2339 2591 2378 non
2621 2325 2822 2381 debent
2880 2327 3155 2401 imputari.
3215 2331 3564 2405 Quapropter
3620 2337 3774 2392 illam

2174 2407 2539 2468 inﬁrmitatem
2570 2415 2826 2471 humanae
2857 2425 3080 2483 naturas,
3104 2436 3229 2490 quae
3251 2437 3414 2492 poena
3443 2433 3546 2490 est,
3588 2425 3773 2481 solum

2173 2523 2292 2563 cum
2319 2511 2661 2582 susceptione
2693 2515 2876 2570 carnis
2929 2517 3213 2573 Christum
3262 2522 3630 2594 assumpsisse
3671 2543 3771 2581 ve-

2173 2598 2368 2653 raciter
2396 2600 2627 2656 dicimus
2663 2620 2675 2656 :
2709 2603 2858 2658 illam
2895 2621 3043 2676 vero,
3093 2625 3216 2680 qua:
3263 2609 3309 2664 si
3351 2627 3512 2682 paena
3556 2621 3664 2681 est,
3716 2625 3772 2670 ut

2171 2695 2331 2750 etiam
2374 2697 2531 2768 culpa
2577 2699 2664 2766 sit,
2715 2701 3019 2758 nullatenus
3067 2706 3355 2763 admisisse
3399 2709 3773 2768 indubitanter

2171 2783 2524 2841 afﬁrmamus.
2557 2789 2747 2860 Neque
2778 2791 2921 2846 enim
2954 2793 3031 2849 sic
3062 2794 3324 2851 victorem
3374 2799 3631 2854 vitiorum
3681 2803 3770 2856 di-

2169 2887 2292 2929 cere
2325 2874 2599 2946 volumus,
2633 2885 2691 2931 ut
2721 2895 2842 2933 eum
2875 2881 2989 2951 ipsa
3021 2900 3140 2954 quae
3171 2884 3415 2942 vinceret
3462 2890 3592 2944 vitia
3641 2908 3769 2962 por-

2169 2978 2312 3026 tasse
2368 2972 2659 3046 aliquando
2715 2993 2780 3032 ac
2841 2979 3081 3035 sensisse
3135 2982 3408 3040 dicamus.
3477 2987 3771 3060 Propterea

2165 3061 2309 3114 enim
2343 3077 2442 3132 per
2471 3063 2642 3118 solam
2672 3082 2888 3136 pmnam
2921 3067 3182 3124 inﬁrmari
3221 3075 3523 3143 consensit,
3566 3085 3623 3131 ut
3675 3095 3770 3134 eos

465 3161 646 3210 motus
674 3124 882 3206 idcirco
939 3124 1212 3203 ChriStum
1267 3147 1321 3201 in
1377 3162 1543 3203 carne
1601 3163 1698 3201 sua
1750 3146 2056 3203 voluntarie
2088 3124 2134 3184 θ
2165 3149 2256 3219 qui
2288 3150 2338 3204 in
2372 3150 2528 3224 culpa
2559 3161 2611 3208 et
2641 3153 2694 3208 in
2718 3172 2879 3226 pcena
2896 3160 3262 3230 argi-olebant,
3288 3163 3528 3233 primum
3552 3167 3768 3240 aeulpa

464 3248 807 3314 sustinuisse,
866 3252 925 3300 ut
981 3243 1134 3316 quasi
1191 3244 1299 3300 illis
1352 3243 1686 3299 tentantibus
1741 3243 2055 3300 resistendo

2157 3244 2499 3317 justiﬁcaret,
2533 3257 2584 3304 et
2613 3258 2802 3322 postea
2829 3268 2862 3308 a
2890 3269 3055 3325 poena
3082 3255 3361 3314 liberaret.

1389 3517 2003 3620 DOMINICA
2079 3518 2210 3620 IN
2296 3520 2752 3628 PALMIS

540 3787 562 3815 α
605 3765 738 3820 Cum
775 3760 1310 3834 apprOpinquassent
1365 3759 1780 3832 Hierosolymis,
1843 3769 1895 3817 et
1952 3776 2051 3817 ve—

458 3855 668 3911 nissent
700 3851 1014 3923 Bethphage
1044 3849 1114 3904 ad
1163 3855 1402 3903 montem
1453 3847 1668 3914 Oliveti,
1715 3858 1843 3905 tunc
1890 3850 2048 3904 Jesus

455 3944 604 4000 misit
631 3944 768 3998 duos
797 3939 1118 4009 discipulos,
1153 3938 1340 3993 dicens
1370 3937 1448 3992 eis
1483 3954 1495 3990 :
1531 3938 1607 3992 Ite
1657 3937 1713 3992 in
1765 3937 2046 3994 castellum

457 4033 602 4107 quod
633 4038 822 4088 contra
845 4044 942 4086 vos
1000 4035 1103 4095 est,
1152 4033 1206 4082 et
1257 4025 1434 4080 statim
1491 4026 1775 4081 invenietis
1833 4027 2045 4082 asinam

455 4123 756 4194 alligatam,
786 4125 840 4173 et
870 4115 1077 4188 pullum
1107 4115 1227 4185 ejus
1259 4130 1380 4170 cum
1412 4129 1478 4170 ea
1505 4114 1812 4188 alligatum,
1845 4117 1929 4171 cui
1954 4131 2047 4169 ne-

456 4226 552 4266 mo
579 4223 816 4280 unquam
847 4206 1131 4260 hominum
1162 4203 1322 4271 sedit,
1361 4203 1552 4259 solvite
1581 4203 1733 4258 illum
1781 4212 1833 4259 et
1879 4204 2046 4258 addu-

451 4301 555 4356 cite
587 4297 736 4351 mihi.
770 4296 836 4349 Et
866 4295 910 4349 si
938 4293 1058 4364 quis
1084 4293 1243 4348 vobis
1273 4291 1479 4364 aliquid
1519 4291 1737 4360 dixerit,
1783 4292 1946 4348 dicite
1995 4292 2045 4346 ei

451 4387 580 4459 quia
607 4383 874 4439 Dominus
902 4397 1124 4453 operam
1170 4381 1291 4451 ejus
1339 4381 1613 4436 desiderat
1658 4388 1711 4436 et
1759 4380 2043 4436 confestim

447 4474 679 4530 dimittet
707 4487 804 4527 eos
833 4470 1012 4542 (Matt.
1065 4472 1210 4540 χχι).
1255 4493 1277 4517 »
1335 4470 1645 4540 Bethphage
1687 4470 2035 4526 sacerdotum

447 4562 656 4621 viculus
677 4566 868 4616 eratet
918 4557 1284 4614 confessionis
1339 4558 1592 4628 portabat
1642 4566 1848 4630 typum,
1910 4559 2034 4630 quia

444 4655 642 4712 domus
671 4651 856 4706 buccae
884 4647 1295 4718 interpretatur.
1332 4646 1564 4703 Pulchre
1615 4663 1751 4719 ergo
1798 4646 2036 4702 refertur

446 4745 581 4800 situs
610 4741 664 4796 in
694 4745 878 4794 monte
909 4735 1129 4801 Oliveti,
1163 4750 1285 4792 cum
1306 4735 1374 4790 sit
1397 4735 1503 4790 olei
1533 4744 1730 4790 natura
1759 4735 1896 4791 lucis
1924 4736 2033 4790 mi-

441 4841 676 4897 nistrare
706 4845 759 4892 et
789 4835 1035 4891 laborum
1061 4833 1422 4904 dolorumque
1453 4833 1716 4901 solamen,
1741 4833 1868 4907 quia
1905 4849 2035 4891 con-

441 4931 656 4987 ﬁtentes
684 4933 906 4999 peccata
939 4939 1038 4978 sua
1068 4923 1279 4978 Christo
1307 4923 1607 4989 adhaerent,
1639 4923 1732 4994 qui
1780 4938 1881 4978 nos
1930 4939 2033 4976 un-

439 5020 618 5077 ctione
656 5014 888 5087 spiritali
929 5020 981 5070 et
1019 5011 1268 5067 scientia:
1298 5011 1424 5067 luce
1455 5010 1690 5067 refovet.
1727 5011 1810 5066 Ne
1849 5019 2030 5066 autem

439 5105 866 5163 absconderetur
895 5101 1084 5158 civitas
1115 5115 1282 5170 supra
1335 5107 1574 5155 montem
1631 5101 1775 5155 hunc
1827 5100 2028 5170 posita,

437 5196 594 5250 mittit
627 5191 926 5262 discipulos
954 5191 1010 5244 in
1038 5189 1338 5255 castellum,
1373 5188 1519 5260 quod
1549 5196 1743 5244 contra
1785 5203 1880 5244 eos
1924 5197 2025 5257 est,

437 5291 494 5339 ut
523 5298 620 5354 per
648 5280 768 5335 illos
813 5279 977 5334 totius
1031 5287 1218 5334 contra
1276 5277 1439 5349 positi
1493 5277 1645 5331 orbis
1699 5277 2027 5333 munitiones

437 5372 702 5444 penetret.
733 5368 900 5422 Asina
931 5374 983 5422 et
1032 5367 1212 5437 pullus
1235 5364 1414 5421 Judaei
1445 5373 1589 5431 sunt,
1615 5375 1670 5421 et
1689 5373 1882 5437 gentes
1900 5383 2026 5437 pro-

433 5469 558 5534 pter
586 5455 850 5530 quasdam
883 5454 1284 5511 similitudines.
1330 5454 1428 5509 Est
1466 5454 1614 5509 enim
1663 5455 1767 5510 hoc
1817 5454 2022 5509 animal

431 5555 791 5618 immundum,
824 5560 874 5607 et
903 5566 1016 5621 prae
1042 5550 1255 5606 caeteris
1280 5549 1542 5620 jumentis
1569 5551 1806 5620 stultum,
1850 5560 1902 5607 et
1947 5552 2024 5607 in-

431 5646 667 5712 ﬁrmum,
696 5649 750 5697 et
777 5638 1040 5712 ignobile,
1075 5645 1129 5692 et
1155 5637 1500 5694 oneriferum.
1533 5639 1624 5695 Sic
1651 5639 1870 5695 fuerunt
1917 5642 2018 5696 ho.

426 5754 608 5812 mines
635 5755 760 5807 ante
787 5743 1080 5801 Christum.
1111 5741 1283 5813 Ligati
1312 5741 1474 5799 etiam
1503 5759 1533 5799 ι
1571 5743 1791 5802 diabolo
1836 5755 2012 5816 erant,

2158 3777 2261 3819 nec
2291 3779 2389 3822 sua
2420 3765 2619 3823 virtute
2651 3768 2888 3826 evadere
2918 3779 3191 3842 poterant.
3222 3777 3362 3831 Nam
3394 3779 3537 3837 sicut
3580 3784 3758 3851 navis,

2159 3851 2333 3908 fracto
2363 3856 2752 3925 gubernaculo,
2789 3858 2918 3916 illuc
2946 3860 3162 3918 ducitur
3191 3881 3297 3937 quo
3328 3875 3628 3940 tempestas
3671 3874 3763 3929 im-

2157 3941 2326 4011 pellit,
2362 3944 2441 3999 sic
2470 3945 2632 4001 homo
2665 3947 2866 4003 divinae
2895 3951 3082 4021 gratiae
3139 3956 3344 4012 auxilio
3390 3961 3606 4026 perdito
3664 3982 3762 4034 per

2156 4038 2442 4099 peccatum
2472 4049 2581 4088 non
2613 4036 2758 4106 quod
2789 4037 2902 4092 vult
2931 4039 3068 4110 agit,
3102 4043 3198 4097 sed
3220 4045 3367 4115 quod
3387 4047 3665 4106 diabolus.
3692 4055 3760 4108 Et

2156 4118 2295 4174 sicut
2320 4121 2556 4190 primum
2579 4123 2635 4177 in
2673 4131 2940 4194 potestate
2966 4137 3050 4183 est
3076 4133 3263 4202 populi
3306 4133 3489 4193 facere
3521 4139 3630 4195 sibi
3660 4159 3760 4198 re-

2154 4223 2282 4279 gem
2315 4225 2478 4276 quem
2500 4211 2631 4278 vult,
2665 4211 2866 4268 fectum
2892 4224 3069 4272 autem
3126 4220 3194 4275 de
3241 4237 3414 4294 regno
3473 4230 3755 4300 expellere

2147 4297 2268 4366 jam
2298 4313 2405 4352 non
2438 4308 2517 4352 est
2549 4300 2603 4353 in
2634 4309 2902 4371 potestate
2932 4305 3072 4376 ejus,
3102 4317 3155 4362 et
3183 4309 3256 4364 ita
3285 4297 3755 4390 voluntasvapuli

2153 4384 2208 4438 in
2239 4387 2622 4444 necessitatem
2668 4392 3023 4448 convertitur.
3066 4396 3158 4453 Sic
3202 4399 3384 4467 homo,
3427 4384 3753 4480 priusquam

2149 4482 2358 4544 peccet,
2389 4475 2618 4531 liberum
2653 4478 2817 4534 habet
2861 4483 3164 4554 arbitrium,
3213 4498 3395 4546 utrum
3442 4495 3580 4551 velit
3604 4475 3754 4555 'esse

2145 4562 2248 4616 sub
2277 4578 2452 4635 regno
2484 4564 2706 4621 diaboli.
2739 4568 2875 4623 Cum
2904 4581 3087 4628 autem
3117 4579 3399 4646 peccando
3421 4583 3472 4638 ei
3495 4585 3752 4661 subiuga.

2143 4658 2231 4706 tur
2255 4667 2367 4707 non
2387 4661 2570 4723 potest
2592 4654 2661 4710 de
2678 4663 2949 4726 potestate
2970 4661 3088 4729 ejus
3127 4666 3298 4734 exire,
3333 4670 3457 4741 quia
3489 4654 3750 4733 voluntas

2143 4757 2226 4804 est
2257 4763 2525 4805 conversa
2555 4751 2610 4806 in
2639 4756 3038 4815 necessitatem.
3071 4762 3188 4820 Hoc
3217 4775 3298 4821 est
3346 4771 3492 4840 quod
3536 4790 3748 4844 pecca-

2141 4845 2289 4892 tores
2320 4837 2497 4894 solent
2524 4840 2710 4898 dicere
2744 4859 2756 4897 :
2792 4846 3067 4905 Vellemus
3096 4868 3219 4909 esse
3245 4837 3440 4925 sancti,
3487 4837 3589 4918 sed
3632 4883 3746 4924 non

2141 4941 2468 4996 possumus.
2511 4931 2710 4985 Verum
2738 4933 2943 5002 dicunt,
2977 4939 3073 4994 sed
3103 4957 3213 4998 non
3262 4946 3464 5004 habent
3507 4967 3747 5012 excusa-

2141 5015 2364 5082 tionem,
2398 5018 2523 5089 quia
2553 5021 2784 5089 primum
2812 5033 3102 5094 potuerunt
3129 5047 3239 5087 non
3269 5050 3394 5092 esse
3423 5041 3531 5096 sub
3574 5055 3742 5114 pote-

2138 5111 2278 5159 state
2308 5105 2528 5173 diaboli,
2561 5109 2629 5163 de
2659 5127 2768 5181 qua
2796 5114 2900 5168 nisi
2931 5116 3081 5172 solus
3129 5120 3276 5177 Deus
3331 5141 3496 5184 nemo
3553 5105 3739 5203 potest

2137 5192 2374 5283 eripere.
2422 5195 2628 5266 Populo
2665 5200 2886 5269 quidem
2916 5205 3194 5264 nationum
3224 5213 3470 5283 perﬁdiae
3499 5192 3740 5281 vinculis

2134 5279 2339 5337 irretito
2368 5299 2530 5339 nemo
2561 5302 2796 5358 unquam
2824 5291 3104 5352 hominum
3137 5279 3297 5368 sedit,
3332 5304 3386 5358 id
3417 5316 3502 5362 est
3547 5279 3734 5369 nullus

2132 5369 2323 5426 doctor
2358 5371 2571 5428 frenum
2610 5381 2965 5437 correctionis
3019 5389 3266 5456 contulit,
3325 5409 3432 5462 quo
3490 5401 3580 5454 vel
3635 5401 3737 5458 lin-

2130 5481 2294 5537 gnam
2325 5484 2354 5522 a
2381 5470 2524 5526 malo
2536 5473 2796 5532 cohibere
2823 5479 2909 5534 vel
2933 5481 2986 5536 in
3010 5484 3154 5539 viam
3176 5487 3300 5544 vitae
3319 5501 3728 5565 cogereturire.

2129 5555 2356 5612 Sederat
2385 5575 2618 5631 namque
2647 5563 2739 5619 ille
2767 5569 2930 5624 homo
2960 5570 3018 5626 id
3047 5583 3131 5629 est
3166 5576 3235 5631 ad
3283 5555 3573 5640 utilitatem
3606 5555 3730 5658 ejus

2127 5646 2496 5716 requiesceret
2525 5649 2799 5722 docendo,
2832 5657 2879 5711 si
2908 5661 3028 5728 quis
3057 5663 3436 5726 rationabilius
3455 5646 3726 5743 ejusstul-

2123 5747 2295 5806 titiam
2323 5754 2674 5826 reprimendo
2703 5762 3031 5836 corrigeret.
3070 5769 3225 5830 Unde
3277 5790 3390 5834 non
3435 5779 3722 5844 immerito
