4062 6074
244 265 348 324 901

1209 265 1790 326 DEFLORATIONES
1822 265 1918 327 SS.
1952 266 2258 329 PATRUM.
2294 303 2358 315 α·-
2388 273 2517 330 LIB.
2552 276 2592 331 Ι.

3447 287 3550 344 9οὲ

241 392 352 447 duo
383 389 653 462 discipuli,
690 390 795 446 duo
825 389 1048 446 ordines
1075 385 1492 463 praedicatorum
1520 391 1838 466 intelligun-
1871 397 1927 459 Α
1959 395 2044 465 lis,
2070 398 2268 470 quibus
2299 400 2569 472 turpitudo
2598 409 2799 460 nostra:
2829 405 3010 460 carnis
3043 407 3274 478 legitur;
3299 409 3383 463 his
3397 409 3546 480 prius

243 488 352 540 tur.
386 480 590 534 Iudaeis
618 480 873 535 videlicet
901 487 953 535 et
975 481 1229 552 gentibus
1250 481 1568 536 missorum.
1616 480 1851 551 Quidam

246 585 384 625 vero
425 570 558 623 istos
617 569 754 622 duos
802 569 1112 642 intelligunt
1170 571 1392 624 Petrum
1438 579 1486 624 et
1520 571 1845 642 Philippum,

249 667 508 738 quoniam
543 666 647 737 ipsi
685 666 922 736 primum
970 675 1161 739 gentes
1194 666 1544 722 adduxerunt
1592 667 1660 723 ad
1691 669 1850 723 Chri-

249 765 415 821 stum,
474 755 754 826 Philippus
813 755 1114 810 Samariam
1157 755 1312 827 quasi
1369 756 1624 825 asinam;
1660 758 1852 811 Petrus

254 852 569 910 Cornelium
602 851 756 924 quasi
816 851 1077 907 Samaiia:
1119 851 1351 922 pullum.
1417 852 1533 906 Bini
1589 861 1853 908 vocantur

251 941 506 1014 apostoli,
566 941 677 994 bini
728 939 1029 1008 mittuntur,
1074 939 1203 1013 quia
1251 941 1491 996 Charitas
1537 957 1646 996 non
1677 951 1760 997 est
1796 941 1850 995 in

255 1047 392 1086 uno.
437 1029 594 1085 Unde
623 1028 881 1099 scriptum
915 1037 995 1084 est
1030 1048 1041 1082 :
1081 1052 1102 1076 α
1140 1029 1232 1084 Vm
1263 1029 1364 1083 soli
1395 1029 1631 1098 (Eccles.
1669 1032 1774 1100 ιν).
1821 1053 1842 1078 ιι

250 1129 370 1182 Duo
399 1125 638 1182 educunt
666 1125 927 1180 Hebraeos
960 1125 1029 1180 de
1058 1124 1316 1197 Egypto.
1355 1126 1473 1180 Duo
1503 1134 1715 1196 pOrtant
1743 1125 1850 1181 bo-

253 1227 396 1272 trnm
419 1216 486 1270 de
515 1222 700 1270 sancta
732 1223 898 1280 terra,
940 1221 1005 1267 ut
1033 1229 1254 1284 semper
1311 1214 1588 1284 praepositi
1613 1215 1851 1284 jungant

255 1303 412 1376 operi
441 1302 751 1359 scientiam.
793 1303 912 1357 Duo
941 1302 1198 1356 mandata
1230 1302 1298 1356 de
1329 1302 1545 1358 duobus
1576 1303 1854 1373 proferant

255 1392 483 1449 tabulis.
521 1391 748 1446 Duobus
778 1390 1020 1446 fontibus
1074 1389 1362 1445 abluantur
1391 1399 1442 1446 et
1495 1391 1743 1457 abluant,
1799 1399 1853 1446 et

257 1489 473 1544 duobus
503 1487 749 1543 vectibus
777 1501 956 1541 arcam
988 1486 1204 1540 Domini
1228 1493 1464 1557 portent.
1489 1493 1544 1542 et
1573 1487 1715 1542 inter
1741 1487 1851 1542 duo

257 1588 540 1646 cherubim
596 1586 886 1642 Dominum
959 1594 1306 1659 agnoscant;
1341 1587 1531 1656 spiritu
1581 1595 1633 1641 et
1672 1595 1852 1642 mente

258 1679 555 1750 psallentes
588 1690 600 1729 :
639 1697 662 1726 ι
699 1675 921 1740 Solvite,
976 1675 1167 1746 inquit,
1201 1691 1306 1745 per
1333 1673 1636 1730 doctrinam
1678 1682 1726 1730 et
1755 1690 1853 1746 per

259 1766 550 1824 miracula.
592 1789 613 1812 »
647 1763 1003 1819 Acsidiceret
1035 1781 1048 1817 ε
1087 1787 1106 1810 α
1147 1762 1850 1834 Qumcunquesolveritisin
1879 1759 1931 1818 B

257 1867 406 1913 terra
436 1861 592 1910 erunt
621 1851 798 1908 soluta
827 1851 951 1908 etin
982 1852 1133 1906 caelis
1147 1851 1368 1922 (Matth.
1399 1857 1580 1918 xvttt).
1619 1874 1641 1899 »
1677 1851 1850 1906 Alieni

255 1953 482 2026 alligant
526 1959 583 2006 ut
628 1949 944 2022 possideant
977 1969 990 2013 ;
1021 1948 1269 2003 Christus
1319 1949 1485 2004 solvit
1531 1958 1586 2003 ut
1634 1956 1839 2004 teneat.

261 2065 284 2092 ι
323 2040 621 2097 Confestim
668 2038 897 2094 dimittet
945 2054 1040 2094 eos
1070 2038 1354 2106 Dominus,
1388 2061 1408 2086 υ
1445 2037 1698 2094 videlicet
1757 2037 1850 2109 qui

249 2139 380 2210 jure
408 2136 697 2194 creationis
726 2135 1005 2190 desiderat
1026 2142 1081 2189 ut
1108 2134 1285 2189 omnis
1339 2143 1586 2190 creatura
1606 2149 1704 2189 suo
1733 2150 1850 2188 ser-

258 2228 390 2283 vitio
413 2224 773 2296 mancipetur.
813 2224 997 2278 Primo
1034 2216 1304 2278 homines.
1329 2234 1592 2280 vocantur
1619 2239 1716 2294 per
1743 2222 1848 2278 do-

255 2327 486 2383 ctrinam
518 2332 572 2380 et
627 2321 890 2378 miracula
928 2321 1324 2392 apostolorum,
1384 2323 1583 2378 deinde
1631 2321 1851 2377 dimittit

255 2432 351 2472 eos
380 2411 644 2469 Dominus
682 2411 736 2464 in
766 2410 996 2465 arbitrio
1027 2426 1147 2476 suo,
1179 2418 1237 2464 ut
1283 2410 1373 2465 vel
1397 2409 1451 2464 in
1482 2409 1590 2466 ﬁde
1622 2427 1722 2482 qua
1756 2425 1850 2466 γοα

255 2513 360 2570 cati
390 2521 516 2566 sunt
547 2517 876 2573 remaneant,
913 2507 997 2563 vel
1043 2508 1095 2562 in
1119 2508 1372 2579 antiquas
1422 2507 1849 2564 consuetudines

257 2602 501 2667 redeant,
534 2597 702 2653 ,ΙυάΞὶ
732 2596 987 2652 videlicet
1017 2597 1069 2650 in
1092 2613 1218 2651 suas
1232 2597 1643 2667 superstitiones
1673 2613 1849 2669 gene-

258 2699 422 2764 rales,
450 2695 685 2768 gentiles
742 2709 876 2749 vero
935 2693 989 2748 in
1019 2694 1310 2764 spurcities
1341 2710 1465 2748 suas
1499 2713 1512 2759 ;
1547 2710 1668 2748 nam
1702 2685 1862 2766 quod

257 2787 437 2845 vocati
466 2801 655 2840 sumus
712 2783 810 2838 Dei
838 2791 946 2838 est.
985 2781 1145 2852 Quod
1199 2791 1381 2838 autem
1409 2783 1575 2854 digne
1623 2783 1848 2839 invoca-

258 2877 404 2932 tione
427 2874 678 2938 vivimus,
716 2871 968 2926 nimirum
1015 2871 1219 2942 pariter
1271 2879 1324 2926 et
1356 2872 1453 2927 Dei
1475 2879 1584 2926 est.
1625 2872 1690 2926 Et
1745 2873 1851 2928 hoc

258 2982 340 3030 est
371 2971 516 3044 quod
553 2969 626 3024 ait
658 2987 670 3023 :
701 2967 941 3023 Dimittat
990 2983 1106 3033 eos,
1144 2983 1254 3022 non
1297 2968 1365 3023 ad
1422 2968 1716 3036 diabolum,
1751 2969 1852 3024 sed

257 3062 314 3118 in
343 3059 570 3117 arbitrio
593 3073 720 3113 suo.

335 3212 360 3244 ι
395 3193 601 3247 Euntes
627 3195 805 3244 autem
859 3185 1107 3258 discipuli
1145 3184 1390 3241 fecerunt
1420 3186 1559 3243 sicut
1596 3186 1856 3258 praecepit

257 3283 366 3339 illis
395 3281 576 3335 Jesus.
617 3275 969 3333 Solventibus
1007 3283 1185 3331 autem
1214 3274 1322 3328 illis
1369 3275 1619 3330 dixerunt
1648 3274 1854 3330 domini

260 3379 383 3449 ejus
432 3377 501 3432 ad
543 3393 674 3433 eos:
699 3373 838 3443 Quid
883 3371 1094 3429 solvitis
1123 3371 1330 3442 pullum
1357 3373 1386 3426 ?
1418 3372 1496 3426 Illi
1553 3373 1806 3426 dixerunt
1839 3389 1852 3426 :

260 3467 400 3537 Quia
429 3465 662 3521 Domino
685 3461 1030 3519 necessarius
1061 3468 1162 3515 est.
1197 3459 1267 3514 Et
1296 3459 1616 3514 dimiserunt
1644 3461 1750 3514 eis.
1788 3460 1855 3515 Et

261 3557 530 3612 duxerunt
561 3552 771 3625 pullum
802 3551 873 3606 ad
905 3550 1110 3618 Iesum,
1147 3557 1200 3604 et
1223 3549 1495 3619 jactantes
1535 3548 1856 3604 vestimenta

262 3671 362 3710 sua
384 3667 549 3724 supra
578 3650 809 3722 pullum,
835 3657 886 3704 et
907 3665 1031 3704 eum
1048 3648 1284 3719 desuper
1315 3647 1509 3702 sedere
1529 3647 1795 3702 fecerunt.
1829 3669 1849 3695 η

261 3741 474 3799 Marcus
503 3739 689 3796 scribit
746 3737 948 3809 pullum
1007 3745 1129 3791 ante
1157 3737 1388 3806 januam
1436 3735 1569 3790 foris
1597 3735 1652 3789 in
1710 3733 1856 3791 bivio

262 3833 486 3904 ligatum
510 3839 562 3884 et
591 3828 866 3883 inventum
899 3826 1094 3895 (Marc.
1135 3830 1236 3894 χι).
1269 3824 1446 3880 Janua
1499 3831 1583 3878 est
1608 3824 1725 3894 ipse
1765 3823 1858 3895 qui

265 3931 336 3986 ait
368 3949 382 3985 :
423 3953 444 3979 «
478 3927 598 4001 Ego
629 3943 748 3981 sum
779 3924 976 3980 ostium
1018 3923 1202 3978 ovium
1237 3939 1250 3976 :
1283 3938 1387 3993 per
1415 3938 1500 3977 me
1523 3921 1568 3976 si
1616 3921 1738 3992 quis
1769 3921 1857 3975 in-

265 4017 476 4076 troierit
508 4014 824 4078 salvabitur,
860 4017 916 4067 et
966 4026 1164 4084 pascua
1197 4011 1436 4066 inveniet
1486 4012 1672 4081 (Joan.
1705 4013 1787 4080 x).
1832 4033 1853 4058 ι

266 4115 363 4173 His
400 4114 620 4187 pascuis
681 4109 910 4182 populus
956 4107 1199 4181 gentium
1238 4107 1486 4173 carebat,
1545 4106 1669 4160 dum
1711 4113 1859 4160 extra

263 4207 512 4278 januam,
548 4203 601 4256 in
637 4199 782 4256 bivio
809 4199 1008 4270 ligatus
1031 4196 1235 4252 stabat.
1273 4194 1440 4252 Recte
1479 4193 1536 4248 in
1566 4193 1862 4265 bivio,quia

266 4319 376 4358 non
408 4315 569 4355 unam
602 4296 726 4352 fidei
748 4294 892 4351 viam
917 4293 1155 4358 tenebat,
1188 4292 1283 4347 sed
1315 4292 1510 4346 dubios
1567 4290 1735 4346 calles
1765 4307 1859 4345 er-

266 4405 465 4447 roneus
496 4386 852 4459 sequebatur.
910 4383 969 4436 In
1000 4381 1145 4436 bivio
1176 4381 1350 4435 stabat
1381 4378 1472 4450 qui
1501 4378 1557 4432 in
1609 4379 1861 4433 libertate

1957 487 2097 540 nudi
2151 489 2356 559 populi,
2402 489 2499 545 sed
2530 491 2691 547 modo
2718 508 2816 562 per
2845 494 3122 564 apostolos
3154 497 3350 566 ornati,
3386 498 3547 553 Chri-

1960 583 2096 630 stum
2125 593 2395 632 sessorem
2427 578 2647 644 habent,
2679 588 2734 634 ut
2789 597 2896 636 non
2925 591 3116 655 regnet
3148 594 3448 654 .peccatum
3485 587 3543 642 in

1960 662 2157 719 lasciva
2215 681 2401 733 carne,
2471 668 2568 722 sed
2618 669 2829 736 justitia
2886 679 2939 726 et
2965 687 3068 742 pax
3114 680 3165 726 et
3187 675 3448 746 gaudium
3491 675 3548 731 in

1961 751 2162 822 Spiritu
2191 769 2249 808 sa
2259 765 2404 810 ncto.

2037 907 2057 933 α
2091 887 2204 941 Hoc
2259 896 2440 942 autem
2496 897 2664 945 totum
2697 892 2895 947 factum
2925 903 3024 961 est,
3078 903 3130 949 ut
3160 896 3550 968 adimpleretur

1959 975 2102 1044 quod
2137 976 2339 1031 dictum
2370 987 2450 1032 est
2495 995 2596 1049 per
2650 981 2968 1051 prophetam
3020 983 3292 1040 dicentem
3326 1005 3337 1040 :
3371 986 3547 1043 Dicite

1960 1060 2083 1117 tiliae
2112 1062 2241 1118 Sion
2275 1083 2287 1119 :
2320 1066 2463 1121 Ecce
2493 1083 2588 1122 rex
2621 1076 2742 1122 tuus
2781 1071 3036 1126 venittibi
3079 1082 3414 1139 mansuetus,
3457 1091 3550 1131 se-

1958 1160 2096 1214 dens
2123 1177 2288 1230 super
2315 1162 2529 1232 pullum
2564 1164 2731 1222 asina:
2769 1167 3092 1240 subjugalis.
3130 1195 3152 1220 υ
3187 1172 3302 1230 Hoc
3331 1171 3385 1228 in
3443 1189 3549 1245 po-

1958 1249 2124 1318 pheta
2153 1250 2412 1304 Zacharia
2441 1252 2704 1322 scriptum
2734 1263 2836 1318 est,
2870 1272 2898 1308 a
2929 1256 3087 1326 cujus
3117 1261 3385 1316 sententia
3415 1263 3549 1318 Mat-

1958 1337 2129 1391 thzeus
2159 1346 2211 1392 et
2239 1339 2479 1395 Joannes
2520 1341 2743 1398 minime
2773 1344 3052 1414 recedunt,
3085 1348 3192 1402 etsi
3223 1349 3386 1404 verba
3448 1366 3548 1420 po-

1959 1443 2087 1489 nant
2119 1435 2353 1490 diversa.
2393 1437 2603 1508 thuia
2625 1439 2743 1510 ipsa
2764 1449 2847 1496 est
2879 1442 3240 1512 Hierusalem,
3284 1448 3548 1518 quaaSion

1960 1521 2123 1578 filiam
2153 1524 2283 1578 Sion
2313 1525 2636 1582 dicitbonos
2655 1529 2707 1582 in
2726 1528 2820 1585 illo
2849 1545 2994 1586 caeco
3025 1533 3250 1603 populo.
3271 1533 3443 1591 Dicite
3473 1537 3544 1608 ei,

1958 1622 2367 1692 praedicatores,
2401 1639 2470 1678 ne
2499 1624 2706 1692 timeat,
2738 1627 2836 1682 sed
2868 1628 3148 1685 exsultans
3161 1641 3424 1704 agnoscat
3453 1649 3547 1688 re-

1960 1726 2086 1780 gem
2118 1727 2297 1776 suum,
2329 1720 2542 1766 mentes
2573 1723 2879 1785 regentem,
2911 1725 2963 1772 et
2994 1717 3063 1772 ad
3113 1735 3344 1790 regnum
3374 1722 3549 1778 coelo-

1961 1815 2085 1852 rum
2116 1799 2527 1869 perducentem,
2576 1818 2645 1856 ne
2676 1818 2797 1858 cum
2838 1807 3090 1875 reprobis
3147 1808 3292 1864 dicat
3325 1826 3338 1864 :
3375 1833 3396 1857 α
3425 1811 3548 1868 Non

1955 1886 2221 1942 habemus
2278 1905 2466 1960 regem
2498 1890 2600 1944 nisi
2631 1890 2898 1948 Caesarem
2927 1896 3111 1964 (Joan.
3145 1896 3284 1963 nx).
3322 1921 3342 1947 υ
3388 1900 3547 1954 Man-

1956 1982 2140 2030 suetus
2167 1976 2309 2031 venit
2329 1992 2437 2032 non
2469 1979 2669 2033 sedens
2714 1979 2766 2034 in
2781 1996 2938 2036 curru
2958 1997 3128 2039 aureo
3165 2000 3400 2057 purpura
3433 1987 3542 2044 ful-

1957 2079 2114 2135 gens,
2143 2079 2248 2120 nec
2279 2081 2449 2136 super
2504 2082 2702 2138 equum
2732 2069 3024 2126 discordiae
3063 2081 3390 2141 amatorem,
3449 2077 3548 2133 sed

1957 2167 2122 2223 super
2141 2152 2370 2208 bestiam
2402 2155 2552 2225 pacis
2580 2157 2836 2212 amicam.
2876 2158 3186 2215 Secundum
3227 2162 3462 2219 litteram
3493 2165 3549 2221 in

1957 2256 2127 2310 parvo
2154 2241 2348 2297 itinere
2391 2251 2679 2314 utrumque
2711 2245 2912 2300 animal
2956 2263 3062 2303 non
3095 2249 3307 2306 videtur
3335 2253 3548 2310 sedisse

1958 2338 2243 2406 Dominus,
2277 2339 2376 2394 sed
2408 2341 2586 2412 magis
2631 2343 2893 2414 competit
2945 2353 3006 2399 ut
3031 2345 3180 2416 pullo
3211 2363 3340 2403 usus
3379 2349 3448 2404 sit
3475 2350 3548 2406 ad

1958 2427 2289 2494 sedendum,
2313 2429 2468 2484 asina
2499 2431 2664 2486 ducta
2692 2431 2891 2488 libera.
2919 2433 3144 2504 Mystice
3176 2444 3351 2491 autem
3382 2454 3549 2510 super

1958 2524 2222 2594 populum
2283 2534 2568 2597 utrumque
2613 2529 2716 2583 sub
2762 2529 3002 2586 dominio
3031 2534 3151 2602 ejus
3205 2535 3547 2592 humiliatum

1959 2613 2118 2682 sedit,
2155 2616 2309 2670 Petro
2339 2624 2391 2669 et
2419 2616 2580 2671 Paulo
2601 2617 2781 2672 missis
2801 2619 2868 2673 ad
2885 2634 2999 2675 eos.
3047 2621 3188 2689 Quia
3208 2639 3347 2695 ergo
3377 2623 3546 2681 lasci-

1957 2727 2058 2766 vus
2089 2720 2142 2766 et
2171 2712 2462 2767 indomitus
2490 2714 2709 2784 gentilis
2765 2717 2996 2787 papulus
3025 2719 3252 2774 credidit
3292 2722 3548 2793 exemplo

1959 2798 2196 2854 ﬁdelium
2230 2801 2296 2855 de
2353 2801 2668 2875 Synagoga,
2704 2820 2826 2874 quae
2849 2806 3048 2877 jugum
3103 2807 3244 2880 legis
3283 2817 3537 2878 traxerat,

1960 2888 2099 2943 bene
2129 2887 2361 2943 refertur
2389 2890 2568 2960 pullus
2603 2891 2769 2947 fuisse
2813 2891 2955 2948 ﬁlius
2983 2895 3153 2949 asinae
3220 2897 3542 2970 subjugalis.

1959 2983 2261 3040 Considera
2291 2985 2420 3056 quia
2455 2987 2593 3042 sicut
2647 2988 2754 3044 hoc
2807 3005 2978 3060 genus
3032 2991 3286 3061 jumenti,
3339 2994 3384 3048 si
3417 2995 3545 3068 quid

1960 3081 2119 3138 errat,
2145 3074 2198 3128 in
2229 3074 2574 3146 simplicitate
2605 3085 2774 3144 errat,
2805 3087 2858 3133 et
2888 3094 2996 3134 non
3027 3080 3078 3134 in
3134 3082 3446 3152 asperitate,
3475 3084 3545 3140 ita

1960 3162 2210 3218 homines
2234 3163 2333 3235 qui
2380 3164 2725 3220 crediderunt
2774 3166 2826 3222 in
2887 3168 3155 3224 Christum
3197 3187 3261 3226 ex
3317 3181 3546 3245 utroque

1960 3259 2163 3330 populo
2192 3269 2319 3316 ante
2348 3260 2638 3329 Christum,
2673 3279 2782 3319 non
2836 3263 2892 3319 in
2920 3264 3140 3334 malitia,
3172 3267 3268 3321 sed
3297 3267 3353 3323 in
3381 3269 3546 3342 igno-

1963 3349 2137 3403 rantia
2170 3359 2552 3420 peccaverunt.

2040 3505 2062 3531 α
2097 3484 2272 3538 Eunte
2303 3492 2485 3540 autem
2543 3485 2658 3552 illo,
2709 3485 2862 3542 multi
2919 3488 3344 3546 substernebant
3379 3491 3550 3548 vesti—

1963 3579 2146 3626 menta
2193 3588 2290 3627 sua
2336 3573 2390 3627 in
2437 3573 2522 3628 via
2555 3589 2568 3629 :
2603 3575 2693 3629 alii
2725 3583 2907 3632 autem
2965 3577 3248 3634 caedebant
3274 3595 3456 3636 ramos
3485 3581 3554 3638 de

1964 3660 2268 3727 arboribus,
2303 3669 2352 3716 et
2367 3662 2690 3718 sternebant
2718 3664 2771 3718 in
2788 3664 2893 3720 via.
2921 3685 2944 3716 ι
2963 3666 3099 3722 Vide
3114 3668 3368 3738 quoniam
3389 3686 3555 3742 super

1960 3748 2267 3818 jumentum
2299 3750 2532 3821 apostoli
2578 3757 2880 3822 posuerunt
2927 3755 3259 3812 vestimenta
3298 3775 3413 3824 sua,
3457 3760 3558 3814 sub

1967 3838 2204 3908 pedibus
2254 3855 2385 3896 vero
2442 3841 2629 3897 caeteri
2651 3843 2909 3910 jumenti.
2975 3845 3242 3900 Mandatis
3268 3847 3413 3902 enim
3431 3863 3560 3918 apo-

1959 3935 2215 3991 stolorum
2249 3946 2562 3993 sternuntur
2607 3939 2898 3994 Christiani
2931 3949 2984 3995 et
3015 3942 3366 4008 adornantur,
3409 3944 3552 4017 legis

1967 4031 2143 4079 autem
2164 4026 2414 4080 mandata
2433 4027 2786 4092 conculcant,
2820 4028 2875 4084 id
2890 4036 2972 4084 est
3003 4030 3476 4086 circumcisionem
3507 4040 3560 4088 et

1967 4121 2199 4168 cmteras
2229 4115 2651 4170 consuetudines
2702 4115 2984 4172 Judaicas.
3034 4118 3367 4174 Vestimenta
3395 4137 3560 4175 nam-

1968 4217 2074 4271 que
2128 4203 2298 4257 turbaa
2331 4211 2455 4257 sunt
2498 4203 2638 4275 legis
2683 4204 2959 4269 mandata,
3014 4205 3066 4259 in
3123 4205 3227 4271 via,
3290 4207 3343 4261 id
3391 4210 3558 4265 estin

1967 4297 2579 4354 ChristoaChristianis
2631 4301 2977 4357 conculcata.
3041 4302 3220 4356 Turba
3248 4303 3392 4360 enim
3449 4323 3559 4377 qua

1966 4385 2287 4441 vestimenta
2319 4403 2419 4441 sua
2465 4389 2744 4444 sternebat
2770 4389 2826 4444 in
2881 4389 2970 4445 via
2990 4391 3275 4447 credentes
3330 4400 3559 4452 suntex

269 4478 478 4536 arbitrii
505 4477 640 4532 inter
685 4482 917 4528 mortem
964 4476 1017 4526 et
1073 4470 1236 4524 vitam
1293 4467 1596 4523 dubitabat.
1660 4467 1935 4534 ΜυιῑοεΙ)
1965 4482 2519 4556 circumcisione,qui
2539 4483 2848 4541 videnteset
2866 4495 3232 4558 agnoscentes
3263 4487 3553 4559 Christum,

269 4578 471 4651 quippe
502 4572 766 4630 Dominus
808 4568 1063 4635 habebat,
1097 4567 1224 4640 quia
1277 4582 1378 4638 per
1404 4565 1574 4620 multa
1601 4565 1859 4635 dogmata

268 4667 434 4724 variis
487 4662 768 4720 erroribus
816 4666 1077 4730 raptatus,
1138 4663 1267 4728 quot
1317 4655 1458 4711 vitiis
1487 4653 1852 4720 deserviebat,

267 4773 346 4821 tot
376 4764 656 4819 daemones
685 4775 809 4816 eum
839 4755 1216 4829 possidebant.
1260 4754 1367 4809 Sed
1389 4753 1722 4808 dominatum
1753 4750 1857 4805 sibi

267 4852 548 4909 vindicare
583 4865 693 4906 non
736 4853 989 4919 poterant
1041 4859 1180 4916 quos
1209 4842 1461 4898 dominos
1490 4841 1689 4897 fecerat
1749 4857 1856 4895 non

265 4957 478 5012 natura,
512 4946 610 5002 sed
661 4944 816 5015 culpa
851 4960 866 5002 ;
901 4952 956 4997 et
985 4940 1114 4995 ideo
1145 4955 1268 4995 cum
1325 4935 1589 4991 Dominus
1636 4933 1852 5000 dicitur,

266 5055 407 5093 unus
437 5033 762 5107 agnoscitur
793 5047 805 5088 :
838 5047 962 5086 nam
992 5037 1044 5084 et
1100 5027 1146 5082 si
1175 5026 1327 5080 multi
1356 5025 1431 5079 dii
1462 5032 1515 5079 et
1545 5021 1694 5077 multi
1749 5021 1853 5077 do-

264 5127 416 5193 mini,
450 5123 782 5198 generaliter
824 5129 1006 5175 tamen
1035 5132 1177 5172 unus
1205 5116 1352 5170 Deus
1380 5122 1433 5168 et
1463 5127 1604 5166 unus
1651 5111 1848 5166 Domi-

263 5243 389 5281 nus.
459 5223 566 5292 Qui
623 5236 754 5292 ergo
813 5219 866 5273 in
898 5216 1161 5273 solvendo
1216 5213 1364 5284 pullo
1394 5210 1850 5275 contradixerunt,

261 5314 444 5370 audito
473 5311 695 5366 Domini
716 5308 956 5374 nomine,
992 5304 1294 5376 quiescunt,
1327 5300 1454 5372 quia
1485 5299 1732 5372 magistri
1764 5314 1854 5354 er-

263 5420 470 5468 roruzu,
497 5401 588 5471 qui
619 5397 933 5453 doctoribus
993 5392 1190 5449 Christi
1220 5389 1579 5454 obsistebant,
1631 5395 1854 5442 eatenus

262 5514 389 5554 suas
417 5495 670 5552 tenebras
693 5493 1074 5552 defenderunt.
1095 5490 1271 5544 donec
1294 5485 1576 5542 miraculis
1601 5486 1856 5538 attestan—

261 5596 404 5651 tibus
435 5587 536 5648 Dei
567 5593 743 5646 virtus
773 5588 1019 5645 emicuit.
1055 5587 1144 5643 Sic
1176 5601 1314 5659 ergo
1343 5583 1489 5639 liber
1517 5580 1857 5638 credentium

215 5687 224 5696 '
259 5683 492 5757 populus
522 5681 613 5755 qui
642 5682 814 5738 Deum
874 5677 1041 5734 corde
1076 5682 1252 5747 portet
1305 5671 1624 5729 adducitur.
1662 5670 1856 5725 Vestes

253 5780 626 5854 apostolorum
656 5785 779 5836 sunt
805 5780 1084 5851 praecepta
1129 5770 1311 5830 divina
1338 5776 1390 5827 et
1416 5767 1590 5840 gratia
1637 5765 1854 5838 specia-

1965 4569 2196 4643 gloriam
2228 4586 2388 4641 quam
2417 4571 2691 4626 habebant
2719 4589 2782 4626 ex
2815 4572 2956 4644 lege,
2992 4573 3314 4644 dejecerunt
3367 4576 3421 4632 in
3453 4587 3556 4634 ter-

1964 4674 2106 4726 ram,
2137 4659 2349 4729 seipsos
2406 4659 2771 4727 humiliantes,
2815 4670 2864 4716 et
2893 4677 3016 4717 cum
3053 4664 3308 4734 Apostolo
3363 4666 3554 4722 dicen-

1965 4755 2050 4803 tes
2085 4765 2096 4801 :
2131 4747 2264 4816 Quae
2293 4747 2425 4802 mihi
2456 4748 2671 4803 luerunt
2702 4748 2873 4817 lucra,
2905 4751 3021 4807 haec
3075 4751 3385 4809 existimavi
3420 4769 3554 4824 pro-

1963 4836 2372 4907 pterChristum
2390 4837 2738 4900 detrimenta,
2769 4846 2823 4892 et
2839 4839 3332 4897 arbitrorstercora
3343 4851 3554 4908 esse,ut

1964 4925 2238 4980 Christum
2269 4925 2606 4982 lucrifaciam
2635 4927 2903 4999 (Philipp.
2921 4936 3019 4998 nt).
3032 4927 3170 4996 Quia
3182 4937 3359 4984 autem
3372 4946 3554 4988 ramos

1962 5022 2243 5077 caedebant
2262 5023 2332 5077 de
2384 5022 2692 5089 arboritus,
2740 5031 2861 5077 sunt
2926 5024 3214 5080 credentes
3260 5033 3312 5080 et
3357 5028 3553 5083 eruditi

1963 5110 2235 5178 doctores,
2311 5110 2404 5183 qui
2456 5127 2519 5166 ex
2578 5111 2860 5182 prophetis
2913 5112 3246 5182 accipientes
3301 5117 3554 5188 exempla

1963 5199 2120 5271 quasi
2177 5200 2246 5255 de
2295 5201 2591 5256 arboribus
2622 5215 2800 5254 ramos
2817 5208 2939 5256 ante
2969 5201 3229 5272 gentilem
3285 5205 3552 5275 populum

1964 5297 2270 5344 straverunt
2299 5289 2356 5342 in
2387 5291 2494 5353 via,
2527 5289 2578 5342 id
2628 5297 2711 5343 est
2744 5289 2796 5342 in
2819 5289 3062 5357 Christo,
3085 5298 3142 5344 ut
3165 5292 3282 5348 sine
3313 5292 3551 5350 offendi-

1963 5379 2087 5433 culo
2117 5378 2346 5432 intraret
2380 5377 2434 5430 in
2451 5377 2820 5432 sanctuarium
2859 5377 2981 5432 Dei.
3031 5379 3129 5434 Vel
3155 5380 3225 5434 ita
3259 5399 3272 5435 :
3306 5383 3555 5440 Salvator

1961 5475 2204 5544 jumento
2234 5473 2478 5528 insidens
2530 5473 2972 5546 Hierosolymam
2991 5476 3182 5548 tendit,
3233 5495 3343 5534 non
3374 5483 3550 5538 solum

1965 5563 2186 5636 quando
2223 5563 2488 5634 cujusque
2536 5561 2716 5619 ﬁdelis
2771 5564 2956 5620 anima
2995 5579 3204 5638 regens
3256 5569 3325 5623 ad
3356 5585 3552 5640 pacem

1965 5661 2170 5718 intimae
2200 5659 2429 5717 visionis
2446 5659 2613 5728 ducit,
2637 5660 2733 5716 sed
2776 5661 2938 5716 etiam
2966 5675 3091 5718 cum
3122 5672 3325 5720 sanctae
3353 5665 3550 5722 Eccle-

1965 5759 2062 5816 siae
2091 5757 2474 5816 universaliter
2492 5756 2750 5829 providet
2789 5766 2843 5815 et
2877 5773 2997 5814 eam
3027 5758 3082 5814 in
3112 5775 3361 5834 superna
3400 5762 3558 5834 pacis
