  <div class='ocr_page' id='page_1' title='image "/cluster/home/n/w/nwhite01/storage/ocr_20150623/157/hvd.32044054760152/457.png"; bbox 0 0 4010 6074; ppageno 0'>
   <div class='ocr_carea' id='block_1_1' title="bbox 529 209 632 265">
    <p class='ocr_par' dir='ltr' id='par_1_1' title="bbox 529 209 632 265">
     <span class='ocr_line' id='line_1_1' title="bbox 529 209 632 265; baseline -0.019 0"><span class='ocrx_word' id='word_1_1' title='bbox 529 209 632 265; x_wconf 86' lang='lat'><strong>903</strong></span> 
     </span>
    </p>
   </div>
   <div class='ocr_carea' id='block_1_2' title="bbox 1654 195 2686 257">
    <p class='ocr_par' dir='ltr' id='par_1_2' title="bbox 1654 195 2686 257">
     <span class='ocr_line' id='line_1_2' title="bbox 1654 195 2686 257; baseline 0.005 -5"><span class='ocrx_word' id='word_1_2' title='bbox 1654 195 1990 255; x_wconf 82' lang='lat' dir='ltr'><strong>WERNERI</strong></span> <span class='ocrx_word' id='word_1_3' title='bbox 2028 197 2312 257; x_wconf 75' lang='lat' dir='ltr'><strong>ABBATIS</strong></span> <span class='ocrx_word' id='word_1_4' title='bbox 2351 199 2416 256; x_wconf 91' lang='lat' dir='ltr'><strong>S.</strong></span> <span class='ocrx_word' id='word_1_5' title='bbox 2465 199 2686 257; x_wconf 81' lang='lat' dir='ltr'><strong>BLASII</strong></span> 
     </span>
    </p>
   </div>
   <div class='ocr_carea' id='block_1_3' title="bbox 3725 214 3824 267">
    <p class='ocr_par' dir='ltr' id='par_1_3' title="bbox 3725 214 3824 267">
     <span class='ocr_line' id='line_1_3' title="bbox 3725 214 3824 267; baseline -0.01 0"><span class='ocrx_word' id='word_1_6' title='bbox 3725 214 3824 267; x_wconf 64' lang='grc' dir='ltr'><strong>θυι</strong></span> 
     </span>
    </p>
   </div>
   <div class='ocr_carea' id='block_1_4' title="bbox 532 322 3826 401">
    <p class='ocr_par' dir='ltr' id='par_1_4' title="bbox 532 322 3826 401">
     <span class='ocr_line' id='line_1_4' title="bbox 532 322 3826 401; baseline 0.001 -13"><span class='ocrx_word' id='word_1_7' title='bbox 532 329 862 388; x_wconf 86' lang='lat' dir='ltr'><strong>desiderium</strong></span> <span class='ocrx_word' id='word_1_8' title='bbox 893 323 1165 382; x_wconf 78' lang='lat' dir='ltr'><strong>accendit.</strong></span> <span class='ocrx_word' id='word_1_9' title='bbox 1235 322 1408 378; x_wconf 87' lang='lat' dir='ltr'><strong>Pedes</strong></span> <span class='ocrx_word' id='word_1_10' title='bbox 1455 322 1848 390; x_wconf 82' lang='lat' dir='ltr'><strong>jumenti-sunt</strong></span> <span class='ocrx_word' id='word_1_11' title='bbox 1893 325 2117 380; x_wconf 75' lang='lat' dir='ltr'><strong>extremi</strong></span> <span class='ocrx_word' id='word_1_12' title='bbox 2149 329 2197 390; x_wconf 83' lang='lat' dir='ltr'><strong>A</strong></span> <span class='ocrx_word' id='word_1_13' title='bbox 2231 323 2402 394; x_wconf 85' lang='lat' dir='ltr'><strong>Quem</strong></span> <span class='ocrx_word' id='word_1_14' title='bbox 2437 333 2558 381; x_wconf 93' lang='lat' dir='ltr'><strong>ante</strong></span> <span class='ocrx_word' id='word_1_15' title='bbox 2589 324 2778 382; x_wconf 91' lang='lat' dir='ltr'><strong>ﬁdeles</strong></span> <span class='ocrx_word' id='word_1_16' title='bbox 2799 327 3144 386; x_wconf 89' lang='lat' dir='ltr'><strong>crediderunt</strong></span> <span class='ocrx_word' id='word_1_17' title='bbox 3199 341 3515 401; x_wconf 86' lang='lat' dir='ltr'><strong>venturum,</strong></span> <span class='ocrx_word' id='word_1_18' title='bbox 3550 333 3704 390; x_wconf 86' lang='lat' dir='ltr'><strong>hunc</strong></span> <span class='ocrx_word' id='word_1_19' title='bbox 3733 351 3826 391; x_wconf 86' lang='lat' dir='ltr'><strong>nos</strong></span> 
     </span>
    </p>
   </div>
   <div class='ocr_carea' id='block_1_5' title="bbox 530 411 2115 493">
    <p class='ocr_par' dir='ltr' id='par_1_5' title="bbox 530 411 2115 493">
     <span class='ocr_line' id='line_1_5' title="bbox 530 411 2115 493; baseline -0.004 -18"><span class='ocrx_word' id='word_1_20' title='bbox 530 437 666 493; x_wconf 93' lang='lat' dir='ltr'><strong>quos</strong></span> <span class='ocrx_word' id='word_1_21' title='bbox 688 419 754 473; x_wconf 89' lang='lat' dir='ltr'><strong>ad</strong></span> <span class='ocrx_word' id='word_1_22' title='bbox 781 414 1136 486; x_wconf 88' lang='lat' dir='ltr'><strong>judicandum</strong></span> <span class='ocrx_word' id='word_1_23' title='bbox 1173 411 1447 467; x_wconf 77' lang='lat' dir='ltr'><strong>constituit</strong></span> <span class='ocrx_word' id='word_1_24' title='bbox 1496 413 1808 483; x_wconf 81' lang='lat' dir='ltr'><strong>Apostolus,</strong></span> <span class='ocrx_word' id='word_1_25' title='bbox 1869 413 1958 484; x_wconf 82' lang='lat' dir='ltr'><strong>qui</strong></span> <span class='ocrx_word' id='word_1_26' title='bbox 1989 423 2040 468; x_wconf 92' lang='lat' dir='ltr'><strong>et</strong></span> <span class='ocrx_word' id='word_1_27' title='bbox 2071 414 2115 468; x_wconf 91' lang='lat' dir='ltr'><strong>si</strong></span> 
     </span>
    </p>
   </div>
   <div class='ocr_carea' id='block_1_6' title="bbox 527 501 2117 571">
    <p class='ocr_par' dir='ltr' id='par_1_6' title="bbox 527 501 2117 571">
     <span class='ocr_line' id='line_1_6' title="bbox 527 501 2117 571; baseline -0.004 -8"><span class='ocrx_word' id='word_1_28' title='bbox 527 525 634 564; x_wconf 91' lang='lat' dir='ltr'><strong>non</strong></span> <span class='ocrx_word' id='word_1_29' title='bbox 671 507 774 560; x_wconf 89' lang='lat' dir='ltr'><strong>sint</strong></span> <span class='ocrx_word' id='word_1_30' title='bbox 803 506 1025 558; x_wconf 83' lang='lat' dir='ltr'><strong>dorsum</strong></span> <span class='ocrx_word' id='word_1_31' title='bbox 1045 501 1098 554; x_wconf 91' lang='lat' dir='ltr'><strong>in</strong></span> <span class='ocrx_word' id='word_1_32' title='bbox 1119 501 1372 571; x_wconf 90' lang='lat' dir='ltr'><strong>quosedit</strong></span> <span class='ocrx_word' id='word_1_33' title='bbox 1390 501 1558 566; x_wconf 90' lang='lat' dir='ltr'><strong>Deus,</strong></span> <span class='ocrx_word' id='word_1_34' title='bbox 1582 508 1763 555; x_wconf 90' lang='lat' dir='ltr'><strong>tamen</strong></span> <span class='ocrx_word' id='word_1_35' title='bbox 1784 501 2117 556; x_wconf 89' lang='lat' dir='ltr'><strong>instruuntur</strong></span> 
     </span>
    </p>
   </div>
   <div class='ocr_carea' id='block_1_7' title="bbox 525 589 2109 660">
    <p class='ocr_par' dir='ltr' id='par_1_7' title="bbox 525 589 2109 660">
     <span class='ocr_line' id='line_1_7' title="bbox 525 589 2109 660; baseline -0.005 -8"><span class='ocrx_word' id='word_1_36' title='bbox 525 614 644 652; x_wconf 88' lang='lat' dir='ltr'><strong>cum</strong></span> <span class='ocrx_word' id='word_1_37' title='bbox 673 593 932 648; x_wconf 89' lang='lat' dir='ltr'><strong>militibus</strong></span> <span class='ocrx_word' id='word_1_38' title='bbox 960 607 988 644; x_wconf 91' lang='lat' dir='ltr'><strong>a</strong></span> <span class='ocrx_word' id='word_1_39' title='bbox 1018 590 1247 643; x_wconf 83' lang='lat' dir='ltr'><strong>Joanne.</strong></span> <span class='ocrx_word' id='word_1_40' title='bbox 1282 589 1432 644; x_wconf 84' lang='lat' dir='ltr'><strong>Multi</strong></span> <span class='ocrx_word' id='word_1_41' title='bbox 1460 589 1661 660; x_wconf 82' lang='lat' dir='ltr'><strong>quippe</strong></span> <span class='ocrx_word' id='word_1_42' title='bbox 1711 597 1955 644; x_wconf 90' lang='lat' dir='ltr'><strong>sternunt</strong></span> <span class='ocrx_word' id='word_1_43' title='bbox 1985 607 2109 644; x_wconf 89' lang='lat' dir='ltr'><strong>ves-</strong></span> 
     </span>
    </p>
   </div>
   <div class='ocr_carea' id='block_1_8' title="bbox 523 685 2115 758">
    <p class='ocr_par' dir='ltr' id='par_1_8' title="bbox 523 685 2115 758">
     <span class='ocr_line' id='line_1_8' title="bbox 523 685 2115 758; baseline -0.004 -10"><span class='ocrx_word' id='word_1_44' title='bbox 523 695 747 748; x_wconf 89' lang='lat' dir='ltr'><strong>timenta</strong></span> <span class='ocrx_word' id='word_1_45' title='bbox 778 690 832 744; x_wconf 90' lang='lat' dir='ltr'><strong>in</strong></span> <span class='ocrx_word' id='word_1_46' title='bbox 863 688 1028 750; x_wconf 90' lang='lat' dir='ltr'><strong>viam,</strong></span> <span class='ocrx_word' id='word_1_47' title='bbox 1063 687 1188 756; x_wconf 83' lang='lat' dir='ltr'><strong>quia</strong></span> <span class='ocrx_word' id='word_1_48' title='bbox 1220 685 1490 742; x_wconf 85' lang='lat' dir='ltr'><strong>exercitus</strong></span> <span class='ocrx_word' id='word_1_49' title='bbox 1538 696 1844 758; x_wconf 85' lang='lat' dir='ltr'><strong>martyrum</strong></span> <span class='ocrx_word' id='word_1_50' title='bbox 1881 702 2115 757; x_wconf 88' lang='lat' dir='ltr'><strong>corpora</strong></span> 
     </span>
    </p>
   </div>
   <div class='ocr_carea' id='block_1_9' title="bbox 523 775 2109 846">
    <p class='ocr_par' dir='ltr' id='par_1_9' title="bbox 523 775 2109 846">
     <span class='ocr_line' id='line_1_9' title="bbox 523 775 2109 846; baseline -0.006 -8"><span class='ocrx_word' id='word_1_51' title='bbox 523 798 619 838; x_wconf 88' lang='lat' dir='ltr'><strong>sua</strong></span> <span class='ocrx_word' id='word_1_52' title='bbox 651 779 970 840; x_wconf 89' lang='lat' dir='ltr'><strong>animarum,</strong></span> <span class='ocrx_word' id='word_1_53' title='bbox 1004 775 1180 830; x_wconf 88' lang='lat' dir='ltr'><strong>vicum</strong></span> <span class='ocrx_word' id='word_1_54' title='bbox 1215 782 1529 846; x_wconf 80' lang='lat' dir='ltr'><strong>tegumenta</strong></span> <span class='ocrx_word' id='word_1_55' title='bbox 1571 791 1668 844; x_wconf 91' lang='lat' dir='ltr'><strong>pro</strong></span> <span class='ocrx_word' id='word_1_56' title='bbox 1700 775 1932 829; x_wconf 89' lang='lat' dir='ltr'><strong>Domino</strong></span> <span class='ocrx_word' id='word_1_57' title='bbox 1960 775 2109 840; x_wconf 85' lang='lat' dir='ltr'><strong>dant,</strong></span> 
     </span>
    </p>
   </div>
   <div class='ocr_carea' id='block_1_10' title="bbox 524 862 2110 943">
    <p class='ocr_par' dir='ltr' id='par_1_10' title="bbox 524 862 2110 943">
     <span class='ocr_line' id='line_1_10' title="bbox 524 862 2110 943; baseline -0.004 -18"><span class='ocrx_word' id='word_1_58' title='bbox 524 885 632 943; x_wconf 93' lang='lat' dir='ltr'><strong>quo</strong></span> <span class='ocrx_word' id='word_1_59' title='bbox 662 865 1016 938; x_wconf 89' lang='lat' dir='ltr'><strong>sequentibus</strong></span> <span class='ocrx_word' id='word_1_60' title='bbox 1047 863 1234 918; x_wconf 90' lang='lat' dir='ltr'><strong>electis</strong></span> <span class='ocrx_word' id='word_1_61' title='bbox 1265 862 1460 917; x_wconf 82' lang='lat' dir='ltr'><strong>callem</strong></span> <span class='ocrx_word' id='word_1_62' title='bbox 1479 863 1847 918; x_wconf 86' lang='lat' dir='ltr'><strong>faciantrecte</strong></span> <span class='ocrx_word' id='word_1_63' title='bbox 1874 863 2110 918; x_wconf 85' lang='lat' dir='ltr'><strong>vivendi.</strong></span> 
     </span>
    </p>
   </div>
   <div class='ocr_carea' id='block_1_11' title="bbox 519 959 2110 1034">
    <p class='ocr_par' dir='ltr' id='par_1_11' title="bbox 519 959 2110 1034">
     <span class='ocr_line' id='line_1_11' title="bbox 519 959 2110 1034; baseline -0.008 -9"><span class='ocrx_word' id='word_1_64' title='bbox 519 973 579 1025; x_wconf 83' lang='lat' dir='ltr'><strong>In</strong></span> <span class='ocrx_word' id='word_1_65' title='bbox 609 968 699 1022; x_wconf 87' lang='lat' dir='ltr'><strong>via</strong></span> <span class='ocrx_word' id='word_1_66' title='bbox 754 963 988 1034; x_wconf 91' lang='lat' dir='ltr'><strong>denique</strong></span> <span class='ocrx_word' id='word_1_67' title='bbox 1045 967 1294 1015; x_wconf 89' lang='lat' dir='ltr'><strong>sternunt</strong></span> <span class='ocrx_word' id='word_1_68' title='bbox 1341 961 1677 1027; x_wconf 88' lang='lat' dir='ltr'><strong>vestimenta,</strong></span> <span class='ocrx_word' id='word_1_69' title='bbox 1738 959 1827 1031; x_wconf 88' lang='lat' dir='ltr'><strong>qui</strong></span> <span class='ocrx_word' id='word_1_70' title='bbox 1881 976 2110 1030; x_wconf 79' lang='lat' dir='ltr'><strong>corpora</strong></span> 
     </span>
    </p>
   </div>
   <div class='ocr_carea' id='block_1_12' title="bbox 517 1048 2106 1118">
    <p class='ocr_par' dir='ltr' id='par_1_12' title="bbox 517 1048 2106 1118">
     <span class='ocr_line' id='line_1_12' title="bbox 517 1048 2106 1118; baseline -0.008 -4"><span class='ocrx_word' id='word_1_71' title='bbox 517 1073 617 1113; x_wconf 87' lang='lat' dir='ltr'><strong>sua</strong></span> <span class='ocrx_word' id='word_1_72' title='bbox 664 1056 921 1110; x_wconf 84' lang='lat' dir='ltr'><strong>edomant</strong></span> <span class='ocrx_word' id='word_1_73' title='bbox 969 1058 1028 1105; x_wconf 92' lang='lat' dir='ltr'><strong>ut</strong></span> <span class='ocrx_word' id='word_1_74' title='bbox 1057 1049 1289 1104; x_wconf 92' lang='lat' dir='ltr'><strong>Domino</strong></span> <span class='ocrx_word' id='word_1_75' title='bbox 1346 1048 1452 1103; x_wconf 90' lang='lat' dir='ltr'><strong>iter</strong></span> <span class='ocrx_word' id='word_1_76' title='bbox 1499 1049 1568 1103; x_wconf 91' lang='lat' dir='ltr'><strong>ad</strong></span> <span class='ocrx_word' id='word_1_77' title='bbox 1607 1057 1842 1103; x_wconf 88' lang='lat' dir='ltr'><strong>mentem</strong></span> <span class='ocrx_word' id='word_1_78' title='bbox 1894 1061 2106 1118; x_wconf 85' lang='lat' dir='ltr'><strong>parent,</strong></span> 
     </span>
    </p>
   </div>
   <div class='ocr_carea' id='block_1_13' title="bbox 516 1137 2110 1212">
    <p class='ocr_par' dir='ltr' id='par_1_13' title="bbox 516 1137 2110 1212">
     <span class='ocr_line' id='line_1_13' title="bbox 516 1137 2110 1212; baseline -0.007 -10"><span class='ocrx_word' id='word_1_79' title='bbox 516 1147 603 1202; x_wconf 85' lang='lat' dir='ltr'><strong>vel</strong></span> <span class='ocrx_word' id='word_1_80' title='bbox 639 1141 892 1212; x_wconf 87' lang='lat' dir='ltr'><strong>exempla</strong></span> <span class='ocrx_word' id='word_1_81' title='bbox 921 1140 1062 1194; x_wconf 87' lang='lat' dir='ltr'><strong>bona</strong></span> <span class='ocrx_word' id='word_1_82' title='bbox 1121 1137 1471 1207; x_wconf 87' lang='lat' dir='ltr'><strong>sequentibus</strong></span> <span class='ocrx_word' id='word_1_83' title='bbox 1524 1137 1824 1208; x_wconf 78' lang='lat' dir='ltr'><strong>praebeant.</strong></span> <span class='ocrx_word' id='word_1_84' title='bbox 1864 1137 2110 1192; x_wconf 85' lang='lat' dir='ltr'><strong>Frondes</strong></span> 
     </span>
    </p>
   </div>
   <div class='ocr_carea' id='block_1_14' title="bbox 519 1224 2110 1296">
    <p class='ocr_par' dir='ltr' id='par_1_14' title="bbox 519 1224 2110 1296">
     <span class='ocr_line' id='line_1_14' title="bbox 519 1224 2110 1296; baseline -0.005 -8"><span class='ocrx_word' id='word_1_85' title='bbox 519 1250 653 1290; x_wconf 91' lang='lat' dir='ltr'><strong>vero</strong></span> <span class='ocrx_word' id='word_1_86' title='bbox 683 1234 770 1288; x_wconf 88' lang='lat' dir='ltr'><strong>vel</strong></span> <span class='ocrx_word' id='word_1_87' title='bbox 800 1243 982 1285; x_wconf 88' lang='lat' dir='ltr'><strong>ramos</strong></span> <span class='ocrx_word' id='word_1_88' title='bbox 1037 1227 1105 1281; x_wconf 90' lang='lat' dir='ltr'><strong>de</strong></span> <span class='ocrx_word' id='word_1_89' title='bbox 1144 1225 1432 1280; x_wconf 84' lang='lat' dir='ltr'><strong>arboribus</strong></span> <span class='ocrx_word' id='word_1_90' title='bbox 1474 1226 1708 1291; x_wconf 61' lang='lat' dir='ltr'><strong>caedunt,</strong></span> <span class='ocrx_word' id='word_1_91' title='bbox 1743 1224 1866 1296; x_wconf 83' lang='lat' dir='ltr'><strong>qui&#39;</strong></span> <span class='ocrx_word' id='word_1_92' title='bbox 1894 1227 2110 1280; x_wconf 88' lang='lat' dir='ltr'><strong>Patrum</strong></span> 
     </span>
    </p>
   </div>
   <div class='ocr_carea' id='block_1_15' title="bbox 516 1312 2111 1384">
    <p class='ocr_par' dir='ltr' id='par_1_15' title="bbox 516 1312 2111 1384">
     <span class='ocr_line' id='line_1_15' title="bbox 516 1312 2111 1384; baseline -0.008 -4"><span class='ocrx_word' id='word_1_93' title='bbox 516 1320 820 1379; x_wconf 82' lang='lat' dir='ltr'><strong>sententias</strong></span> <span class='ocrx_word' id='word_1_94' title='bbox 854 1316 938 1372; x_wconf 86' lang='lat' dir='ltr'><strong>vel</strong></span> <span class='ocrx_word' id='word_1_95' title='bbox 969 1313 1213 1384; x_wconf 88' lang='lat' dir='ltr'><strong>exempla</strong></span> <span class='ocrx_word' id='word_1_96' title='bbox 1239 1320 1490 1383; x_wconf 88' lang='lat' dir='ltr'><strong>carpunt,</strong></span> <span class='ocrx_word' id='word_1_97' title='bbox 1518 1321 1571 1368; x_wconf 91' lang='lat' dir='ltr'><strong>et</strong></span> <span class='ocrx_word' id='word_1_98' title='bbox 1599 1314 1653 1366; x_wconf 92' lang='lat' dir='ltr'><strong>in</strong></span> <span class='ocrx_word' id='word_1_99' title='bbox 1684 1312 1770 1367; x_wconf 90' lang='lat' dir='ltr'><strong>via</strong></span> <span class='ocrx_word' id='word_1_100' title='bbox 1800 1313 1900 1366; x_wconf 91' lang='lat' dir='ltr'><strong>Dei</strong></span> <span class='ocrx_word' id='word_1_101' title='bbox 1931 1313 1999 1367; x_wconf 91' lang='lat' dir='ltr'><strong>ad</strong></span> <span class='ocrx_word' id='word_1_102' title='bbox 2017 1330 2111 1368; x_wconf 89' lang='lat' dir='ltr'><strong>au-</strong></span> 
     </span>
    </p>
   </div>
   <div class='ocr_carea' id='block_1_16' title="bbox 515 1409 2110 1478">
    <p class='ocr_par' dir='ltr' id='par_1_16' title="bbox 515 1409 2110 1478">
     <span class='ocr_line' id='line_1_16' title="bbox 515 1409 2110 1478; baseline -0.009 -2"><span class='ocrx_word' id='word_1_103' title='bbox 515 1419 706 1477; x_wconf 89' lang='lat' dir='ltr'><strong>ditoris</strong></span> <span class='ocrx_word' id='word_1_104' title='bbox 733 1415 970 1470; x_wconf 89' lang='lat' dir='ltr'><strong>animum</strong></span> <span class='ocrx_word' id='word_1_105' title='bbox 1020 1409 1287 1466; x_wconf 87' lang='lat' dir='ltr'><strong>venientis</strong></span> <span class='ocrx_word' id='word_1_106' title='bbox 1318 1409 1507 1463; x_wconf 91' lang='lat' dir='ltr'><strong>humili</strong></span> <span class='ocrx_word' id='word_1_107' title='bbox 1567 1409 1950 1478; x_wconf 81' lang='lat' dir='ltr'><strong>praedicatione</strong></span> <span class='ocrx_word' id='word_1_108' title='bbox 1981 1411 2110 1463; x_wconf 86' lang='lat' dir='ltr'><strong>sub-</strong></span> 
     </span>
    </p>
   </div>
   <div class='ocr_carea' id='block_1_17' title="bbox 512 1497 2106 1570">
    <p class='ocr_par' dir='ltr' id='par_1_17' title="bbox 512 1497 2106 1570">
     <span class='ocr_line' id='line_1_17' title="bbox 512 1497 2106 1570; baseline -0.007 -7"><span class='ocrx_word' id='word_1_109' title='bbox 512 1508 758 1564; x_wconf 89' lang='lat' dir='ltr'><strong>mittunt.</strong></span> <span class='ocrx_word' id='word_1_110' title='bbox 795 1502 933 1557; x_wconf 80' lang='lat' dir='ltr'><strong>Justi</strong></span> <span class='ocrx_word' id='word_1_111' title='bbox 964 1515 1200 1570; x_wconf 88' lang='lat' dir='ltr'><strong>namque</strong></span> <span class='ocrx_word' id='word_1_112' title='bbox 1246 1505 1305 1552; x_wconf 91' lang='lat' dir='ltr'><strong>ut</strong></span> <span class='ocrx_word' id='word_1_113' title='bbox 1332 1498 1514 1568; x_wconf 89' lang='lat' dir='ltr'><strong>palma</strong></span> <span class='ocrx_word' id='word_1_114' title='bbox 1544 1497 1834 1565; x_wconf 79' lang='lat' dir='ltr'><strong>florebunt,</strong></span> <span class='ocrx_word' id='word_1_115' title='bbox 1890 1499 2106 1568; x_wconf 89' lang='lat' dir='ltr'><strong>angusti</strong></span> 
     </span>
    </p>
   </div>
   <div class='ocr_carea' id='block_1_18' title="bbox 513 1585 2102 1657">
    <p class='ocr_par' dir='ltr' id='par_1_18' title="bbox 513 1585 2102 1657">
     <span class='ocr_line' id='line_1_18' title="bbox 513 1585 2102 1657; baseline -0.008 -5"><span class='ocrx_word' id='word_1_116' title='bbox 513 1599 569 1652; x_wconf 88' lang='lat' dir='ltr'><strong>in</strong></span> <span class='ocrx_word' id='word_1_117' title='bbox 589 1593 889 1656; x_wconf 86' lang='lat' dir='ltr'><strong>radicibus,</strong></span> <span class='ocrx_word' id='word_1_118' title='bbox 922 1589 1018 1643; x_wconf 80' lang='lat' dir='ltr'><strong>lati</strong></span> <span class='ocrx_word' id='word_1_119' title='bbox 1077 1588 1133 1641; x_wconf 91' lang='lat' dir='ltr'><strong>in</strong></span> <span class='ocrx_word' id='word_1_120' title='bbox 1167 1587 1389 1641; x_wconf 86' lang='lat' dir='ltr'><strong>ﬂoribus</strong></span> <span class='ocrx_word' id='word_1_121' title='bbox 1431 1595 1484 1642; x_wconf 89' lang='lat' dir='ltr'><strong>et</strong></span> <span class='ocrx_word' id='word_1_122' title='bbox 1514 1585 1799 1650; x_wconf 89' lang='lat' dir='ltr'><strong>fructibus,</strong></span> <span class='ocrx_word' id='word_1_123' title='bbox 1853 1586 2102 1657; x_wconf 91' lang='lat' dir='ltr'><strong>quoniam</strong></span> 
     </span>
    </p>
   </div>
   <div class='ocr_carea' id='block_1_19' title="bbox 2224 412 3828 491">
    <p class='ocr_par' dir='ltr' id='par_1_19' title="bbox 2224 412 3828 491">
     <span class='ocr_line' id='line_1_19' title="bbox 2224 412 3828 491; baseline 0.01 -26"><span class='ocrx_word' id='word_1_124' title='bbox 2224 412 2440 468; x_wconf 88' lang='lat' dir='ltr'><strong>venisse</strong></span> <span class='ocrx_word' id='word_1_125' title='bbox 2474 414 2771 470; x_wconf 88' lang='lat' dir='ltr'><strong>credimus.</strong></span> <span class='ocrx_word' id='word_1_126' title='bbox 2811 417 2868 470; x_wconf 90' lang='lat' dir='ltr'><strong>In</strong></span> <span class='ocrx_word' id='word_1_127' title='bbox 2916 418 3033 486; x_wconf 82' lang='lat' dir='ltr'><strong>ejus</strong></span> <span class='ocrx_word' id='word_1_128' title='bbox 3062 419 3263 491; x_wconf 88' lang='lat' dir='ltr'><strong>quippe</strong></span> <span class='ocrx_word' id='word_1_129' title='bbox 3306 422 3470 476; x_wconf 88' lang='lat' dir='ltr'><strong>laude</strong></span> <span class='ocrx_word' id='word_1_130' title='bbox 3502 423 3755 478; x_wconf 73' lang='lat' dir='ltr'><strong>coelestia</strong></span> <span class='ocrx_word' id='word_1_131' title='bbox 3782 437 3828 481; x_wconf 90' lang='lat' dir='ltr'><strong>et</strong></span> 
     </span>
    </p>
   </div>
   <div class='ocr_carea' id='block_1_20' title="bbox 2225 504 3827 577">
    <p class='ocr_par' dir='ltr' id='par_1_20' title="bbox 2225 504 3827 577">
     <span class='ocr_line' id='line_1_20' title="bbox 2225 504 3827 577; baseline 0.008 -24"><span class='ocrx_word' id='word_1_132' title='bbox 2225 509 2439 557; x_wconf 90' lang='lat' dir='ltr'><strong>terrena</strong></span> <span class='ocrx_word' id='word_1_133' title='bbox 2471 504 2783 569; x_wconf 88' lang='lat' dir='ltr'><strong>concinunt,</strong></span> <span class='ocrx_word' id='word_1_134' title='bbox 2815 505 2937 575; x_wconf 91' lang='lat' dir='ltr'><strong>quia</strong></span> <span class='ocrx_word' id='word_1_135' title='bbox 2969 523 3077 577; x_wconf 91' lang='lat' dir='ltr'><strong>quo</strong></span> <span class='ocrx_word' id='word_1_136' title='bbox 3110 520 3368 565; x_wconf 87' lang='lat' dir='ltr'><strong>nascente</strong></span> <span class='ocrx_word' id='word_1_137' title='bbox 3428 512 3693 566; x_wconf 57' lang='lat' dir='ltr'><strong>caelestes</strong></span> <span class='ocrx_word' id='word_1_138' title='bbox 3724 513 3827 566; x_wconf 83' lang='lat' dir='ltr'><strong>vir-</strong></span> 
     </span>
    </p>
   </div>
   <div class='ocr_carea' id='block_1_21' title="bbox 2223 600 3830 677">
    <p class='ocr_par' dir='ltr' id='par_1_21' title="bbox 2223 600 3830 677">
     <span class='ocr_line' id='line_1_21' title="bbox 2223 600 3830 677; baseline 0.008 -26"><span class='ocrx_word' id='word_1_139' title='bbox 2223 605 2366 654; x_wconf 89' lang='lat' dir='ltr'><strong>tutes</strong></span> <span class='ocrx_word' id='word_1_140' title='bbox 2396 600 2684 656; x_wconf 88' lang='lat' dir='ltr'><strong>decantant</strong></span> <span class='ocrx_word' id='word_1_141' title='bbox 2723 603 2896 674; x_wconf 80' lang='lat' dir='ltr'><strong>gloria</strong></span> <span class='ocrx_word' id='word_1_142' title='bbox 2942 605 2993 658; x_wconf 92' lang='lat' dir='ltr'><strong>in</strong></span> <span class='ocrx_word' id='word_1_143' title='bbox 3027 606 3260 662; x_wconf 88' lang='lat' dir='ltr'><strong>excelsis</strong></span> <span class='ocrx_word' id='word_1_144' title='bbox 3292 609 3428 677; x_wconf 90' lang='lat' dir='ltr'><strong>Deo,</strong></span> <span class='ocrx_word' id='word_1_145' title='bbox 3474 618 3531 664; x_wconf 89' lang='lat' dir='ltr'><strong>et</strong></span> <span class='ocrx_word' id='word_1_146' title='bbox 3579 609 3639 664; x_wconf 92' lang='lat' dir='ltr'><strong>in</strong></span> <span class='ocrx_word' id='word_1_147' title='bbox 3689 618 3830 665; x_wconf 83' lang='lat' dir='ltr'><strong>terra</strong></span> 
     </span>
    </p>
   </div>
   <div class='ocr_carea' id='block_1_22' title="bbox 2223 688 3832 768">
    <p class='ocr_par' dir='ltr' id='par_1_22' title="bbox 2223 688 3832 768">
     <span class='ocr_line' id='line_1_22' title="bbox 2223 688 3832 768; baseline 0.007 -28"><span class='ocrx_word' id='word_1_148' title='bbox 2223 702 2327 756; x_wconf 88' lang='lat' dir='ltr'><strong>pax</strong></span> <span class='ocrx_word' id='word_1_149' title='bbox 2359 688 2688 758; x_wconf 89' lang='lat' dir='ltr'><strong>hominibus,</strong></span> <span class='ocrx_word' id='word_1_150' title='bbox 2725 691 2917 746; x_wconf 86' lang='lat' dir='ltr'><strong>eodem</strong></span> <span class='ocrx_word' id='word_1_151' title='bbox 2947 694 3130 748; x_wconf 91' lang='lat' dir='ltr'><strong>mundi</strong></span> <span class='ocrx_word' id='word_1_152' title='bbox 3177 697 3424 766; x_wconf 90' lang='lat' dir='ltr'><strong>principe</strong></span> <span class='ocrx_word' id='word_1_153' title='bbox 3454 699 3832 768; x_wconf 85' lang='lat' dir='ltr'><strong>triumphator</strong></span> 
     </span>
    </p>
   </div>
   <div class='ocr_carea' id='block_1_23' title="bbox 2223 777 3830 850">
    <p class='ocr_par' dir='ltr' id='par_1_23' title="bbox 2223 777 3830 850">
     <span class='ocr_line' id='line_1_23' title="bbox 2223 777 3830 850; baseline 0.008 -21"><span class='ocrx_word' id='word_1_154' title='bbox 2223 777 2480 832; x_wconf 89' lang='lat' dir='ltr'><strong>mortales</strong></span> <span class='ocrx_word' id='word_1_155' title='bbox 2511 778 2686 833; x_wconf 88' lang='lat' dir='ltr'><strong>vicem</strong></span> <span class='ocrx_word' id='word_1_156' title='bbox 2708 778 2882 834; x_wconf 80' lang='lat' dir='ltr'><strong>laudis</strong></span> <span class='ocrx_word' id='word_1_157' title='bbox 2912 784 3240 850; x_wconf 86' lang='lat' dir='ltr'><strong>rependunt,</strong></span> <span class='ocrx_word' id='word_1_158' title='bbox 3299 786 3551 842; x_wconf 84' lang='lat' dir='ltr'><strong>dicentes</strong></span> <span class='ocrx_word' id='word_1_159' title='bbox 3585 804 3601 842; x_wconf 87' lang='lat'><strong>:</strong></span> <span class='ocrx_word' id='word_1_160' title='bbox 3641 788 3750 841; x_wconf 86' lang='lat' dir='ltr'><strong>Pax</strong></span> <span class='ocrx_word' id='word_1_161' title='bbox 3781 788 3830 842; x_wconf 89' lang='lat' dir='ltr'><strong>in</strong></span> 
     </span>
    </p>
   </div>
   <div class='ocr_carea' id='block_1_24' title="bbox 2221 863 3828 945">
    <p class='ocr_par' dir='ltr' id='par_1_24' title="bbox 2221 863 3828 945">
     <span class='ocr_line' id='line_1_24' title="bbox 2221 863 3828 945; baseline 0.009 -28"><span class='ocrx_word' id='word_1_162' title='bbox 2221 863 2366 918; x_wconf 89' lang='lat' dir='ltr'><strong>coelo</strong></span> <span class='ocrx_word' id='word_1_163' title='bbox 2397 873 2448 919; x_wconf 91' lang='lat' dir='ltr'><strong>et</strong></span> <span class='ocrx_word' id='word_1_164' title='bbox 2505 865 2686 937; x_wconf 77' lang='lat' dir='ltr'><strong>gloria</strong></span> <span class='ocrx_word' id='word_1_165' title='bbox 2745 867 2797 921; x_wconf 94' lang='lat' dir='ltr'><strong>in</strong></span> <span class='ocrx_word' id='word_1_166' title='bbox 2830 870 3088 924; x_wconf 85' lang='lat' dir='ltr'><strong>excelsis.</strong></span> <span class='ocrx_word' id='word_1_167' title='bbox 3126 872 3324 928; x_wconf 86' lang='lat' dir='ltr'><strong>Turbae</strong></span> <span class='ocrx_word' id='word_1_168' title='bbox 3345 874 3551 945; x_wconf 90' lang='lat' dir='ltr'><strong>quippe</strong></span> <span class='ocrx_word' id='word_1_169' title='bbox 3584 876 3828 942; x_wconf 60' lang='lat' dir='ltr'><strong>refecta,</strong></span> 
     </span>
    </p>
   </div>
   <div class='ocr_carea' id='block_1_25' title="bbox 2221 951 3831 1032">
    <p class='ocr_par' dir='ltr' id='par_1_25' title="bbox 2221 951 3831 1032">
     <span class='ocr_line' id='line_1_25' title="bbox 2221 951 3831 1032; baseline 0.009 -27"><span class='ocrx_word' id='word_1_170' title='bbox 2221 951 2289 1006; x_wconf 91' lang='lat' dir='ltr'><strong>de</strong></span> <span class='ocrx_word' id='word_1_171' title='bbox 2311 952 2548 1024; x_wconf 91' lang='lat' dir='ltr'><strong>quinque</strong></span> <span class='ocrx_word' id='word_1_172' title='bbox 2595 955 2835 1025; x_wconf 91' lang='lat' dir='ltr'><strong>panibus</strong></span> <span class='ocrx_word' id='word_1_173' title='bbox 2893 965 2943 1012; x_wconf 92' lang='lat' dir='ltr'><strong>et</strong></span> <span class='ocrx_word' id='word_1_174' title='bbox 2972 957 3184 1013; x_wconf 88' lang='lat' dir='ltr'><strong>duobus</strong></span> <span class='ocrx_word' id='word_1_175' title='bbox 3239 961 3484 1032; x_wconf 90' lang='lat' dir='ltr'><strong>piscibus</strong></span> <span class='ocrx_word' id='word_1_176' title='bbox 3541 963 3831 1019; x_wconf 81' lang='lat' dir='ltr'><strong>voluerunt</strong></span> 
     </span>
    </p>
   </div>
   <div class='ocr_carea' id='block_1_26' title="bbox 2220 1051 3829 1133">
    <p class='ocr_par' dir='ltr' id='par_1_26' title="bbox 2220 1051 3829 1133">
     <span class='ocr_line' id='line_1_26' title="bbox 2220 1051 3829 1133; baseline 0.007 -30"><span class='ocrx_word' id='word_1_177' title='bbox 2220 1064 2418 1119; x_wconf 87' lang='lat' dir='ltr'><strong>rapere</strong></span> <span class='ocrx_word' id='word_1_178' title='bbox 2447 1051 2637 1106; x_wconf 84' lang='lat' dir='ltr'><strong>Jesum</strong></span> <span class='ocrx_word' id='word_1_179' title='bbox 2671 1053 3076 1111; x_wconf 88' lang='lat' dir='ltr'><strong>etconstituere</strong></span> <span class='ocrx_word' id='word_1_180' title='bbox 3095 1073 3308 1128; x_wconf 80' lang='lat' dir='ltr'><strong>regem,</strong></span> <span class='ocrx_word' id='word_1_181' title='bbox 3343 1061 3443 1114; x_wconf 90' lang='lat' dir='ltr'><strong>sed</strong></span> <span class='ocrx_word' id='word_1_182' title='bbox 3474 1060 3598 1130; x_wconf 86' lang='lat' dir='ltr'><strong>ipse</strong></span> <span class='ocrx_word' id='word_1_183' title='bbox 3625 1061 3766 1133; x_wconf 85' lang='lat' dir='ltr'><strong>fugit</strong></span> <span class='ocrx_word' id='word_1_184' title='bbox 3780 1062 3829 1115; x_wconf 92' lang='lat' dir='ltr'><strong>in</strong></span> 
     </span>
    </p>
   </div>
   <div class='ocr_carea' id='block_1_27' title="bbox 2217 1140 3829 1216">
    <p class='ocr_par' dir='ltr' id='par_1_27' title="bbox 2217 1140 3829 1216">
     <span class='ocr_line' id='line_1_27' title="bbox 2217 1140 3829 1216; baseline 0.009 -26"><span class='ocrx_word' id='word_1_185' title='bbox 2217 1146 2476 1193; x_wconf 86' lang='lat' dir='ltr'><strong>montem.</strong></span> <span class='ocrx_word' id='word_1_186' title='bbox 2508 1140 2667 1196; x_wconf 90' lang='lat' dir='ltr'><strong>Nunc</strong></span> <span class='ocrx_word' id='word_1_187' title='bbox 2703 1149 2882 1196; x_wconf 90' lang='lat' dir='ltr'><strong>autem</strong></span> <span class='ocrx_word' id='word_1_188' title='bbox 2936 1159 3048 1198; x_wconf 91' lang='lat' dir='ltr'><strong>non</strong></span> <span class='ocrx_word' id='word_1_189' title='bbox 3106 1145 3352 1216; x_wconf 90' lang='lat' dir='ltr'><strong>reprimit</strong></span> <span class='ocrx_word' id='word_1_190' title='bbox 3405 1163 3579 1203; x_wconf 82' lang='lat' dir='ltr'><strong>voces</strong></span> <span class='ocrx_word' id='word_1_191' title='bbox 3639 1165 3829 1205; x_wconf 88' lang='lat' dir='ltr'><strong>eorum</strong></span> 
     </span>
    </p>
   </div>
   <div class='ocr_carea' id='block_1_28' title="bbox 2217 1225 3820 1298">
    <p class='ocr_par' dir='ltr' id='par_1_28' title="bbox 2217 1225 3820 1298">
     <span class='ocr_line' id='line_1_28' title="bbox 2217 1225 3820 1298; baseline 0.01 -19"><span class='ocrx_word' id='word_1_192' title='bbox 2217 1225 2306 1296; x_wconf 90' lang='lat' dir='ltr'><strong>qui</strong></span> <span class='ocrx_word' id='word_1_193' title='bbox 2338 1243 2566 1298; x_wconf 84' lang='lat' dir='ltr'><strong>regnum</strong></span> <span class='ocrx_word' id='word_1_194' title='bbox 2599 1230 2771 1284; x_wconf 86' lang='lat' dir='ltr'><strong>David</strong></span> <span class='ocrx_word' id='word_1_195' title='bbox 2819 1234 3231 1288; x_wconf 87' lang='lat' dir='ltr'><strong>restaurandum</strong></span> <span class='ocrx_word' id='word_1_196' title='bbox 3284 1235 3340 1288; x_wconf 92' lang='lat' dir='ltr'><strong>in</strong></span> <span class='ocrx_word' id='word_1_197' title='bbox 3392 1252 3460 1292; x_wconf 93' lang='lat' dir='ltr'><strong>eo</strong></span> <span class='ocrx_word' id='word_1_198' title='bbox 3491 1238 3820 1295; x_wconf 86' lang='lat' dir='ltr'><strong>concinunt.</strong></span> 
     </span>
    </p>
   </div>
   <div class='ocr_carea' id='block_1_29' title="bbox 2215 1313 3828 1395">
    <p class='ocr_par' dir='ltr' id='par_1_29' title="bbox 2215 1313 3828 1395">
     <span class='ocr_line' id='line_1_29' title="bbox 2215 1313 3828 1395; baseline 0.009 -27"><span class='ocrx_word' id='word_1_199' title='bbox 2215 1313 2270 1368; x_wconf 92' lang='lat' dir='ltr'><strong>1n</strong></span> <span class='ocrx_word' id='word_1_200' title='bbox 2311 1331 2418 1386; x_wconf 92' lang='lat' dir='ltr'><strong>quo</strong></span> <span class='ocrx_word' id='word_1_201' title='bbox 2448 1324 2573 1386; x_wconf 86' lang='lat' dir='ltr'><strong>apte</strong></span> <span class='ocrx_word' id='word_1_202' title='bbox 2603 1317 2765 1373; x_wconf 90' lang='lat' dir='ltr'><strong>docet</strong></span> <span class='ocrx_word' id='word_1_203' title='bbox 2821 1321 2962 1391; x_wconf 89' lang='lat' dir='ltr'><strong>quod</strong></span> <span class='ocrx_word' id='word_1_204' title='bbox 3021 1323 3211 1377; x_wconf 64' lang='lat' dir='ltr'><strong>mterni</strong></span> <span class='ocrx_word' id='word_1_205' title='bbox 3253 1323 3466 1395; x_wconf 89' lang='lat' dir='ltr'><strong>imperii</strong></span> <span class='ocrx_word' id='word_1_206' title='bbox 3517 1342 3618 1380; x_wconf 89' lang='lat' dir='ltr'><strong>rex</strong></span> <span class='ocrx_word' id='word_1_207' title='bbox 3681 1336 3828 1385; x_wconf 85' lang='lat' dir='ltr'><strong>esset</strong></span> 
     </span>
    </p>
   </div>
   <div class='ocr_carea' id='block_1_30' title="bbox 2215 1410 3826 1494">
    <p class='ocr_par' dir='ltr' id='par_1_30' title="bbox 2215 1410 3826 1494">
     <span class='ocr_line' id='line_1_30' title="bbox 2215 1410 3826 1494; baseline 0.009 -29"><span class='ocrx_word' id='word_1_208' title='bbox 2215 1410 2268 1465; x_wconf 91' lang='lat' dir='ltr'><strong>in</strong></span> <span class='ocrx_word' id='word_1_209' title='bbox 2302 1413 2476 1480; x_wconf 79' lang='lat' dir='ltr'><strong>ccelis,</strong></span> <span class='ocrx_word' id='word_1_210' title='bbox 2509 1429 2619 1469; x_wconf 93' lang='lat' dir='ltr'><strong>non</strong></span> <span class='ocrx_word' id='word_1_211' title='bbox 2667 1423 2876 1471; x_wconf 90' lang='lat' dir='ltr'><strong>tantum</strong></span> <span class='ocrx_word' id='word_1_212' title='bbox 2909 1418 2968 1472; x_wconf 88' lang='lat' dir='ltr'><strong>in</strong></span> <span class='ocrx_word' id='word_1_213' title='bbox 3027 1420 3211 1474; x_wconf 88' lang='lat' dir='ltr'><strong>terris.</strong></span> <span class='ocrx_word' id='word_1_214' title='bbox 3249 1423 3330 1476; x_wconf 87' lang='lat' dir='ltr'><strong>Ad</strong></span> <span class='ocrx_word' id='word_1_215' title='bbox 3362 1423 3510 1494; x_wconf 91' lang='lat' dir='ltr'><strong>quod</strong></span> <span class='ocrx_word' id='word_1_216' title='bbox 3559 1441 3665 1494; x_wconf 87' lang='lat' dir='ltr'><strong>per</strong></span> <span class='ocrx_word' id='word_1_217' title='bbox 3693 1442 3826 1482; x_wconf 90' lang='lat' dir='ltr'><strong>con-</strong></span> 
     </span>
    </p>
   </div>
   <div class='ocr_carea' id='block_1_31' title="bbox 2213 1504 3824 1577">
    <p class='ocr_par' dir='ltr' id='par_1_31' title="bbox 2213 1504 3824 1577">
     <span class='ocr_line' id='line_1_31' title="bbox 2213 1504 3824 1577; baseline 0.01 -23"><span class='ocrx_word' id='word_1_218' title='bbox 2213 1509 2470 1572; x_wconf 85' lang='lat' dir='ltr'><strong>temptum</strong></span> <span class='ocrx_word' id='word_1_219' title='bbox 2504 1504 3034 1577; x_wconf 84' lang='lat' dir='ltr'><strong>mortis,etgloriam</strong></span> <span class='ocrx_word' id='word_1_220' title='bbox 3059 1511 3495 1575; x_wconf 89' lang='lat' dir='ltr'><strong>resurrectionis,</strong></span> <span class='ocrx_word' id='word_1_221' title='bbox 3535 1523 3590 1568; x_wconf 91' lang='lat' dir='ltr'><strong>et</strong></span> <span class='ocrx_word' id='word_1_222' title='bbox 3625 1516 3824 1569; x_wconf 86' lang='lat' dir='ltr'><strong>trium-</strong></span> 
     </span>
    </p>
   </div>
   <div class='ocr_carea' id='block_1_32' title="bbox 2215 1589 3825 1670">
    <p class='ocr_par' dir='ltr' id='par_1_32' title="bbox 2215 1589 3825 1670">
     <span class='ocr_line' id='line_1_32' title="bbox 2215 1589 3825 1670; baseline 0.011 -28"><span class='ocrx_word' id='word_1_223' title='bbox 2215 1589 2382 1662; x_wconf 86' lang='lat' dir='ltr'><strong>phum</strong></span> <span class='ocrx_word' id='word_1_224' title='bbox 2405 1593 2744 1648; x_wconf 87' lang='lat' dir='ltr'><strong>ascensionis</strong></span> <span class='ocrx_word' id='word_1_225' title='bbox 2783 1595 3106 1662; x_wconf 88' lang='lat' dir='ltr'><strong>perveniret.</strong></span> <span class='ocrx_word' id='word_1_226' title='bbox 3170 1598 3309 1654; x_wconf 83' lang='lat' dir='ltr'><strong>Hinc</strong></span> <span class='ocrx_word' id='word_1_227' title='bbox 3347 1609 3470 1670; x_wconf 88' lang='lat' dir='ltr'><strong>post</strong></span> <span class='ocrx_word' id='word_1_228' title='bbox 3530 1618 3825 1659; x_wconf 88' lang='lat' dir='ltr'><strong>resurrec-</strong></span> 
     </span>
    </p>
   </div>
   <div class='ocr_carea' id='block_1_33' title="bbox 513 1674 3823 1761">
    <p class='ocr_par' dir='ltr' id='par_1_33' title="bbox 513 1674 3823 1761">
     <span class='ocr_line' id='line_1_33' title="bbox 513 1674 3823 1761; baseline 0.002 -19"><span class='ocrx_word' id='word_1_229' title='bbox 513 1687 691 1742; x_wconf 84' lang='lat' dir='ltr'><strong>bonus</strong></span> <span class='ocrx_word' id='word_1_230' title='bbox 721 1682 861 1737; x_wconf 93' lang='lat' dir='ltr'><strong>odor</strong></span> <span class='ocrx_word' id='word_1_231' title='bbox 890 1676 1091 1733; x_wconf 89' lang='lat' dir='ltr'><strong>Christi</strong></span> <span class='ocrx_word' id='word_1_232' title='bbox 1121 1683 1264 1741; x_wconf 90' lang='lat' dir='ltr'><strong>sunt,</strong></span> <span class='ocrx_word' id='word_1_233' title='bbox 1302 1679 1356 1730; x_wconf 90' lang='lat' dir='ltr'><strong>et</strong></span> <span class='ocrx_word' id='word_1_234' title='bbox 1385 1682 1636 1730; x_wconf 87' lang='lat' dir='ltr'><strong>sternunt</strong></span> <span class='ocrx_word' id='word_1_235' title='bbox 1681 1674 1825 1729; x_wconf 87' lang='lat' dir='ltr'><strong>viam</strong></span> <span class='ocrx_word' id='word_1_236' title='bbox 1880 1674 2099 1729; x_wconf 80' lang='lat' dir='ltr'><strong>manda-</strong></span> <span class='ocrx_word' id='word_1_237' title='bbox 2130 1679 2182 1737; x_wconf 94' lang='lat' dir='ltr'>B</span> <span class='ocrx_word' id='word_1_238' title='bbox 2213 1678 2415 1734; x_wconf 88' lang='lat' dir='ltr'><strong>tionem</strong></span> <span class='ocrx_word' id='word_1_239' title='bbox 2444 1679 2518 1734; x_wconf 93' lang='lat' dir='ltr'><strong>ait</strong></span> <span class='ocrx_word' id='word_1_240' title='bbox 2546 1681 2826 1752; x_wconf 88' lang='lat' dir='ltr'><strong>discipulis</strong></span> <span class='ocrx_word' id='word_1_241' title='bbox 2851 1701 2862 1737; x_wconf 86' lang='lat'><strong>:</strong></span> <span class='ocrx_word' id='word_1_242' title='bbox 2895 1706 2916 1730; x_wconf 84' lang='lat'><strong>«</strong></span> <span class='ocrx_word' id='word_1_243' title='bbox 2950 1684 3093 1738; x_wconf 89' lang='lat' dir='ltr'><strong>Data</strong></span> <span class='ocrx_word' id='word_1_244' title='bbox 3116 1687 3345 1741; x_wconf 90' lang='lat' dir='ltr'><strong>estmihi</strong></span> <span class='ocrx_word' id='word_1_245' title='bbox 3367 1689 3557 1743; x_wconf 88' lang='lat' dir='ltr'><strong>omnis</strong></span> <span class='ocrx_word' id='word_1_246' title='bbox 3573 1699 3823 1761; x_wconf 87' lang='lat' dir='ltr'><strong>potestas</strong></span> 
     </span>
    </p>
   </div>
   <div class='ocr_carea' id='block_1_34' title="bbox 517 1765 1184 1830">
    <p class='ocr_par' dir='ltr' id='par_1_34' title="bbox 517 1765 1184 1830">
     <span class='ocr_line' id='line_1_34' title="bbox 517 1765 1184 1830; baseline -0.019 0"><span class='ocrx_word' id='word_1_247' title='bbox 517 1785 689 1830; x_wconf 88' lang='lat' dir='ltr'><strong>torum</strong></span> <span class='ocrx_word' id='word_1_248' title='bbox 715 1769 813 1826; x_wconf 92' lang='lat' dir='ltr'><strong>Dei</strong></span> <span class='ocrx_word' id='word_1_249' title='bbox 847 1768 986 1821; x_wconf 90' lang='lat' dir='ltr'><strong>bona</strong></span> <span class='ocrx_word' id='word_1_250' title='bbox 1017 1765 1184 1820; x_wconf 88' lang='lat' dir='ltr'><strong>fama.</strong></span> 
     </span>
    </p>
   </div>
   <div class='ocr_carea' id='block_1_35' title="bbox 521 1851 2102 1925">
    <p class='ocr_par' dir='ltr' id='par_1_35' title="bbox 521 1851 2102 1925">
     <span class='ocr_line' id='line_1_35' title="bbox 521 1851 2102 1925; baseline -0.006 -9"><span class='ocrx_word' id='word_1_251' title='bbox 521 1901 526 1905; x_wconf 86' lang='grc'><strong>-</strong></span> <span class='ocrx_word' id='word_1_252' title='bbox 589 1887 610 1910; x_wconf 78' lang='grc' dir='ltr'><strong>«ι</strong></span> <span class='ocrx_word' id='word_1_253' title='bbox 647 1862 714 1916; x_wconf 83' lang='grc' dir='ltr'><strong>Ει</strong></span> <span class='ocrx_word' id='word_1_254' title='bbox 744 1874 867 1915; x_wconf 91' lang='lat' dir='ltr'><strong>cum</strong></span> <span class='ocrx_word' id='word_1_255' title='bbox 893 1857 1004 1925; x_wconf 90' lang='lat' dir='ltr'><strong>jam</strong></span> <span class='ocrx_word' id='word_1_256' title='bbox 1029 1852 1495 1925; x_wconf 78' lang='lat' dir='ltr'><strong>appropinquaret</strong></span> <span class='ocrx_word' id='word_1_257' title='bbox 1514 1853 1582 1906; x_wconf 89' lang='lat' dir='ltr'><strong>ad</strong></span> <span class='ocrx_word' id='word_1_258' title='bbox 1603 1851 1928 1908; x_wconf 91' lang='lat' dir='ltr'><strong>descensum</strong></span> <span class='ocrx_word' id='word_1_259' title='bbox 1943 1867 2102 1907; x_wconf 91' lang='lat' dir='ltr'><strong>mon-</strong></span> 
     </span>
    </p>
   </div>
   <div class='ocr_carea' id='block_1_36' title="bbox 515 1941 2102 2014">
    <p class='ocr_par' dir='ltr' id='par_1_36' title="bbox 515 1941 2102 2014">
     <span class='ocr_line' id='line_1_36' title="bbox 515 1941 2102 2014; baseline -0.008 -7"><span class='ocrx_word' id='word_1_260' title='bbox 515 1952 583 2008; x_wconf 91' lang='lat' dir='ltr'><strong>tis</strong></span> <span class='ocrx_word' id='word_1_261' title='bbox 609 1947 810 2006; x_wconf 91' lang='lat' dir='ltr'><strong>Oliveti</strong></span> <span class='ocrx_word' id='word_1_262' title='bbox 866 1950 1153 2014; x_wconf 67' lang='lat' dir='ltr'><strong>cmperunt</strong></span> <span class='ocrx_word' id='word_1_263' title='bbox 1182 1958 1374 1996; x_wconf 88' lang='lat' dir='ltr'><strong>omnes</strong></span> <span class='ocrx_word' id='word_1_264' title='bbox 1431 1942 1599 1997; x_wconf 68' lang='lat' dir='ltr'><strong>turbae</strong></span> <span class='ocrx_word' id='word_1_265' title='bbox 1656 1941 2102 1997; x_wconf 89' lang='lat' dir='ltr'><strong>descendentium</strong></span> 
     </span>
    </p>
   </div>
   <div class='ocr_carea' id='block_1_37' title="bbox 511 2039 2104 2124">
    <p class='ocr_par' dir='ltr' id='par_1_37' title="bbox 511 2039 2104 2124">
     <span class='ocr_line' id='line_1_37' title="bbox 511 2039 2104 2124; baseline -0.008 -19"><span class='ocrx_word' id='word_1_266' title='bbox 511 2049 820 2124; x_wconf 75' lang='lat' dir='ltr'><strong>gaudentes</strong></span> <span class='ocrx_word' id='word_1_267' title='bbox 851 2042 1071 2098; x_wconf 91' lang='lat' dir='ltr'><strong>laudare</strong></span> <span class='ocrx_word' id='word_1_268' title='bbox 1103 2039 1393 2094; x_wconf 91' lang='lat' dir='ltr'><strong>Dominum</strong></span> <span class='ocrx_word' id='word_1_269' title='bbox 1412 2054 1547 2095; x_wconf 91' lang='lat' dir='ltr'><strong>voce</strong></span> <span class='ocrx_word' id='word_1_270' title='bbox 1566 2053 1787 2108; x_wconf 80' lang='lat' dir='ltr'><strong>magna.</strong></span> <span class='ocrx_word' id='word_1_271' title='bbox 1825 2060 1846 2089; x_wconf 77' lang='grc' dir='ltr'><strong>ι</strong></span> <span class='ocrx_word' id='word_1_272' title='bbox 1868 2040 2104 2094; x_wconf 88' lang='lat' dir='ltr'><strong>Descen-</strong></span> 
     </span>
    </p>
   </div>
   <div class='ocr_carea' id='block_1_38' title="bbox 507 2125 2102 2194">
    <p class='ocr_par' dir='ltr' id='par_1_38' title="bbox 507 2125 2102 2194">
     <span class='ocr_line' id='line_1_38' title="bbox 507 2125 2102 2194; baseline -0.008 0"><span class='ocrx_word' id='word_1_273' title='bbox 507 2140 667 2194; x_wconf 88' lang='lat' dir='ltr'><strong>dente</strong></span> <span class='ocrx_word' id='word_1_274' title='bbox 699 2132 932 2190; x_wconf 92' lang='lat' dir='ltr'><strong>Domino</strong></span> <span class='ocrx_word' id='word_1_275' title='bbox 980 2129 1049 2183; x_wconf 92' lang='lat' dir='ltr'><strong>de</strong></span> <span class='ocrx_word' id='word_1_276' title='bbox 1078 2135 1263 2183; x_wconf 93' lang='lat' dir='ltr'><strong>monte</strong></span> <span class='ocrx_word' id='word_1_277' title='bbox 1296 2125 1513 2192; x_wconf 88' lang='lat' dir='ltr'><strong>Oliveti,</strong></span> <span class='ocrx_word' id='word_1_278' title='bbox 1570 2126 1622 2180; x_wconf 91' lang='lat' dir='ltr'><strong>id</strong></span> <span class='ocrx_word' id='word_1_279' title='bbox 1653 2134 1735 2181; x_wconf 89' lang='lat' dir='ltr'><strong>est</strong></span> <span class='ocrx_word' id='word_1_280' title='bbox 1790 2126 2102 2182; x_wconf 89' lang='lat' dir='ltr'><strong>humiliante</strong></span> 
     </span>
    </p>
   </div>
   <div class='ocr_carea' id='block_1_39' title="bbox 511 2215 2102 2284">
    <p class='ocr_par' dir='ltr' id='par_1_39' title="bbox 511 2215 2102 2284">
     <span class='ocr_line' id='line_1_39' title="bbox 511 2215 2102 2284; baseline -0.009 1"><span class='ocrx_word' id='word_1_281' title='bbox 511 2245 571 2284; x_wconf 85' lang='lat' dir='ltr'><strong>se</strong></span> <span class='ocrx_word' id='word_1_282' title='bbox 601 2225 670 2280; x_wconf 89' lang='lat' dir='ltr'><strong>ad</strong></span> <span class='ocrx_word' id='word_1_283' title='bbox 697 2221 1063 2278; x_wconf 87' lang='lat' dir='ltr'><strong>inﬁrmitatem</strong></span> <span class='ocrx_word' id='word_1_284' title='bbox 1107 2224 1309 2271; x_wconf 77' lang='lat' dir='ltr'><strong>nostrae</strong></span> <span class='ocrx_word' id='word_1_285' title='bbox 1339 2216 1544 2282; x_wconf 82' lang='lat' dir='ltr'><strong>carnis,</strong></span> <span class='ocrx_word' id='word_1_286' title='bbox 1576 2231 1700 2271; x_wconf 92' lang='lat' dir='ltr'><strong>cum</strong></span> <span class='ocrx_word' id='word_1_287' title='bbox 1751 2215 1818 2270; x_wconf 80' lang='lat' dir='ltr'><strong>ei:</strong></span> <span class='ocrx_word' id='word_1_288' title='bbox 1840 2216 1892 2270; x_wconf 92' lang='lat' dir='ltr'><strong>in</strong></span> <span class='ocrx_word' id='word_1_289' title='bbox 1925 2215 2102 2271; x_wconf 88' lang='lat' dir='ltr'><strong>forma</strong></span> 
     </span>
    </p>
   </div>
   <div class='ocr_carea' id='block_1_40' title="bbox 510 2303 2102 2372">
    <p class='ocr_par' dir='ltr' id='par_1_40' title="bbox 510 2303 2102 2372">
     <span class='ocr_line' id='line_1_40' title="bbox 510 2303 2102 2372; baseline -0.008 -1"><span class='ocrx_word' id='word_1_290' title='bbox 510 2315 638 2371; x_wconf 89' lang='lat' dir='ltr'><strong>Dei.</strong></span> <span class='ocrx_word' id='word_1_291' title='bbox 679 2313 813 2367; x_wconf 89' lang='lat' dir='ltr'><strong>Cum</strong></span> <span class='ocrx_word' id='word_1_292' title='bbox 833 2308 924 2363; x_wconf 90' lang='lat' dir='ltr'><strong>illo</strong></span> <span class='ocrx_word' id='word_1_293' title='bbox 954 2305 1291 2362; x_wconf 87' lang='lat' dir='ltr'><strong>descendunt</strong></span> <span class='ocrx_word' id='word_1_294' title='bbox 1318 2304 1507 2369; x_wconf 65' lang='lat' dir='ltr'><strong>turbae,</strong></span> <span class='ocrx_word' id='word_1_295' title='bbox 1540 2303 1596 2358; x_wconf 90' lang='lat' dir='ltr'><strong>id</strong></span> <span class='ocrx_word' id='word_1_296' title='bbox 1647 2311 1729 2372; x_wconf 85' lang='lat' dir='ltr'><strong>est</strong></span> <span class='ocrx_word' id='word_1_297' title='bbox 1754 2303 2102 2360; x_wconf 90' lang='lat' dir='ltr'><strong>humiliantur</strong></span> 
     </span>
    </p>
   </div>
   <div class='ocr_carea' id='block_1_41' title="bbox 510 2398 2099 2475">
    <p class='ocr_par' dir='ltr' id='par_1_41' title="bbox 510 2398 2099 2475">
     <span class='ocr_line' id='line_1_41' title="bbox 510 2398 2099 2475; baseline -0.006 -8"><span class='ocrx_word' id='word_1_298' title='bbox 510 2412 612 2466; x_wconf 89' lang='lat' dir='ltr'><strong>sub</strong></span> <span class='ocrx_word' id='word_1_299' title='bbox 643 2424 810 2465; x_wconf 89' lang='lat' dir='ltr'><strong>manu</strong></span> <span class='ocrx_word' id='word_1_300' title='bbox 833 2405 954 2475; x_wconf 87' lang='lat' dir='ltr'><strong>ejus</strong></span> <span class='ocrx_word' id='word_1_301' title='bbox 986 2402 1076 2475; x_wconf 90' lang='lat' dir='ltr'><strong>qui</strong></span> <span class='ocrx_word' id='word_1_302' title='bbox 1099 2399 1478 2457; x_wconf 83' lang='lat' dir='ltr'><strong>misericordia</strong></span> <span class='ocrx_word' id='word_1_303' title='bbox 1517 2398 1784 2472; x_wconf 77' lang='lat' dir='ltr'><strong>indigent,</strong></span> <span class='ocrx_word' id='word_1_304' title='bbox 1831 2408 1890 2456; x_wconf 91' lang='lat' dir='ltr'><strong>ut</strong></span> <span class='ocrx_word' id='word_1_305' title='bbox 1944 2401 2012 2456; x_wconf 90' lang='lat' dir='ltr'><strong>ab</strong></span> <span class='ocrx_word' id='word_1_306' title='bbox 2033 2416 2099 2458; x_wconf 91' lang='lat' dir='ltr'><strong>eo</strong></span> 
     </span>
    </p>
   </div>
   <div class='ocr_carea' id='block_1_42' title="bbox 510 2499 2091 2651">
    <p class='ocr_par' dir='ltr' id='par_1_42' title="bbox 510 2499 2091 2651">
     <span class='ocr_line' id='line_1_42' title="bbox 510 2499 839 2558; baseline -0.021 0"><span class='ocrx_word' id='word_1_307' title='bbox 510 2499 839 2558; x_wconf 85' lang='lat' dir='ltr'><strong>exaltentur.</strong></span> 
     </span>
     <span class='ocr_line' id='line_1_43' title="bbox 584 2577 2091 2651; baseline -0.003 -13"><span class='ocrx_word' id='word_1_308' title='bbox 584 2613 605 2638; x_wconf 77' lang='grc' dir='ltr'>α</span> <span class='ocrx_word' id='word_1_309' title='bbox 641 2586 840 2642; x_wconf 69' lang='lat' dir='ltr'><strong>Turba:</strong></span> <span class='ocrx_word' id='word_1_310' title='bbox 867 2589 1050 2639; x_wconf 89' lang='lat' dir='ltr'><strong>autem</strong></span> <span class='ocrx_word' id='word_1_311' title='bbox 1081 2595 1199 2651; x_wconf 74' lang='lat' dir='ltr'><strong>quae</strong></span> <span class='ocrx_word' id='word_1_312' title='bbox 1230 2577 1626 2650; x_wconf 85' lang='lat' dir='ltr'><strong>praecedebant,</strong></span> <span class='ocrx_word' id='word_1_313' title='bbox 1659 2583 1711 2632; x_wconf 91' lang='lat' dir='ltr'><strong>et</strong></span> <span class='ocrx_word' id='word_1_314' title='bbox 1740 2594 1862 2650; x_wconf 84' lang='lat' dir='ltr'><strong>quae</strong></span> <span class='ocrx_word' id='word_1_315' title='bbox 1892 2593 2091 2650; x_wconf 87' lang='lat' dir='ltr'><strong>seque-</strong></span> 
     </span>
    </p>
   </div>
   <div class='ocr_carea' id='block_1_43' title="bbox 509 2665 2096 2743">
    <p class='ocr_par' dir='ltr' id='par_1_43' title="bbox 509 2665 2096 2743">
     <span class='ocr_line' id='line_1_44' title="bbox 509 2665 2096 2743; baseline -0.008 -8"><span class='ocrx_word' id='word_1_316' title='bbox 509 2682 729 2743; x_wconf 88' lang='lat' dir='ltr'><strong>bantur,</strong></span> <span class='ocrx_word' id='word_1_317' title='bbox 761 2671 1069 2731; x_wconf 85' lang='lat' dir='ltr'><strong>clamabant</strong></span> <span class='ocrx_word' id='word_1_318' title='bbox 1095 2667 1344 2724; x_wconf 89' lang='lat' dir='ltr'><strong>dicentes</strong></span> <span class='ocrx_word' id='word_1_319' title='bbox 1365 2667 1648 2722; x_wconf 84' lang='lat' dir='ltr'><strong>:Hosanna</strong></span> <span class='ocrx_word' id='word_1_320' title='bbox 1670 2665 1779 2721; x_wconf 86' lang='lat' dir='ltr'><strong>tilio</strong></span> <span class='ocrx_word' id='word_1_321' title='bbox 1796 2667 2096 2734; x_wconf 82' lang='lat' dir='ltr'><strong>David,Be-</strong></span> 
     </span>
    </p>
   </div>
   <div class='ocr_carea' id='block_1_44' title="bbox 504 2763 2096 2844">
    <p class='ocr_par' dir='ltr' id='par_1_44' title="bbox 504 2763 2096 2844">
     <span class='ocr_line' id='line_1_45' title="bbox 504 2763 2096 2844; baseline -0.009 -10"><span class='ocrx_word' id='word_1_322' title='bbox 504 2776 758 2834; x_wconf 90' lang='lat' dir='ltr'><strong>nedictus</strong></span> <span class='ocrx_word' id='word_1_323' title='bbox 787 2771 880 2844; x_wconf 91' lang='lat' dir='ltr'><strong>qui</strong></span> <span class='ocrx_word' id='word_1_324' title='bbox 908 2768 1055 2825; x_wconf 90' lang='lat' dir='ltr'><strong>venit</strong></span> <span class='ocrx_word' id='word_1_325' title='bbox 1103 2784 1192 2822; x_wconf 90' lang='lat' dir='ltr'><strong>rex</strong></span> <span class='ocrx_word' id='word_1_326' title='bbox 1223 2767 1277 2821; x_wconf 92' lang='lat' dir='ltr'><strong>in</strong></span> <span class='ocrx_word' id='word_1_327' title='bbox 1334 2765 1558 2821; x_wconf 85' lang='lat' dir='ltr'><strong>nomine</strong></span> <span class='ocrx_word' id='word_1_328' title='bbox 1587 2763 1832 2820; x_wconf 91' lang='lat' dir='ltr'><strong>Domini.</strong></span> <span class='ocrx_word' id='word_1_329' title='bbox 1883 2767 1995 2820; x_wconf 87' lang='lat' dir='ltr'><strong>Pax</strong></span> <span class='ocrx_word' id='word_1_330' title='bbox 2041 2766 2096 2820; x_wconf 91' lang='lat' dir='ltr'><strong>in</strong></span> 
     </span>
    </p>
   </div>
   <div class='ocr_carea' id='block_1_45' title="bbox 504 2853 2099 2934">
    <p class='ocr_par' dir='ltr' id='par_1_45' title="bbox 504 2853 2099 2934">
     <span class='ocr_line' id='line_1_46' title="bbox 504 2853 2099 2934; baseline -0.008 -11"><span class='ocrx_word' id='word_1_331' title='bbox 504 2865 644 2924; x_wconf 79' lang='lat' dir='ltr'><strong>ccelo</strong></span> <span class='ocrx_word' id='word_1_332' title='bbox 699 2870 752 2919; x_wconf 90' lang='lat' dir='ltr'><strong>et</strong></span> <span class='ocrx_word' id='word_1_333' title='bbox 806 2859 983 2934; x_wconf 87' lang='lat' dir='ltr'><strong>gloria</strong></span> <span class='ocrx_word' id='word_1_334' title='bbox 1038 2856 1090 2911; x_wconf 90' lang='lat' dir='ltr'><strong>in</strong></span> <span class='ocrx_word' id='word_1_335' title='bbox 1149 2853 1401 2912; x_wconf 87' lang='lat' dir='ltr'><strong>excelsis.</strong></span> <span class='ocrx_word' id='word_1_336' title='bbox 1441 2878 1462 2902; x_wconf 72' lang='grc' dir='ltr'><strong><em>ι</em></strong></span> <span class='ocrx_word' id='word_1_337' title='bbox 1498 2853 1824 2909; x_wconf 85' lang='lat' dir='ltr'><strong>Benedictus</strong></span> <span class='ocrx_word' id='word_1_338' title='bbox 1847 2853 2099 2926; x_wconf 91' lang='lat' dir='ltr'><strong>quivenit</strong></span> 
     </span>
    </p>
   </div>
   <div class='ocr_carea' id='block_1_46' title="bbox 500 2941 2088 3028">
    <p class='ocr_par' dir='ltr' id='par_1_46' title="bbox 500 2941 2088 3028">
     <span class='ocr_line' id='line_1_47' title="bbox 500 2941 2088 3028; baseline -0.013 -16"><span class='ocrx_word' id='word_1_339' title='bbox 500 2969 736 3028; x_wconf 86' lang='lat' dir='ltr'><strong>regnum</strong></span> <span class='ocrx_word' id='word_1_340' title='bbox 767 2948 936 3022; x_wconf 88' lang='lat' dir='ltr'><strong>patris</strong></span> <span class='ocrx_word' id='word_1_341' title='bbox 959 2944 1131 3002; x_wconf 89' lang='lat' dir='ltr'><strong>nostri</strong></span> <span class='ocrx_word' id='word_1_342' title='bbox 1160 2943 1339 3000; x_wconf 89' lang='lat' dir='ltr'><strong>David</strong></span> <span class='ocrx_word' id='word_1_343' title='bbox 1373 2959 1386 2998; x_wconf 91' lang='lat'>:</span> <span class='ocrx_word' id='word_1_344' title='bbox 1420 2943 1676 2998; x_wconf 84' lang='lat' dir='ltr'><strong>Hosanna</strong></span> <span class='ocrx_word' id='word_1_345' title='bbox 1703 2941 1758 2996; x_wconf 93' lang='lat' dir='ltr'><strong>in</strong></span> <span class='ocrx_word' id='word_1_346' title='bbox 1789 2943 2043 2999; x_wconf 86' lang='lat' dir='ltr'><strong>excelsis.</strong></span> <span class='ocrx_word' id='word_1_347' title='bbox 2066 2965 2088 2991; x_wconf 70' lang='grc' dir='ltr'><strong>ι.</strong></span> 
     </span>
    </p>
   </div>
   <div class='ocr_carea' id='block_1_47' title="bbox 2213 1766 3821 1844">
    <p class='ocr_par' dir='ltr' id='par_1_47' title="bbox 2213 1766 3821 1844">
     <span class='ocr_line' id='line_1_48' title="bbox 2213 1766 3821 1844; baseline 0.01 -25"><span class='ocrx_word' id='word_1_348' title='bbox 2213 1766 2268 1820; x_wconf 91' lang='lat' dir='ltr'><strong>in</strong></span> <span class='ocrx_word' id='word_1_349' title='bbox 2297 1767 2436 1822; x_wconf 78' lang='lat' dir='ltr'><strong>coelo</strong></span> <span class='ocrx_word' id='word_1_350' title='bbox 2453 1777 2504 1823; x_wconf 91' lang='lat' dir='ltr'><strong>et</strong></span> <span class='ocrx_word' id='word_1_351' title='bbox 2534 1769 2588 1822; x_wconf 91' lang='lat' dir='ltr'><strong>in</strong></span> <span class='ocrx_word' id='word_1_352' title='bbox 2618 1777 2760 1824; x_wconf 91' lang='lat' dir='ltr'><strong>terra</strong></span> <span class='ocrx_word' id='word_1_353' title='bbox 2803 1771 3033 1840; x_wconf 80' lang='lat' dir='ltr'><strong>(Matth.</strong></span> <span class='ocrx_word' id='word_1_354' title='bbox 3060 1778 3282 1844; x_wconf 84' lang='lat' dir='ltr'><strong>xxvm).</strong></span> <span class='ocrx_word' id='word_1_355' title='bbox 3311 1800 3333 1824; x_wconf 71' lang='grc' dir='ltr'>η</span> <span class='ocrx_word' id='word_1_356' title='bbox 3356 1777 3643 1834; x_wconf 89' lang='lat' dir='ltr'><strong>Consonat</strong></span> <span class='ocrx_word' id='word_1_357' title='bbox 3704 1781 3821 1835; x_wconf 86' lang='lat' dir='ltr'><strong>laus</strong></span> 
     </span>
    </p>
   </div>
   <div class='ocr_carea' id='block_1_48' title="bbox 2213 1855 3820 1932">
    <p class='ocr_par' dir='ltr' id='par_1_48' title="bbox 2213 1855 3820 1932">
     <span class='ocr_line' id='line_1_49' title="bbox 2213 1855 3820 1932; baseline 0.01 -24"><span class='ocrx_word' id='word_1_358' title='bbox 2213 1855 2381 1910; x_wconf 63' lang='lat' dir='ltr'><strong>turba?</strong></span> <span class='ocrx_word' id='word_1_359' title='bbox 2413 1858 2532 1912; x_wconf 83' lang='lat' dir='ltr'><strong>voci</strong></span> <span class='ocrx_word' id='word_1_360' title='bbox 2576 1856 2866 1927; x_wconf 88' lang='lat' dir='ltr'><strong>Gabrielis,</strong></span> <span class='ocrx_word' id='word_1_361' title='bbox 2926 1861 3018 1932; x_wconf 90' lang='lat' dir='ltr'><strong>qui</strong></span> <span class='ocrx_word' id='word_1_362' title='bbox 3047 1862 3118 1916; x_wconf 89' lang='lat' dir='ltr'><strong>ait</strong></span> <span class='ocrx_word' id='word_1_363' title='bbox 3148 1863 3303 1918; x_wconf 89' lang='lat' dir='ltr'><strong>matri</strong></span> <span class='ocrx_word' id='word_1_364' title='bbox 3357 1866 3614 1921; x_wconf 88' lang='lat' dir='ltr'><strong>Domini.</strong></span> <span class='ocrx_word' id='word_1_365' title='bbox 3662 1892 3687 1915; x_wconf 76' lang='grc' dir='ltr'>ι</span> <span class='ocrx_word' id='word_1_366' title='bbox 3726 1869 3820 1924; x_wconf 81' lang='lat' dir='ltr'><strong>Hic</strong></span> 
     </span>
    </p>
   </div>
   <div class='ocr_carea' id='block_1_49' title="bbox 2211 1951 3817 2028">
    <p class='ocr_par' dir='ltr' id='par_1_49' title="bbox 2211 1951 3817 2028">
     <span class='ocr_line' id='line_1_50' title="bbox 2211 1951 3817 2028; baseline 0.009 -24"><span class='ocrx_word' id='word_1_367' title='bbox 2211 1951 2316 2005; x_wconf 87' lang='lat' dir='ltr'><strong>erit</strong></span> <span class='ocrx_word' id='word_1_368' title='bbox 2356 1953 2589 2023; x_wconf 84' lang='lat' dir='ltr'><strong>Magnus</strong></span> <span class='ocrx_word' id='word_1_369' title='bbox 2620 1961 2672 2008; x_wconf 92' lang='lat' dir='ltr'><strong>et</strong></span> <span class='ocrx_word' id='word_1_370' title='bbox 2702 1954 2866 2009; x_wconf 90' lang='lat' dir='ltr'><strong>Filius</strong></span> <span class='ocrx_word' id='word_1_371' title='bbox 2911 1956 3177 2014; x_wconf 83' lang='lat' dir='ltr'><strong>Altissimi</strong></span> <span class='ocrx_word' id='word_1_372' title='bbox 3218 1961 3522 2028; x_wconf 81' lang='lat' dir='ltr'><strong>vocabitur,</strong></span> <span class='ocrx_word' id='word_1_373' title='bbox 3551 1971 3606 2020; x_wconf 90' lang='lat' dir='ltr'><strong>et</strong></span> <span class='ocrx_word' id='word_1_374' title='bbox 3665 1965 3817 2020; x_wconf 81' lang='lat' dir='ltr'><strong>dabit</strong></span> 
     </span>
    </p>
   </div>
   <div class='ocr_carea' id='block_1_50' title="bbox 2211 2038 3814 2121">
    <p class='ocr_par' dir='ltr' id='par_1_50' title="bbox 2211 2038 3814 2121">
     <span class='ocr_line' id='line_1_51' title="bbox 2211 2038 3814 2121; baseline 0.011 -29"><span class='ocrx_word' id='word_1_375' title='bbox 2211 2038 2286 2093; x_wconf 90' lang='lat' dir='ltr'><strong>illi</strong></span> <span class='ocrx_word' id='word_1_376' title='bbox 2317 2041 2586 2096; x_wconf 88' lang='lat' dir='ltr'><strong>Dominus</strong></span> <span class='ocrx_word' id='word_1_377' title='bbox 2618 2043 2765 2098; x_wconf 89' lang='lat' dir='ltr'><strong>Deus</strong></span> <span class='ocrx_word' id='word_1_378' title='bbox 2795 2044 2984 2100; x_wconf 86' lang='lat' dir='ltr'><strong>sedem</strong></span> <span class='ocrx_word' id='word_1_379' title='bbox 3013 2047 3184 2116; x_wconf 89' lang='lat' dir='ltr'><strong>patris</strong></span> <span class='ocrx_word' id='word_1_380' title='bbox 3215 2048 3389 2103; x_wconf 89' lang='lat' dir='ltr'><strong>David</strong></span> <span class='ocrx_word' id='word_1_381' title='bbox 3425 2051 3571 2121; x_wconf 87' lang='lat' dir='ltr'><strong>ejus,</strong></span> <span class='ocrx_word' id='word_1_382' title='bbox 3605 2062 3665 2107; x_wconf 93' lang='lat' dir='ltr'><strong>et</strong></span> <span class='ocrx_word' id='word_1_383' title='bbox 3723 2071 3814 2110; x_wconf 87' lang='lat' dir='ltr'><strong>re-</strong></span> 
     </span>
    </p>
   </div>
   <div class='ocr_carea' id='block_1_51' title="bbox 2209 2127 3814 2210">
    <p class='ocr_par' dir='ltr' id='par_1_51' title="bbox 2209 2127 3814 2210">
     <span class='ocr_line' id='line_1_52' title="bbox 2209 2127 3814 2210; baseline 0.012 -30"><span class='ocrx_word' id='word_1_384' title='bbox 2209 2127 2400 2199; x_wconf 89' lang='lat' dir='ltr'><strong>gnabit</strong></span> <span class='ocrx_word' id='word_1_385' title='bbox 2420 2129 2474 2183; x_wconf 92' lang='lat' dir='ltr'><strong>in</strong></span> <span class='ocrx_word' id='word_1_386' title='bbox 2505 2130 2669 2186; x_wconf 92' lang='lat' dir='ltr'><strong>domo</strong></span> <span class='ocrx_word' id='word_1_387' title='bbox 2697 2133 2869 2187; x_wconf 71' lang='lat' dir='ltr'><strong>Iacob</strong></span> <span class='ocrx_word' id='word_1_388' title='bbox 2901 2133 2953 2187; x_wconf 92' lang='lat' dir='ltr'><strong>in</strong></span> <span class='ocrx_word' id='word_1_389' title='bbox 2998 2143 3265 2190; x_wconf 78' lang='lat' dir='ltr'><strong>aeternum</strong></span> <span class='ocrx_word' id='word_1_390' title='bbox 3298 2138 3451 2207; x_wconf 85' lang='lat' dir='ltr'><strong>(Luc.</strong></span> <span class='ocrx_word' id='word_1_391' title='bbox 3474 2142 3538 2210; x_wconf 88' lang='grc' dir='ltr'><strong>ι).</strong></span> <span class='ocrx_word' id='word_1_392' title='bbox 3582 2160 3607 2190; x_wconf 77' lang='grc' dir='ltr'><strong><em>ι</em></strong></span> <span class='ocrx_word' id='word_1_393' title='bbox 3649 2142 3814 2200; x_wconf 81' lang='lat' dir='ltr'><strong>Recte</strong></span> 
     </span>
    </p>
   </div>
   <div class='ocr_carea' id='block_1_52' title="bbox 2209 2217 3810 2292">
    <p class='ocr_par' dir='ltr' id='par_1_52' title="bbox 2209 2217 3810 2292">
     <span class='ocr_line' id='line_1_53' title="bbox 2209 2217 3810 2292; baseline 0.011 -20"><span class='ocrx_word' id='word_1_394' title='bbox 2209 2232 2345 2289; x_wconf 90' lang='lat' dir='ltr'><strong>ergo</strong></span> <span class='ocrx_word' id='word_1_395' title='bbox 2367 2217 2640 2274; x_wconf 87' lang='lat' dir='ltr'><strong>clamant:</strong></span> <span class='ocrx_word' id='word_1_396' title='bbox 2669 2243 2690 2268; x_wconf 83' lang='grc' dir='ltr'><em>α</em></span> <span class='ocrx_word' id='word_1_397' title='bbox 2727 2222 2988 2278; x_wconf 89' lang='lat' dir='ltr'><strong>Hosanna</strong></span> <span class='ocrx_word' id='word_1_398' title='bbox 3033 2223 3089 2277; x_wconf 92' lang='lat' dir='ltr'><strong>in</strong></span> <span class='ocrx_word' id='word_1_399' title='bbox 3119 2226 3368 2292; x_wconf 88' lang='lat' dir='ltr'><strong>excelsis,</strong></span> <span class='ocrx_word' id='word_1_400' title='bbox 3403 2228 3458 2282; x_wconf 92' lang='lat' dir='ltr'><strong>id</strong></span> <span class='ocrx_word' id='word_1_401' title='bbox 3516 2238 3603 2284; x_wconf 93' lang='lat' dir='ltr'><strong>est</strong></span> <span class='ocrx_word' id='word_1_402' title='bbox 3665 2231 3810 2289; x_wconf 83' lang='lat' dir='ltr'><strong>salva</strong></span> 
     </span>
    </p>
   </div>
   <div class='ocr_carea' id='block_1_53' title="bbox 2207 2315 3808 2396">
    <p class='ocr_par' dir='ltr' id='par_1_53' title="bbox 2207 2315 3808 2396">
     <span class='ocr_line' id='line_1_54' title="bbox 2207 2315 3808 2396; baseline 0.011 -28"><span class='ocrx_word' id='word_1_403' title='bbox 2207 2329 2309 2369; x_wconf 90' lang='lat' dir='ltr'><strong>nos</strong></span> <span class='ocrx_word' id='word_1_404' title='bbox 2340 2315 2394 2369; x_wconf 92' lang='lat' dir='ltr'><strong>in</strong></span> <span class='ocrx_word' id='word_1_405' title='bbox 2418 2316 2757 2388; x_wconf 67' lang='lat' dir='ltr'><strong>caelestibus,</strong></span> <span class='ocrx_word' id='word_1_406' title='bbox 2789 2318 2882 2373; x_wconf 91' lang='lat' dir='ltr'><strong>ubi</strong></span> <span class='ocrx_word' id='word_1_407' title='bbox 2913 2319 3123 2377; x_wconf 87' lang='lat' dir='ltr'><strong>scilicet</strong></span> <span class='ocrx_word' id='word_1_408' title='bbox 3142 2338 3457 2396; x_wconf 79' lang='lat' dir='ltr'><strong>omnegenu</strong></span> <span class='ocrx_word' id='word_1_409' title='bbox 3475 2325 3583 2382; x_wconf 90' lang='lat' dir='ltr'><strong>sibi</strong></span> <span class='ocrx_word' id='word_1_410' title='bbox 3615 2327 3808 2386; x_wconf 87' lang='lat' dir='ltr'><strong>ﬂecte-</strong></span> 
     </span>
    </p>
   </div>
   <div class='ocr_carea' id='block_1_54' title="bbox 2207 2405 3806 2489">
    <p class='ocr_par' dir='ltr' id='par_1_54' title="bbox 2207 2405 3806 2489">
     <span class='ocr_line' id='line_1_55' title="bbox 2207 2405 3806 2489; baseline 0.011 -33"><span class='ocrx_word' id='word_1_411' title='bbox 2207 2410 2312 2468; x_wconf 89' lang='lat' dir='ltr'><strong>tur,</strong></span> <span class='ocrx_word' id='word_1_412' title='bbox 2360 2405 2688 2477; x_wconf 86' lang='lat' dir='ltr'><strong>coelestium,</strong></span> <span class='ocrx_word' id='word_1_413' title='bbox 2744 2409 3083 2464; x_wconf 83' lang='lat' dir='ltr'><strong>terrestrium</strong></span> <span class='ocrx_word' id='word_1_414' title='bbox 3141 2418 3194 2467; x_wconf 90' lang='lat' dir='ltr'><strong>et</strong></span> <span class='ocrx_word' id='word_1_415' title='bbox 3251 2411 3594 2470; x_wconf 87' lang='lat' dir='ltr'><strong>infernorum</strong></span> <span class='ocrx_word' id='word_1_416' title='bbox 3645 2419 3806 2489; x_wconf 80' lang='lat' dir='ltr'><strong>(Phi-</strong></span> 
     </span>
    </p>
   </div>
   <div class='ocr_carea' id='block_1_55' title="bbox 2209 2491 2530 2564">
    <p class='ocr_par' dir='ltr' id='par_1_55' title="bbox 2209 2491 2530 2564">
     <span class='ocr_line' id='line_1_56' title="bbox 2209 2491 2530 2564; baseline -0.009 -17"><span class='ocrx_word' id='word_1_417' title='bbox 2209 2491 2345 2564; x_wconf 84' lang='lat' dir='ltr'><strong>lipp.</strong></span> <span class='ocrx_word' id='word_1_418' title='bbox 2377 2492 2459 2564; x_wconf 84' lang='grc' dir='ltr'><strong>ιι).</strong></span> <span class='ocrx_word' id='word_1_419' title='bbox 2507 2514 2530 2544; x_wconf 78' lang='grc' dir='ltr'><strong>ι</strong></span> 
     </span>
    </p>
   </div>
   <div class='ocr_carea' id='block_1_56' title="bbox 2274 2581 3809 2655">
    <p class='ocr_par' dir='ltr' id='par_1_56' title="bbox 2274 2581 3809 2655">
     <span class='ocr_line' id='line_1_57' title="bbox 2274 2581 3809 2655; baseline 0.011 -20"><span class='ocrx_word' id='word_1_420' title='bbox 2274 2581 2580 2637; x_wconf 88' lang='lat' dir='ltr'><strong>Notandum</strong></span> <span class='ocrx_word' id='word_1_421' title='bbox 2638 2583 2786 2655; x_wconf 90' lang='lat' dir='ltr'><strong>quod</strong></span> <span class='ocrx_word' id='word_1_422' title='bbox 2868 2585 3114 2644; x_wconf 89' lang='lat' dir='ltr'><strong>hosanna</strong></span> <span class='ocrx_word' id='word_1_423' title='bbox 3158 2589 3486 2648; x_wconf 81' lang='lat' dir='ltr'><strong>Hebraicum</strong></span> <span class='ocrx_word' id='word_1_424' title='bbox 3573 2595 3809 2652; x_wconf 87' lang='lat' dir='ltr'><strong>verbum</strong></span> 
     </span>
    </p>
   </div>
   <div class='ocr_carea' id='block_1_57' title="bbox 2205 2669 3810 2750">
    <p class='ocr_par' dir='ltr' id='par_1_57' title="bbox 2205 2669 3810 2750">
     <span class='ocr_line' id='line_1_58' title="bbox 2205 2669 3810 2750; baseline 0.011 -26"><span class='ocrx_word' id='word_1_425' title='bbox 2205 2669 2566 2741; x_wconf 89' lang='lat' dir='ltr'><strong>compositum</strong></span> <span class='ocrx_word' id='word_1_426' title='bbox 2595 2679 2680 2727; x_wconf 91' lang='lat' dir='ltr'><strong>est</strong></span> <span class='ocrx_word' id='word_1_427' title='bbox 2707 2690 2772 2727; x_wconf 86' lang='lat' dir='ltr'><strong>ex</strong></span> <span class='ocrx_word' id='word_1_428' title='bbox 2807 2683 3057 2746; x_wconf 91' lang='lat' dir='ltr'><strong>corrupto</strong></span> <span class='ocrx_word' id='word_1_429' title='bbox 3077 2684 3129 2732; x_wconf 89' lang='lat' dir='ltr'><strong>et</strong></span> <span class='ocrx_word' id='word_1_430' title='bbox 3157 2677 3388 2750; x_wconf 82' lang='lat' dir='ltr'><strong>integro.</strong></span> <span class='ocrx_word' id='word_1_431' title='bbox 3420 2680 3586 2737; x_wconf 83' lang='lat' dir='ltr'><strong>Salva</strong></span> <span class='ocrx_word' id='word_1_432' title='bbox 3645 2700 3810 2740; x_wconf 90' lang='lat' dir='ltr'><strong>nam-</strong></span> 
     </span>
    </p>
   </div>
   <div class='ocr_carea' id='block_1_58' title="bbox 2205 2758 3813 2833">
    <p class='ocr_par' dir='ltr' id='par_1_58' title="bbox 2205 2758 3813 2833">
     <span class='ocr_line' id='line_1_59' title="bbox 2205 2758 3813 2833; baseline 0.012 -22"><span class='ocrx_word' id='word_1_433' title='bbox 2205 2775 2309 2829; x_wconf 90' lang='lat' dir='ltr'><strong>que</strong></span> <span class='ocrx_word' id='word_1_434' title='bbox 2348 2759 2467 2816; x_wconf 82' lang='lat' dir='ltr'><strong>sive</strong></span> <span class='ocrx_word' id='word_1_435' title='bbox 2493 2758 2740 2818; x_wconf 88' lang='lat' dir='ltr'><strong>salviﬁca</strong></span> <span class='ocrx_word' id='word_1_436' title='bbox 2768 2762 2913 2833; x_wconf 86' lang='lat' dir='ltr'><strong>apud</strong></span> <span class='ocrx_word' id='word_1_437' title='bbox 2942 2780 3037 2819; x_wconf 90' lang='lat' dir='ltr'><strong>eos</strong></span> <span class='ocrx_word' id='word_1_438' title='bbox 3052 2766 3257 2822; x_wconf 90' lang='lat' dir='ltr'><strong>dicitur</strong></span> <span class='ocrx_word' id='word_1_439' title='bbox 3285 2767 3404 2824; x_wconf 89' lang='lat' dir='ltr'><strong>hosi</strong></span> <span class='ocrx_word' id='word_1_440' title='bbox 3435 2777 3488 2825; x_wconf 90' lang='lat' dir='ltr'><strong>et</strong></span> <span class='ocrx_word' id='word_1_441' title='bbox 3518 2786 3674 2830; x_wconf 87' lang='lat' dir='ltr'><strong>anna</strong></span> <span class='ocrx_word' id='word_1_442' title='bbox 3728 2783 3813 2831; x_wconf 90' lang='lat' dir='ltr'><strong>est</strong></span> 
     </span>
    </p>
   </div>
   <div class='ocr_carea' id='block_1_59' title="bbox 2203 2845 3806 2934">
    <p class='ocr_par' dir='ltr' id='par_1_59' title="bbox 2203 2845 3806 2934">
     <span class='ocr_line' id='line_1_60' title="bbox 2203 2845 3806 2934; baseline 0.011 -34"><span class='ocrx_word' id='word_1_443' title='bbox 2203 2845 2508 2917; x_wconf 88' lang='lat' dir='ltr'><strong>interjectio</strong></span> <span class='ocrx_word' id='word_1_444' title='bbox 2538 2849 2904 2921; x_wconf 87' lang='lat' dir='ltr'><strong>deprecantis.</strong></span> <span class='ocrx_word' id='word_1_445' title='bbox 2970 2853 3219 2926; x_wconf 91' lang='lat' dir='ltr'><strong>Denique</strong></span> <span class='ocrx_word' id='word_1_446' title='bbox 3276 2856 3330 2911; x_wconf 90' lang='lat' dir='ltr'><strong>in</strong></span> <span class='ocrx_word' id='word_1_447' title='bbox 3361 2859 3581 2928; x_wconf 87' lang='lat' dir='ltr'><strong>psalmo</strong></span> <span class='ocrx_word' id='word_1_448' title='bbox 3630 2878 3806 2934; x_wconf 76' lang='lat' dir='ltr'><strong>cxvn,</strong></span> 
     </span>
    </p>
   </div>
   <div class='ocr_carea' id='block_1_60' title="bbox 2204 2944 3810 3024">
    <p class='ocr_par' dir='ltr' id='par_1_60' title="bbox 2204 2944 3810 3024">
     <span class='ocr_line' id='line_1_61' title="bbox 2204 2944 3810 3024; baseline 0.01 -24"><span class='ocrx_word' id='word_1_449' title='bbox 2204 2944 2294 3000; x_wconf 91' lang='lat' dir='ltr'><strong>ubi</strong></span> <span class='ocrx_word' id='word_1_450' title='bbox 2322 2960 2435 3000; x_wconf 80' lang='lat' dir='ltr'><strong>Lxx</strong></span> <span class='ocrx_word' id='word_1_451' title='bbox 2469 2948 2794 3018; x_wconf 90' lang='lat' dir='ltr'><strong>Interpretes</strong></span> <span class='ocrx_word' id='word_1_452' title='bbox 2843 2948 3273 3008; x_wconf 89' lang='lat' dir='ltr'><strong>transtulerunt:</strong></span> <span class='ocrx_word' id='word_1_453' title='bbox 3304 2952 3350 3009; x_wconf 94' lang='grc' dir='ltr'>Ο</span> <span class='ocrx_word' id='word_1_454' title='bbox 3380 2954 3637 3024; x_wconf 90' lang='lat' dir='ltr'><strong>Domine,</strong></span> <span class='ocrx_word' id='word_1_455' title='bbox 3693 2962 3810 3016; x_wconf 87' lang='lat' dir='ltr'><strong>sal-</strong></span> 
     </span>
    </p>
   </div>
   <div class='ocr_carea' id='block_1_61' title="bbox 503 3031 3811 3110">
    <p class='ocr_par' dir='ltr' id='par_1_61' title="bbox 503 3031 3811 3110">
     <span class='ocr_line' id='line_1_62' title="bbox 503 3031 3811 3110; baseline 0.002 -11"><span class='ocrx_word' id='word_1_456' title='bbox 503 3035 1149 3110; x_wconf 66' lang='lat' dir='ltr'><strong>Praeceduntpmpbetae,</strong></span> <span class='ocrx_word' id='word_1_457' title='bbox 1195 3039 1496 3104; x_wconf 91' lang='lat' dir='ltr'><strong>sequuntur</strong></span> <span class='ocrx_word' id='word_1_458' title='bbox 1533 3031 1792 3102; x_wconf 89' lang='lat' dir='ltr'><strong>apostoli.</strong></span> <span class='ocrx_word' id='word_1_459' title='bbox 1850 3031 2093 3102; x_wconf 81' lang='lat' dir='ltr'><strong>Abyssus</strong></span> <span class='ocrx_word' id='word_1_460' title='bbox 2123 3037 2172 3100; x_wconf 72' lang='grc' dir='ltr'>Ο</span> <span class='ocrx_word' id='word_1_461' title='bbox 2203 3050 2324 3089; x_wconf 90' lang='lat' dir='ltr'><strong>vum</strong></span> <span class='ocrx_word' id='word_1_462' title='bbox 2385 3051 2470 3090; x_wconf 93' lang='lat' dir='ltr'><strong>me</strong></span> <span class='ocrx_word' id='word_1_463' title='bbox 2509 3034 2615 3104; x_wconf 89' lang='lat' dir='ltr'><strong>fac,</strong></span> <span class='ocrx_word' id='word_1_464' title='bbox 2678 3036 2731 3090; x_wconf 91' lang='lat' dir='ltr'><strong>in</strong></span> <span class='ocrx_word' id='word_1_465' title='bbox 2765 3037 3000 3093; x_wconf 67' lang='lat' dir='ltr'><strong>Hebraeo</strong></span> <span class='ocrx_word' id='word_1_466' title='bbox 3031 3040 3293 3110; x_wconf 90' lang='lat' dir='ltr'><strong>scriptum</strong></span> <span class='ocrx_word' id='word_1_467' title='bbox 3325 3051 3447 3099; x_wconf 90' lang='lat' dir='ltr'><strong>est:</strong></span> <span class='ocrx_word' id='word_1_468' title='bbox 3480 3049 3644 3101; x_wconf 78' lang='lat' dir='ltr'><strong>Anna</strong></span> <span class='ocrx_word' id='word_1_469' title='bbox 3674 3050 3811 3106; x_wconf 88' lang='lat' dir='ltr'><strong>ado-</strong></span> 
     </span>
    </p>
   </div>
   <div class='ocr_carea' id='block_1_62' title="bbox 497 3119 2088 3204">
    <p class='ocr_par' dir='ltr' id='par_1_62' title="bbox 497 3119 2088 3204">
     <span class='ocr_line' id='line_1_63' title="bbox 497 3119 2088 3204; baseline -0.009 -16"><span class='ocrx_word' id='word_1_470' title='bbox 497 3133 756 3204; x_wconf 84' lang='lat' dir='ltr'><strong>abyssum</strong></span> <span class='ocrx_word' id='word_1_471' title='bbox 810 3128 1022 3181; x_wconf 90' lang='lat' dir='ltr'><strong>invocat</strong></span> <span class='ocrx_word' id='word_1_472' title='bbox 1051 3123 1222 3182; x_wconf 80' lang='lat' dir='ltr'><strong>(Psal.</strong></span> <span class='ocrx_word' id='word_1_473' title='bbox 1255 3121 1382 3190; x_wconf 78' lang='lat' dir='ltr'><strong>xm),</strong></span> <span class='ocrx_word' id='word_1_474' title='bbox 1427 3119 1483 3174; x_wconf 92' lang='lat' dir='ltr'><strong>id</strong></span> <span class='ocrx_word' id='word_1_475' title='bbox 1513 3119 1700 3174; x_wconf 81' lang='lat' dir='ltr'><strong>estlex</strong></span> <span class='ocrx_word' id='word_1_476' title='bbox 1724 3119 1901 3190; x_wconf 82' lang='lat' dir='ltr'><strong>legem</strong></span> <span class='ocrx_word' id='word_1_477' title='bbox 1956 3121 2088 3174; x_wconf 87' lang='lat' dir='ltr'><strong>alte-</strong></span> 
     </span>
    </p>
   </div>
   <div class='ocr_carea' id='block_1_63' title="bbox 496 3208 2086 3280">
    <p class='ocr_par' dir='ltr' id='par_1_63' title="bbox 496 3208 2086 3280">
     <span class='ocr_line' id='line_1_64' title="bbox 496 3208 2086 3280; baseline -0.009 -3"><span class='ocrx_word' id='word_1_478' title='bbox 496 3237 633 3276; x_wconf 92' lang='lat' dir='ltr'><strong>ram.</strong></span> <span class='ocrx_word' id='word_1_479' title='bbox 669 3215 964 3273; x_wconf 79' lang='lat' dir='ltr'><strong>Praecessit</strong></span> <span class='ocrx_word' id='word_1_480' title='bbox 985 3211 1247 3268; x_wconf 87' lang='lat' dir='ltr'><strong>Judaicus</strong></span> <span class='ocrx_word' id='word_1_481' title='bbox 1276 3208 1528 3280; x_wconf 90' lang='lat' dir='ltr'><strong>populus,</strong></span> <span class='ocrx_word' id='word_1_482' title='bbox 1561 3216 1781 3263; x_wconf 89' lang='lat' dir='ltr'><strong>secutus</strong></span> <span class='ocrx_word' id='word_1_483' title='bbox 1812 3215 1895 3264; x_wconf 90' lang='lat' dir='ltr'><strong>est</strong></span> <span class='ocrx_word' id='word_1_484' title='bbox 1943 3225 2086 3279; x_wconf 81' lang='lat' dir='ltr'><strong>gen-</strong></span> 
     </span>
    </p>
   </div>
   <div class='ocr_carea' id='block_1_64' title="bbox 497 3295 2090 3365">
    <p class='ocr_par' dir='ltr' id='par_1_64' title="bbox 497 3295 2090 3365">
     <span class='ocr_line' id='line_1_65' title="bbox 497 3295 2090 3365; baseline -0.009 0"><span class='ocrx_word' id='word_1_485' title='bbox 497 3311 639 3365; x_wconf 88' lang='lat' dir='ltr'><strong>tiles.</strong></span> <span class='ocrx_word' id='word_1_486' title='bbox 671 3304 932 3362; x_wconf 87' lang='lat' dir='ltr'><strong>Homines</strong></span> <span class='ocrx_word' id='word_1_487' title='bbox 963 3301 1152 3356; x_wconf 90' lang='lat' dir='ltr'><strong>ﬁdeles</strong></span> <span class='ocrx_word' id='word_1_488' title='bbox 1194 3295 1558 3354; x_wconf 88' lang='lat' dir='ltr'><strong>clamantﬁlio</strong></span> <span class='ocrx_word' id='word_1_489' title='bbox 1601 3296 1781 3351; x_wconf 88' lang='lat' dir='ltr'><strong>David</strong></span> <span class='ocrx_word' id='word_1_490' title='bbox 1822 3314 1836 3350; x_wconf 88' lang='lat'><strong>:</strong></span> <span class='ocrx_word' id='word_1_491' title='bbox 1869 3297 2090 3352; x_wconf 80' lang='lat' dir='ltr'><strong>Hosan-</strong></span> 
     </span>
    </p>
   </div>
   <div class='ocr_carea' id='block_1_65' title="bbox 494 3385 2085 3467">
    <p class='ocr_par' dir='ltr' id='par_1_65' title="bbox 494 3385 2085 3467">
     <span class='ocr_line' id='line_1_66' title="bbox 494 3385 2085 3467; baseline -0.008 -14"><span class='ocrx_word' id='word_1_492' title='bbox 494 3413 603 3453; x_wconf 87' lang='lat' dir='ltr'><strong>na:</strong></span> <span class='ocrx_word' id='word_1_493' title='bbox 638 3394 782 3467; x_wconf 93' lang='lat' dir='ltr'><strong>quod</strong></span> <span class='ocrx_word' id='word_1_494' title='bbox 814 3391 1000 3447; x_wconf 86' lang='lat' dir='ltr'><strong>Latine</strong></span> <span class='ocrx_word' id='word_1_495' title='bbox 1031 3389 1228 3444; x_wconf 91' lang='lat' dir='ltr'><strong>dicitur</strong></span> <span class='ocrx_word' id='word_1_496' title='bbox 1271 3387 1438 3450; x_wconf 90' lang='lat' dir='ltr'><strong>salus,</strong></span> <span class='ocrx_word' id='word_1_497' title='bbox 1497 3385 1622 3456; x_wconf 86' lang='lat' dir='ltr'><strong>quia</strong></span> <span class='ocrx_word' id='word_1_498' title='bbox 1659 3385 1882 3440; x_wconf 89' lang='lat' dir='ltr'><strong>credunt</strong></span> <span class='ocrx_word' id='word_1_499' title='bbox 1914 3386 2085 3440; x_wconf 90' lang='lat' dir='ltr'><strong>David</strong></span> 
     </span>
    </p>
   </div>
   <div class='ocr_carea' id='block_1_66' title="bbox 493 3470 2082 3542">
    <p class='ocr_par' dir='ltr' id='par_1_66' title="bbox 493 3470 2082 3542">
     <span class='ocr_line' id='line_1_67' title="bbox 493 3470 2082 3542; baseline -0.008 -3"><span class='ocrx_word' id='word_1_500' title='bbox 493 3483 662 3538; x_wconf 86' lang='lat' dir='ltr'><strong>ﬁlium</strong></span> <span class='ocrx_word' id='word_1_501' title='bbox 711 3482 812 3535; x_wconf 88' lang='lat' dir='ltr'><strong>Dei</strong></span> <span class='ocrx_word' id='word_1_502' title='bbox 867 3477 1054 3541; x_wconf 85' lang='lat' dir='ltr'><strong>ﬁlium,</strong></span> <span class='ocrx_word' id='word_1_503' title='bbox 1114 3490 1278 3528; x_wconf 90' lang='lat' dir='ltr'><strong>unum</strong></span> <span class='ocrx_word' id='word_1_504' title='bbox 1337 3471 1506 3526; x_wconf 85' lang='lat' dir='ltr'><strong>filium</strong></span> <span class='ocrx_word' id='word_1_505' title='bbox 1557 3470 1767 3526; x_wconf 89' lang='lat' dir='ltr'><strong>salvare</strong></span> <span class='ocrx_word' id='word_1_506' title='bbox 1817 3479 2082 3542; x_wconf 85' lang='lat' dir='ltr'><strong>terrenos,</strong></span> 
     </span>
    </p>
   </div>
   <div class='ocr_carea' id='block_1_67' title="bbox 492 3557 2084 3642">
    <p class='ocr_par' dir='ltr' id='par_1_67' title="bbox 492 3557 2084 3642">
     <span class='ocr_line' id='line_1_68' title="bbox 492 3557 2084 3642; baseline -0.009 -14"><span class='ocrx_word' id='word_1_507' title='bbox 492 3568 573 3628; x_wconf 7' lang='lat' dir='ltr'><strong>uti</strong></span> <span class='ocrx_word' id='word_1_508' title='bbox 600 3569 735 3642; x_wconf 83' lang='lat' dir='ltr'><strong>justi</strong></span> <span class='ocrx_word' id='word_1_509' title='bbox 791 3568 846 3621; x_wconf 93' lang='lat' dir='ltr'><strong>in</strong></span> <span class='ocrx_word' id='word_1_510' title='bbox 895 3563 1216 3634; x_wconf 86' lang='lat' dir='ltr'><strong>angelorum</strong></span> <span class='ocrx_word' id='word_1_511' title='bbox 1263 3562 1474 3615; x_wconf 89' lang='lat' dir='ltr'><strong>ruinam</strong></span> <span class='ocrx_word' id='word_1_512' title='bbox 1505 3557 1867 3615; x_wconf 65' lang='lat' dir='ltr'><strong>aediﬁcentur.</strong></span> <span class='ocrx_word' id='word_1_513' title='bbox 1898 3558 2084 3614; x_wconf 86' lang='lat' dir='ltr'><strong>Conﬁ-</strong></span> 
     </span>
    </p>
   </div>
   <div class='ocr_carea' id='block_1_68' title="bbox 491 3647 2082 3720">
    <p class='ocr_par' dir='ltr' id='par_1_68' title="bbox 491 3647 2082 3720">
     <span class='ocr_line' id='line_1_69' title="bbox 491 3647 2082 3720; baseline -0.009 -4"><span class='ocrx_word' id='word_1_514' title='bbox 491 3663 677 3716; x_wconf 89' lang='lat' dir='ltr'><strong>tentur</strong></span> <span class='ocrx_word' id='word_1_515' title='bbox 709 3656 872 3712; x_wconf 91' lang='lat' dir='ltr'><strong>etiam</strong></span> <span class='ocrx_word' id='word_1_516' title='bbox 928 3651 1277 3708; x_wconf 87' lang='lat' dir='ltr'><strong>benedictum</strong></span> <span class='ocrx_word' id='word_1_517' title='bbox 1326 3649 1417 3720; x_wconf 90' lang='lat' dir='ltr'><strong>qui</strong></span> <span class='ocrx_word' id='word_1_518' title='bbox 1459 3649 1604 3703; x_wconf 90' lang='lat' dir='ltr'><strong>venit</strong></span> <span class='ocrx_word' id='word_1_519' title='bbox 1635 3648 1688 3701; x_wconf 91' lang='lat' dir='ltr'><strong>in</strong></span> <span class='ocrx_word' id='word_1_520' title='bbox 1716 3647 1935 3703; x_wconf 92' lang='lat' dir='ltr'><strong>nomine</strong></span> <span class='ocrx_word' id='word_1_521' title='bbox 1967 3648 2082 3703; x_wconf 93' lang='lat' dir='ltr'><strong>Do-</strong></span> 
     </span>
    </p>
   </div>
   <div class='ocr_carea' id='block_1_69' title="bbox 491 3746 2082 3824">
    <p class='ocr_par' dir='ltr' id='par_1_69' title="bbox 491 3746 2082 3824">
     <span class='ocr_line' id='line_1_70' title="bbox 491 3746 2082 3824; baseline -0.008 -11"><span class='ocrx_word' id='word_1_522' title='bbox 491 3757 642 3824; x_wconf 87' lang='lat' dir='ltr'><strong>mini,</strong></span> <span class='ocrx_word' id='word_1_523' title='bbox 703 3755 758 3809; x_wconf 93' lang='lat' dir='ltr'><strong>id</strong></span> <span class='ocrx_word' id='word_1_524' title='bbox 813 3760 896 3808; x_wconf 92' lang='lat' dir='ltr'><strong>est</strong></span> <span class='ocrx_word' id='word_1_525' title='bbox 941 3750 1108 3805; x_wconf 89' lang='lat' dir='ltr'><strong>Patris</strong></span> <span class='ocrx_word' id='word_1_526' title='bbox 1152 3747 1256 3813; x_wconf 91' lang='lat' dir='ltr'><strong>sui,</strong></span> <span class='ocrx_word' id='word_1_527' title='bbox 1317 3747 1569 3818; x_wconf 88' lang='lat' dir='ltr'><strong>quoniam</strong></span> <span class='ocrx_word' id='word_1_528' title='bbox 1627 3746 1794 3801; x_wconf 84' lang='lat' dir='ltr'><strong>Filius</strong></span> <span class='ocrx_word' id='word_1_529' title='bbox 1837 3747 1904 3801; x_wconf 91' lang='lat' dir='ltr'><strong>de</strong></span> <span class='ocrx_word' id='word_1_530' title='bbox 1926 3748 2082 3802; x_wconf 86' lang='lat' dir='ltr'><strong>Patre</strong></span> 
     </span>
    </p>
   </div>
   <div class='ocr_carea' id='block_1_70' title="bbox 491 3834 2084 3917">
    <p class='ocr_par' dir='ltr' id='par_1_70' title="bbox 491 3834 2084 3917">
     <span class='ocr_line' id='line_1_71' title="bbox 491 3834 2084 3917; baseline -0.009 -13"><span class='ocrx_word' id='word_1_531' title='bbox 491 3845 720 3917; x_wconf 88' lang='lat' dir='ltr'><strong>suscipit</strong></span> <span class='ocrx_word' id='word_1_532' title='bbox 749 3857 968 3908; x_wconf 91' lang='lat' dir='ltr'><strong>nomen,</strong></span> <span class='ocrx_word' id='word_1_533' title='bbox 1001 3846 1054 3895; x_wconf 92' lang='lat' dir='ltr'><strong>et</strong></span> <span class='ocrx_word' id='word_1_534' title='bbox 1073 3840 1227 3893; x_wconf 89' lang='lat' dir='ltr'><strong>Pater</strong></span> <span class='ocrx_word' id='word_1_535' title='bbox 1246 3837 1313 3891; x_wconf 91' lang='lat' dir='ltr'><strong>de</strong></span> <span class='ocrx_word' id='word_1_536' title='bbox 1345 3835 1502 3890; x_wconf 88' lang='lat' dir='ltr'><strong>Filio.</strong></span> <span class='ocrx_word' id='word_1_537' title='bbox 1536 3835 1855 3891; x_wconf 90' lang='lat' dir='ltr'><strong>Benedictio</strong></span> <span class='ocrx_word' id='word_1_538' title='bbox 1874 3851 1992 3906; x_wconf 69' lang='lat' dir='ltr'><strong>qua:</strong></span> <span class='ocrx_word' id='word_1_539' title='bbox 2026 3834 2084 3890; x_wconf 88' lang='lat' dir='ltr'><strong>ﬁt</strong></span> 
     </span>
    </p>
   </div>
   <div class='ocr_carea' id='block_1_71' title="bbox 487 3933 2081 4003">
    <p class='ocr_par' dir='ltr' id='par_1_71' title="bbox 487 3933 2081 4003">
     <span class='ocr_line' id='line_1_72' title="bbox 487 3933 2081 4003; baseline -0.008 -1"><span class='ocrx_word' id='word_1_540' title='bbox 487 3947 541 4002; x_wconf 92' lang='lat' dir='ltr'><strong>in</strong></span> <span class='ocrx_word' id='word_1_541' title='bbox 571 3946 686 4000; x_wconf 89' lang='lat' dir='ltr'><strong>Deo</strong></span> <span class='ocrx_word' id='word_1_542' title='bbox 716 3938 992 3999; x_wconf 79' lang='lat' dir='ltr'><strong>confessio</strong></span> <span class='ocrx_word' id='word_1_543' title='bbox 1023 3935 1145 3992; x_wconf 91' lang='lat' dir='ltr'><strong>sola</strong></span> <span class='ocrx_word' id='word_1_544' title='bbox 1174 3942 1256 3990; x_wconf 90' lang='lat' dir='ltr'><strong>est</strong></span> <span class='ocrx_word' id='word_1_545' title='bbox 1286 3942 1339 3989; x_wconf 91' lang='lat' dir='ltr'><strong>et</strong></span> <span class='ocrx_word' id='word_1_546' title='bbox 1368 3933 1609 3990; x_wconf 89' lang='lat' dir='ltr'><strong>laudatio</strong></span> <span class='ocrx_word' id='word_1_547' title='bbox 1641 3933 1910 3988; x_wconf 91' lang='lat' dir='ltr'><strong>bonorum</strong></span> <span class='ocrx_word' id='word_1_548' title='bbox 1959 3949 2081 4003; x_wconf 76' lang='lat' dir='ltr'><strong>quae</strong></span> 
     </span>
    </p>
   </div>
   <div class='ocr_carea' id='block_1_72' title="bbox 484 4020 2078 4108">
    <p class='ocr_par' dir='ltr' id='par_1_72' title="bbox 484 4020 2078 4108">
     <span class='ocr_line' id='line_1_73' title="bbox 484 4020 2078 4108; baseline -0.008 -18"><span class='ocrx_word' id='word_1_549' title='bbox 484 4033 726 4108; x_wconf 83' lang='lat' dir='ltr'><strong>praestita</strong></span> <span class='ocrx_word' id='word_1_550' title='bbox 754 4037 837 4086; x_wconf 91' lang='lat' dir='ltr'><strong>est</strong></span> <span class='ocrx_word' id='word_1_551' title='bbox 879 4029 950 4084; x_wconf 89' lang='lat' dir='ltr'><strong>ab</strong></span> <span class='ocrx_word' id='word_1_552' title='bbox 1007 4041 1093 4093; x_wconf 90' lang='lat' dir='ltr'><strong>eo,</strong></span> <span class='ocrx_word' id='word_1_553' title='bbox 1125 4022 1439 4080; x_wconf 89' lang='lat' dir='ltr'><strong>Benedictio</strong></span> <span class='ocrx_word' id='word_1_554' title='bbox 1502 4037 1632 4078; x_wconf 89' lang='lat' dir='ltr'><strong>vero</strong></span> <span class='ocrx_word' id='word_1_555' title='bbox 1671 4038 1792 4093; x_wconf 79' lang='lat' dir='ltr'><strong>quae</strong></span> <span class='ocrx_word' id='word_1_556' title='bbox 1825 4021 1932 4076; x_wconf 87' lang='lat' dir='ltr'><strong>ﬁta</strong></span> <span class='ocrx_word' id='word_1_557' title='bbox 1964 4020 2078 4078; x_wconf 91' lang='lat' dir='ltr'><strong>Deo</strong></span> 
     </span>
    </p>
   </div>
   <div class='ocr_carea' id='block_1_73' title="bbox 482 4116 2064 4199">
    <p class='ocr_par' dir='ltr' id='par_1_73' title="bbox 482 4116 2064 4199">
     <span class='ocr_line' id='line_1_74' title="bbox 482 4116 2064 4199; baseline -0.009 -11"><span class='ocrx_word' id='word_1_558' title='bbox 482 4134 537 4188; x_wconf 89' lang='lat' dir='ltr'><strong>in</strong></span> <span class='ocrx_word' id='word_1_559' title='bbox 569 4131 726 4188; x_wconf 85' lang='lat' dir='ltr'><strong>nobis</strong></span> <span class='ocrx_word' id='word_1_560' title='bbox 765 4125 1041 4199; x_wconf 88' lang='lat' dir='ltr'><strong>impletur,</strong></span> <span class='ocrx_word' id='word_1_561' title='bbox 1075 4124 1207 4180; x_wconf 89' lang='lat' dir='ltr'><strong>dum</strong></span> <span class='ocrx_word' id='word_1_562' title='bbox 1255 4121 1371 4191; x_wconf 89' lang='lat' dir='ltr'><strong>ejus</strong></span> <span class='ocrx_word' id='word_1_563' title='bbox 1411 4116 1696 4176; x_wconf 88' lang='lat' dir='ltr'><strong>beneﬁciis</strong></span> <span class='ocrx_word' id='word_1_564' title='bbox 1751 4118 2064 4190; x_wconf 88' lang='lat' dir='ltr'><strong>implemur.</strong></span> 
     </span>
    </p>
   </div>
   <div class='ocr_carea' id='block_1_74' title="bbox 2199 3122 3808 3208">
    <p class='ocr_par' dir='ltr' id='par_1_74' title="bbox 2199 3122 3808 3208">
     <span class='ocr_line' id='line_1_75' title="bbox 2199 3122 3808 3208; baseline 0.012 -33"><span class='ocrx_word' id='word_1_565' title='bbox 2199 3122 2309 3189; x_wconf 89' lang='lat' dir='ltr'><strong>nai,</strong></span> <span class='ocrx_word' id='word_1_566' title='bbox 2335 3122 2458 3178; x_wconf 90' lang='lat' dir='ltr'><strong>hosi</strong></span> <span class='ocrx_word' id='word_1_567' title='bbox 2490 3139 2652 3178; x_wconf 89' lang='lat' dir='ltr'><strong>anna.</strong></span> <span class='ocrx_word' id='word_1_568' title='bbox 2690 3125 2850 3193; x_wconf 87' lang='lat' dir='ltr'><strong>Quod</strong></span> <span class='ocrx_word' id='word_1_569' title='bbox 2888 3126 3158 3198; x_wconf 89' lang='lat' dir='ltr'><strong>interpres</strong></span> <span class='ocrx_word' id='word_1_570' title='bbox 3190 3139 3378 3186; x_wconf 88' lang='lat' dir='ltr'><strong>noster</strong></span> <span class='ocrx_word' id='word_1_571' title='bbox 3433 3133 3808 3208; x_wconf 81' lang='lat' dir='ltr'><strong>Hieronymus</strong></span> 
     </span>
    </p>
   </div>
   <div class='ocr_carea' id='block_1_75' title="bbox 2199 3210 3809 3290">
    <p class='ocr_par' dir='ltr' id='par_1_75' title="bbox 2199 3210 3809 3290">
     <span class='ocr_line' id='line_1_76' title="bbox 2199 3210 3809 3290; baseline 0.012 -26"><span class='ocrx_word' id='word_1_572' title='bbox 2199 3210 2512 3283; x_wconf 80' lang='lat' dir='ltr'><strong>diligentius</strong></span> <span class='ocrx_word' id='word_1_573' title='bbox 2541 3213 2821 3268; x_wconf 89' lang='lat' dir='ltr'><strong>elucidans</strong></span> <span class='ocrx_word' id='word_1_574' title='bbox 2877 3214 2950 3269; x_wconf 87' lang='lat' dir='ltr'><strong>ita</strong></span> <span class='ocrx_word' id='word_1_575' title='bbox 2981 3218 3254 3272; x_wconf 89' lang='lat' dir='ltr'><strong>transtulit</strong></span> <span class='ocrx_word' id='word_1_576' title='bbox 3285 3237 3298 3272; x_wconf 89' lang='lat'><strong>:</strong></span> <span class='ocrx_word' id='word_1_577' title='bbox 3336 3243 3358 3266; x_wconf 69' lang='grc' dir='ltr'><strong>α</strong></span> <span class='ocrx_word' id='word_1_578' title='bbox 3395 3220 3670 3290; x_wconf 87' lang='lat' dir='ltr'><strong>Obsecro,</strong></span> <span class='ocrx_word' id='word_1_579' title='bbox 3703 3226 3809 3284; x_wconf 89' lang='lat' dir='ltr'><strong>Do-</strong></span> 
     </span>
    </p>
   </div>
   <div class='ocr_carea' id='block_1_76' title="bbox 2196 3300 3803 3384">
    <p class='ocr_par' dir='ltr' id='par_1_76' title="bbox 2196 3300 3803 3384">
     <span class='ocr_line' id='line_1_77' title="bbox 2196 3300 3803 3384; baseline 0.012 -31"><span class='ocrx_word' id='word_1_580' title='bbox 2196 3300 2363 3366; x_wconf 87' lang='lat' dir='ltr'><strong>mine,</strong></span> <span class='ocrx_word' id='word_1_581' title='bbox 2420 3300 2592 3366; x_wconf 90' lang='lat' dir='ltr'><strong>salva,</strong></span> <span class='ocrx_word' id='word_1_582' title='bbox 2633 3301 2888 3358; x_wconf 90' lang='lat' dir='ltr'><strong>obsecro.</strong></span> <span class='ocrx_word' id='word_1_583' title='bbox 2928 3328 2949 3351; x_wconf 73' lang='lat' dir='ltr'><strong>n</strong></span> <span class='ocrx_word' id='word_1_584' title='bbox 2985 3305 3134 3360; x_wconf 89' lang='lat' dir='ltr'><strong>Idem</strong></span> <span class='ocrx_word' id='word_1_585' title='bbox 3172 3323 3409 3380; x_wconf 91' lang='lat' dir='ltr'><strong>namque</strong></span> <span class='ocrx_word' id='word_1_586' title='bbox 3440 3311 3740 3384; x_wconf 78' lang='lat' dir='ltr'><strong>signiﬁcat,</strong></span> <span class='ocrx_word' id='word_1_587' title='bbox 3771 3334 3803 3374; x_wconf 89' lang='grc' dir='ltr'>ο</span> 
     </span>
    </p>
   </div>
   <div class='ocr_carea' id='block_1_77' title="bbox 2197 3398 3805 3481">
    <p class='ocr_par' dir='ltr' id='par_1_77' title="bbox 2197 3398 3805 3481">
     <span class='ocr_line' id='line_1_78' title="bbox 2197 3398 3805 3481; baseline 0.013 -30"><span class='ocrx_word' id='word_1_588' title='bbox 2197 3398 2448 3463; x_wconf 83' lang='lat' dir='ltr'><strong>Domine,</strong></span> <span class='ocrx_word' id='word_1_589' title='bbox 2484 3416 2580 3470; x_wconf 92' lang='lat' dir='ltr'><strong>per</strong></span> <span class='ocrx_word' id='word_1_590' title='bbox 2609 3399 3045 3470; x_wconf 85' lang='lat' dir='ltr'><strong>interjectionem</strong></span> <span class='ocrx_word' id='word_1_591' title='bbox 3086 3405 3448 3476; x_wconf 89' lang='lat' dir='ltr'><strong>obsecrantis,</strong></span> <span class='ocrx_word' id='word_1_592' title='bbox 3501 3414 3656 3481; x_wconf 91' lang='lat' dir='ltr'><strong>quod</strong></span> <span class='ocrx_word' id='word_1_593' title='bbox 3710 3416 3805 3471; x_wconf 88' lang='lat' dir='ltr'><strong>ob-</strong></span> 
     </span>
    </p>
   </div>
   <div class='ocr_carea' id='block_1_78' title="bbox 2196 3488 3794 3560">
    <p class='ocr_par' dir='ltr' id='par_1_78' title="bbox 2196 3488 3794 3560">
     <span class='ocr_line' id='line_1_79' title="bbox 2196 3488 3794 3560; baseline 0.013 -20"><span class='ocrx_word' id='word_1_594' title='bbox 2196 3502 2354 3542; x_wconf 90' lang='lat' dir='ltr'><strong>secro</strong></span> <span class='ocrx_word' id='word_1_595' title='bbox 2396 3488 2625 3542; x_wconf 91' lang='lat' dir='ltr'><strong>Domine</strong></span> <span class='ocrx_word' id='word_1_596' title='bbox 2680 3505 2778 3559; x_wconf 91' lang='lat' dir='ltr'><strong>per</strong></span> <span class='ocrx_word' id='word_1_597' title='bbox 2831 3489 3018 3560; x_wconf 91' lang='lat' dir='ltr'><strong>ipsum</strong></span> <span class='ocrx_word' id='word_1_598' title='bbox 3072 3493 3298 3549; x_wconf 86' lang='lat' dir='ltr'><strong>verbum</strong></span> <span class='ocrx_word' id='word_1_599' title='bbox 3355 3497 3794 3560; x_wconf 86' lang='lat' dir='ltr'><strong>obsecrationis.</strong></span> 
     </span>
    </p>
   </div>
   <div class='ocr_carea' id='block_1_79' title="bbox 2195 3577 3800 3664">
    <p class='ocr_par' dir='ltr' id='par_1_79' title="bbox 2195 3577 3800 3664">
     <span class='ocr_line' id='line_1_80' title="bbox 2195 3577 3800 3664; baseline 0.012 -35"><span class='ocrx_word' id='word_1_600' title='bbox 2195 3577 2452 3630; x_wconf 88' lang='lat' dir='ltr'><strong>Hosanna</strong></span> <span class='ocrx_word' id='word_1_601' title='bbox 2475 3577 2658 3649; x_wconf 87' lang='lat' dir='ltr'><strong>itaque</strong></span> <span class='ocrx_word' id='word_1_602' title='bbox 2691 3577 2862 3647; x_wconf 88' lang='lat' dir='ltr'><strong>salva,</strong></span> <span class='ocrx_word' id='word_1_603' title='bbox 2887 3580 3118 3636; x_wconf 89' lang='lat' dir='ltr'><strong>obsecro</strong></span> <span class='ocrx_word' id='word_1_604' title='bbox 3138 3582 3438 3654; x_wconf 82' lang='lat' dir='ltr'><strong>signiﬁcat,</strong></span> <span class='ocrx_word' id='word_1_605' title='bbox 3464 3603 3800 3664; x_wconf 86' lang='lat' dir='ltr'><strong>consumpta</strong></span> 
     </span>
    </p>
   </div>
   <div class='ocr_carea' id='block_1_80' title="bbox 2192 3665 3803 3753">
    <p class='ocr_par' dir='ltr' id='par_1_80' title="bbox 2192 3665 3803 3753">
     <span class='ocr_line' id='line_1_81' title="bbox 2192 3665 3803 3753; baseline 0.004 -33"><span class='ocrx_word' id='word_1_606' title='bbox 2192 3665 2389 3731; x_wconf 89' lang='lat' dir='ltr'><strong>vocali,</strong></span> <span class='ocrx_word' id='word_1_607' title='bbox 2423 3683 2542 3737; x_wconf 68' lang='lat' dir='ltr'><strong>quae</strong></span> <span class='ocrx_word' id='word_1_608' title='bbox 2571 3667 2794 3723; x_wconf 88' lang='lat' dir='ltr'><strong>verbum</strong></span> <span class='ocrx_word' id='word_1_609' title='bbox 2840 3670 3171 3725; x_wconf 87' lang='lat' dir='ltr'><strong>antecedens</strong></span> <span class='ocrx_word' id='word_1_610' title='bbox 3209 3673 3466 3729; x_wconf 87' lang='lat' dir='ltr'><strong>terminat</strong></span> <span class='ocrx_word' id='word_1_611' title='bbox 3510 3693 3642 3734; x_wconf 88' lang='lat' dir='ltr'><strong>cum</strong></span> <span class='ocrx_word' id='word_1_612' title='bbox 3685 3699 3803 3753; x_wconf 82' lang='lat' dir='ltr'><strong>per.</strong></span> 
     </span>
    </p>
   </div>
   <div class='ocr_carea' id='block_1_81' title="bbox 2192 3755 3800 3827">
    <p class='ocr_par' dir='ltr' id='par_1_81' title="bbox 2192 3755 3800 3827">
     <span class='ocr_line' id='line_1_82' title="bbox 2192 3755 3800 3827; baseline 0.011 -17"><span class='ocrx_word' id='word_1_613' title='bbox 2192 3755 2330 3810; x_wconf 88' lang='lat' dir='ltr'><strong>fecte</strong></span> <span class='ocrx_word' id='word_1_614' title='bbox 2362 3755 2560 3810; x_wconf 91' lang='lat' dir='ltr'><strong>dicitur</strong></span> <span class='ocrx_word' id='word_1_615' title='bbox 2587 3756 2734 3811; x_wconf 90' lang='lat' dir='ltr'><strong>hosi.</strong></span> <span class='ocrx_word' id='word_1_616' title='bbox 2773 3755 2932 3826; x_wconf 87' lang='lat' dir='ltr'><strong>Quod</strong></span> <span class='ocrx_word' id='word_1_617' title='bbox 2959 3760 3170 3816; x_wconf 90' lang='lat' dir='ltr'><strong>metrici</strong></span> <span class='ocrx_word' id='word_1_618' title='bbox 3184 3761 3521 3820; x_wconf 90' lang='lat' dir='ltr'><strong>scandendis</strong></span> <span class='ocrx_word' id='word_1_619' title='bbox 3542 3771 3800 3827; x_wconf 88' lang='lat' dir='ltr'><strong>versibus</strong></span> 
     </span>
    </p>
   </div>
   <div class='ocr_carea' id='block_1_82' title="bbox 2193 3842 3795 3922">
    <p class='ocr_par' dir='ltr' id='par_1_82' title="bbox 2193 3842 3795 3922">
     <span class='ocr_line' id='line_1_83' title="bbox 2193 3842 3795 3922; baseline 0.013 -27"><span class='ocrx_word' id='word_1_620' title='bbox 2193 3842 2575 3914; x_wconf 86' lang='lat' dir='ltr'><strong>synalinpham</strong></span> <span class='ocrx_word' id='word_1_621' title='bbox 2633 3853 2852 3914; x_wconf 88' lang='lat' dir='ltr'><strong>vocant,</strong></span> <span class='ocrx_word' id='word_1_622' title='bbox 2925 3847 3175 3918; x_wconf 88' lang='lat' dir='ltr'><strong>quamvis</strong></span> <span class='ocrx_word' id='word_1_623' title='bbox 3244 3851 3502 3922; x_wconf 89' lang='lat' dir='ltr'><strong>scriptam</strong></span> <span class='ocrx_word' id='word_1_624' title='bbox 3563 3857 3795 3915; x_wconf 85' lang='lat' dir='ltr'><strong>litteram</strong></span> 
     </span>
    </p>
   </div>
   <div class='ocr_carea' id='block_1_83' title="bbox 2190 3941 3790 4022">
    <p class='ocr_par' dir='ltr' id='par_1_83' title="bbox 2190 3941 3790 4022">
     <span class='ocr_line' id='line_1_84' title="bbox 2190 3941 3790 4022; baseline 0.011 -27"><span class='ocrx_word' id='word_1_625' title='bbox 2190 3941 2517 3997; x_wconf 88' lang='lat' dir='ltr'><strong>scandentes</strong></span> <span class='ocrx_word' id='word_1_626' title='bbox 2533 3942 2857 3997; x_wconf 89' lang='lat' dir='ltr'><strong>transiliant.</strong></span> <span class='ocrx_word' id='word_1_627' title='bbox 2889 3946 2948 3998; x_wconf 89' lang='lat' dir='ltr'><strong>In</strong></span> <span class='ocrx_word' id='word_1_628' title='bbox 2979 3944 3083 4000; x_wconf 90' lang='lat' dir='ltr'><strong>hoc</strong></span> <span class='ocrx_word' id='word_1_629' title='bbox 3104 3955 3284 4001; x_wconf 90' lang='lat' dir='ltr'><strong>autem</strong></span> <span class='ocrx_word' id='word_1_630' title='bbox 3301 3950 3475 4006; x_wconf 90' lang='lat' dir='ltr'><strong>verbo</strong></span> <span class='ocrx_word' id='word_1_631' title='bbox 3506 3954 3790 4022; x_wconf 80' lang='lat' dir='ltr'><strong>Hosanna,</strong></span> 
     </span>
    </p>
   </div>
   <div class='ocr_carea' id='block_1_84' title="bbox 2189 4029 3796 4110">
    <p class='ocr_par' dir='ltr' id='par_1_84' title="bbox 2189 4029 3796 4110">
     <span class='ocr_line' id='line_1_85' title="bbox 2189 4029 3796 4110; baseline 0.012 -26"><span class='ocrx_word' id='word_1_632' title='bbox 2189 4029 2364 4086; x_wconf 89' lang='lat' dir='ltr'><strong>littera</strong></span> <span class='ocrx_word' id='word_1_633' title='bbox 2421 4046 2529 4086; x_wconf 90' lang='lat' dir='ltr'><strong>non</strong></span> <span class='ocrx_word' id='word_1_634' title='bbox 2582 4031 2860 4098; x_wconf 87' lang='lat' dir='ltr'><strong>scribitur,</strong></span> <span class='ocrx_word' id='word_1_635' title='bbox 2923 4033 3022 4089; x_wconf 90' lang='lat' dir='ltr'><strong>sed</strong></span> <span class='ocrx_word' id='word_1_636' title='bbox 3051 4049 3216 4090; x_wconf 89' lang='lat' dir='ltr'><strong>sensu</strong></span> <span class='ocrx_word' id='word_1_637' title='bbox 3273 4036 3796 4110; x_wconf 80' lang='lat' dir='ltr'><strong>loquentiumsalvo</strong></span> 
     </span>
    </p>
   </div>
   <div class='ocr_carea' id='block_1_85' title="bbox 2185 4119 2852 4176">
    <p class='ocr_par' dir='ltr' id='par_1_85' title="bbox 2185 4119 2852 4176">
     <span class='ocr_line' id='line_1_86' title="bbox 2185 4119 2852 4176; baseline 0 -2"><span class='ocrx_word' id='word_1_638' title='bbox 2185 4119 2428 4176; x_wconf 86' lang='lat' dir='ltr'><strong>funditus</strong></span> <span class='ocrx_word' id='word_1_639' title='bbox 2457 4119 2852 4176; x_wconf 90' lang='lat' dir='ltr'><strong>intermittitur.</strong></span> 
     </span>
    </p>
   </div>
   <div class='ocr_carea' id='block_1_86' title="bbox 1532 4469 2718 4576">
    <p class='ocr_par' dir='ltr' id='par_1_86' title="bbox 1532 4469 2718 4576">
     <span class='ocr_line' id='line_1_87' title="bbox 1532 4469 2718 4576; baseline 0.001 -4"><span class='ocrx_word' id='word_1_640' title='bbox 1532 4471 1660 4573; x_wconf 87' lang='lat' dir='ltr'><strong>IN</strong></span> <span class='ocrx_word' id='word_1_641' title='bbox 1737 4470 1950 4574; x_wconf 86' lang='lat' dir='ltr'><strong>DIE</strong></span> <span class='ocrx_word' id='word_1_642' title='bbox 2025 4469 2718 4576; x_wconf 81' lang='lat' dir='ltr'><strong>PALMARUM</strong></span> 
     </span>
    </p>
   </div>
   <div class='ocr_carea' id='block_1_87' title="bbox 558 4715 3781 4787">
    <p class='ocr_par' dir='ltr' id='par_1_87' title="bbox 558 4715 3781 4787">
     <span class='ocr_line' id='line_1_88' title="bbox 558 4715 3781 4787; baseline -0.003 -4"><span class='ocrx_word' id='word_1_643' title='bbox 558 4756 579 4783; x_wconf 79' lang='grc' dir='ltr'><em>υ</em></span> <span class='ocrx_word' id='word_1_644' title='bbox 613 4729 788 4787; x_wconf 91' lang='lat' dir='ltr'><strong>Dicite</strong></span> <span class='ocrx_word' id='word_1_645' title='bbox 819 4725 947 4782; x_wconf 68' lang='lat' dir='ltr'><strong>ﬁliae</strong></span> <span class='ocrx_word' id='word_1_646' title='bbox 979 4722 1107 4780; x_wconf 90' lang='lat' dir='ltr'><strong>Sion</strong></span> <span class='ocrx_word' id='word_1_647' title='bbox 1140 4740 1154 4777; x_wconf 88' lang='lat'><strong>:</strong></span> <span class='ocrx_word' id='word_1_648' title='bbox 1190 4721 1334 4776; x_wconf 81' lang='lat' dir='ltr'><strong>Ecce</strong></span> <span class='ocrx_word' id='word_1_649' title='bbox 1363 4718 1476 4774; x_wconf 82' lang='lat' dir='ltr'><strong>Rex</strong></span> <span class='ocrx_word' id='word_1_650' title='bbox 1493 4725 1618 4772; x_wconf 92' lang='lat' dir='ltr'><strong>tuus</strong></span> <span class='ocrx_word' id='word_1_651' title='bbox 1642 4716 1788 4772; x_wconf 91' lang='lat' dir='ltr'><strong>venit</strong></span> <span class='ocrx_word' id='word_1_652' title='bbox 1803 4715 2072 4770; x_wconf 89' lang='lat' dir='ltr'><strong>tibiman-</strong></span> <span class='ocrx_word' id='word_1_653' title='bbox 2099 4720 2151 4779; x_wconf 91' lang='lat' dir='ltr'><strong>D</strong></span> <span class='ocrx_word' id='word_1_654' title='bbox 2181 4716 2325 4772; x_wconf 91' lang='lat' dir='ltr'><strong>dicat</strong></span> <span class='ocrx_word' id='word_1_655' title='bbox 2352 4716 2632 4787; x_wconf 86' lang='lat' dir='ltr'><strong>subjungit</strong></span> <span class='ocrx_word' id='word_1_656' title='bbox 2666 4731 2678 4772; x_wconf 94' lang='lat'>:</span> <span class='ocrx_word' id='word_1_657' title='bbox 2717 4741 2739 4765; x_wconf 74' lang='grc' dir='ltr'>α</span> <span class='ocrx_word' id='word_1_658' title='bbox 2773 4718 2920 4774; x_wconf 91' lang='lat' dir='ltr'><strong>Ecce</strong></span> <span class='ocrx_word' id='word_1_659' title='bbox 2981 4735 3074 4774; x_wconf 89' lang='lat' dir='ltr'><strong>rex</strong></span> <span class='ocrx_word' id='word_1_660' title='bbox 3108 4725 3229 4775; x_wconf 90' lang='lat' dir='ltr'><strong>tuus</strong></span> <span class='ocrx_word' id='word_1_661' title='bbox 3283 4722 3454 4777; x_wconf 84' lang='lat' dir='ltr'><strong>venit.</strong></span> <span class='ocrx_word' id='word_1_662' title='bbox 3518 4744 3543 4775; x_wconf 78' lang='grc' dir='ltr'>ι</span> <span class='ocrx_word' id='word_1_663' title='bbox 3579 4725 3781 4782; x_wconf 78' lang='lat' dir='ltr'><strong>neces-</strong></span> 
     </span>
    </p>
   </div>
   <div class='ocr_carea' id='block_1_88' title="bbox 481 4805 2069 4887">
    <p class='ocr_par' dir='ltr' id='par_1_88' title="bbox 481 4805 2069 4887">
     <span class='ocr_line' id='line_1_89' title="bbox 481 4805 2069 4887; baseline -0.014 -7"><span class='ocrx_word' id='word_1_664' title='bbox 481 4831 687 4887; x_wconf 87' lang='lat' dir='ltr'><strong>suetus,</strong></span> <span class='ocrx_word' id='word_1_665' title='bbox 721 4818 921 4874; x_wconf 89' lang='lat' dir='ltr'><strong>sedens</strong></span> <span class='ocrx_word' id='word_1_666' title='bbox 968 4829 1134 4884; x_wconf 91' lang='lat' dir='ltr'><strong>super</strong></span> <span class='ocrx_word' id='word_1_667' title='bbox 1162 4809 1373 4865; x_wconf 88' lang='lat' dir='ltr'><strong>asinam</strong></span> <span class='ocrx_word' id='word_1_668' title='bbox 1404 4815 1458 4863; x_wconf 91' lang='lat' dir='ltr'><strong>et</strong></span> <span class='ocrx_word' id='word_1_669' title='bbox 1485 4806 1691 4877; x_wconf 93' lang='lat' dir='ltr'><strong>pullum</strong></span> <span class='ocrx_word' id='word_1_670' title='bbox 1722 4805 2069 4876; x_wconf 84' lang='lat' dir='ltr'><strong>subjugalem</strong></span> 
     </span>
    </p>
   </div>
   <div class='ocr_carea' id='block_1_89' title="bbox 479 4893 2068 4992">
    <p class='ocr_par' dir='ltr' id='par_1_89' title="bbox 479 4893 2068 4992">
     <span class='ocr_line' id='line_1_90' title="bbox 479 4893 2068 4992; baseline -0.015 -22"><span class='ocrx_word' id='word_1_671' title='bbox 479 4911 745 4984; x_wconf 84' lang='lat' dir='ltr'><strong>(Zachar.</strong></span> <span class='ocrx_word' id='word_1_672' title='bbox 786 4909 880 4979; x_wconf 82' lang='grc' dir='ltr'><strong>ιχ).</strong></span> <span class='ocrx_word' id='word_1_673' title='bbox 914 4902 1140 4959; x_wconf 83' lang='lat' dir='ltr'><strong>Mandat</strong></span> <span class='ocrx_word' id='word_1_674' title='bbox 1169 4898 1431 4992; x_wconf 68' lang='lat' dir='ltr'><strong>vobisrex</strong></span> <span class='ocrx_word' id='word_1_675' title='bbox 1453 4895 1712 4992; x_wconf 62' lang='lat' dir='ltr'><strong>omlestis,</strong></span> <span class='ocrx_word' id='word_1_676' title='bbox 1734 4893 1930 4992; x_wconf 68' lang='lat' dir='ltr'><strong>fratres</strong></span> <span class='ocrx_word' id='word_1_677' title='bbox 1943 4895 2068 4992; x_wconf 48' lang='lat' dir='ltr'><strong>cha:</strong></span> 
     </span>
    </p>
   </div>
   <div class='ocr_carea' id='block_1_90' title="bbox 479 4982 2068 5081">
    <p class='ocr_par' dir='ltr' id='par_1_90' title="bbox 479 4982 2068 5081">
     <span class='ocr_line' id='line_1_91' title="bbox 479 4982 2068 5081; baseline -0.014 -24"><span class='ocrx_word' id='word_1_678' title='bbox 479 4982 700 5065; x_wconf 81' lang='lat' dir='ltr'><strong>rissimi,</strong></span> <span class='ocrx_word' id='word_1_679' title='bbox 757 5013 859 5069; x_wconf 90' lang='lat' dir='ltr'><strong>per</strong></span> <span class='ocrx_word' id='word_1_680' title='bbox 915 4991 1234 5066; x_wconf 88' lang='lat' dir='ltr'><strong>prophetam</strong></span> <span class='ocrx_word' id='word_1_681' title='bbox 1291 4984 1624 5081; x_wconf 81' lang='lat' dir='ltr'><strong>Zachariam,</strong></span> <span class='ocrx_word' id='word_1_682' title='bbox 1648 4982 1946 5081; x_wconf 47' lang='lat' dir='ltr'><strong>.gaudium</strong></span> <span class='ocrx_word' id='word_1_683' title='bbox 1985 4982 2068 5079; x_wconf 77' lang='lat' dir='ltr'><strong>sui</strong></span> 
     </span>
    </p>
   </div>
   <div class='ocr_carea' id='block_1_91' title="bbox 478 5073 2068 5146">
    <p class='ocr_par' dir='ltr' id='par_1_91' title="bbox 478 5073 2068 5146">
     <span class='ocr_line' id='line_1_92' title="bbox 478 5073 2068 5146; baseline -0.014 -1"><span class='ocrx_word' id='word_1_684' title='bbox 478 5091 764 5146; x_wconf 86' lang='lat' dir='ltr'><strong>adventus.</strong></span> <span class='ocrx_word' id='word_1_685' title='bbox 817 5083 979 5140; x_wconf 83' lang='lat' dir='ltr'><strong>Venit</strong></span> <span class='ocrx_word' id='word_1_686' title='bbox 1006 5079 1075 5135; x_wconf 93' lang='lat' dir='ltr'><strong>ad</strong></span> <span class='ocrx_word' id='word_1_687' title='bbox 1121 5073 1617 5133; x_wconf 84' lang='lat' dir='ltr'><strong>reconciliationem</strong></span> <span class='ocrx_word' id='word_1_688' title='bbox 1648 5073 1932 5133; x_wconf 84' lang='lat' dir='ltr'><strong>Dominus,</strong></span> <span class='ocrx_word' id='word_1_689' title='bbox 1977 5073 2068 5142; x_wconf 93' lang='lat' dir='ltr'><strong>qui</strong></span> 
     </span>
    </p>
   </div>
   <div class='ocr_carea' id='block_1_92' title="bbox 477 5159 2064 5248">
    <p class='ocr_par' dir='ltr' id='par_1_92' title="bbox 477 5159 2064 5248">
     <span class='ocr_line' id='line_1_93' title="bbox 477 5159 2064 5248; baseline -0.014 -14"><span class='ocrx_word' id='word_1_690' title='bbox 477 5195 544 5233; x_wconf 84' lang='lat' dir='ltr'><strong>ex</strong></span> <span class='ocrx_word' id='word_1_691' title='bbox 588 5183 814 5248; x_wconf 75' lang='lat' dir='ltr'><strong>peccato</strong></span> <span class='ocrx_word' id='word_1_692' title='bbox 872 5170 1034 5245; x_wconf 90' lang='lat' dir='ltr'><strong>primi</strong></span> <span class='ocrx_word' id='word_1_693' title='bbox 1090 5164 1331 5239; x_wconf 87' lang='lat' dir='ltr'><strong>parentis</strong></span> <span class='ocrx_word' id='word_1_694' title='bbox 1388 5162 1546 5218; x_wconf 91' lang='lat' dir='ltr'><strong>vobis</strong></span> <span class='ocrx_word' id='word_1_695' title='bbox 1603 5161 1778 5215; x_wconf 81' lang='lat' dir='ltr'><strong>fuerat</strong></span> <span class='ocrx_word' id='word_1_696' title='bbox 1834 5159 2064 5214; x_wconf 91' lang='lat' dir='ltr'><strong>alienus.</strong></span> 
     </span>
    </p>
   </div>
   <div class='ocr_carea' id='block_1_93' title="bbox 474 5249 2064 5332">
    <p class='ocr_par' dir='ltr' id='par_1_93' title="bbox 474 5249 2064 5332">
     <span class='ocr_line' id='line_1_94' title="bbox 474 5249 2064 5332; baseline -0.013 -11"><span class='ocrx_word' id='word_1_697' title='bbox 474 5267 536 5321; x_wconf 89' lang='lat' dir='ltr'><strong>Et</strong></span> <span class='ocrx_word' id='word_1_698' title='bbox 569 5273 853 5332; x_wconf 82' lang='lat' dir='ltr'><strong>antequam</strong></span> <span class='ocrx_word' id='word_1_699' title='bbox 893 5259 1149 5325; x_wconf 87' lang='lat' dir='ltr'><strong>veniret,,</strong></span> <span class='ocrx_word' id='word_1_700' title='bbox 1181 5252 1445 5326; x_wconf 79' lang='lat' dir='ltr'><strong>praemisit</strong></span> <span class='ocrx_word' id='word_1_701' title='bbox 1471 5251 1704 5320; x_wconf 81' lang='lat' dir='ltr'><strong>legatos,</strong></span> <span class='ocrx_word' id='word_1_702' title='bbox 1755 5249 2064 5320; x_wconf 89' lang='lat' dir='ltr'><strong>prophetas,</strong></span> 
     </span>
    </p>
   </div>
   <div class='ocr_carea' id='block_1_94' title="bbox 476 5337 2066 5425">
    <p class='ocr_par' dir='ltr' id='par_1_94' title="bbox 476 5337 2066 5425">
     <span class='ocr_line' id='line_1_95' title="bbox 476 5337 2066 5425; baseline -0.013 -15"><span class='ocrx_word' id='word_1_703' title='bbox 476 5351 839 5425; x_wconf 86' lang='lat' dir='ltr'><strong>patriarchas,</strong></span> <span class='ocrx_word' id='word_1_704' title='bbox 870 5348 1060 5404; x_wconf 91' lang='lat' dir='ltr'><strong>dicens</strong></span> <span class='ocrx_word' id='word_1_705' title='bbox 1082 5344 1161 5400; x_wconf 92' lang='lat' dir='ltr'><strong>eis</strong></span> <span class='ocrx_word' id='word_1_706' title='bbox 1193 5360 1206 5398; x_wconf 75' lang='grc' dir='ltr'>ε</span> <span class='ocrx_word' id='word_1_707' title='bbox 1247 5363 1269 5393; x_wconf 75' lang='grc' dir='ltr'>ι</span> <span class='ocrx_word' id='word_1_708' title='bbox 1301 5341 1473 5397; x_wconf 91' lang='lat' dir='ltr'><strong>Dicite</strong></span> <span class='ocrx_word' id='word_1_709' title='bbox 1505 5337 1630 5393; x_wconf 76' lang='lat' dir='ltr'><strong>filiae</strong></span> <span class='ocrx_word' id='word_1_710' title='bbox 1658 5339 1808 5403; x_wconf 91' lang='lat' dir='ltr'><strong>Sion,</strong></span> <span class='ocrx_word' id='word_1_711' title='bbox 1845 5357 1868 5388; x_wconf 76' lang='grc' dir='ltr'><strong><em>ι</em></strong></span> <span class='ocrx_word' id='word_1_712' title='bbox 1894 5337 1946 5391; x_wconf 90' lang='lat' dir='ltr'><strong>id</strong></span> <span class='ocrx_word' id='word_1_713' title='bbox 1984 5342 2066 5392; x_wconf 89' lang='lat' dir='ltr'><strong>est</strong></span> 
     </span>
    </p>
   </div>
   <div class='ocr_carea' id='block_1_95' title="bbox 474 5425 2064 5498">
    <p class='ocr_par' dir='ltr' id='par_1_95' title="bbox 474 5425 2064 5498">
     <span class='ocr_line' id='line_1_96' title="bbox 474 5425 2064 5498; baseline -0.012 0"><span class='ocrx_word' id='word_1_714' title='bbox 474 5439 787 5498; x_wconf 88' lang='lat' dir='ltr'><strong>annuntiate</strong></span> <span class='ocrx_word' id='word_1_715' title='bbox 816 5435 1079 5491; x_wconf 68' lang='lat' dir='ltr'><strong>Ecclesiae</strong></span> <span class='ocrx_word' id='word_1_716' title='bbox 1133 5447 1294 5485; x_wconf 75' lang='lat' dir='ltr'><strong>meae.</strong></span> <span class='ocrx_word' id='word_1_717' title='bbox 1357 5427 1528 5496; x_wconf 90' lang='lat' dir='ltr'><strong>Quam</strong></span> <span class='ocrx_word' id='word_1_718' title='bbox 1551 5425 1716 5481; x_wconf 85' lang='lat' dir='ltr'><strong>ﬁliam</strong></span> <span class='ocrx_word' id='word_1_719' title='bbox 1751 5425 1881 5480; x_wconf 88' lang='lat' dir='ltr'><strong>Sion</strong></span> <span class='ocrx_word' id='word_1_720' title='bbox 1941 5425 2064 5480; x_wconf 92' lang='lat' dir='ltr'><strong>ideo</strong></span> 
     </span>
    </p>
   </div>
   <div class='ocr_carea' id='block_1_96' title="bbox 477 5513 2063 5596">
    <p class='ocr_par' dir='ltr' id='par_1_96' title="bbox 477 5513 2063 5596">
     <span class='ocr_line' id='line_1_97' title="bbox 477 5513 2063 5596; baseline -0.013 -10"><span class='ocrx_word' id='word_1_721' title='bbox 477 5535 664 5592; x_wconf 79' lang='lat' dir='ltr'><strong>vocat,</strong></span> <span class='ocrx_word' id='word_1_722' title='bbox 688 5525 813 5596; x_wconf 90' lang='lat' dir='ltr'><strong>quia</strong></span> <span class='ocrx_word' id='word_1_723' title='bbox 844 5522 957 5575; x_wconf 83' lang='lat' dir='ltr'><strong>ﬁlia</strong></span> <span class='ocrx_word' id='word_1_724' title='bbox 985 5517 1380 5589; x_wconf 80' lang='lat' dir='ltr'><strong>speculationis</strong></span> <span class='ocrx_word' id='word_1_725' title='bbox 1406 5523 1460 5570; x_wconf 89' lang='lat' dir='ltr'><strong>et</strong></span> <span class='ocrx_word' id='word_1_726' title='bbox 1490 5513 1872 5570; x_wconf 88' lang='lat' dir='ltr'><strong>delectationis</strong></span> <span class='ocrx_word' id='word_1_727' title='bbox 1903 5513 2063 5568; x_wconf 89' lang='lat' dir='ltr'><strong>debet</strong></span> 
     </span>
    </p>
   </div>
   <div class='ocr_carea' id='block_1_97' title="bbox 474 5601 2062 5677">
    <p class='ocr_par' dir='ltr' id='par_1_97' title="bbox 474 5601 2062 5677">
     <span class='ocr_line' id='line_1_98' title="bbox 474 5601 2062 5677; baseline -0.013 -2"><span class='ocrx_word' id='word_1_728' title='bbox 474 5632 618 5675; x_wconf 88' lang='lat' dir='ltr'><strong>esse.</strong></span> <span class='ocrx_word' id='word_1_729' title='bbox 650 5613 781 5670; x_wconf 90' lang='lat' dir='ltr'><strong>Sion</strong></span> <span class='ocrx_word' id='word_1_730' title='bbox 811 5609 958 5666; x_wconf 90' lang='lat' dir='ltr'><strong>enim</strong></span> <span class='ocrx_word' id='word_1_731' title='bbox 980 5605 1291 5677; x_wconf 80' lang='lat' dir='ltr'><strong>speculatio</strong></span> <span class='ocrx_word' id='word_1_732' title='bbox 1312 5604 1728 5674; x_wconf 88' lang='lat' dir='ltr'><strong>interpretatur:</strong></span> <span class='ocrx_word' id='word_1_733' title='bbox 1756 5617 1875 5672; x_wconf 91' lang='lat' dir='ltr'><strong>quae</strong></span> <span class='ocrx_word' id='word_1_734' title='bbox 1899 5617 1932 5656; x_wconf 90' lang='lat' dir='ltr'><strong>a</strong></span> <span class='ocrx_word' id='word_1_735' title='bbox 1951 5601 2062 5671; x_wconf 86' lang='lat' dir='ltr'><strong>spi-</strong></span> 
     </span>
    </p>
   </div>
   <div class='ocr_carea' id='block_1_98' title="bbox 475 5689 2058 5765">
    <p class='ocr_par' dir='ltr' id='par_1_98' title="bbox 475 5689 2058 5765">
     <span class='ocr_line' id='line_1_99' title="bbox 475 5689 2058 5765; baseline -0.012 0"><span class='ocrx_word' id='word_1_736' title='bbox 475 5702 772 5765; x_wconf 87' lang='lat' dir='ltr'><strong>ritualibus</strong></span> <span class='ocrx_word' id='word_1_737' title='bbox 798 5696 1046 5754; x_wconf 88' lang='lat' dir='ltr'><strong>hostibus</strong></span> <span class='ocrx_word' id='word_1_738' title='bbox 1070 5691 1233 5746; x_wconf 89' lang='lat' dir='ltr'><strong>debet</strong></span> <span class='ocrx_word' id='word_1_739' title='bbox 1262 5689 1365 5744; x_wconf 91' lang='lat' dir='ltr'><strong>sibi</strong></span> <span class='ocrx_word' id='word_1_740' title='bbox 1416 5689 1730 5761; x_wconf 89' lang='lat' dir='ltr'><strong>providere.</strong></span> <span class='ocrx_word' id='word_1_741' title='bbox 1763 5690 1872 5746; x_wconf 91' lang='lat' dir='ltr'><strong>Sed</strong></span> <span class='ocrx_word' id='word_1_742' title='bbox 1928 5689 2058 5762; x_wconf 89' lang='lat' dir='ltr'><strong>quid</strong></span> 
     </span>
    </p>
   </div>
   <div class='ocr_carea' id='block_1_99' title="bbox 2178 4805 3777 4886">
    <p class='ocr_par' dir='ltr' id='par_1_99' title="bbox 2178 4805 3777 4886">
     <span class='ocr_line' id='line_1_100' title="bbox 2178 4805 3777 4886; baseline 0.008 -28"><span class='ocrx_word' id='word_1_743' title='bbox 2178 4813 2322 4860; x_wconf 91' lang='lat' dir='ltr'><strong>serat</strong></span> <span class='ocrx_word' id='word_1_744' title='bbox 2377 4805 2641 4860; x_wconf 91' lang='lat' dir='ltr'><strong>Dominus</strong></span> <span class='ocrx_word' id='word_1_745' title='bbox 2695 4822 2792 4877; x_wconf 89' lang='lat' dir='ltr'><strong>per</strong></span> <span class='ocrx_word' id='word_1_746' title='bbox 2840 4815 3125 4877; x_wconf 88' lang='lat' dir='ltr'><strong>peccatum</strong></span> <span class='ocrx_word' id='word_1_747' title='bbox 3156 4810 3223 4862; x_wconf 91' lang='lat' dir='ltr'><strong>ab</strong></span> <span class='ocrx_word' id='word_1_748' title='bbox 3269 4810 3514 4867; x_wconf 91' lang='lat' dir='ltr'><strong>humano</strong></span> <span class='ocrx_word' id='word_1_749' title='bbox 3547 4830 3777 4886; x_wconf 79' lang='lat' dir='ltr'><strong>genere,</strong></span> 
     </span>
    </p>
   </div>
   <div class='ocr_carea' id='block_1_100' title="bbox 2179 4893 3780 4965">
    <p class='ocr_par' dir='ltr' id='par_1_100' title="bbox 2179 4893 3780 4965">
     <span class='ocr_line' id='line_1_101' title="bbox 2179 4893 3780 4965; baseline 0.007 -18"><span class='ocrx_word' id='word_1_750' title='bbox 2179 4893 2272 4965; x_wconf 91' lang='lat' dir='ltr'><strong>qui</strong></span> <span class='ocrx_word' id='word_1_751' title='bbox 2301 4894 2580 4964; x_wconf 88' lang='lat' dir='ltr'><strong>proximus</strong></span> <span class='ocrx_word' id='word_1_752' title='bbox 2610 4894 2659 4949; x_wconf 92' lang='lat' dir='ltr'><strong>ei</strong></span> <span class='ocrx_word' id='word_1_753' title='bbox 2709 4895 2885 4950; x_wconf 82' lang='lat' dir='ltr'><strong>fuerat</strong></span> <span class='ocrx_word' id='word_1_754' title='bbox 2938 4897 3332 4953; x_wconf 90' lang='lat' dir='ltr'><strong>rationabiliter</strong></span> <span class='ocrx_word' id='word_1_755' title='bbox 3376 4901 3614 4956; x_wconf 78' lang='lat' dir='ltr'><strong>viventi.</strong></span> <span class='ocrx_word' id='word_1_756' title='bbox 3673 4902 3780 4958; x_wconf 89' lang='lat' dir='ltr'><strong>Sed</strong></span> 
     </span>
    </p>
   </div>
   <div class='ocr_carea' id='block_1_101' title="bbox 2177 4982 3778 5062">
    <p class='ocr_par' dir='ltr' id='par_1_101' title="bbox 2177 4982 3778 5062">
     <span class='ocr_line' id='line_1_102' title="bbox 2177 4982 3778 5062; baseline 0.007 -27"><span class='ocrx_word' id='word_1_757' title='bbox 2177 4982 2269 5053; x_wconf 92' lang='lat' dir='ltr'><strong>qui</strong></span> <span class='ocrx_word' id='word_1_758' title='bbox 2301 4991 2611 5038; x_wconf 86' lang='lat' dir='ltr'><strong>recesserat</strong></span> <span class='ocrx_word' id='word_1_759' title='bbox 2641 4999 2742 5053; x_wconf 90' lang='lat' dir='ltr'><strong>per</strong></span> <span class='ocrx_word' id='word_1_760' title='bbox 2773 4984 3091 5052; x_wconf 87' lang='lat' dir='ltr'><strong>injustitiam</strong></span> <span class='ocrx_word' id='word_1_761' title='bbox 3140 4994 3404 5054; x_wconf 88' lang='lat' dir='ltr'><strong>nostram,</strong></span> <span class='ocrx_word' id='word_1_762' title='bbox 3467 4991 3626 5046; x_wconf 86' lang='lat' dir='ltr'><strong>venit</strong></span> <span class='ocrx_word' id='word_1_763' title='bbox 3680 5007 3778 5062; x_wconf 88' lang='lat' dir='ltr'><strong>per</strong></span> 
     </span>
    </p>
   </div>
   <div class='ocr_carea' id='block_1_102' title="bbox 2176 5070 3778 5134">
    <p class='ocr_par' dir='ltr' id='par_1_102' title="bbox 2176 5070 3778 5134">
     <span class='ocr_line' id='line_1_103' title="bbox 2176 5070 3778 5134; baseline 0.007 -10"><span class='ocrx_word' id='word_1_764' title='bbox 2176 5070 2602 5127; x_wconf 89' lang='lat' dir='ltr'><strong>misericordiam</strong></span> <span class='ocrx_word' id='word_1_765' title='bbox 2632 5088 2808 5126; x_wconf 87' lang='lat' dir='ltr'><strong>suam.</strong></span> <span class='ocrx_word' id='word_1_766' title='bbox 2843 5073 2942 5128; x_wconf 91' lang='lat' dir='ltr'><strong>Per</strong></span> <span class='ocrx_word' id='word_1_767' title='bbox 2968 5073 3183 5130; x_wconf 91' lang='lat' dir='ltr'><strong>viscera</strong></span> <span class='ocrx_word' id='word_1_768' title='bbox 3203 5075 3347 5130; x_wconf 92' lang='lat' dir='ltr'><strong>enim</strong></span> <span class='ocrx_word' id='word_1_769' title='bbox 3373 5077 3778 5134; x_wconf 70' lang='lat' dir='ltr'><strong>misericordia:</strong></span> 
     </span>
    </p>
   </div>
   <div class='ocr_carea' id='block_1_103' title="bbox 2175 5159 3778 5234">
    <p class='ocr_par' dir='ltr' id='par_1_103' title="bbox 2175 5159 3778 5234">
     <span class='ocr_line' id='line_1_104' title="bbox 2175 5159 3778 5234; baseline 0.005 -20"><span class='ocrx_word' id='word_1_770' title='bbox 2175 5159 2296 5225; x_wconf 91' lang='lat' dir='ltr'><strong>Dei,</strong></span> <span class='ocrx_word' id='word_1_771' title='bbox 2327 5160 2563 5215; x_wconf 89' lang='lat' dir='ltr'><strong>visitavit</strong></span> <span class='ocrx_word' id='word_1_772' title='bbox 2591 5176 2691 5215; x_wconf 93' lang='lat' dir='ltr'><strong>nos</strong></span> <span class='ocrx_word' id='word_1_773' title='bbox 2713 5160 2900 5216; x_wconf 89' lang='lat' dir='ltr'><strong>oriens</strong></span> <span class='ocrx_word' id='word_1_774' title='bbox 2929 5177 2992 5216; x_wconf 89' lang='lat' dir='ltr'><strong>ex</strong></span> <span class='ocrx_word' id='word_1_775' title='bbox 3023 5162 3133 5219; x_wconf 89' lang='lat' dir='ltr'><strong>alto</strong></span> <span class='ocrx_word' id='word_1_776' title='bbox 3170 5163 3336 5226; x_wconf 82' lang='lat' dir='ltr'><strong>(Luc.</strong></span> <span class='ocrx_word' id='word_1_777' title='bbox 3376 5167 3443 5234; x_wconf 81' lang='grc' dir='ltr'><strong>ι).</strong></span> <span class='ocrx_word' id='word_1_778' title='bbox 3484 5167 3778 5223; x_wconf 86' lang='lat' dir='ltr'><strong>Inclinavit</strong></span> 
     </span>
    </p>
   </div>
   <div class='ocr_carea' id='block_1_104' title="bbox 2175 5248 3770 5328">
    <p class='ocr_par' dir='ltr' id='par_1_104' title="bbox 2175 5248 3770 5328">
     <span class='ocr_line' id='line_1_105' title="bbox 2175 5248 3770 5328; baseline 0.005 -24"><span class='ocrx_word' id='word_1_779' title='bbox 2175 5249 2344 5304; x_wconf 72' lang='lat' dir='ltr'><strong>oculos</strong></span> <span class='ocrx_word' id='word_1_780' title='bbox 2373 5256 2426 5304; x_wconf 93' lang='lat' dir='ltr'><strong>et</strong></span> <span class='ocrx_word' id='word_1_781' title='bbox 2455 5248 2757 5316; x_wconf 88' lang='lat' dir='ltr'><strong>descendit,</strong></span> <span class='ocrx_word' id='word_1_782' title='bbox 2789 5257 2842 5305; x_wconf 91' lang='lat' dir='ltr'><strong>et</strong></span> <span class='ocrx_word' id='word_1_783' title='bbox 2871 5250 3052 5323; x_wconf 79' lang='lat' dir='ltr'><strong>caligo</strong></span> <span class='ocrx_word' id='word_1_784' title='bbox 3081 5252 3184 5307; x_wconf 90' lang='lat' dir='ltr'><strong>sub</strong></span> <span class='ocrx_word' id='word_1_785' title='bbox 3215 5253 3447 5323; x_wconf 88' lang='lat' dir='ltr'><strong>pedibus</strong></span> <span class='ocrx_word' id='word_1_786' title='bbox 3461 5256 3770 5328; x_wconf 75' lang='lat' dir='ltr'><strong>ejus(Psal.</strong></span> 
     </span>
    </p>
   </div>
   <div class='ocr_carea' id='block_1_105' title="bbox 2166 5335 3766 5412">
    <p class='ocr_par' dir='ltr' id='par_1_105' title="bbox 2166 5335 3766 5412">
     <span class='ocr_line' id='line_1_106' title="bbox 2166 5335 3766 5412; baseline 0.006 -21"><span class='ocrx_word' id='word_1_787' title='bbox 2166 5337 2337 5406; x_wconf 81' lang='lat' dir='ltr'><strong>xvn).</strong></span> <span class='ocrx_word' id='word_1_788' title='bbox 2377 5335 2662 5392; x_wconf 87' lang='lat' dir='ltr'><strong>Inclinavit</strong></span> <span class='ocrx_word' id='word_1_789' title='bbox 2691 5337 2881 5404; x_wconf 66' lang='lat' dir='ltr'><strong>caelos,</strong></span> <span class='ocrx_word' id='word_1_790' title='bbox 2919 5338 2972 5392; x_wconf 90' lang='lat' dir='ltr'><strong>id</strong></span> <span class='ocrx_word' id='word_1_791' title='bbox 3031 5347 3114 5395; x_wconf 89' lang='lat' dir='ltr'><strong>est</strong></span> <span class='ocrx_word' id='word_1_792' title='bbox 3143 5341 3446 5396; x_wconf 89' lang='lat' dir='ltr'><strong>bumiliavit</strong></span> <span class='ocrx_word' id='word_1_793' title='bbox 3501 5345 3766 5412; x_wconf 61' lang='lat' dir='ltr'><strong>coelestia,</strong></span> 
     </span>
    </p>
   </div>
   <div class='ocr_carea' id='block_1_106' title="bbox 2164 5425 3770 5500">
    <p class='ocr_par' dir='ltr' id='par_1_106' title="bbox 2164 5425 3770 5500">
     <span class='ocr_line' id='line_1_107' title="bbox 2164 5425 3770 5500; baseline 0.004 -20"><span class='ocrx_word' id='word_1_794' title='bbox 2164 5425 2372 5482; x_wconf 91' lang='lat' dir='ltr'><strong>scilicet</strong></span> <span class='ocrx_word' id='word_1_795' title='bbox 2402 5425 2692 5490; x_wconf 88' lang='lat' dir='ltr'><strong>Deitatem,</strong></span> <span class='ocrx_word' id='word_1_796' title='bbox 2725 5433 2777 5482; x_wconf 91' lang='lat' dir='ltr'><strong>et</strong></span> <span class='ocrx_word' id='word_1_797' title='bbox 2794 5427 2943 5498; x_wconf 90' lang='lat' dir='ltr'><strong>ipsos</strong></span> <span class='ocrx_word' id='word_1_798' title='bbox 2964 5429 3195 5500; x_wconf 84' lang='lat' dir='ltr'><strong>angelos</strong></span> <span class='ocrx_word' id='word_1_799' title='bbox 3215 5446 3314 5500; x_wconf 91' lang='lat' dir='ltr'><strong>per</strong></span> <span class='ocrx_word' id='word_1_800' title='bbox 3331 5432 3770 5488; x_wconf 84' lang='lat' dir='ltr'><strong>commiseratio-</strong></span> 
     </span>
    </p>
   </div>
   <div class='ocr_carea' id='block_1_107' title="bbox 2161 5511 3764 5591">
    <p class='ocr_par' dir='ltr' id='par_1_107' title="bbox 2161 5511 3764 5591">
     <span class='ocr_line' id='line_1_108' title="bbox 2161 5511 3764 5591; baseline 0.005 -25"><span class='ocrx_word' id='word_1_801' title='bbox 2161 5529 2308 5578; x_wconf 91' lang='lat' dir='ltr'><strong>nem,</strong></span> <span class='ocrx_word' id='word_1_802' title='bbox 2343 5527 2506 5583; x_wconf 90' lang='lat' dir='ltr'><strong>quam</strong></span> <span class='ocrx_word' id='word_1_803' title='bbox 2536 5511 2722 5566; x_wconf 89' lang='lat' dir='ltr'><strong>habuit</strong></span> <span class='ocrx_word' id='word_1_804' title='bbox 2751 5512 2819 5568; x_wconf 93' lang='lat' dir='ltr'><strong>de</strong></span> <span class='ocrx_word' id='word_1_805' title='bbox 2850 5513 3195 5584; x_wconf 86' lang='lat' dir='ltr'><strong>reparatione</strong></span> <span class='ocrx_word' id='word_1_806' title='bbox 3239 5516 3459 5570; x_wconf 88' lang='lat' dir='ltr'><strong>humani</strong></span> <span class='ocrx_word' id='word_1_807' title='bbox 3491 5519 3716 5591; x_wconf 83' lang='lat' dir='ltr'><strong>generis</strong></span> <span class='ocrx_word' id='word_1_808' title='bbox 3749 5537 3764 5573; x_wconf 88' lang='lat'>:</span> 
     </span>
    </p>
   </div>
   <div class='ocr_carea' id='block_1_108' title="bbox 2163 5599 3741 5671">
    <p class='ocr_par' dir='ltr' id='par_1_108' title="bbox 2163 5599 3741 5671">
     <span class='ocr_line' id='line_1_109' title="bbox 2163 5599 3741 5671; baseline 0.004 -15"><span class='ocrx_word' id='word_1_809' title='bbox 2163 5609 2216 5656; x_wconf 90' lang='lat' dir='ltr'><strong>et</strong></span> <span class='ocrx_word' id='word_1_810' title='bbox 2244 5599 2361 5671; x_wconf 90' lang='lat' dir='ltr'><strong>ipse</strong></span> <span class='ocrx_word' id='word_1_811' title='bbox 2390 5599 2681 5656; x_wconf 87' lang='lat' dir='ltr'><strong>descendit</strong></span> <span class='ocrx_word' id='word_1_812' title='bbox 2728 5600 2966 5658; x_wconf 91' lang='lat' dir='ltr'><strong>uniendo</strong></span> <span class='ocrx_word' id='word_1_813' title='bbox 3031 5602 3134 5658; x_wconf 91' lang='lat' dir='ltr'><strong>sibi</strong></span> <span class='ocrx_word' id='word_1_814' title='bbox 3165 5603 3456 5660; x_wconf 88' lang='lat' dir='ltr'><strong>humanam</strong></span> <span class='ocrx_word' id='word_1_815' title='bbox 3488 5615 3741 5662; x_wconf 86' lang='lat' dir='ltr'><strong>naturam</strong></span> 
     </span>
    </p>
   </div>
   <div class='ocr_carea' id='block_1_109' title="bbox 2161 5687 3759 5766">
    <p class='ocr_par' dir='ltr' id='par_1_109' title="bbox 2161 5687 3759 5766">
     <span class='ocr_line' id='line_1_110' title="bbox 2161 5687 3759 5766; baseline 0.006 -22"><span class='ocrx_word' id='word_1_816' title='bbox 2161 5687 2410 5745; x_wconf 87' lang='lat' dir='ltr'><strong>Inclinati</strong></span> <span class='ocrx_word' id='word_1_817' title='bbox 2440 5697 2564 5745; x_wconf 90' lang='lat' dir='ltr'><strong>sunt</strong></span> <span class='ocrx_word' id='word_1_818' title='bbox 2613 5690 2814 5763; x_wconf 76' lang='lat' dir='ltr'><strong>angeli,</strong></span> <span class='ocrx_word' id='word_1_819' title='bbox 2872 5706 2996 5748; x_wconf 93' lang='lat' dir='ltr'><strong>cum</strong></span> <span class='ocrx_word' id='word_1_820' title='bbox 3050 5692 3376 5751; x_wconf 87' lang='lat' dir='ltr'><strong>accedentes</strong></span> <span class='ocrx_word' id='word_1_821' title='bbox 3429 5693 3502 5750; x_wconf 84' lang='lat' dir='ltr'><strong>ad</strong></span> <span class='ocrx_word' id='word_1_822' title='bbox 3557 5696 3759 5766; x_wconf 88' lang='lat' dir='ltr'><strong>Deum,</strong></span> 
     </span>
    </p>
   </div>
  </div>
