  <div class='ocr_page' id='page_1' title='image "/cluster/home/n/w/nwhite01/storage/ocr_20150623/157/hvd.32044054760152/458.png"; bbox 0 0 4062 6074; ppageno 0'>
   <div class='ocr_carea' id='block_1_1' title="bbox 214 254 387 307">
    <p class='ocr_par' dir='ltr' id='par_1_1' title="bbox 214 254 387 307">
     <span class='ocr_line' id='line_1_1' title="bbox 214 254 387 307; baseline -0.006 0"><span class='ocrx_word' id='word_1_1' title='bbox 214 257 221 263; x_wconf 89' lang='grc'><strong><em>“</em></strong></span> <span class='ocrx_word' id='word_1_2' title='bbox 280 254 387 307; x_wconf 83' lang='lat'><strong>905</strong></span> 
     </span>
    </p>
   </div>
   <div class='ocr_carea' id='block_1_2' title="bbox 1200 240 2636 337">
    <p class='ocr_par' dir='ltr' id='par_1_2' title="bbox 1200 240 2636 337">
     <span class='ocr_line' id='line_1_2' title="bbox 1200 240 2636 337; baseline -0.001 -37"><span class='ocrx_word' id='word_1_3' title='bbox 1213 240 1797 301; x_wconf 82' lang='lat' dir='ltr'>DEFLORATIONES</span> <span class='ocrx_word' id='word_1_4' title='bbox 1834 242 1943 301; x_wconf 89' lang='lat' dir='ltr'>SS.</span> <span class='ocrx_word' id='word_1_5' title='bbox 1990 244 2293 303; x_wconf 79' lang='lat' dir='ltr'>PATRUM.</span> <span class='ocrx_word' id='word_1_6' title='bbox 2322 273 2394 286; x_wconf 90' lang='lat'>-—</span> <span class='ocrx_word' id='word_1_7' title='bbox 2423 242 2551 301; x_wconf 90' lang='lat' dir='ltr'><strong>LIB.</strong></span> <span class='ocrx_word' id='word_1_8' title='bbox 2591 244 2636 298; x_wconf 89' lang='grc' dir='ltr'><strong>Ι.</strong></span> 
     </span>
    </p>
   </div>
   <div class='ocr_carea' id='block_1_3' title="bbox 3476 255 3579 308">
    <p class='ocr_par' dir='ltr' id='par_1_3' title="bbox 3476 255 3579 308">
     <span class='ocr_line' id='line_1_3' title="bbox 3476 255 3579 308; baseline -0.01 0"><span class='ocrx_word' id='word_1_9' title='bbox 3476 255 3579 308; x_wconf 83' lang='grc'>906</span> 
     </span>
    </p>
   </div>
   <div class='ocr_carea' id='block_1_4' title="bbox 280 366 3585 447">
    <p class='ocr_par' dir='ltr' id='par_1_4' title="bbox 280 366 3585 447">
     <span class='ocr_line' id='line_1_4' title="bbox 280 366 3585 447; baseline 0.002 -18"><span class='ocrx_word' id='word_1_10' title='bbox 280 373 657 430; x_wconf 88' lang='lat' dir='ltr'>ministrabant</span> <span class='ocrx_word' id='word_1_11' title='bbox 683 372 754 427; x_wconf 90' lang='lat' dir='ltr'>ei.</span> <span class='ocrx_word' id='word_1_12' title='bbox 784 369 892 426; x_wconf 89' lang='lat' dir='ltr'>Sed</span> <span class='ocrx_word' id='word_1_13' title='bbox 919 368 1169 440; x_wconf 86' lang='lat' dir='ltr'>quamvis</span> <span class='ocrx_word' id='word_1_14' title='bbox 1193 368 1433 437; x_wconf 86' lang='lat' dir='ltr'>humilis,</span> <span class='ocrx_word' id='word_1_15' title='bbox 1467 367 1714 438; x_wconf 83' lang='lat' dir='ltr'>quamvis</span> <span class='ocrx_word' id='word_1_16' title='bbox 1741 382 1873 440; x_wconf 87' lang='lat' dir='ltr'>par-</span> <span class='ocrx_word' id='word_1_17' title='bbox 1904 366 1960 428; x_wconf 85' lang='lat' dir='ltr'>A</span> <span class='ocrx_word' id='word_1_18' title='bbox 1991 369 2140 440; x_wconf 89' lang='lat' dir='ltr'>quasi</span> <span class='ocrx_word' id='word_1_19' title='bbox 2168 368 2290 427; x_wconf 86' lang='lat' dir='ltr'>vilis</span> <span class='ocrx_word' id='word_1_20' title='bbox 2318 377 2370 425; x_wconf 92' lang='lat' dir='ltr'>et</span> <span class='ocrx_word' id='word_1_21' title='bbox 2398 369 2820 441; x_wconf 78' lang='lat' dir='ltr'>contemptibilis</span> <span class='ocrx_word' id='word_1_22' title='bbox 2867 380 3018 428; x_wconf 82' lang='lat' dir='ltr'>extra</span> <span class='ocrx_word' id='word_1_23' title='bbox 3061 373 3333 431; x_wconf 89' lang='lat' dir='ltr'>civitatem</span> <span class='ocrx_word' id='word_1_24' title='bbox 3382 375 3585 447; x_wconf 88' lang='lat' dir='ltr'>ejectus</span> 
     </span>
    </p>
   </div>
   <div class='ocr_carea' id='block_1_5' title="bbox 279 456 1891 535">
    <p class='ocr_par' dir='ltr' id='par_1_5' title="bbox 279 456 1891 535">
     <span class='ocr_line' id='line_1_5' title="bbox 279 456 1891 535; baseline -0.005 -14"><span class='ocrx_word' id='word_1_25' title='bbox 279 464 452 535; x_wconf 86' lang='lat' dir='ltr'>ticeps</span> <span class='ocrx_word' id='word_1_26' title='bbox 476 469 675 518; x_wconf 62' lang='lat' dir='ltr'>nostra:</span> <span class='ocrx_word' id='word_1_27' title='bbox 705 458 1029 532; x_wconf 75' lang='lat' dir='ltr'>fragilitatis.</span> <span class='ocrx_word' id='word_1_28' title='bbox 1064 465 1245 515; x_wconf 87' lang='lat' dir='ltr'>tamen</span> <span class='ocrx_word' id='word_1_29' title='bbox 1271 457 1469 529; x_wconf 85' lang='lat' dir='ltr'>caligo,</span> <span class='ocrx_word' id='word_1_30' title='bbox 1488 457 1542 511; x_wconf 88' lang='lat' dir='ltr'>id</span> <span class='ocrx_word' id='word_1_31' title='bbox 1589 464 1665 512; x_wconf 90' lang='lat' dir='ltr'>est</span> <span class='ocrx_word' id='word_1_32' title='bbox 1715 456 1891 513; x_wconf 64' lang='lat' dir='ltr'>oboe-</span> 
     </span>
    </p>
   </div>
   <div class='ocr_carea' id='block_1_6' title="bbox 282 544 1891 615">
    <p class='ocr_par' dir='ltr' id='par_1_6' title="bbox 282 544 1891 615">
     <span class='ocr_line' id='line_1_6' title="bbox 282 544 1891 615; baseline -0.006 -6"><span class='ocrx_word' id='word_1_33' title='bbox 282 553 424 609; x_wconf 88' lang='lat' dir='ltr'>catio</span> <span class='ocrx_word' id='word_1_34' title='bbox 461 551 861 607; x_wconf 79' lang='lat' dir='ltr'>mundanorum</span> <span class='ocrx_word' id='word_1_35' title='bbox 904 547 1006 602; x_wconf 85' lang='lat' dir='ltr'>fuit</span> <span class='ocrx_word' id='word_1_36' title='bbox 1048 547 1148 602; x_wconf 87' lang='lat' dir='ltr'>sub</span> <span class='ocrx_word' id='word_1_37' title='bbox 1202 544 1434 615; x_wconf 87' lang='lat' dir='ltr'>pedibus</span> <span class='ocrx_word' id='word_1_38' title='bbox 1488 545 1626 615; x_wconf 84' lang='lat' dir='ltr'>ejus,</span> <span class='ocrx_word' id='word_1_39' title='bbox 1689 544 1745 599; x_wconf 88' lang='lat' dir='ltr'>id</span> <span class='ocrx_word' id='word_1_40' title='bbox 1810 551 1891 601; x_wconf 87' lang='lat' dir='ltr'>est</span> 
     </span>
    </p>
   </div>
   <div class='ocr_carea' id='block_1_7' title="bbox 281 643 1888 722">
    <p class='ocr_par' dir='ltr' id='par_1_7' title="bbox 281 643 1888 722">
     <span class='ocr_line' id='line_1_7' title="bbox 281 643 1888 722; baseline -0.006 -15"><span class='ocrx_word' id='word_1_41' title='bbox 281 651 526 722; x_wconf 88' lang='lat' dir='ltr'>plenarie</span> <span class='ocrx_word' id='word_1_42' title='bbox 555 646 837 717; x_wconf 88' lang='lat' dir='ltr'>subjecta;</span> <span class='ocrx_word' id='word_1_43' title='bbox 882 653 935 702; x_wconf 90' lang='lat' dir='ltr'>et</span> <span class='ocrx_word' id='word_1_44' title='bbox 979 661 1103 702; x_wconf 89' lang='lat' dir='ltr'>cum</span> <span class='ocrx_word' id='word_1_45' title='bbox 1136 644 1287 701; x_wconf 83' lang='lat' dir='ltr'>fortis</span> <span class='ocrx_word' id='word_1_46' title='bbox 1314 643 1470 699; x_wconf 89' lang='lat' dir='ltr'>miles</span> <span class='ocrx_word' id='word_1_47' title='bbox 1524 644 1593 698; x_wconf 90' lang='lat' dir='ltr'>ad</span> <span class='ocrx_word' id='word_1_48' title='bbox 1649 658 1888 715; x_wconf 83' lang='lat' dir='ltr'>pugnam</span> 
     </span>
    </p>
   </div>
   <div class='ocr_carea' id='block_1_8' title="bbox 289 733 1886 807">
    <p class='ocr_par' dir='ltr' id='par_1_8' title="bbox 289 733 1886 807">
     <span class='ocr_line' id='line_1_8' title="bbox 289 733 1886 807; baseline -0.008 -9"><span class='ocrx_word' id='word_1_49' title='bbox 289 741 546 807; x_wconf 80' lang='lat' dir='ltr'>venisset,</span> <span class='ocrx_word' id='word_1_50' title='bbox 577 738 634 791; x_wconf 88' lang='lat' dir='ltr'>in</span> <span class='ocrx_word' id='word_1_51' title='bbox 661 736 776 792; x_wconf 91' lang='lat' dir='ltr'>sole</span> <span class='ocrx_word' id='word_1_52' title='bbox 820 735 1001 806; x_wconf 89' lang='lat' dir='ltr'>posuit</span> <span class='ocrx_word' id='word_1_53' title='bbox 1046 733 1452 789; x_wconf 83' lang='lat' dir='ltr'>tabernaculum</span> <span class='ocrx_word' id='word_1_54' title='bbox 1499 748 1656 788; x_wconf 91' lang='lat' dir='ltr'>suum</span> <span class='ocrx_word' id='word_1_55' title='bbox 1709 733 1886 799; x_wconf 74' lang='lat' dir='ltr'>(Psal.</span> 
     </span>
    </p>
   </div>
   <div class='ocr_carea' id='block_1_9' title="bbox 287 819 1890 899">
    <p class='ocr_par' dir='ltr' id='par_1_9' title="bbox 287 819 1890 899">
     <span class='ocr_line' id='line_1_9' title="bbox 287 819 1890 899; baseline -0.008 -12"><span class='ocrx_word' id='word_1_56' title='bbox 287 829 473 899; x_wconf 84' lang='lat' dir='ltr'>xvm).</span> <span class='ocrx_word' id='word_1_57' title='bbox 533 823 961 882; x_wconf 88' lang='lat' dir='ltr'>Tabernaculum</span> <span class='ocrx_word' id='word_1_58' title='bbox 1018 822 1212 878; x_wconf 83' lang='lat' dir='ltr'>Christi</span> <span class='ocrx_word' id='word_1_59' title='bbox 1267 821 1402 876; x_wconf 90' lang='lat' dir='ltr'>illud</span> <span class='ocrx_word' id='word_1_60' title='bbox 1465 819 1783 893; x_wconf 78' lang='lat' dir='ltr'>intelligitur</span> <span class='ocrx_word' id='word_1_61' title='bbox 1832 820 1890 875; x_wconf 90' lang='lat' dir='ltr'>in</span> 
     </span>
    </p>
   </div>
   <div class='ocr_carea' id='block_1_10' title="bbox 288 917 1893 997">
    <p class='ocr_par' dir='ltr' id='par_1_10' title="bbox 288 917 1893 997">
     <span class='ocr_line' id='line_1_10' title="bbox 288 917 1893 997; baseline -0.007 -14"><span class='ocrx_word' id='word_1_62' title='bbox 288 942 396 997; x_wconf 91' lang='lat' dir='ltr'>quo</span> <span class='ocrx_word' id='word_1_63' title='bbox 425 923 682 980; x_wconf 75' lang='lat' dir='ltr'>militavit</span> <span class='ocrx_word' id='word_1_64' title='bbox 706 923 824 977; x_wconf 91' lang='lat' dir='ltr'>Deo</span> <span class='ocrx_word' id='word_1_65' title='bbox 853 920 1024 986; x_wconf 88' lang='lat' dir='ltr'>Patri,</span> <span class='ocrx_word' id='word_1_66' title='bbox 1058 920 1193 975; x_wconf 91' lang='lat' dir='ltr'>illud</span> <span class='ocrx_word' id='word_1_67' title='bbox 1223 919 1418 991; x_wconf 85' lang='lat' dir='ltr'>posuit,</span> <span class='ocrx_word' id='word_1_68' title='bbox 1457 918 1513 974; x_wconf 90' lang='lat' dir='ltr'>id</span> <span class='ocrx_word' id='word_1_69' title='bbox 1562 926 1644 973; x_wconf 90' lang='lat' dir='ltr'>est</span> <span class='ocrx_word' id='word_1_70' title='bbox 1687 917 1893 974; x_wconf 90' lang='lat' dir='ltr'>consti-</span> 
     </span>
    </p>
   </div>
   <div class='ocr_carea' id='block_1_11' title="bbox 289 1007 1892 1082">
    <p class='ocr_par' dir='ltr' id='par_1_11' title="bbox 289 1007 1892 1082">
     <span class='ocr_line' id='line_1_11' title="bbox 289 1007 1892 1082; baseline -0.006 -10"><span class='ocrx_word' id='word_1_71' title='bbox 289 1016 389 1072; x_wconf 87' lang='lat' dir='ltr'>tuit</span> <span class='ocrx_word' id='word_1_72' title='bbox 425 1015 482 1070; x_wconf 89' lang='lat' dir='ltr'>in</span> <span class='ocrx_word' id='word_1_73' title='bbox 518 1012 799 1082; x_wconf 45' lang='lat' dir='ltr'>sole,&#39;hoc</span> <span class='ocrx_word' id='word_1_74' title='bbox 836 1016 918 1065; x_wconf 89' lang='lat' dir='ltr'>est</span> <span class='ocrx_word' id='word_1_75' title='bbox 952 1009 1009 1063; x_wconf 91' lang='lat' dir='ltr'>in</span> <span class='ocrx_word' id='word_1_76' title='bbox 1050 1008 1287 1081; x_wconf 88' lang='lat' dir='ltr'>Virgine,</span> <span class='ocrx_word' id='word_1_77' title='bbox 1347 1023 1467 1078; x_wconf 72' lang='lat' dir='ltr'>quas</span> <span class='ocrx_word' id='word_1_78' title='bbox 1521 1007 1623 1062; x_wconf 89' lang='lat' dir='ltr'>fuit</span> <span class='ocrx_word' id='word_1_79' title='bbox 1667 1007 1892 1079; x_wconf 88' lang='lat' dir='ltr'>pulchra</span> 
     </span>
    </p>
   </div>
   <div class='ocr_carea' id='block_1_12' title="bbox 285 1096 1889 1173">
    <p class='ocr_par' dir='ltr' id='par_1_12' title="bbox 285 1096 1889 1173">
     <span class='ocr_line' id='line_1_12' title="bbox 285 1096 1889 1173; baseline -0.006 -12"><span class='ocrx_word' id='word_1_80' title='bbox 285 1113 347 1161; x_wconf 88' lang='lat' dir='ltr'>ut</span> <span class='ocrx_word' id='word_1_81' title='bbox 373 1105 520 1173; x_wconf 89' lang='lat' dir='ltr'>luna,</span> <span class='ocrx_word' id='word_1_82' title='bbox 552 1102 723 1157; x_wconf 85' lang='lat' dir='ltr'>electa</span> <span class='ocrx_word' id='word_1_83' title='bbox 748 1106 806 1154; x_wconf 91' lang='lat' dir='ltr'>ut</span> <span class='ocrx_word' id='word_1_84' title='bbox 835 1099 949 1156; x_wconf 87' lang='lat' dir='ltr'>sol.</span> <span class='ocrx_word' id='word_1_85' title='bbox 987 1098 1156 1164; x_wconf 89' lang='lat' dir='ltr'>Luna,</span> <span class='ocrx_word' id='word_1_86' title='bbox 1206 1097 1333 1167; x_wconf 84' lang='lat' dir='ltr'>quia</span> <span class='ocrx_word' id='word_1_87' title='bbox 1378 1096 1688 1152; x_wconf 90' lang='lat' dir='ltr'>illuminans</span> <span class='ocrx_word' id='word_1_88' title='bbox 1735 1105 1889 1151; x_wconf 89' lang='lat' dir='ltr'>tene-</span> 
     </span>
    </p>
   </div>
   <div class='ocr_carea' id='block_1_13' title="bbox 283 1192 1891 1268">
    <p class='ocr_par' dir='ltr' id='par_1_13' title="bbox 283 1192 1891 1268">
     <span class='ocr_line' id='line_1_13' title="bbox 283 1192 1891 1268; baseline -0.007 -8"><span class='ocrx_word' id='word_1_89' title='bbox 283 1204 413 1260; x_wconf 86' lang='lat' dir='ltr'>bras</span> <span class='ocrx_word' id='word_1_90' title='bbox 436 1199 644 1268; x_wconf 87' lang='lat' dir='ltr'>noctis;</span> <span class='ocrx_word' id='word_1_91' title='bbox 677 1198 759 1254; x_wconf 93' lang='lat' dir='ltr'>sol</span> <span class='ocrx_word' id='word_1_92' title='bbox 793 1196 921 1267; x_wconf 86' lang='lat' dir='ltr'>quia</span> <span class='ocrx_word' id='word_1_93' title='bbox 938 1195 1055 1252; x_wconf 89' lang='lat' dir='ltr'>sola</span> <span class='ocrx_word' id='word_1_94' title='bbox 1082 1210 1195 1267; x_wconf 75' lang='lat' dir='ltr'>prae</span> <span class='ocrx_word' id='word_1_95' title='bbox 1224 1193 1429 1251; x_wconf 66' lang='lat' dir='ltr'>caeteris</span> <span class='ocrx_word' id='word_1_96' title='bbox 1456 1194 1633 1250; x_wconf 87' lang='lat' dir='ltr'>calore</span> <span class='ocrx_word' id='word_1_97' title='bbox 1663 1192 1891 1264; x_wconf 86' lang='lat' dir='ltr'>Spiritus</span> 
     </span>
    </p>
   </div>
   <div class='ocr_carea' id='block_1_14' title="bbox 285 1287 693 1349">
    <p class='ocr_par' dir='ltr' id='par_1_14' title="bbox 285 1287 693 1349">
     <span class='ocr_line' id='line_1_14' title="bbox 285 1287 693 1349; baseline -0.02 0"><span class='ocrx_word' id='word_1_98' title='bbox 285 1290 459 1349; x_wconf 86' lang='lat' dir='ltr'>sancti</span> <span class='ocrx_word' id='word_1_99' title='bbox 487 1287 693 1344; x_wconf 84' lang='lat' dir='ltr'>inarsit.</span> 
     </span>
    </p>
   </div>
   <div class='ocr_carea' id='block_1_15' title="bbox 360 1406 1888 1485">
    <p class='ocr_par' dir='ltr' id='par_1_15' title="bbox 360 1406 1888 1485">
     <span class='ocr_line' id='line_1_15' title="bbox 360 1406 1888 1485; baseline -0.007 -12"><span class='ocrx_word' id='word_1_100' title='bbox 360 1418 553 1473; x_wconf 87' lang='lat' dir='ltr'>Parato</span> <span class='ocrx_word' id='word_1_101' title='bbox 584 1415 763 1485; x_wconf 85' lang='lat' dir='ltr'>itaque</span> <span class='ocrx_word' id='word_1_102' title='bbox 796 1409 1146 1468; x_wconf 88' lang='lat' dir='ltr'>tabernaculo</span> <span class='ocrx_word' id='word_1_103' title='bbox 1175 1424 1293 1477; x_wconf 90' lang='lat' dir='ltr'>suo,</span> <span class='ocrx_word' id='word_1_104' title='bbox 1326 1407 1622 1481; x_wconf 89' lang='lat' dir='ltr'>procedens</span> <span class='ocrx_word' id='word_1_105' title='bbox 1649 1406 1717 1463; x_wconf 91' lang='lat' dir='ltr'>de</span> <span class='ocrx_word' id='word_1_106' title='bbox 1764 1408 1888 1462; x_wconf 90' lang='lat' dir='ltr'>tha-</span> 
     </span>
    </p>
   </div>
   <div class='ocr_carea' id='block_1_16' title="bbox 286 1496 1889 1574">
    <p class='ocr_par' dir='ltr' id='par_1_16' title="bbox 286 1496 1889 1574">
     <span class='ocr_line' id='line_1_16' title="bbox 286 1496 1889 1574; baseline -0.009 -10"><span class='ocrx_word' id='word_1_107' title='bbox 286 1509 433 1564; x_wconf 91' lang='lat' dir='ltr'>lamo</span> <span class='ocrx_word' id='word_1_108' title='bbox 463 1520 582 1573; x_wconf 91' lang='lat' dir='ltr'>suo,</span> <span class='ocrx_word' id='word_1_109' title='bbox 615 1512 872 1574; x_wconf 85' lang='lat' dir='ltr'>tanquam</span> <span class='ocrx_word' id='word_1_110' title='bbox 916 1515 1145 1571; x_wconf 91' lang='lat' dir='ltr'>sponsus</span> <span class='ocrx_word' id='word_1_111' title='bbox 1192 1499 1373 1569; x_wconf 81' lang='lat' dir='ltr'>(ibid.)</span> <span class='ocrx_word' id='word_1_112' title='bbox 1424 1496 1663 1553; x_wconf 82' lang='lat' dir='ltr'>Ecclesia</span> <span class='ocrx_word' id='word_1_113' title='bbox 1718 1496 1889 1551; x_wconf 90' lang='lat' dir='ltr'>factus</span> 
     </span>
    </p>
   </div>
   <div class='ocr_carea' id='block_1_17' title="bbox 288 1584 1887 1668">
    <p class='ocr_par' dir='ltr' id='par_1_17' title="bbox 288 1584 1887 1668">
     <span class='ocr_line' id='line_1_17' title="bbox 288 1584 1887 1668; baseline -0.01 -14"><span class='ocrx_word' id='word_1_114' title='bbox 288 1605 371 1654; x_wconf 91' lang='lat' dir='ltr'>est</span> <span class='ocrx_word' id='word_1_115' title='bbox 398 1612 496 1668; x_wconf 92' lang='lat' dir='ltr'>per</span> <span class='ocrx_word' id='word_1_116' title='bbox 523 1592 697 1650; x_wconf 88' lang='lat' dir='ltr'>carnis</span> <span class='ocrx_word' id='word_1_117' title='bbox 716 1590 1175 1661; x_wconf 88' lang='lat' dir='ltr'>conjunctionem.</span> <span class='ocrx_word' id='word_1_118' title='bbox 1199 1586 1519 1657; x_wconf 90' lang='lat' dir='ltr'>Procedens,</span> <span class='ocrx_word' id='word_1_119' title='bbox 1538 1585 1780 1655; x_wconf 91' lang='lat' dir='ltr'>inquam,</span> <span class='ocrx_word' id='word_1_120' title='bbox 1820 1584 1887 1639; x_wconf 91' lang='lat' dir='ltr'>de</span> 
     </span>
    </p>
   </div>
   <div class='ocr_carea' id='block_1_18' title="bbox 290 1682 1888 1759">
    <p class='ocr_par' dir='ltr' id='par_1_18' title="bbox 290 1682 1888 1759">
     <span class='ocr_line' id='line_1_18' title="bbox 290 1682 1888 1759; baseline -0.01 -6"><span class='ocrx_word' id='word_1_121' title='bbox 290 1696 528 1753; x_wconf 86' lang='lat' dir='ltr'>thalamo</span> <span class='ocrx_word' id='word_1_122' title='bbox 557 1708 677 1759; x_wconf 92' lang='lat' dir='ltr'>suo,</span> <span class='ocrx_word' id='word_1_123' title='bbox 708 1690 762 1747; x_wconf 91' lang='lat' dir='ltr'>id</span> <span class='ocrx_word' id='word_1_124' title='bbox 791 1696 871 1745; x_wconf 89' lang='lat' dir='ltr'>est</span> <span class='ocrx_word' id='word_1_125' title='bbox 897 1688 966 1743; x_wconf 91' lang='lat' dir='ltr'>de</span> <span class='ocrx_word' id='word_1_126' title='bbox 994 1694 1147 1743; x_wconf 89' lang='lat' dir='ltr'>utero</span> <span class='ocrx_word' id='word_1_127' title='bbox 1171 1685 1447 1758; x_wconf 82' lang='lat' dir='ltr'>virginali,</span> <span class='ocrx_word' id='word_1_128' title='bbox 1496 1682 1783 1739; x_wconf 80' lang='lat' dir='ltr'>exsultavit</span> <span class='ocrx_word' id='word_1_129' title='bbox 1832 1690 1888 1737; x_wconf 90' lang='lat' dir='ltr'>ut</span> 
     </span>
    </p>
   </div>
   <div class='ocr_carea' id='block_1_19' title="bbox 289 1770 1888 1859">
    <p class='ocr_par' dir='ltr' id='par_1_19' title="bbox 289 1770 1888 1859">
     <span class='ocr_line' id='line_1_19' title="bbox 289 1770 1888 1859; baseline -0.008 -18"><span class='ocrx_word' id='word_1_130' title='bbox 289 1786 469 1859; x_wconf 83' lang='lat' dir='ltr'>gigas,</span> <span class='ocrx_word' id='word_1_131' title='bbox 501 1782 557 1837; x_wconf 88' lang='lat' dir='ltr'>id</span> <span class='ocrx_word' id='word_1_132' title='bbox 585 1788 668 1837; x_wconf 90' lang='lat' dir='ltr'>est</span> <span class='ocrx_word' id='word_1_133' title='bbox 693 1787 751 1835; x_wconf 90' lang='lat' dir='ltr'>ut</span> <span class='ocrx_word' id='word_1_134' title='bbox 799 1778 970 1847; x_wconf 89' lang='lat' dir='ltr'>fortis,</span> <span class='ocrx_word' id='word_1_135' title='bbox 1020 1784 1080 1832; x_wconf 90' lang='lat' dir='ltr'>ut</span> <span class='ocrx_word' id='word_1_136' title='bbox 1120 1775 1410 1835; x_wconf 88' lang='lat' dir='ltr'>invicibilis</span> <span class='ocrx_word' id='word_1_137' title='bbox 1455 1773 1525 1830; x_wconf 93' lang='lat' dir='ltr'>ad</span> <span class='ocrx_word' id='word_1_138' title='bbox 1570 1770 1888 1829; x_wconf 86' lang='lat' dir='ltr'>currendam</span> 
     </span>
    </p>
   </div>
   <div class='ocr_carea' id='block_1_20' title="bbox 288 1862 1896 1938">
    <p class='ocr_par' dir='ltr' id='par_1_20' title="bbox 288 1862 1896 1938">
     <span class='ocr_line' id='line_1_20' title="bbox 288 1862 1896 1938; baseline -0.01 -7"><span class='ocrx_word' id='word_1_139' title='bbox 288 1875 437 1934; x_wconf 89' lang='lat' dir='ltr'>viam</span> <span class='ocrx_word' id='word_1_140' title='bbox 466 1871 675 1927; x_wconf 68' lang='lat' dir='ltr'>militiai</span> <span class='ocrx_word' id='word_1_141' title='bbox 695 1883 854 1938; x_wconf 68' lang='lat' dir='ltr'>suae;</span> <span class='ocrx_word' id='word_1_142' title='bbox 916 1874 971 1922; x_wconf 89' lang='lat' dir='ltr'>et</span> <span class='ocrx_word' id='word_1_143' title='bbox 1027 1864 1175 1922; x_wconf 87' lang='lat' dir='ltr'>venit</span> <span class='ocrx_word' id='word_1_144' title='bbox 1228 1864 1298 1920; x_wconf 92' lang='lat' dir='ltr'>ad</span> <span class='ocrx_word' id='word_1_145' title='bbox 1341 1862 1654 1920; x_wconf 89' lang='lat' dir='ltr'>bellandum</span> <span class='ocrx_word' id='word_1_146' title='bbox 1708 1868 1896 1918; x_wconf 90' lang='lat' dir='ltr'>contra</span> 
     </span>
    </p>
   </div>
   <div class='ocr_carea' id='block_1_21' title="bbox 290 1958 1896 2044">
    <p class='ocr_par' dir='ltr' id='par_1_21' title="bbox 290 1958 1896 2044">
     <span class='ocr_line' id='line_1_21' title="bbox 290 1958 1896 2044; baseline -0.009 -18"><span class='ocrx_word' id='word_1_147' title='bbox 290 1970 594 2044; x_wconf 87' lang='lat' dir='ltr'>principem</span> <span class='ocrx_word' id='word_1_148' title='bbox 624 1965 786 2035; x_wconf 86' lang='lat' dir='ltr'>hujus</span> <span class='ocrx_word' id='word_1_149' title='bbox 826 1962 1033 2033; x_wconf 88' lang='lat' dir='ltr'>mundi,</span> <span class='ocrx_word' id='word_1_150' title='bbox 1085 1962 1269 2018; x_wconf 90' lang='lat' dir='ltr'>dicens</span> <span class='ocrx_word' id='word_1_151' title='bbox 1301 1980 1313 2017; x_wconf 91' lang='lat'>:</span> <span class='ocrx_word' id='word_1_152' title='bbox 1371 1984 1393 2009; x_wconf 79' lang='grc' dir='ltr'>α</span> <span class='ocrx_word' id='word_1_153' title='bbox 1442 1961 1600 2017; x_wconf 90' lang='lat' dir='ltr'>Nunc</span> <span class='ocrx_word' id='word_1_154' title='bbox 1644 1958 1896 2029; x_wconf 89' lang='lat' dir='ltr'>princeps</span> 
     </span>
    </p>
   </div>
   <div class='ocr_carea' id='block_1_22' title="bbox 294 2049 1897 2131">
    <p class='ocr_par' dir='ltr' id='par_1_22' title="bbox 294 2049 1897 2131">
     <span class='ocr_line' id='line_1_22' title="bbox 294 2049 1897 2131; baseline -0.009 -14"><span class='ocrx_word' id='word_1_155' title='bbox 294 2060 458 2131; x_wconf 87' lang='lat' dir='ltr'>hujus</span> <span class='ocrx_word' id='word_1_156' title='bbox 485 2057 672 2113; x_wconf 92' lang='lat' dir='ltr'>mundi</span> <span class='ocrx_word' id='word_1_157' title='bbox 702 2055 949 2125; x_wconf 78' lang='lat' dir='ltr'>ejiciatur</span> <span class='ocrx_word' id='word_1_158' title='bbox 977 2053 1120 2108; x_wconf 87' lang='lat' dir='ltr'>foras</span> <span class='ocrx_word' id='word_1_159' title='bbox 1149 2052 1334 2120; x_wconf 82' lang='lat' dir='ltr'>(Joan.</span> <span class='ocrx_word' id='word_1_160' title='bbox 1366 2052 1495 2121; x_wconf 82' lang='lat' dir='ltr'>xu),</span> <span class='ocrx_word' id='word_1_161' title='bbox 1540 2072 1561 2099; x_wconf 78' lang='grc' dir='ltr'><strong><em>υ</em></strong></span> <span class='ocrx_word' id='word_1_162' title='bbox 1614 2049 1819 2105; x_wconf 82' lang='lat' dir='ltr'>scilicet</span> <span class='ocrx_word' id='word_1_163' title='bbox 1863 2063 1897 2102; x_wconf 93' lang='lat' dir='ltr'>a</span> 
     </span>
    </p>
   </div>
   <div class='ocr_carea' id='block_1_23' title="bbox 292 2137 1894 2213">
    <p class='ocr_par' dir='ltr' id='par_1_23' title="bbox 292 2137 1894 2213">
     <span class='ocr_line' id='line_1_23' title="bbox 292 2137 1894 2213; baseline -0.009 -8"><span class='ocrx_word' id='word_1_164' title='bbox 292 2148 567 2206; x_wconf 87' lang='lat' dir='ltr'>mentibus</span> <span class='ocrx_word' id='word_1_165' title='bbox 604 2145 903 2213; x_wconf 91' lang='lat' dir='ltr'>hominum,</span> <span class='ocrx_word' id='word_1_166' title='bbox 945 2143 1000 2197; x_wconf 92' lang='lat' dir='ltr'>in</span> <span class='ocrx_word' id='word_1_167' title='bbox 1038 2141 1234 2213; x_wconf 88' lang='lat' dir='ltr'>quibus</span> <span class='ocrx_word' id='word_1_168' title='bbox 1263 2140 1531 2213; x_wconf 86' lang='lat' dir='ltr'>regnabat</span> <span class='ocrx_word' id='word_1_169' title='bbox 1551 2137 1724 2208; x_wconf 89' lang='lat' dir='ltr'>prius.</span> <span class='ocrx_word' id='word_1_170' title='bbox 1765 2138 1894 2192; x_wconf 86' lang='lat' dir='ltr'>Ele-</span> 
     </span>
    </p>
   </div>
   <div class='ocr_carea' id='block_1_24' title="bbox 293 2236 1895 2322">
    <p class='ocr_par' dir='ltr' id='par_1_24' title="bbox 293 2236 1895 2322">
     <span class='ocr_line' id='line_1_24' title="bbox 293 2236 1895 2322; baseline -0.009 -19"><span class='ocrx_word' id='word_1_171' title='bbox 293 2249 376 2322; x_wconf 87' lang='lat' dir='ltr'>git</span> <span class='ocrx_word' id='word_1_172' title='bbox 409 2254 590 2303; x_wconf 89' lang='lat' dir='ltr'>autem</span> <span class='ocrx_word' id='word_1_173' title='bbox 620 2258 824 2316; x_wconf 86' lang='lat' dir='ltr'>paucos</span> <span class='ocrx_word' id='word_1_174' title='bbox 851 2256 1035 2297; x_wconf 89' lang='lat' dir='ltr'>secum</span> <span class='ocrx_word' id='word_1_175' title='bbox 1065 2248 1119 2295; x_wconf 89' lang='lat' dir='ltr'>et</span> <span class='ocrx_word' id='word_1_176' title='bbox 1145 2254 1429 2311; x_wconf 87' lang='lat' dir='ltr'>pauperes,</span> <span class='ocrx_word' id='word_1_177' title='bbox 1457 2245 1515 2292; x_wconf 91' lang='lat' dir='ltr'>ut</span> <span class='ocrx_word' id='word_1_178' title='bbox 1542 2236 1617 2292; x_wconf 85' lang='lat' dir='ltr'>ait</span> <span class='ocrx_word' id='word_1_179' title='bbox 1661 2238 1895 2305; x_wconf 88' lang='lat' dir='ltr'>Aposto-</span> 
     </span>
    </p>
   </div>
   <div class='ocr_carea' id='block_1_25' title="bbox 294 2324 1899 2406">
    <p class='ocr_par' dir='ltr' id='par_1_25' title="bbox 294 2324 1899 2406">
     <span class='ocr_line' id='line_1_25' title="bbox 294 2324 1899 2406; baseline -0.009 -12"><span class='ocrx_word' id='word_1_180' title='bbox 294 2339 424 2394; x_wconf 89' lang='lat' dir='ltr'>lus:</span> <span class='ocrx_word' id='word_1_181' title='bbox 464 2358 485 2385; x_wconf 72' lang='grc' dir='ltr'><strong><em>κ</em></strong></span> <span class='ocrx_word' id='word_1_182' title='bbox 520 2334 701 2406; x_wconf 87' lang='lat' dir='ltr'>Elegit</span> <span class='ocrx_word' id='word_1_183' title='bbox 741 2347 861 2402; x_wconf 67' lang='lat' dir='ltr'>quae</span> <span class='ocrx_word' id='word_1_184' title='bbox 904 2330 1065 2385; x_wconf 89' lang='lat' dir='ltr'>stulta</span> <span class='ocrx_word' id='word_1_185' title='bbox 1108 2335 1229 2383; x_wconf 88' lang='lat' dir='ltr'>sunt</span> <span class='ocrx_word' id='word_1_186' title='bbox 1271 2326 1458 2382; x_wconf 89' lang='lat' dir='ltr'>mundi</span> <span class='ocrx_word' id='word_1_187' title='bbox 1504 2333 1562 2381; x_wconf 88' lang='lat' dir='ltr'>ut</span> <span class='ocrx_word' id='word_1_188' title='bbox 1604 2324 1899 2381; x_wconf 88' lang='lat' dir='ltr'>confundat</span> 
     </span>
    </p>
   </div>
   <div class='ocr_carea' id='block_1_26' title="bbox 295 2412 1900 2499">
    <p class='ocr_par' dir='ltr' id='par_1_26' title="bbox 295 2412 1900 2499">
     <span class='ocr_line' id='line_1_26' title="bbox 295 2412 1900 2499; baseline -0.01 -15"><span class='ocrx_word' id='word_1_189' title='bbox 295 2426 587 2499; x_wconf 84' lang='lat' dir='ltr'>sapientes,</span> <span class='ocrx_word' id='word_1_190' title='bbox 650 2429 703 2478; x_wconf 89' lang='lat' dir='ltr'>et</span> <span class='ocrx_word' id='word_1_191' title='bbox 740 2420 955 2476; x_wconf 89' lang='lat' dir='ltr'>inﬁrma</span> <span class='ocrx_word' id='word_1_192' title='bbox 1009 2419 1198 2474; x_wconf 90' lang='lat' dir='ltr'>mundi</span> <span class='ocrx_word' id='word_1_193' title='bbox 1261 2425 1322 2472; x_wconf 90' lang='lat' dir='ltr'>ut</span> <span class='ocrx_word' id='word_1_194' title='bbox 1383 2415 1676 2472; x_wconf 89' lang='lat' dir='ltr'>confundat</span> <span class='ocrx_word' id='word_1_195' title='bbox 1738 2412 1900 2470; x_wconf 84' lang='lat' dir='ltr'>fortia</span> 
     </span>
    </p>
   </div>
   <div class='ocr_carea' id='block_1_27' title="bbox 296 2511 1899 2595">
    <p class='ocr_par' dir='ltr' id='par_1_27' title="bbox 296 2511 1899 2595">
     <span class='ocr_line' id='line_1_27' title="bbox 296 2511 1899 2595; baseline -0.009 -14"><span class='ocrx_word' id='word_1_196' title='bbox 296 2526 349 2595; x_wconf 86' lang='grc' dir='ltr'>(Ι</span> <span class='ocrx_word' id='word_1_197' title='bbox 377 2524 504 2583; x_wconf 85' lang='lat' dir='ltr'>Cor.</span> <span class='ocrx_word' id='word_1_198' title='bbox 543 2522 604 2593; x_wconf 91' lang='lat' dir='ltr'>I).</span> <span class='ocrx_word' id='word_1_199' title='bbox 641 2544 663 2569; x_wconf 75' lang='grc' dir='ltr'>ι)</span> <span class='ocrx_word' id='word_1_200' title='bbox 700 2519 841 2590; x_wconf 85' lang='lat' dir='ltr'>Quid</span> <span class='ocrx_word' id='word_1_201' title='bbox 869 2520 1014 2575; x_wconf 89' lang='lat' dir='ltr'>enim</span> <span class='ocrx_word' id='word_1_202' title='bbox 1061 2520 1263 2587; x_wconf 84' lang='lat' dir='ltr'>Petrus,</span> <span class='ocrx_word' id='word_1_203' title='bbox 1298 2515 1429 2586; x_wconf 88' lang='lat' dir='ltr'>quid</span> <span class='ocrx_word' id='word_1_204' title='bbox 1482 2515 1740 2581; x_wconf 84' lang='lat' dir='ltr'>Andreas,</span> <span class='ocrx_word' id='word_1_205' title='bbox 1797 2511 1899 2567; x_wconf 88' lang='lat' dir='ltr'>nisi</span> 
     </span>
    </p>
   </div>
   <div class='ocr_carea' id='block_1_28' title="bbox 297 2602 1895 2685">
    <p class='ocr_par' dir='ltr' id='par_1_28' title="bbox 297 2602 1895 2685">
     <span class='ocr_line' id='line_1_28' title="bbox 297 2602 1895 2685; baseline -0.009 -15"><span class='ocrx_word' id='word_1_206' title='bbox 297 2613 616 2685; x_wconf 88' lang='lat' dir='ltr'>insipientes</span> <span class='ocrx_word' id='word_1_207' title='bbox 642 2618 697 2666; x_wconf 89' lang='lat' dir='ltr'>et</span> <span class='ocrx_word' id='word_1_208' title='bbox 724 2609 995 2683; x_wconf 87' lang='lat' dir='ltr'>ignobiles</span> <span class='ocrx_word' id='word_1_209' title='bbox 1022 2608 1050 2661; x_wconf 78' lang='lat'>‘?</span> <span class='ocrx_word' id='word_1_210' title='bbox 1091 2607 1159 2662; x_wconf 86' lang='lat' dir='ltr'>Et</span> <span class='ocrx_word' id='word_1_211' title='bbox 1202 2616 1383 2662; x_wconf 88' lang='lat' dir='ltr'>tamen</span> <span class='ocrx_word' id='word_1_212' title='bbox 1427 2604 1495 2658; x_wconf 92' lang='lat' dir='ltr'>de</span> <span class='ocrx_word' id='word_1_213' title='bbox 1541 2603 1647 2657; x_wconf 88' lang='lat' dir='ltr'>illis</span> <span class='ocrx_word' id='word_1_214' title='bbox 1691 2602 1895 2674; x_wconf 87' lang='lat' dir='ltr'>paucis,</span> 
     </span>
    </p>
   </div>
   <div class='ocr_carea' id='block_1_29' title="bbox 299 2692 1898 2766">
    <p class='ocr_par' dir='ltr' id='par_1_29' title="bbox 299 2692 1898 2766">
     <span class='ocr_line' id='line_1_29' title="bbox 299 2692 1898 2766; baseline -0.01 -6"><span class='ocrx_word' id='word_1_215' title='bbox 299 2720 442 2760; x_wconf 88' lang='lat' dir='ltr'>unus</span> <span class='ocrx_word' id='word_1_216' title='bbox 468 2699 768 2765; x_wconf 85' lang='lat' dir='ltr'>succubuit,</span> <span class='ocrx_word' id='word_1_217' title='bbox 800 2698 856 2753; x_wconf 91' lang='lat' dir='ltr'>id</span> <span class='ocrx_word' id='word_1_218' title='bbox 885 2705 966 2753; x_wconf 91' lang='lat' dir='ltr'>est</span> <span class='ocrx_word' id='word_1_219' title='bbox 991 2696 1175 2766; x_wconf 86' lang='lat' dir='ltr'>Judas,</span> <span class='ocrx_word' id='word_1_220' title='bbox 1209 2696 1301 2766; x_wconf 92' lang='lat' dir='ltr'>qui</span> <span class='ocrx_word' id='word_1_221' title='bbox 1329 2710 1453 2749; x_wconf 90' lang='lat' dir='ltr'>eum</span> <span class='ocrx_word' id='word_1_222' title='bbox 1502 2692 1742 2747; x_wconf 85' lang='lat' dir='ltr'>tradidit.</span> <span class='ocrx_word' id='word_1_223' title='bbox 1800 2692 1898 2746; x_wconf 85' lang='lat' dir='ltr'>Ju-</span> 
     </span>
    </p>
   </div>
   <div class='ocr_carea' id='block_1_30' title="bbox 302 2792 1901 2871">
    <p class='ocr_par' dir='ltr' id='par_1_30' title="bbox 302 2792 1901 2871">
     <span class='ocr_line' id='line_1_30' title="bbox 302 2792 1901 2871; baseline -0.009 -11"><span class='ocrx_word' id='word_1_224' title='bbox 302 2804 402 2859; x_wconf 91' lang='lat' dir='ltr'>das</span> <span class='ocrx_word' id='word_1_225' title='bbox 431 2802 575 2858; x_wconf 90' lang='lat' dir='ltr'>enim</span> <span class='ocrx_word' id='word_1_226' title='bbox 607 2799 833 2871; x_wconf 87' lang='lat' dir='ltr'>cupidus</span> <span class='ocrx_word' id='word_1_227' title='bbox 862 2804 977 2853; x_wconf 89' lang='lat' dir='ltr'>erat</span> <span class='ocrx_word' id='word_1_228' title='bbox 1004 2804 1059 2851; x_wconf 89' lang='lat' dir='ltr'>et</span> <span class='ocrx_word' id='word_1_229' title='bbox 1086 2796 1173 2851; x_wconf 87' lang='lat' dir='ltr'>fur</span> <span class='ocrx_word' id='word_1_230' title='bbox 1209 2803 1263 2850; x_wconf 91' lang='lat' dir='ltr'>et</span> <span class='ocrx_word' id='word_1_231' title='bbox 1308 2794 1513 2850; x_wconf 87' lang='lat' dir='ltr'>loculos</span> <span class='ocrx_word' id='word_1_232' title='bbox 1561 2792 1785 2859; x_wconf 87' lang='lat' dir='ltr'>habens,</span> <span class='ocrx_word' id='word_1_233' title='bbox 1835 2806 1901 2846; x_wconf 91' lang='lat' dir='ltr'>ea</span> 
     </span>
    </p>
   </div>
   <div class='ocr_carea' id='block_1_31' title="bbox 301 2880 1903 2964">
    <p class='ocr_par' dir='ltr' id='par_1_31' title="bbox 301 2880 1903 2964">
     <span class='ocr_line' id='line_1_31' title="bbox 301 2880 1903 2964; baseline -0.009 -15"><span class='ocrx_word' id='word_1_234' title='bbox 301 2909 424 2964; x_wconf 68' lang='lat' dir='ltr'>qua:</span> <span class='ocrx_word' id='word_1_235' title='bbox 452 2891 801 2947; x_wconf 89' lang='lat' dir='ltr'>mittebantur</span> <span class='ocrx_word' id='word_1_236' title='bbox 846 2887 1096 2960; x_wconf 88' lang='lat' dir='ltr'>portabat</span> <span class='ocrx_word' id='word_1_237' title='bbox 1140 2887 1329 2954; x_wconf 83' lang='lat' dir='ltr'>(Joan.</span> <span class='ocrx_word' id='word_1_238' title='bbox 1385 2884 1510 2955; x_wconf 81' lang='lat' dir='ltr'>xu).</span> <span class='ocrx_word' id='word_1_239' title='bbox 1562 2884 1665 2937; x_wconf 91' lang='lat' dir='ltr'>Iste</span> <span class='ocrx_word' id='word_1_240' title='bbox 1711 2880 1903 2938; x_wconf 87' lang='lat' dir='ltr'>videns</span> 
     </span>
    </p>
   </div>
   <div class='ocr_carea' id='block_1_32' title="bbox 300 2968 1902 3052">
    <p class='ocr_par' dir='ltr' id='par_1_32' title="bbox 300 2968 1902 3052">
     <span class='ocr_line' id='line_1_32' title="bbox 300 2968 1902 3052; baseline -0.009 -14"><span class='ocrx_word' id='word_1_241' title='bbox 300 2982 525 3039; x_wconf 81' lang='lat' dir='ltr'>Mariam</span> <span class='ocrx_word' id='word_1_242' title='bbox 558 2986 892 3052; x_wconf 87' lang='lat' dir='ltr'>unguentum</span> <span class='ocrx_word' id='word_1_243' title='bbox 923 2976 1218 3048; x_wconf 87' lang='lat' dir='ltr'>pretiosum</span> <span class='ocrx_word' id='word_1_244' title='bbox 1263 2988 1424 3044; x_wconf 88' lang='lat' dir='ltr'>super</span> <span class='ocrx_word' id='word_1_245' title='bbox 1469 2979 1629 3043; x_wconf 91' lang='lat' dir='ltr'>caput</span> <span class='ocrx_word' id='word_1_246' title='bbox 1680 2968 1902 3025; x_wconf 91' lang='lat' dir='ltr'>Domini</span> 
     </span>
    </p>
   </div>
   <div class='ocr_carea' id='block_1_33' title="bbox 302 3067 1979 3153">
    <p class='ocr_par' dir='ltr' id='par_1_33' title="bbox 302 3067 1979 3153">
     <span class='ocr_line' id='line_1_33' title="bbox 302 3067 1979 3153; baseline -0.01 -17"><span class='ocrx_word' id='word_1_247' title='bbox 302 3079 525 3146; x_wconf 87' lang='lat' dir='ltr'>fudisse,</span> <span class='ocrx_word' id='word_1_248' title='bbox 557 3078 666 3133; x_wconf 90' lang='lat' dir='ltr'>ait:</span> <span class='ocrx_word' id='word_1_249' title='bbox 700 3078 771 3133; x_wconf 91' lang='lat' dir='ltr'>Ut</span> <span class='ocrx_word' id='word_1_250' title='bbox 788 3076 916 3146; x_wconf 93' lang='lat' dir='ltr'>quid</span> <span class='ocrx_word' id='word_1_251' title='bbox 934 3073 1162 3146; x_wconf 89' lang='lat' dir='ltr'>perditio</span> <span class='ocrx_word' id='word_1_252' title='bbox 1181 3074 1299 3127; x_wconf 72' lang='lat' dir='ltr'>haec</span> <span class='ocrx_word' id='word_1_253' title='bbox 1317 3072 1346 3124; x_wconf 84' lang='lat'><strong>?</strong></span> <span class='ocrx_word' id='word_1_254' title='bbox 1368 3070 1544 3125; x_wconf 90' lang='lat' dir='ltr'>Potuit</span> <span class='ocrx_word' id='word_1_255' title='bbox 1578 3068 1724 3124; x_wconf 90' lang='lat' dir='ltr'>enim</span> <span class='ocrx_word' id='word_1_256' title='bbox 1756 3067 1899 3123; x_wconf 90' lang='lat' dir='ltr'>istud</span> <span class='ocrx_word' id='word_1_257' title='bbox 1928 3088 1979 3153; x_wconf 68' lang='grc' dir='ltr'>α</span> 
     </span>
    </p>
   </div>
   <div class='ocr_carea' id='block_1_34' title="bbox 299 3157 1886 3234">
    <p class='ocr_par' dir='ltr' id='par_1_34' title="bbox 299 3157 1886 3234">
     <span class='ocr_line' id='line_1_34' title="bbox 299 3157 1886 3234; baseline -0.011 -8"><span class='ocrx_word' id='word_1_258' title='bbox 299 3167 598 3226; x_wconf 88' lang='lat' dir='ltr'>venundari</span> <span class='ocrx_word' id='word_1_259' title='bbox 627 3166 798 3221; x_wconf 91' lang='lat' dir='ltr'>multo</span> <span class='ocrx_word' id='word_1_260' title='bbox 828 3172 881 3219; x_wconf 92' lang='lat' dir='ltr'>et</span> <span class='ocrx_word' id='word_1_261' title='bbox 908 3163 1023 3218; x_wconf 89' lang='lat' dir='ltr'>dari</span> <span class='ocrx_word' id='word_1_262' title='bbox 1054 3160 1420 3234; x_wconf 89' lang='lat' dir='ltr'>pauperibus(</span> <span class='ocrx_word' id='word_1_263' title='bbox 1454 3157 1651 3215; x_wconf 81' lang='lat' dir='ltr'>Matth.</span> <span class='ocrx_word' id='word_1_264' title='bbox 1702 3157 1886 3225; x_wconf 72' lang='lat' dir='ltr'>xxvn).</span> 
     </span>
    </p>
   </div>
   <div class='ocr_carea' id='block_1_35' title="bbox 300 3246 1902 3329">
    <p class='ocr_par' dir='ltr' id='par_1_35' title="bbox 300 3246 1902 3329">
     <span class='ocr_line' id='line_1_35' title="bbox 300 3246 1902 3329; baseline -0.009 -15"><span class='ocrx_word' id='word_1_265' title='bbox 300 3261 487 3329; x_wconf 86' lang='lat' dir='ltr'>Itaque</span> <span class='ocrx_word' id='word_1_266' title='bbox 543 3255 676 3312; x_wconf 89' lang='lat' dir='ltr'>abiit</span> <span class='ocrx_word' id='word_1_267' title='bbox 729 3254 797 3310; x_wconf 90' lang='lat' dir='ltr'>ad</span> <span class='ocrx_word' id='word_1_268' title='bbox 861 3267 1105 3308; x_wconf 87' lang='lat' dir='ltr'>summos</span> <span class='ocrx_word' id='word_1_269' title='bbox 1158 3249 1480 3316; x_wconf 83' lang='lat' dir='ltr'>sacerdotes,</span> <span class='ocrx_word' id='word_1_270' title='bbox 1540 3256 1598 3302; x_wconf 91' lang='lat' dir='ltr'>ut</span> <span class='ocrx_word' id='word_1_271' title='bbox 1650 3246 1902 3319; x_wconf 87' lang='lat' dir='ltr'>proderet</span> 
     </span>
    </p>
   </div>
   <div class='ocr_carea' id='block_1_36' title="bbox 299 3342 1902 3411">
    <p class='ocr_par' dir='ltr' id='par_1_36' title="bbox 299 3342 1902 3411">
     <span class='ocr_line' id='line_1_36' title="bbox 299 3342 1902 3411; baseline -0.008 -1"><span class='ocrx_word' id='word_1_272' title='bbox 299 3369 446 3411; x_wconf 87' lang='lat' dir='ltr'>eum.</span> <span class='ocrx_word' id='word_1_273' title='bbox 479 3353 682 3408; x_wconf 74' lang='lat' dir='ltr'>Infelix</span> <span class='ocrx_word' id='word_1_274' title='bbox 710 3350 874 3406; x_wconf 84' lang='lat' dir='ltr'>Judas</span> <span class='ocrx_word' id='word_1_275' title='bbox 898 3352 1199 3405; x_wconf 88' lang='lat' dir='ltr'>lDamnum</span> <span class='ocrx_word' id='word_1_276' title='bbox 1229 3346 1486 3402; x_wconf 88' lang='lat' dir='ltr'>credebat</span> <span class='ocrx_word' id='word_1_277' title='bbox 1512 3362 1569 3399; x_wconf 91' lang='lat' dir='ltr'>se</span> <span class='ocrx_word' id='word_1_278' title='bbox 1598 3345 1798 3400; x_wconf 89' lang='lat' dir='ltr'>habere</span> <span class='ocrx_word' id='word_1_279' title='bbox 1845 3342 1902 3396; x_wconf 90' lang='lat' dir='ltr'>in</span> 
     </span>
    </p>
   </div>
   <div class='ocr_carea' id='block_1_37' title="bbox 300 3432 1900 3514">
    <p class='ocr_par' dir='ltr' id='par_1_37' title="bbox 300 3432 1900 3514">
     <span class='ocr_line' id='line_1_37' title="bbox 300 3432 1900 3514; baseline -0.009 -13"><span class='ocrx_word' id='word_1_280' title='bbox 300 3443 560 3502; x_wconf 78' lang='lat' dir='ltr'>effusione</span> <span class='ocrx_word' id='word_1_281' title='bbox 599 3439 859 3514; x_wconf 86' lang='lat' dir='ltr'>unguenti</span> <span class='ocrx_word' id='word_1_282' title='bbox 893 3458 904 3495; x_wconf 91' lang='lat'>:</span> <span class='ocrx_word' id='word_1_283' title='bbox 950 3439 1228 3507; x_wconf 89' lang='lat' dir='ltr'>voluitque</span> <span class='ocrx_word' id='word_1_284' title='bbox 1271 3449 1685 3504; x_wconf 87' lang='lat' dir='ltr'>recompensare</span> <span class='ocrx_word' id='word_1_285' title='bbox 1729 3432 1900 3504; x_wconf 89' lang='lat' dir='ltr'>pretio</span> 
     </span>
    </p>
   </div>
   <div class='ocr_carea' id='block_1_38' title="bbox 300 3521 1899 3605">
    <p class='ocr_par' dir='ltr' id='par_1_38' title="bbox 300 3521 1899 3605">
     <span class='ocr_line' id='line_1_38' title="bbox 300 3521 1899 3605; baseline -0.009 -16"><span class='ocrx_word' id='word_1_286' title='bbox 300 3531 565 3605; x_wconf 86' lang='lat' dir='ltr'>magistri.</span> <span class='ocrx_word' id='word_1_287' title='bbox 608 3530 716 3587; x_wconf 87' lang='lat' dir='ltr'>Sed</span> <span class='ocrx_word' id='word_1_288' title='bbox 753 3544 875 3585; x_wconf 90' lang='lat' dir='ltr'>cum</span> <span class='ocrx_word' id='word_1_289' title='bbox 914 3542 1124 3583; x_wconf 88' lang='lat' dir='ltr'>summa</span> <span class='ocrx_word' id='word_1_290' title='bbox 1162 3524 1533 3581; x_wconf 87' lang='lat' dir='ltr'>misericordia</span> <span class='ocrx_word' id='word_1_291' title='bbox 1579 3521 1899 3593; x_wconf 90' lang='lat' dir='ltr'>discipulum</span> 
     </span>
    </p>
   </div>
   <div class='ocr_carea' id='block_1_39' title="bbox 301 3620 1903 3697">
    <p class='ocr_par' dir='ltr' id='par_1_39' title="bbox 301 3620 1903 3697">
     <span class='ocr_line' id='line_1_39' title="bbox 301 3620 1903 3697; baseline -0.009 -9"><span class='ocrx_word' id='word_1_292' title='bbox 301 3638 570 3688; x_wconf 85' lang='lat' dir='ltr'>errantem</span> <span class='ocrx_word' id='word_1_293' title='bbox 596 3629 758 3685; x_wconf 86' lang='lat' dir='ltr'>vellet</span> <span class='ocrx_word' id='word_1_294' title='bbox 787 3625 1076 3697; x_wconf 89' lang='lat' dir='ltr'>corripere,</span> <span class='ocrx_word' id='word_1_295' title='bbox 1125 3624 1340 3680; x_wconf 88' lang='lat' dir='ltr'>dicebat</span> <span class='ocrx_word' id='word_1_296' title='bbox 1389 3642 1402 3677; x_wconf 88' lang='lat'><strong>:</strong></span> <span class='ocrx_word' id='word_1_297' title='bbox 1459 3643 1480 3671; x_wconf 78' lang='grc' dir='ltr'>(ι</span> <span class='ocrx_word' id='word_1_298' title='bbox 1535 3620 1639 3690; x_wconf 87' lang='lat' dir='ltr'>Qui</span> <span class='ocrx_word' id='word_1_299' title='bbox 1686 3620 1903 3691; x_wconf 90' lang='lat' dir='ltr'>intingit</span> 
     </span>
    </p>
   </div>
   <div class='ocr_carea' id='block_1_40' title="bbox 299 3710 1903 3785">
    <p class='ocr_par' dir='ltr' id='par_1_40' title="bbox 299 3710 1903 3785">
     <span class='ocr_line' id='line_1_40' title="bbox 299 3710 1903 3785; baseline -0.009 -8"><span class='ocrx_word' id='word_1_300' title='bbox 299 3737 515 3777; x_wconf 86' lang='lat' dir='ltr'>mecum</span> <span class='ocrx_word' id='word_1_301' title='bbox 543 3734 765 3774; x_wconf 90' lang='lat' dir='ltr'>manum</span> <span class='ocrx_word' id='word_1_302' title='bbox 796 3716 849 3770; x_wconf 90' lang='lat' dir='ltr'>in</span> <span class='ocrx_word' id='word_1_303' title='bbox 878 3714 1190 3785; x_wconf 89' lang='lat' dir='ltr'>paropside,</span> <span class='ocrx_word' id='word_1_304' title='bbox 1225 3712 1311 3767; x_wconf 90' lang='lat' dir='ltr'>hic</span> <span class='ocrx_word' id='word_1_305' title='bbox 1358 3727 1444 3766; x_wconf 92' lang='lat' dir='ltr'>me</span> <span class='ocrx_word' id='word_1_306' title='bbox 1498 3710 1783 3765; x_wconf 87' lang='lat' dir='ltr'>traditurus</span> <span class='ocrx_word' id='word_1_307' title='bbox 1824 3715 1903 3763; x_wconf 90' lang='lat' dir='ltr'>est</span> 
     </span>
    </p>
   </div>
   <div class='ocr_carea' id='block_1_41' title="bbox 303 3797 1902 3883">
    <p class='ocr_par' dir='ltr' id='par_1_41' title="bbox 303 3797 1902 3883">
     <span class='ocr_line' id='line_1_41' title="bbox 303 3797 1902 3883; baseline -0.01 -15"><span class='ocrx_word' id='word_1_308' title='bbox 303 3810 511 3883; x_wconf 58' lang='lat' dir='ltr'>(ibiut),</span> <span class='ocrx_word' id='word_1_309' title='bbox 539 3831 561 3859; x_wconf 75' lang='grc' dir='ltr'><strong>ι)</strong></span> <span class='ocrx_word' id='word_1_310' title='bbox 586 3816 644 3862; x_wconf 92' lang='lat' dir='ltr'>ut</span> <span class='ocrx_word' id='word_1_311' title='bbox 662 3822 783 3863; x_wconf 91' lang='lat' dir='ltr'>cum</span> <span class='ocrx_word' id='word_1_312' title='bbox 812 3804 992 3870; x_wconf 88' lang='lat' dir='ltr'>sciret,</span> <span class='ocrx_word' id='word_1_313' title='bbox 1015 3820 1138 3863; x_wconf 89' lang='lat' dir='ltr'>eum</span> <span class='ocrx_word' id='word_1_314' title='bbox 1176 3816 1507 3875; x_wconf 84' lang='lat' dir='ltr'>cognoscere</span> <span class='ocrx_word' id='word_1_315' title='bbox 1547 3797 1902 3871; x_wconf 86' lang='lat' dir='ltr'>cogitationes</span> 
     </span>
    </p>
   </div>
   <div class='ocr_carea' id='block_1_42' title="bbox 301 3897 1899 3979">
    <p class='ocr_par' dir='ltr' id='par_1_42' title="bbox 301 3897 1899 3979">
     <span class='ocr_line' id='line_1_42' title="bbox 301 3897 1899 3979; baseline -0.01 -14"><span class='ocrx_word' id='word_1_316' title='bbox 301 3926 446 3978; x_wconf 84' lang='lat' dir='ltr'>suas,</span> <span class='ocrx_word' id='word_1_317' title='bbox 469 3907 770 3979; x_wconf 65' lang='lat' dir='ltr'>peniteret.</span> <span class='ocrx_word' id='word_1_318' title='bbox 794 3903 926 3958; x_wconf 83' lang='lat' dir='ltr'>Aliis</span> <span class='ocrx_word' id='word_1_319' title='bbox 946 3910 1124 3957; x_wconf 89' lang='lat' dir='ltr'>autem</span> <span class='ocrx_word' id='word_1_320' title='bbox 1163 3917 1355 3956; x_wconf 88' lang='lat' dir='ltr'>manus</span> <span class='ocrx_word' id='word_1_321' title='bbox 1382 3897 1773 3954; x_wconf 89' lang='lat' dir='ltr'>retrahentibus</span> <span class='ocrx_word' id='word_1_322' title='bbox 1800 3897 1899 3950; x_wconf 91' lang='lat' dir='ltr'>Ju-</span> 
     </span>
    </p>
   </div>
   <div class='ocr_carea' id='block_1_43' title="bbox 302 3986 1901 4067">
    <p class='ocr_par' dir='ltr' id='par_1_43' title="bbox 302 3986 1901 4067">
     <span class='ocr_line' id='line_1_43' title="bbox 302 3986 1901 4067; baseline -0.009 -14"><span class='ocrx_word' id='word_1_323' title='bbox 302 3998 401 4054; x_wconf 89' lang='lat' dir='ltr'>das</span> <span class='ocrx_word' id='word_1_324' title='bbox 429 3994 782 4067; x_wconf 89' lang='lat' dir='ltr'>impudentia,</span> <span class='ocrx_word' id='word_1_325' title='bbox 816 4008 920 4062; x_wconf 91' lang='lat' dir='ltr'>qua</span> <span class='ocrx_word' id='word_1_326' title='bbox 950 3991 1256 4061; x_wconf 88' lang='lat' dir='ltr'>proditurus</span> <span class='ocrx_word' id='word_1_327' title='bbox 1276 3995 1388 4044; x_wconf 91' lang='lat' dir='ltr'>erat</span> <span class='ocrx_word' id='word_1_328' title='bbox 1416 3986 1726 4052; x_wconf 89' lang='lat' dir='ltr'>Dominum,</span> <span class='ocrx_word' id='word_1_329' title='bbox 1776 4001 1901 4040; x_wconf 91' lang='lat' dir='ltr'>ma-</span> 
     </span>
    </p>
   </div>
   <div class='ocr_carea' id='block_1_44' title="bbox 303 4074 1902 4155">
    <p class='ocr_par' dir='ltr' id='par_1_44' title="bbox 303 4074 1902 4155">
     <span class='ocr_line' id='line_1_44' title="bbox 303 4074 1902 4155; baseline -0.009 -12"><span class='ocrx_word' id='word_1_330' title='bbox 303 4102 433 4143; x_wconf 90' lang='lat' dir='ltr'>num</span> <span class='ocrx_word' id='word_1_331' title='bbox 464 4100 586 4141; x_wconf 89' lang='lat' dir='ltr'>cum</span> <span class='ocrx_word' id='word_1_332' title='bbox 616 4082 872 4155; x_wconf 87' lang='lat' dir='ltr'>Magistro</span> <span class='ocrx_word' id='word_1_333' title='bbox 926 4080 981 4134; x_wconf 91' lang='lat' dir='ltr'>in</span> <span class='ocrx_word' id='word_1_334' title='bbox 1037 4079 1274 4135; x_wconf 86' lang='lat' dir='ltr'>catinum</span> <span class='ocrx_word' id='word_1_335' title='bbox 1332 4076 1501 4142; x_wconf 87' lang='lat' dir='ltr'>misit,</span> <span class='ocrx_word' id='word_1_336' title='bbox 1558 4083 1617 4130; x_wconf 91' lang='lat' dir='ltr'>ut</span> <span class='ocrx_word' id='word_1_337' title='bbox 1678 4074 1902 4130; x_wconf 84' lang='lat' dir='ltr'>audacia</span> 
     </span>
    </p>
   </div>
   <div class='ocr_carea' id='block_1_45' title="bbox 303 4172 1900 4241">
    <p class='ocr_par' dir='ltr' id='par_1_45' title="bbox 303 4172 1900 4241">
     <span class='ocr_line' id='line_1_45' title="bbox 303 4172 1900 4241; baseline -0.01 0"><span class='ocrx_word' id='word_1_338' title='bbox 303 4201 401 4241; x_wconf 90' lang='lat' dir='ltr'>sua</span> <span class='ocrx_word' id='word_1_339' title='bbox 437 4184 637 4239; x_wconf 90' lang='lat' dir='ltr'>bonam</span> <span class='ocrx_word' id='word_1_340' title='bbox 686 4177 1069 4235; x_wconf 87' lang='lat' dir='ltr'>conscientiam</span> <span class='ocrx_word' id='word_1_341' title='bbox 1124 4176 1399 4231; x_wconf 90' lang='lat' dir='ltr'>mentiret.</span> <span class='ocrx_word' id='word_1_342' title='bbox 1476 4174 1543 4228; x_wconf 87' lang='lat' dir='ltr'>Et</span> <span class='ocrx_word' id='word_1_343' title='bbox 1604 4190 1727 4227; x_wconf 90' lang='lat' dir='ltr'>cum</span> <span class='ocrx_word' id='word_1_344' title='bbox 1782 4172 1900 4227; x_wconf 89' lang='lat' dir='ltr'>Do-</span> 
     </span>
    </p>
   </div>
   <div class='ocr_carea' id='block_1_46' title="bbox 302 4261 1892 4333">
    <p class='ocr_par' dir='ltr' id='par_1_46' title="bbox 302 4261 1892 4333">
     <span class='ocr_line' id='line_1_46' title="bbox 302 4261 1892 4333; baseline -0.013 -4"><span class='ocrx_word' id='word_1_345' title='bbox 302 4274 481 4329; x_wconf 89' lang='lat' dir='ltr'>minus</span> <span class='ocrx_word' id='word_1_346' title='bbox 511 4270 745 4326; x_wconf 89' lang='lat' dir='ltr'>diceret:</span> <span class='ocrx_word' id='word_1_347' title='bbox 788 4268 982 4324; x_wconf 87' lang='lat' dir='ltr'>«Unus</span> <span class='ocrx_word' id='word_1_348' title='bbox 1002 4282 1069 4320; x_wconf 86' lang='lat' dir='ltr'>ex</span> <span class='ocrx_word' id='word_1_349' title='bbox 1089 4265 1244 4320; x_wconf 91' lang='lat' dir='ltr'>vobis</span> <span class='ocrx_word' id='word_1_350' title='bbox 1275 4263 1445 4318; x_wconf 88' lang='lat' dir='ltr'>tradet</span> <span class='ocrx_word' id='word_1_351' title='bbox 1475 4279 1561 4316; x_wconf 91' lang='lat' dir='ltr'>me</span> <span class='ocrx_word' id='word_1_352' title='bbox 1605 4261 1785 4333; x_wconf 83' lang='lat' dir='ltr'>(ibid.)</span> <span class='ocrx_word' id='word_1_353' title='bbox 1821 4275 1833 4329; x_wconf 92' lang='lat'><strong>;</strong></span> <span class='ocrx_word' id='word_1_354' title='bbox 1871 4282 1892 4309; x_wconf 82' lang='grc' dir='ltr'><strong>υ</strong></span> 
     </span>
    </p>
   </div>
   <div class='ocr_carea' id='block_1_47' title="bbox 303 4349 1900 4425">
    <p class='ocr_par' dir='ltr' id='par_1_47' title="bbox 303 4349 1900 4425">
     <span class='ocr_line' id='line_1_47' title="bbox 303 4349 1900 4425; baseline -0.011 -5"><span class='ocrx_word' id='word_1_355' title='bbox 303 4372 357 4420; x_wconf 89' lang='lat' dir='ltr'>et</span> <span class='ocrx_word' id='word_1_356' title='bbox 376 4361 470 4418; x_wconf 91' lang='lat' dir='ltr'>alii</span> <span class='ocrx_word' id='word_1_357' title='bbox 489 4360 728 4415; x_wconf 88' lang='lat' dir='ltr'>dicerent</span> <span class='ocrx_word' id='word_1_358' title='bbox 753 4376 764 4412; x_wconf 92' lang='lat'>:</span> <span class='ocrx_word' id='word_1_359' title='bbox 796 4380 817 4405; x_wconf 84' lang='lat'><strong>«</strong></span> <span class='ocrx_word' id='word_1_360' title='bbox 842 4354 1099 4425; x_wconf 88' lang='lat' dir='ltr'>Nunquid</span> <span class='ocrx_word' id='word_1_361' title='bbox 1120 4368 1223 4425; x_wconf 88' lang='lat' dir='ltr'>ego</span> <span class='ocrx_word' id='word_1_362' title='bbox 1243 4369 1360 4406; x_wconf 89' lang='lat' dir='ltr'>sum</span> <span class='ocrx_word' id='word_1_363' title='bbox 1381 4350 1648 4405; x_wconf 83' lang='lat' dir='ltr'>Domine?</span> <span class='ocrx_word' id='word_1_364' title='bbox 1675 4372 1696 4398; x_wconf 86' lang='lat'><strong>»</strong></span> <span class='ocrx_word' id='word_1_365' title='bbox 1716 4349 1900 4419; x_wconf 79' lang='lat' dir='ltr'>(ibid.)</span> 
     </span>
    </p>
   </div>
   <div class='ocr_carea' id='block_1_48' title="bbox 1995 470 3585 540">
    <p class='ocr_par' dir='ltr' id='par_1_48' title="bbox 1995 470 3585 540">
     <span class='ocr_line' id='line_1_48' title="bbox 1995 470 3585 540; baseline 0.005 -17"><span class='ocrx_word' id='word_1_366' title='bbox 1995 475 2093 536; x_wconf 90' lang='lat' dir='ltr'>est,</span> <span class='ocrx_word' id='word_1_367' title='bbox 2126 476 2180 523; x_wconf 87' lang='lat' dir='ltr'>et</span> <span class='ocrx_word' id='word_1_368' title='bbox 2199 478 2413 524; x_wconf 86' lang='lat' dir='ltr'>crucem</span> <span class='ocrx_word' id='word_1_369' title='bbox 2442 483 2594 523; x_wconf 92' lang='lat' dir='ltr'>suam</span> <span class='ocrx_word' id='word_1_370' title='bbox 2623 470 2858 540; x_wconf 87' lang='lat' dir='ltr'>portavit</span> <span class='ocrx_word' id='word_1_371' title='bbox 2902 479 2955 526; x_wconf 92' lang='lat' dir='ltr'>et</span> <span class='ocrx_word' id='word_1_372' title='bbox 2996 471 3134 527; x_wconf 87' lang='lat' dir='ltr'>inter</span> <span class='ocrx_word' id='word_1_373' title='bbox 3178 473 3412 530; x_wconf 86' lang='lat' dir='ltr'>latrones</span> <span class='ocrx_word' id='word_1_374' title='bbox 3457 490 3585 531; x_wconf 91' lang='lat' dir='ltr'>cru-</span> 
     </span>
    </p>
   </div>
   <div class='ocr_carea' id='block_1_49' title="bbox 1993 555 3582 634">
    <p class='ocr_par' dir='ltr' id='par_1_49' title="bbox 1993 555 3582 634">
     <span class='ocr_line' id='line_1_49' title="bbox 1993 555 3582 634; baseline 0.005 -23"><span class='ocrx_word' id='word_1_375' title='bbox 1993 555 2183 613; x_wconf 85' lang='lat' dir='ltr'>ciﬁxus</span> <span class='ocrx_word' id='word_1_376' title='bbox 2211 564 2291 613; x_wconf 89' lang='lat' dir='ltr'>est</span> <span class='ocrx_word' id='word_1_377' title='bbox 2317 557 2373 613; x_wconf 92' lang='lat' dir='ltr'>in</span> <span class='ocrx_word' id='word_1_378' title='bbox 2402 557 2521 613; x_wconf 91' lang='lat' dir='ltr'>loco</span> <span class='ocrx_word' id='word_1_379' title='bbox 2548 558 2828 626; x_wconf 67' lang='lat' dir='ltr'>Calvariee,</span> <span class='ocrx_word' id='word_1_380' title='bbox 2861 566 2915 615; x_wconf 91' lang='lat' dir='ltr'>et</span> <span class='ocrx_word' id='word_1_381' title='bbox 2941 560 3034 616; x_wconf 90' lang='lat' dir='ltr'>ubi</span> <span class='ocrx_word' id='word_1_382' title='bbox 3060 560 3141 616; x_wconf 89' lang='lat' dir='ltr'>rei</span> <span class='ocrx_word' id='word_1_383' title='bbox 3160 559 3582 634; x_wconf 88' lang='lat' dir='ltr'>decollabantur,</span> 
     </span>
    </p>
   </div>
   <div class='ocr_carea' id='block_1_50' title="bbox 1994 645 3587 719">
    <p class='ocr_par' dir='ltr' id='par_1_50' title="bbox 1994 645 3587 719">
     <span class='ocr_line' id='line_1_50' title="bbox 1994 645 3587 719; baseline 0.006 -19"><span class='ocrx_word' id='word_1_384' title='bbox 1994 645 2304 701; x_wconf 85' lang='lat' dir='ltr'>interfectus</span> <span class='ocrx_word' id='word_1_385' title='bbox 2331 653 2428 701; x_wconf 91' lang='lat' dir='ltr'>est.</span> <span class='ocrx_word' id='word_1_386' title='bbox 2462 646 2569 701; x_wconf 91' lang='lat' dir='ltr'>Sed</span> <span class='ocrx_word' id='word_1_387' title='bbox 2598 663 2722 702; x_wconf 92' lang='lat' dir='ltr'>cum</span> <span class='ocrx_word' id='word_1_388' title='bbox 2751 664 2918 719; x_wconf 89' lang='lat' dir='ltr'>prava</span> <span class='ocrx_word' id='word_1_389' title='bbox 2946 648 3241 706; x_wconf 88' lang='lat' dir='ltr'>intentione</span> <span class='ocrx_word' id='word_1_390' title='bbox 3268 653 3386 707; x_wconf 67' lang='lat' dir='ltr'>haec</span> <span class='ocrx_word' id='word_1_391' title='bbox 3428 652 3587 709; x_wconf 83' lang='lat' dir='ltr'>fecis-</span> 
     </span>
    </p>
   </div>
   <div class='ocr_carea' id='block_1_51' title="bbox 1993 741 3589 819">
    <p class='ocr_par' dir='ltr' id='par_1_51' title="bbox 1993 741 3589 819">
     <span class='ocr_line' id='line_1_51' title="bbox 1993 741 3589 819; baseline 0.006 -22"><span class='ocrx_word' id='word_1_392' title='bbox 1993 747 2114 797; x_wconf 90' lang='lat' dir='ltr'>sent</span> <span class='ocrx_word' id='word_1_393' title='bbox 2138 741 2327 809; x_wconf 76' lang='lat' dir='ltr'>Judaei,</span> <span class='ocrx_word' id='word_1_394' title='bbox 2359 741 2481 813; x_wconf 91' lang='lat' dir='ltr'>pius</span> <span class='ocrx_word' id='word_1_395' title='bbox 2507 744 2769 799; x_wconf 88' lang='lat' dir='ltr'>Dominus</span> <span class='ocrx_word' id='word_1_396' title='bbox 2799 762 3001 819; x_wconf 89' lang='lat' dir='ltr'>magna</span> <span class='ocrx_word' id='word_1_397' title='bbox 3040 747 3435 819; x_wconf 87' lang='lat' dir='ltr'>dispensatione</span> <span class='ocrx_word' id='word_1_398' title='bbox 3473 753 3589 817; x_wconf 70' lang='lat' dir='ltr'>haec</span> 
     </span>
    </p>
   </div>
   <div class='ocr_carea' id='block_1_52' title="bbox 1997 828 3587 911">
    <p class='ocr_par' dir='ltr' id='par_1_52' title="bbox 1997 828 3587 911">
     <span class='ocr_line' id='line_1_52' title="bbox 1997 828 3587 911; baseline 0.007 -26"><span class='ocrx_word' id='word_1_399' title='bbox 1997 830 2096 885; x_wconf 89' lang='lat' dir='ltr'>tria</span> <span class='ocrx_word' id='word_1_400' title='bbox 2129 828 2270 886; x_wconf 90' lang='lat' dir='ltr'>ﬁerit</span> <span class='ocrx_word' id='word_1_401' title='bbox 2295 830 2466 888; x_wconf 91' lang='lat' dir='ltr'>voluit</span> <span class='ocrx_word' id='word_1_402' title='bbox 2498 851 2510 886; x_wconf 88' lang='lat'><strong>:</strong></span> <span class='ocrx_word' id='word_1_403' title='bbox 2543 848 2651 888; x_wconf 92' lang='lat' dir='ltr'>non</span> <span class='ocrx_word' id='word_1_404' title='bbox 2696 834 2870 889; x_wconf 90' lang='lat' dir='ltr'>solum</span> <span class='ocrx_word' id='word_1_405' title='bbox 2925 836 3068 890; x_wconf 90' lang='lat' dir='ltr'>enim</span> <span class='ocrx_word' id='word_1_406' title='bbox 3124 837 3181 892; x_wconf 91' lang='lat' dir='ltr'>in</span> <span class='ocrx_word' id='word_1_407' title='bbox 3230 839 3336 893; x_wconf 89' lang='lat' dir='ltr'>hoc</span> <span class='ocrx_word' id='word_1_408' title='bbox 3387 855 3587 911; x_wconf 87' lang='lat' dir='ltr'>genere</span> 
     </span>
    </p>
   </div>
   <div class='ocr_carea' id='block_1_53' title="bbox 1994 919 3586 997">
    <p class='ocr_par' dir='ltr' id='par_1_53' title="bbox 1994 919 3586 997">
     <span class='ocr_line' id='line_1_53' title="bbox 1994 919 3586 997; baseline 0.008 -24"><span class='ocrx_word' id='word_1_409' title='bbox 1994 919 2182 975; x_wconf 86' lang='lat' dir='ltr'>mortis</span> <span class='ocrx_word' id='word_1_410' title='bbox 2236 920 2405 975; x_wconf 86' lang='lat' dir='ltr'>voluit</span> <span class='ocrx_word' id='word_1_411' title='bbox 2461 919 2590 976; x_wconf 90' lang='lat' dir='ltr'>dare</span> <span class='ocrx_word' id='word_1_412' title='bbox 2644 922 3072 995; x_wconf 89' lang='lat' dir='ltr'>redemptionem</span> <span class='ocrx_word' id='word_1_413' title='bbox 3120 926 3450 997; x_wconf 88' lang='lat' dir='ltr'>hominibus,</span> <span class='ocrx_word' id='word_1_414' title='bbox 3491 928 3586 985; x_wconf 91' lang='lat' dir='ltr'>sed</span> 
     </span>
    </p>
   </div>
   <div class='ocr_carea' id='block_1_54' title="bbox 1994 1016 3591 1082">
    <p class='ocr_par' dir='ltr' id='par_1_54' title="bbox 1994 1016 3591 1082">
     <span class='ocr_line' id='line_1_54' title="bbox 1994 1016 3591 1082; baseline 0.008 -12"><span class='ocrx_word' id='word_1_415' title='bbox 1994 1016 2155 1072; x_wconf 90' lang='lat' dir='ltr'>etiam</span> <span class='ocrx_word' id='word_1_416' title='bbox 2195 1017 2362 1073; x_wconf 89' lang='lat' dir='ltr'>vitam</span> <span class='ocrx_word' id='word_1_417' title='bbox 2422 1026 2660 1074; x_wconf 88' lang='lat' dir='ltr'>nostram</span> <span class='ocrx_word' id='word_1_418' title='bbox 2714 1019 3026 1078; x_wconf 87' lang='lat' dir='ltr'>informare.</span> <span class='ocrx_word' id='word_1_419' title='bbox 3085 1023 3212 1080; x_wconf 88' lang='lat' dir='ltr'>Non</span> <span class='ocrx_word' id='word_1_420' title='bbox 3278 1027 3421 1080; x_wconf 91' lang='lat' dir='ltr'>enim</span> <span class='ocrx_word' id='word_1_421' title='bbox 3476 1026 3591 1082; x_wconf 84' lang='lat' dir='ltr'>sine</span> 
     </span>
    </p>
   </div>
   <div class='ocr_carea' id='block_1_55' title="bbox 1993 1107 3585 1183">
    <p class='ocr_par' dir='ltr' id='par_1_55' title="bbox 1993 1107 3585 1183">
     <span class='ocr_line' id='line_1_55' title="bbox 1993 1107 3585 1183; baseline 0.006 -20"><span class='ocrx_word' id='word_1_422' title='bbox 1993 1123 2155 1163; x_wconf 90' lang='lat' dir='ltr'>causa</span> <span class='ocrx_word' id='word_1_423' title='bbox 2180 1107 2354 1164; x_wconf 88' lang='lat' dir='ltr'>voluit</span> <span class='ocrx_word' id='word_1_424' title='bbox 2380 1108 2557 1179; x_wconf 90' lang='lat' dir='ltr'>potius</span> <span class='ocrx_word' id='word_1_425' title='bbox 2585 1108 2828 1182; x_wconf 85' lang='lat' dir='ltr'>cruciﬁgi</span> <span class='ocrx_word' id='word_1_426' title='bbox 2858 1128 3019 1181; x_wconf 87' lang='lat' dir='ltr'>quam</span> <span class='ocrx_word' id='word_1_427' title='bbox 3046 1113 3294 1183; x_wconf 88' lang='lat' dir='ltr'>lapidari,</span> <span class='ocrx_word' id='word_1_428' title='bbox 3344 1116 3430 1171; x_wconf 85' lang='lat' dir='ltr'>vel</span> <span class='ocrx_word' id='word_1_429' title='bbox 3479 1114 3585 1172; x_wconf 90' lang='lat' dir='ltr'>alio</span> 
     </span>
    </p>
   </div>
   <div class='ocr_carea' id='block_1_56' title="bbox 1992 1192 3590 1267">
    <p class='ocr_par' dir='ltr' id='par_1_56' title="bbox 1992 1192 3590 1267">
     <span class='ocr_line' id='line_1_56' title="bbox 1992 1192 3590 1267; baseline 0.006 -22"><span class='ocrx_word' id='word_1_430' title='bbox 1992 1206 2194 1263; x_wconf 89' lang='lat' dir='ltr'>genere</span> <span class='ocrx_word' id='word_1_431' title='bbox 2238 1192 2486 1263; x_wconf 87' lang='lat' dir='ltr'>supplicii</span> <span class='ocrx_word' id='word_1_432' title='bbox 2514 1193 2712 1263; x_wconf 90' lang='lat' dir='ltr'>puniri,</span> <span class='ocrx_word' id='word_1_433' title='bbox 2769 1194 2863 1250; x_wconf 90' lang='lat' dir='ltr'>sed</span> <span class='ocrx_word' id='word_1_434' title='bbox 2919 1203 2977 1251; x_wconf 90' lang='lat' dir='ltr'>ut</span> <span class='ocrx_word' id='word_1_435' title='bbox 3030 1196 3232 1267; x_wconf 90' lang='lat' dir='ltr'>aliquid</span> <span class='ocrx_word' id='word_1_436' title='bbox 3286 1198 3481 1254; x_wconf 88' lang='lat' dir='ltr'>debeat</span> <span class='ocrx_word' id='word_1_437' title='bbox 3534 1200 3590 1255; x_wconf 91' lang='lat' dir='ltr'>in</span> 
     </span>
    </p>
   </div>
   <div class='ocr_carea' id='block_1_57' title="bbox 1994 1286 3590 1367">
    <p class='ocr_par' dir='ltr' id='par_1_57' title="bbox 1994 1286 3590 1367">
     <span class='ocr_line' id='line_1_57' title="bbox 1994 1286 3590 1367; baseline 0.008 -27"><span class='ocrx_word' id='word_1_438' title='bbox 1994 1286 2259 1357; x_wconf 89' lang='lat' dir='ltr'>ejectione</span> <span class='ocrx_word' id='word_1_439' title='bbox 2290 1296 2341 1344; x_wconf 90' lang='lat' dir='ltr'>et</span> <span class='ocrx_word' id='word_1_440' title='bbox 2369 1287 2717 1345; x_wconf 83' lang='lat' dir='ltr'>cruciﬁxione</span> <span class='ocrx_word' id='word_1_441' title='bbox 2748 1306 2781 1345; x_wconf 89' lang='lat' dir='ltr'>a</span> <span class='ocrx_word' id='word_1_442' title='bbox 2810 1290 2967 1347; x_wconf 90' lang='lat' dir='ltr'>nobis</span> <span class='ocrx_word' id='word_1_443' title='bbox 2996 1291 3242 1366; x_wconf 88' lang='lat' dir='ltr'>intelligi,</span> <span class='ocrx_word' id='word_1_444' title='bbox 3264 1294 3421 1351; x_wconf 89' lang='lat' dir='ltr'>docet</span> <span class='ocrx_word' id='word_1_445' title='bbox 3449 1297 3590 1367; x_wconf 82' lang='lat' dir='ltr'>Apo-</span> 
     </span>
    </p>
   </div>
   <div class='ocr_carea' id='block_1_58' title="bbox 1993 1376 3583 1453">
    <p class='ocr_par' dir='ltr' id='par_1_58' title="bbox 1993 1376 3583 1453">
     <span class='ocr_line' id='line_1_58' title="bbox 1993 1376 3583 1453; baseline 0.006 -23"><span class='ocrx_word' id='word_1_446' title='bbox 1993 1376 2161 1432; x_wconf 91' lang='lat' dir='ltr'>stolus</span> <span class='ocrx_word' id='word_1_447' title='bbox 2188 1393 2310 1432; x_wconf 91' lang='lat' dir='ltr'>cum</span> <span class='ocrx_word' id='word_1_448' title='bbox 2341 1377 2471 1434; x_wconf 90' lang='lat' dir='ltr'>dicit</span> <span class='ocrx_word' id='word_1_449' title='bbox 2502 1397 2514 1433; x_wconf 91' lang='lat'><strong>:</strong></span> <span class='ocrx_word' id='word_1_450' title='bbox 2555 1400 2577 1427; x_wconf 78' lang='grc' dir='ltr'>α</span> <span class='ocrx_word' id='word_1_451' title='bbox 2608 1378 2884 1435; x_wconf 86' lang='lat' dir='ltr'>Exeamus</span> <span class='ocrx_word' id='word_1_452' title='bbox 2913 1380 2982 1436; x_wconf 90' lang='lat' dir='ltr'>ad</span> <span class='ocrx_word' id='word_1_453' title='bbox 3011 1397 3135 1436; x_wconf 93' lang='lat' dir='ltr'>eum</span> <span class='ocrx_word' id='word_1_454' title='bbox 3167 1390 3316 1439; x_wconf 85' lang='lat' dir='ltr'>extra</span> <span class='ocrx_word' id='word_1_455' title='bbox 3341 1392 3533 1453; x_wconf 90' lang='lat' dir='ltr'>castra,</span> <span class='ocrx_word' id='word_1_456' title='bbox 3561 1406 3583 1434; x_wconf 85' lang='lat'><strong>»</strong></span> 
     </span>
    </p>
   </div>
   <div class='ocr_carea' id='block_1_59' title="bbox 1994 1465 3586 1544">
    <p class='ocr_par' dir='ltr' id='par_1_59' title="bbox 1994 1465 3586 1544">
     <span class='ocr_line' id='line_1_59' title="bbox 1994 1465 3586 1544; baseline 0.006 -23"><span class='ocrx_word' id='word_1_457' title='bbox 1994 1473 2098 1521; x_wconf 89' lang='lat' dir='ltr'>etc.</span> <span class='ocrx_word' id='word_1_458' title='bbox 2158 1465 2450 1521; x_wconf 85' lang='lat' dir='ltr'>Videamus</span> <span class='ocrx_word' id='word_1_459' title='bbox 2500 1467 2665 1540; x_wconf 88' lang='lat' dir='ltr'>igitur</span> <span class='ocrx_word' id='word_1_460' title='bbox 2708 1469 2983 1539; x_wconf 92' lang='lat' dir='ltr'>quomodo</span> <span class='ocrx_word' id='word_1_461' title='bbox 3058 1471 3351 1527; x_wconf 88' lang='lat' dir='ltr'>debeamus</span> <span class='ocrx_word' id='word_1_462' title='bbox 3418 1474 3586 1544; x_wconf 86' lang='lat' dir='ltr'>exire,</span> 
     </span>
    </p>
   </div>
   <div class='ocr_carea' id='block_1_60' title="bbox 1993 1563 3582 1643">
    <p class='ocr_par' dir='ltr' id='par_1_60' title="bbox 1993 1563 3582 1643">
     <span class='ocr_line' id='line_1_60' title="bbox 1993 1563 3582 1643; baseline 0.007 -24"><span class='ocrx_word' id='word_1_463' title='bbox 1993 1572 2048 1619; x_wconf 90' lang='lat' dir='ltr'>et</span> <span class='ocrx_word' id='word_1_464' title='bbox 2074 1580 2105 1618; x_wconf 91' lang='lat' dir='ltr'>a</span> <span class='ocrx_word' id='word_1_465' title='bbox 2137 1563 2330 1634; x_wconf 90' lang='lat' dir='ltr'>quibus</span> <span class='ocrx_word' id='word_1_466' title='bbox 2357 1565 2562 1632; x_wconf 89' lang='lat' dir='ltr'>castris,</span> <span class='ocrx_word' id='word_1_467' title='bbox 2614 1574 2667 1622; x_wconf 90' lang='lat' dir='ltr'>et</span> <span class='ocrx_word' id='word_1_468' title='bbox 2713 1568 2859 1637; x_wconf 86' lang='lat' dir='ltr'>quod</span> <span class='ocrx_word' id='word_1_469' title='bbox 2905 1568 3294 1642; x_wconf 84' lang='lat' dir='ltr'>imprOperium</span> <span class='ocrx_word' id='word_1_470' title='bbox 3342 1579 3582 1643; x_wconf 90' lang='lat' dir='ltr'>portare.</span> 
     </span>
    </p>
   </div>
   <div class='ocr_carea' id='block_1_61' title="bbox 1995 1651 3592 1728">
    <p class='ocr_par' dir='ltr' id='par_1_61' title="bbox 1995 1651 3592 1728">
     <span class='ocr_line' id='line_1_61' title="bbox 1995 1651 3592 1728; baseline 0.008 -21"><span class='ocrx_word' id='word_1_471' title='bbox 1995 1651 2246 1721; x_wconf 90' lang='lat' dir='ltr'>Quandiu</span> <span class='ocrx_word' id='word_1_472' title='bbox 2276 1653 2333 1708; x_wconf 90' lang='lat' dir='ltr'>in</span> <span class='ocrx_word' id='word_1_473' title='bbox 2359 1655 2573 1710; x_wconf 90' lang='lat' dir='ltr'>mortali</span> <span class='ocrx_word' id='word_1_474' title='bbox 2603 1656 2706 1711; x_wconf 91' lang='lat' dir='ltr'>hoc</span> <span class='ocrx_word' id='word_1_475' title='bbox 2752 1672 2979 1728; x_wconf 90' lang='lat' dir='ltr'>corpore</span> <span class='ocrx_word' id='word_1_476' title='bbox 3023 1675 3225 1725; x_wconf 88' lang='lat' dir='ltr'>sumus,</span> <span class='ocrx_word' id='word_1_477' title='bbox 3280 1676 3313 1715; x_wconf 91' lang='lat' dir='ltr'>a</span> <span class='ocrx_word' id='word_1_478' title='bbox 3359 1660 3592 1720; x_wconf 92' lang='lat' dir='ltr'>Domino</span> 
     </span>
    </p>
   </div>
   <div class='ocr_carea' id='block_1_62' title="bbox 1915 1731 3594 1822">
    <p class='ocr_par' dir='ltr' id='par_1_62' title="bbox 1915 1731 3594 1822">
     <span class='ocr_line' id='line_1_62' title="bbox 1915 1731 3594 1822; baseline 0.008 -29"><span class='ocrx_word' id='word_1_479' title='bbox 1915 1731 1971 1793; x_wconf 92' lang='lat' dir='ltr'>B</span> <span class='ocrx_word' id='word_1_480' title='bbox 2000 1742 2426 1815; x_wconf 87' lang='lat' dir='ltr'>peregrinamur.</span> <span class='ocrx_word' id='word_1_481' title='bbox 2461 1743 2657 1799; x_wconf 90' lang='lat' dir='ltr'>Sumus</span> <span class='ocrx_word' id='word_1_482' title='bbox 2686 1745 2830 1800; x_wconf 91' lang='lat' dir='ltr'>enim</span> <span class='ocrx_word' id='word_1_483' title='bbox 2860 1746 2916 1801; x_wconf 93' lang='lat' dir='ltr'>in</span> <span class='ocrx_word' id='word_1_484' title='bbox 2962 1747 3047 1802; x_wconf 88' lang='lat' dir='ltr'>his</span> <span class='ocrx_word' id='word_1_485' title='bbox 3084 1749 3397 1818; x_wconf 83' lang='lat' dir='ltr'>corporibus</span> <span class='ocrx_word' id='word_1_486' title='bbox 3443 1751 3594 1822; x_wconf 89' lang='lat' dir='ltr'>quasi</span> 
     </span>
    </p>
   </div>
   <div class='ocr_carea' id='block_1_63' title="bbox 1999 1838 3589 1913">
    <p class='ocr_par' dir='ltr' id='par_1_63' title="bbox 1999 1838 3589 1913">
     <span class='ocr_line' id='line_1_63' title="bbox 1999 1838 3589 1913; baseline 0.005 -18"><span class='ocrx_word' id='word_1_487' title='bbox 1999 1840 2057 1895; x_wconf 91' lang='lat' dir='ltr'>in</span> <span class='ocrx_word' id='word_1_488' title='bbox 2085 1838 2292 1906; x_wconf 89' lang='lat' dir='ltr'>castris,</span> <span class='ocrx_word' id='word_1_489' title='bbox 2348 1838 2612 1895; x_wconf 89' lang='lat' dir='ltr'>bellantes</span> <span class='ocrx_word' id='word_1_490' title='bbox 2666 1847 2853 1896; x_wconf 88' lang='lat' dir='ltr'>contra</span> <span class='ocrx_word' id='word_1_491' title='bbox 2907 1842 3239 1913; x_wconf 90' lang='lat' dir='ltr'>spiritualem</span> <span class='ocrx_word' id='word_1_492' title='bbox 3292 1844 3589 1903; x_wconf 91' lang='lat' dir='ltr'>inimicum.</span> 
     </span>
    </p>
   </div>
   <div class='ocr_carea' id='block_1_64' title="bbox 2004 1927 3596 1995">
    <p class='ocr_par' dir='ltr' id='par_1_64' title="bbox 2004 1927 3596 1995">
     <span class='ocr_line' id='line_1_64' title="bbox 2004 1927 3596 1995; baseline 0.004 -10"><span class='ocrx_word' id='word_1_493' title='bbox 2004 1928 2111 1985; x_wconf 90' lang='lat' dir='ltr'>Sed</span> <span class='ocrx_word' id='word_1_494' title='bbox 2141 1928 2195 1982; x_wconf 91' lang='lat' dir='ltr'>in</span> <span class='ocrx_word' id='word_1_495' title='bbox 2224 1927 2307 1983; x_wconf 89' lang='lat' dir='ltr'>his</span> <span class='ocrx_word' id='word_1_496' title='bbox 2333 1927 2536 1995; x_wconf 88' lang='lat' dir='ltr'>castris,</span> <span class='ocrx_word' id='word_1_497' title='bbox 2569 1928 2624 1981; x_wconf 92' lang='lat' dir='ltr'>id</span> <span class='ocrx_word' id='word_1_498' title='bbox 2653 1936 2733 1983; x_wconf 90' lang='lat' dir='ltr'>est</span> <span class='ocrx_word' id='word_1_499' title='bbox 2759 1929 2816 1983; x_wconf 92' lang='lat' dir='ltr'>in</span> <span class='ocrx_word' id='word_1_500' title='bbox 2860 1947 3021 1986; x_wconf 92' lang='lat' dir='ltr'>carne</span> <span class='ocrx_word' id='word_1_501' title='bbox 3064 1931 3439 1990; x_wconf 89' lang='lat' dir='ltr'>delectandum</span> <span class='ocrx_word' id='word_1_502' title='bbox 3486 1952 3596 1993; x_wconf 91' lang='lat' dir='ltr'>non</span> 
     </span>
    </p>
   </div>
   <div class='ocr_carea' id='block_1_65' title="bbox 2002 2017 3596 2089">
    <p class='ocr_par' dir='ltr' id='par_1_65' title="bbox 2002 2017 3596 2089">
     <span class='ocr_line' id='line_1_65' title="bbox 2002 2017 3596 2089; baseline 0.008 -19"><span class='ocrx_word' id='word_1_503' title='bbox 2002 2023 2101 2083; x_wconf 90' lang='lat' dir='ltr'>est,</span> <span class='ocrx_word' id='word_1_504' title='bbox 2134 2017 2261 2087; x_wconf 90' lang='lat' dir='ltr'>quia</span> <span class='ocrx_word' id='word_1_505' title='bbox 2287 2023 2346 2071; x_wconf 90' lang='lat' dir='ltr'>ut</span> <span class='ocrx_word' id='word_1_506' title='bbox 2373 2018 2448 2072; x_wconf 91' lang='lat' dir='ltr'>ait</span> <span class='ocrx_word' id='word_1_507' title='bbox 2473 2018 2803 2089; x_wconf 82' lang='lat' dir='ltr'>Apostolus:</span> <span class='ocrx_word' id='word_1_508' title='bbox 2863 2042 2885 2068; x_wconf 74' lang='grc' dir='ltr'>«ε</span> <span class='ocrx_word' id='word_1_509' title='bbox 2936 2020 3219 2077; x_wconf 90' lang='lat' dir='ltr'>Debitores</span> <span class='ocrx_word' id='word_1_510' title='bbox 3262 2040 3447 2080; x_wconf 90' lang='lat' dir='ltr'>sumus</span> <span class='ocrx_word' id='word_1_511' title='bbox 3488 2042 3596 2082; x_wconf 90' lang='lat' dir='ltr'>non</span> 
     </span>
    </p>
   </div>
   <div class='ocr_carea' id='block_1_66' title="bbox 2003 2115 3595 2180">
    <p class='ocr_par' dir='ltr' id='par_1_66' title="bbox 2003 2115 3595 2180">
     <span class='ocr_line' id='line_1_66' title="bbox 2003 2115 3595 2180; baseline 0.006 -9"><span class='ocrx_word' id='word_1_512' title='bbox 2003 2115 2149 2171; x_wconf 88' lang='lat' dir='ltr'>carni</span> <span class='ocrx_word' id='word_1_513' title='bbox 2179 2123 2238 2170; x_wconf 92' lang='lat' dir='ltr'>ut</span> <span class='ocrx_word' id='word_1_514' title='bbox 2263 2115 2558 2171; x_wconf 90' lang='lat' dir='ltr'>secundum</span> <span class='ocrx_word' id='word_1_515' title='bbox 2607 2133 2825 2172; x_wconf 90' lang='lat' dir='ltr'>carnem</span> <span class='ocrx_word' id='word_1_516' title='bbox 2880 2118 3144 2174; x_wconf 86' lang='lat' dir='ltr'>vivamus.</span> <span class='ocrx_word' id='word_1_517' title='bbox 3205 2119 3263 2176; x_wconf 90' lang='lat' dir='ltr'>Si</span> <span class='ocrx_word' id='word_1_518' title='bbox 3318 2122 3461 2178; x_wconf 91' lang='lat' dir='ltr'>enim</span> <span class='ocrx_word' id='word_1_519' title='bbox 3504 2141 3595 2180; x_wconf 92' lang='lat' dir='ltr'>se-</span> 
     </span>
    </p>
   </div>
   <div class='ocr_carea' id='block_1_67' title="bbox 2004 2204 3594 2284">
    <p class='ocr_par' dir='ltr' id='par_1_67' title="bbox 2004 2204 3594 2284">
     <span class='ocr_line' id='line_1_67' title="bbox 2004 2204 3594 2284; baseline 0.004 -24"><span class='ocrx_word' id='word_1_520' title='bbox 2004 2205 2239 2260; x_wconf 90' lang='lat' dir='ltr'>cundum</span> <span class='ocrx_word' id='word_1_521' title='bbox 2268 2221 2486 2261; x_wconf 89' lang='lat' dir='ltr'>carnem</span> <span class='ocrx_word' id='word_1_522' title='bbox 2516 2204 2775 2274; x_wconf 87' lang='lat' dir='ltr'>vixeritis,</span> <span class='ocrx_word' id='word_1_523' title='bbox 2816 2207 3122 2263; x_wconf 85' lang='lat' dir='ltr'>moriemini</span> <span class='ocrx_word' id='word_1_524' title='bbox 3174 2210 3349 2280; x_wconf 84' lang='lat' dir='ltr'>(Rom.</span> <span class='ocrx_word' id='word_1_525' title='bbox 3398 2213 3534 2284; x_wconf 83' lang='lat' dir='ltr'>vui).</span> <span class='ocrx_word' id='word_1_526' title='bbox 3572 2237 3594 2263; x_wconf 79' lang='grc' dir='ltr'><strong>υ</strong></span> 
     </span>
    </p>
   </div>
   <div class='ocr_carea' id='block_1_68' title="bbox 2004 2294 3601 2372">
    <p class='ocr_par' dir='ltr' id='par_1_68' title="bbox 2004 2294 3601 2372">
     <span class='ocr_line' id='line_1_68' title="bbox 2004 2294 3601 2372; baseline 0.007 -24"><span class='ocrx_word' id='word_1_527' title='bbox 2004 2294 2327 2349; x_wconf 85' lang='lat' dir='ltr'>Exeundum</span> <span class='ocrx_word' id='word_1_528' title='bbox 2357 2310 2488 2366; x_wconf 88' lang='lat' dir='ltr'>ergo</span> <span class='ocrx_word' id='word_1_529' title='bbox 2519 2301 2600 2350; x_wconf 90' lang='lat' dir='ltr'>est</span> <span class='ocrx_word' id='word_1_530' title='bbox 2619 2294 2686 2349; x_wconf 90' lang='lat' dir='ltr'>ab</span> <span class='ocrx_word' id='word_1_531' title='bbox 2718 2294 2800 2349; x_wconf 85' lang='lat' dir='ltr'>his</span> <span class='ocrx_word' id='word_1_532' title='bbox 2825 2296 3032 2361; x_wconf 87' lang='lat' dir='ltr'>castris,</span> <span class='ocrx_word' id='word_1_533' title='bbox 3081 2305 3139 2352; x_wconf 91' lang='lat' dir='ltr'>ut</span> <span class='ocrx_word' id='word_1_534' title='bbox 3179 2314 3289 2354; x_wconf 91' lang='lat' dir='ltr'>non</span> <span class='ocrx_word' id='word_1_535' title='bbox 3340 2301 3601 2372; x_wconf 88' lang='lat' dir='ltr'>subjicia-</span> 
     </span>
    </p>
   </div>
   <div class='ocr_carea' id='block_1_69' title="bbox 2005 2390 3603 2465">
    <p class='ocr_par' dir='ltr' id='par_1_69' title="bbox 2005 2390 3603 2465">
     <span class='ocr_line' id='line_1_69' title="bbox 2005 2390 3603 2465; baseline 0.005 -18"><span class='ocrx_word' id='word_1_536' title='bbox 2005 2408 2128 2447; x_wconf 91' lang='lat' dir='ltr'>mur</span> <span class='ocrx_word' id='word_1_537' title='bbox 2158 2390 2402 2447; x_wconf 90' lang='lat' dir='ltr'>dominio</span> <span class='ocrx_word' id='word_1_538' title='bbox 2432 2391 2645 2461; x_wconf 90' lang='lat' dir='ltr'>carnis;</span> <span class='ocrx_word' id='word_1_539' title='bbox 2678 2391 2841 2448; x_wconf 90' lang='lat' dir='ltr'>debet</span> <span class='ocrx_word' id='word_1_540' title='bbox 2886 2394 3031 2449; x_wconf 90' lang='lat' dir='ltr'>enim</span> <span class='ocrx_word' id='word_1_541' title='bbox 3061 2396 3279 2465; x_wconf 86' lang='lat' dir='ltr'>servire,</span> <span class='ocrx_word' id='word_1_542' title='bbox 3330 2414 3440 2454; x_wconf 90' lang='lat' dir='ltr'>non</span> <span class='ocrx_word' id='word_1_543' title='bbox 3493 2399 3603 2454; x_wconf 93' lang='lat' dir='ltr'>im-</span> 
     </span>
    </p>
   </div>
   <div class='ocr_carea' id='block_1_70' title="bbox 2003 2480 3608 2557">
    <p class='ocr_par' dir='ltr' id='par_1_70' title="bbox 2003 2480 3608 2557">
     <span class='ocr_line' id='line_1_70' title="bbox 2003 2480 3608 2557; baseline 0.005 -21"><span class='ocrx_word' id='word_1_544' title='bbox 2003 2496 2213 2552; x_wconf 89' lang='lat' dir='ltr'>perare.</span> <span class='ocrx_word' id='word_1_545' title='bbox 2248 2480 2402 2536; x_wconf 89' lang='lat' dir='ltr'>Unde</span> <span class='ocrx_word' id='word_1_546' title='bbox 2431 2481 2717 2550; x_wconf 84' lang='lat' dir='ltr'>Apostolus</span> <span class='ocrx_word' id='word_1_547' title='bbox 2752 2501 2764 2537; x_wconf 86' lang='lat'>:</span> <span class='ocrx_word' id='word_1_548' title='bbox 2806 2504 2827 2531; x_wconf 80' lang='lat' dir='ltr'>u</span> <span class='ocrx_word' id='word_1_549' title='bbox 2862 2483 3077 2556; x_wconf 87' lang='lat' dir='ltr'>Castigo</span> <span class='ocrx_word' id='word_1_550' title='bbox 3106 2501 3301 2557; x_wconf 90' lang='lat' dir='ltr'>corpus</span> <span class='ocrx_word' id='word_1_551' title='bbox 3320 2503 3522 2556; x_wconf 90' lang='lat' dir='ltr'>meum,</span> <span class='ocrx_word' id='word_1_552' title='bbox 3554 2496 3608 2544; x_wconf 90' lang='lat' dir='ltr'>et</span> 
     </span>
    </p>
   </div>
   <div class='ocr_carea' id='block_1_71' title="bbox 2005 2569 3608 2646">
    <p class='ocr_par' dir='ltr' id='par_1_71' title="bbox 2005 2569 3608 2646">
     <span class='ocr_line' id='line_1_71' title="bbox 2005 2569 3608 2646; baseline 0.005 -21"><span class='ocrx_word' id='word_1_553' title='bbox 2005 2571 2062 2625; x_wconf 93' lang='lat' dir='ltr'>in</span> <span class='ocrx_word' id='word_1_554' title='bbox 2089 2570 2400 2627; x_wconf 86' lang='lat' dir='ltr'>servitutem</span> <span class='ocrx_word' id='word_1_555' title='bbox 2428 2569 2621 2642; x_wconf 90' lang='lat' dir='ltr'>redigo</span> <span class='ocrx_word' id='word_1_556' title='bbox 2653 2570 2703 2638; x_wconf 85' lang='grc' dir='ltr'>(Ι</span> <span class='ocrx_word' id='word_1_557' title='bbox 2748 2571 2869 2628; x_wconf 82' lang='lat' dir='ltr'>Cor.</span> <span class='ocrx_word' id='word_1_558' title='bbox 2928 2573 3034 2644; x_wconf 81' lang='lat' dir='ltr'>ix),</span> <span class='ocrx_word' id='word_1_559' title='bbox 3070 2595 3091 2621; x_wconf 83' lang='lat'><strong>»</strong></span> <span class='ocrx_word' id='word_1_560' title='bbox 3154 2575 3242 2630; x_wconf 90' lang='lat' dir='ltr'>vel</span> <span class='ocrx_word' id='word_1_561' title='bbox 3270 2576 3519 2646; x_wconf 90' lang='lat' dir='ltr'>subjicio,</span> <span class='ocrx_word' id='word_1_562' title='bbox 3551 2577 3608 2632; x_wconf 91' lang='lat' dir='ltr'>id</span> 
     </span>
    </p>
   </div>
   <div class='ocr_carea' id='block_1_72' title="bbox 2007 2659 3606 2735">
    <p class='ocr_par' dir='ltr' id='par_1_72' title="bbox 2007 2659 3606 2735">
     <span class='ocr_line' id='line_1_72' title="bbox 2007 2659 3606 2735; baseline 0.004 -19"><span class='ocrx_word' id='word_1_563' title='bbox 2007 2667 2087 2716; x_wconf 89' lang='lat' dir='ltr'>est</span> <span class='ocrx_word' id='word_1_564' title='bbox 2114 2667 2172 2714; x_wconf 91' lang='lat' dir='ltr'>ut</span> <span class='ocrx_word' id='word_1_565' title='bbox 2199 2659 2398 2715; x_wconf 90' lang='lat' dir='ltr'>serviat</span> <span class='ocrx_word' id='word_1_566' title='bbox 2425 2659 2640 2714; x_wconf 69' lang='lat' dir='ltr'>animae.</span> <span class='ocrx_word' id='word_1_567' title='bbox 2672 2660 2788 2715; x_wconf 86' lang='lat' dir='ltr'>Hoc</span> <span class='ocrx_word' id='word_1_568' title='bbox 2816 2661 2964 2717; x_wconf 87' lang='lat' dir='ltr'>exire</span> <span class='ocrx_word' id='word_1_569' title='bbox 2993 2669 3072 2718; x_wconf 89' lang='lat' dir='ltr'>est</span> <span class='ocrx_word' id='word_1_570' title='bbox 3095 2662 3247 2732; x_wconf 91' lang='lat' dir='ltr'>illud,</span> <span class='ocrx_word' id='word_1_571' title='bbox 3298 2664 3441 2735; x_wconf 89' lang='lat' dir='ltr'>quod</span> <span class='ocrx_word' id='word_1_572' title='bbox 3488 2667 3606 2722; x_wconf 92' lang='lat' dir='ltr'>Do-</span> 
     </span>
    </p>
   </div>
   <div class='ocr_carea' id='block_1_73' title="bbox 2007 2755 3604 2833">
    <p class='ocr_par' dir='ltr' id='par_1_73' title="bbox 2007 2755 3604 2833">
     <span class='ocr_line' id='line_1_73' title="bbox 2007 2755 3604 2833; baseline 0.004 -21"><span class='ocrx_word' id='word_1_573' title='bbox 2007 2756 2189 2812; x_wconf 90' lang='lat' dir='ltr'>minus</span> <span class='ocrx_word' id='word_1_574' title='bbox 2217 2756 2270 2810; x_wconf 90' lang='lat' dir='ltr'>in</span> <span class='ocrx_word' id='word_1_575' title='bbox 2299 2755 2597 2827; x_wconf 90' lang='lat' dir='ltr'>Evangelio</span> <span class='ocrx_word' id='word_1_576' title='bbox 2634 2756 2709 2810; x_wconf 90' lang='lat' dir='ltr'>ait</span> <span class='ocrx_word' id='word_1_577' title='bbox 2741 2775 2753 2811; x_wconf 89' lang='lat'><strong>:</strong></span> <span class='ocrx_word' id='word_1_578' title='bbox 2793 2780 2816 2806; x_wconf 89' lang='lat'><strong>«</strong></span> <span class='ocrx_word' id='word_1_579' title='bbox 2850 2756 2953 2827; x_wconf 90' lang='lat' dir='ltr'>Qui</span> <span class='ocrx_word' id='word_1_580' title='bbox 2983 2759 3097 2815; x_wconf 90' lang='lat' dir='ltr'>vult</span> <span class='ocrx_word' id='word_1_581' title='bbox 3124 2761 3309 2817; x_wconf 90' lang='lat' dir='ltr'>venire</span> <span class='ocrx_word' id='word_1_582' title='bbox 3334 2771 3456 2831; x_wconf 90' lang='lat' dir='ltr'>post</span> <span class='ocrx_word' id='word_1_583' title='bbox 3496 2779 3604 2833; x_wconf 87' lang='lat' dir='ltr'>me,</span> 
     </span>
    </p>
   </div>
   <div class='ocr_carea' id='block_1_74' title="bbox 2008 2844 3607 2924">
    <p class='ocr_par' dir='ltr' id='par_1_74' title="bbox 2008 2844 3607 2924">
     <span class='ocr_line' id='line_1_74' title="bbox 2008 2844 3607 2924; baseline 0.004 -23"><span class='ocrx_word' id='word_1_584' title='bbox 2008 2845 2245 2917; x_wconf 85' lang='lat' dir='ltr'>abneget</span> <span class='ocrx_word' id='word_1_585' title='bbox 2270 2844 2619 2915; x_wconf 89' lang='lat' dir='ltr'>semetipsum</span> <span class='ocrx_word' id='word_1_586' title='bbox 2651 2853 2757 2900; x_wconf 88' lang='lat' dir='ltr'>etc.</span> <span class='ocrx_word' id='word_1_587' title='bbox 2801 2846 3006 2914; x_wconf 78' lang='lat' dir='ltr'>(Matth</span> <span class='ocrx_word' id='word_1_588' title='bbox 3071 2850 3205 2919; x_wconf 77' lang='lat' dir='ltr'>xw).</span> <span class='ocrx_word' id='word_1_589' title='bbox 3243 2871 3264 2898; x_wconf 84' lang='lat'><strong>»</strong></span> <span class='ocrx_word' id='word_1_590' title='bbox 3318 2849 3607 2924; x_wconf 87' lang='lat' dir='ltr'>Abnegare</span> 
     </span>
    </p>
   </div>
   <div class='ocr_carea' id='block_1_75' title="bbox 2008 2933 3605 3011">
    <p class='ocr_par' dir='ltr' id='par_1_75' title="bbox 2008 2933 3605 3011">
     <span class='ocr_line' id='line_1_75' title="bbox 2008 2933 3605 3011; baseline 0.004 -22"><span class='ocrx_word' id='word_1_591' title='bbox 2008 2934 2270 2989; x_wconf 89' lang='lat' dir='ltr'>debemus</span> <span class='ocrx_word' id='word_1_592' title='bbox 2297 2934 2351 2987; x_wconf 92' lang='lat' dir='ltr'>in</span> <span class='ocrx_word' id='word_1_593' title='bbox 2380 2933 2539 2988; x_wconf 90' lang='lat' dir='ltr'>nobis</span> <span class='ocrx_word' id='word_1_594' title='bbox 2566 2933 2717 3003; x_wconf 89' lang='lat' dir='ltr'>ipsis,</span> <span class='ocrx_word' id='word_1_595' title='bbox 2777 2950 2886 2989; x_wconf 89' lang='lat' dir='ltr'>non</span> <span class='ocrx_word' id='word_1_596' title='bbox 2941 2936 3084 3006; x_wconf 89' lang='lat' dir='ltr'>quod</span> <span class='ocrx_word' id='word_1_597' title='bbox 3141 2937 3215 2992; x_wconf 93' lang='lat' dir='ltr'>ibi</span> <span class='ocrx_word' id='word_1_598' title='bbox 3263 2937 3390 2994; x_wconf 84' lang='lat' dir='ltr'>fecit</span> <span class='ocrx_word' id='word_1_599' title='bbox 3442 2941 3605 3011; x_wconf 90' lang='lat' dir='ltr'>Deus,</span> 
     </span>
    </p>
   </div>
   <div class='ocr_carea' id='block_1_76' title="bbox 2010 3029 3608 3103">
    <p class='ocr_par' dir='ltr' id='par_1_76' title="bbox 2010 3029 3608 3103">
     <span class='ocr_line' id='line_1_76' title="bbox 2010 3029 3608 3103; baseline 0.004 -17"><span class='ocrx_word' id='word_1_600' title='bbox 2010 3032 2106 3086; x_wconf 90' lang='lat' dir='ltr'>sed</span> <span class='ocrx_word' id='word_1_601' title='bbox 2135 3048 2233 3087; x_wconf 92' lang='lat' dir='ltr'>nos</span> <span class='ocrx_word' id='word_1_602' title='bbox 2282 3031 2537 3086; x_wconf 82' lang='lat' dir='ltr'>facimus.</span> <span class='ocrx_word' id='word_1_603' title='bbox 2603 3029 2974 3103; x_wconf 90' lang='lat' dir='ltr'>Quodcunque</span> <span class='ocrx_word' id='word_1_604' title='bbox 3024 3033 3229 3089; x_wconf 92' lang='lat' dir='ltr'>bonum</span> <span class='ocrx_word' id='word_1_605' title='bbox 3272 3036 3536 3092; x_wconf 89' lang='lat' dir='ltr'>habemus</span> <span class='ocrx_word' id='word_1_606' title='bbox 3576 3055 3608 3094; x_wconf 90' lang='lat' dir='ltr'>a</span> 
     </span>
    </p>
   </div>
   <div class='ocr_carea' id='block_1_77' title="bbox 2006 3120 3606 3198">
    <p class='ocr_par' dir='ltr' id='par_1_77' title="bbox 2006 3120 3606 3198">
     <span class='ocr_line' id='line_1_77' title="bbox 2006 3120 3606 3198; baseline 0.004 -22"><span class='ocrx_word' id='word_1_607' title='bbox 2006 3122 2121 3176; x_wconf 89' lang='lat' dir='ltr'>Deo</span> <span class='ocrx_word' id='word_1_608' title='bbox 2150 3128 2247 3185; x_wconf 89' lang='lat' dir='ltr'>est,</span> <span class='ocrx_word' id='word_1_609' title='bbox 2281 3120 2638 3189; x_wconf 91' lang='lat' dir='ltr'>quodcunque</span> <span class='ocrx_word' id='word_1_610' title='bbox 2666 3121 2868 3175; x_wconf 88' lang='lat' dir='ltr'>malum</span> <span class='ocrx_word' id='word_1_611' title='bbox 2921 3121 2989 3177; x_wconf 90' lang='lat' dir='ltr'>ab</span> <span class='ocrx_word' id='word_1_612' title='bbox 3036 3124 3275 3180; x_wconf 89' lang='lat' dir='ltr'>homine.</span> <span class='ocrx_word' id='word_1_613' title='bbox 3325 3125 3469 3198; x_wconf 82' lang='lat' dir='ltr'>Ergo</span> <span class='ocrx_word' id='word_1_614' title='bbox 3516 3128 3606 3197; x_wconf 93' lang='lat' dir='ltr'>qui</span> 
     </span>
    </p>
   </div>
   <div class='ocr_carea' id='block_1_78' title="bbox 2005 3208 2838 3277">
    <p class='ocr_par' dir='ltr' id='par_1_78' title="bbox 2005 3208 2838 3277">
     <span class='ocr_line' id='line_1_78' title="bbox 2005 3208 2838 3277; baseline -0.001 -12"><span class='ocrx_word' id='word_1_615' title='bbox 2005 3209 2302 3277; x_wconf 84' lang='lat' dir='ltr'>furabatur,</span> <span class='ocrx_word' id='word_1_616' title='bbox 2329 3208 2446 3277; x_wconf 90' lang='lat' dir='ltr'>jam</span> <span class='ocrx_word' id='word_1_617' title='bbox 2478 3225 2587 3265; x_wconf 92' lang='lat' dir='ltr'>non</span> <span class='ocrx_word' id='word_1_618' title='bbox 2616 3208 2838 3264; x_wconf 87' lang='lat' dir='ltr'>furetur.</span> 
     </span>
    </p>
   </div>
   <div class='ocr_carea' id='block_1_79' title="bbox 2077 3325 3608 3398">
    <p class='ocr_par' dir='ltr' id='par_1_79' title="bbox 2077 3325 3608 3398">
     <span class='ocr_line' id='line_1_79' title="bbox 2077 3325 3608 3398; baseline 0.006 -17"><span class='ocrx_word' id='word_1_619' title='bbox 2077 3325 2309 3381; x_wconf 81' lang='lat' dir='ltr'>Audistis</span> <span class='ocrx_word' id='word_1_620' title='bbox 2339 3326 2468 3396; x_wconf 90' lang='lat' dir='ltr'>quid</span> <span class='ocrx_word' id='word_1_621' title='bbox 2499 3334 2579 3382; x_wconf 89' lang='lat' dir='ltr'>est</span> <span class='ocrx_word' id='word_1_622' title='bbox 2604 3326 2753 3383; x_wconf 81' lang='lat' dir='ltr'>exire</span> <span class='ocrx_word' id='word_1_623' title='bbox 2781 3335 2934 3384; x_wconf 81' lang='lat' dir='ltr'>extra</span> <span class='ocrx_word' id='word_1_624' title='bbox 2964 3336 3154 3398; x_wconf 90' lang='lat' dir='ltr'>castra,</span> <span class='ocrx_word' id='word_1_625' title='bbox 3203 3332 3368 3388; x_wconf 90' lang='lat' dir='ltr'>modo</span> <span class='ocrx_word' id='word_1_626' title='bbox 3415 3332 3608 3390; x_wconf 88' lang='lat' dir='ltr'>videa-</span> 
     </span>
    </p>
   </div>
   <div class='ocr_carea' id='block_1_80' title="bbox 2007 3423 3611 3499">
    <p class='ocr_par' dir='ltr' id='par_1_80' title="bbox 2007 3423 3611 3499">
     <span class='ocr_line' id='line_1_80' title="bbox 2007 3423 3611 3499; baseline 0.006 -20"><span class='ocrx_word' id='word_1_627' title='bbox 2007 3440 2128 3479; x_wconf 90' lang='lat' dir='ltr'>mus</span> <span class='ocrx_word' id='word_1_628' title='bbox 2167 3423 2296 3495; x_wconf 90' lang='lat' dir='ltr'>quid</span> <span class='ocrx_word' id='word_1_629' title='bbox 2353 3424 2419 3478; x_wconf 92' lang='lat' dir='ltr'>sit</span> <span class='ocrx_word' id='word_1_630' title='bbox 2485 3432 2700 3496; x_wconf 89' lang='lat' dir='ltr'>portare</span> <span class='ocrx_word' id='word_1_631' title='bbox 2762 3426 3150 3499; x_wconf 88' lang='lat' dir='ltr'>improperium</span> <span class='ocrx_word' id='word_1_632' title='bbox 3215 3429 3427 3486; x_wconf 89' lang='lat' dir='ltr'>Christi.</span> <span class='ocrx_word' id='word_1_633' title='bbox 3495 3433 3611 3490; x_wconf 89' lang='lat' dir='ltr'>Hoc</span> 
     </span>
    </p>
   </div>
   <div class='ocr_carea' id='block_1_81' title="bbox 2006 3513 3612 3584">
    <p class='ocr_par' dir='ltr' id='par_1_81' title="bbox 2006 3513 3612 3584">
     <span class='ocr_line' id='line_1_81' title="bbox 2006 3513 3612 3584; baseline 0.006 -15"><span class='ocrx_word' id='word_1_634' title='bbox 2006 3514 2150 3569; x_wconf 92' lang='lat' dir='ltr'>idem</span> <span class='ocrx_word' id='word_1_635' title='bbox 2184 3522 2281 3583; x_wconf 90' lang='lat' dir='ltr'>est,</span> <span class='ocrx_word' id='word_1_636' title='bbox 2313 3513 2455 3584; x_wconf 92' lang='lat' dir='ltr'>quod</span> <span class='ocrx_word' id='word_1_637' title='bbox 2479 3514 2533 3568; x_wconf 94' lang='lat' dir='ltr'>in</span> <span class='ocrx_word' id='word_1_638' title='bbox 2566 3515 2658 3569; x_wconf 89' lang='lat' dir='ltr'>illo</span> <span class='ocrx_word' id='word_1_639' title='bbox 2688 3515 2973 3572; x_wconf 88' lang='lat' dir='ltr'>Dominico</span> <span class='ocrx_word' id='word_1_640' title='bbox 3003 3517 3199 3573; x_wconf 87' lang='lat' dir='ltr'>dicitur</span> <span class='ocrx_word' id='word_1_641' title='bbox 3231 3538 3242 3575; x_wconf 90' lang='lat'>:</span> <span class='ocrx_word' id='word_1_642' title='bbox 3282 3544 3303 3570; x_wconf 69' lang='grc' dir='ltr'><strong><em>ιι</em></strong></span> <span class='ocrx_word' id='word_1_643' title='bbox 3347 3521 3415 3577; x_wconf 89' lang='lat' dir='ltr'>Et</span> <span class='ocrx_word' id='word_1_644' title='bbox 3464 3523 3612 3579; x_wconf 88' lang='lat' dir='ltr'>tollat</span> 
     </span>
    </p>
   </div>
   <div class='ocr_carea' id='block_1_82' title="bbox 2008 3612 3610 3684">
    <p class='ocr_par' dir='ltr' id='par_1_82' title="bbox 2008 3612 3610 3684">
     <span class='ocr_line' id='line_1_82' title="bbox 2008 3612 3610 3684; baseline 0.006 -16"><span class='ocrx_word' id='word_1_645' title='bbox 2008 3629 2222 3669; x_wconf 89' lang='lat' dir='ltr'>crucem</span> <span class='ocrx_word' id='word_1_646' title='bbox 2254 3629 2406 3668; x_wconf 90' lang='lat' dir='ltr'>suam</span> <span class='ocrx_word' id='word_1_647' title='bbox 2437 3612 2640 3684; x_wconf 82' lang='lat' dir='ltr'>(ibid.).</span> <span class='ocrx_word' id='word_1_648' title='bbox 2679 3636 2700 3661; x_wconf 81' lang='grc' dir='ltr'><strong>υ</strong></span> <span class='ocrx_word' id='word_1_649' title='bbox 2738 3613 2880 3683; x_wconf 89' lang='lat' dir='ltr'>Quid</span> <span class='ocrx_word' id='word_1_650' title='bbox 2912 3622 2991 3670; x_wconf 91' lang='lat' dir='ltr'>est</span> <span class='ocrx_word' id='word_1_651' title='bbox 3019 3616 3207 3673; x_wconf 90' lang='lat' dir='ltr'>tollere</span> <span class='ocrx_word' id='word_1_652' title='bbox 3236 3635 3450 3676; x_wconf 90' lang='lat' dir='ltr'>crucem</span> <span class='ocrx_word' id='word_1_653' title='bbox 3500 3622 3610 3678; x_wconf 87' lang='lat' dir='ltr'>Do-</span> 
     </span>
    </p>
   </div>
   <div class='ocr_carea' id='block_1_83' title="bbox 2006 3702 3609 3777">
    <p class='ocr_par' dir='ltr' id='par_1_83' title="bbox 2006 3702 3609 3777">
     <span class='ocr_line' id='line_1_83' title="bbox 2006 3702 3609 3777; baseline 0.006 -21"><span class='ocrx_word' id='word_1_654' title='bbox 2006 3702 2138 3756; x_wconf 89' lang='lat' dir='ltr'>mini</span> <span class='ocrx_word' id='word_1_655' title='bbox 2171 3703 2199 3755; x_wconf 74' lang='lat' dir='ltr'>‘I</span> <span class='ocrx_word' id='word_1_656' title='bbox 2226 3702 2489 3757; x_wconf 88' lang='lat' dir='ltr'>Dominus</span> <span class='ocrx_word' id='word_1_657' title='bbox 2516 3702 2639 3757; x_wconf 90' lang='lat' dir='ltr'>ideo</span> <span class='ocrx_word' id='word_1_658' title='bbox 2670 3703 2835 3758; x_wconf 87' lang='lat' dir='ltr'>voluit</span> <span class='ocrx_word' id='word_1_659' title='bbox 2855 3706 2958 3759; x_wconf 90' lang='lat' dir='ltr'>hoc</span> <span class='ocrx_word' id='word_1_660' title='bbox 2986 3722 3158 3777; x_wconf 90' lang='lat' dir='ltr'>genus</span> <span class='ocrx_word' id='word_1_661' title='bbox 3204 3710 3455 3764; x_wconf 89' lang='lat' dir='ltr'>tormenti</span> <span class='ocrx_word' id='word_1_662' title='bbox 3503 3709 3609 3766; x_wconf 90' lang='lat' dir='ltr'>eli-</span> 
     </span>
    </p>
   </div>
   <div class='ocr_carea' id='block_1_84' title="bbox 2007 3791 3603 3865">
    <p class='ocr_par' dir='ltr' id='par_1_84' title="bbox 2007 3791 3603 3865">
     <span class='ocr_line' id='line_1_84' title="bbox 2007 3791 3603 3865; baseline 0.008 -20"><span class='ocrx_word' id='word_1_663' title='bbox 2007 3806 2157 3863; x_wconf 83' lang='lat' dir='ltr'>gere,</span> <span class='ocrx_word' id='word_1_664' title='bbox 2189 3798 2245 3845; x_wconf 88' lang='lat' dir='ltr'>ut</span> <span class='ocrx_word' id='word_1_665' title='bbox 2273 3791 2396 3846; x_wconf 91' lang='lat' dir='ltr'>inde</span> <span class='ocrx_word' id='word_1_666' title='bbox 2426 3808 2702 3847; x_wconf 90' lang='lat' dir='ltr'>sumamus</span> <span class='ocrx_word' id='word_1_667' title='bbox 2730 3794 3040 3865; x_wconf 83' lang='lat' dir='ltr'>exemplum</span> <span class='ocrx_word' id='word_1_668' title='bbox 3070 3796 3156 3851; x_wconf 87' lang='lat' dir='ltr'>vel</span> <span class='ocrx_word' id='word_1_669' title='bbox 3185 3796 3418 3855; x_wconf 89' lang='lat' dir='ltr'>formam</span> <span class='ocrx_word' id='word_1_670' title='bbox 3459 3801 3603 3857; x_wconf 67' lang='lat' dir='ltr'>vitae.</span> 
     </span>
    </p>
   </div>
   <div class='ocr_carea' id='block_1_85' title="bbox 2010 3887 3609 3962">
    <p class='ocr_par' dir='ltr' id='par_1_85' title="bbox 2010 3887 3609 3962">
     <span class='ocr_line' id='line_1_85' title="bbox 2010 3887 3609 3962; baseline 0.007 -19"><span class='ocrx_word' id='word_1_671' title='bbox 2010 3888 2158 3944; x_wconf 91' lang='lat' dir='ltr'>Sicut</span> <span class='ocrx_word' id='word_1_672' title='bbox 2186 3888 2328 3942; x_wconf 90' lang='lat' dir='ltr'>enim</span> <span class='ocrx_word' id='word_1_673' title='bbox 2377 3887 2661 3944; x_wconf 81' lang='lat' dir='ltr'>cruciﬁxus</span> <span class='ocrx_word' id='word_1_674' title='bbox 2717 3904 2823 3946; x_wconf 91' lang='lat' dir='ltr'>non</span> <span class='ocrx_word' id='word_1_675' title='bbox 2872 3899 3046 3962; x_wconf 87' lang='lat' dir='ltr'>potest</span> <span class='ocrx_word' id='word_1_676' title='bbox 3094 3894 3340 3951; x_wconf 88' lang='lat' dir='ltr'>membra</span> <span class='ocrx_word' id='word_1_677' title='bbox 3395 3915 3491 3952; x_wconf 88' lang='lat' dir='ltr'>sua</span> <span class='ocrx_word' id='word_1_678' title='bbox 3539 3899 3609 3954; x_wconf 90' lang='lat' dir='ltr'>ad</span> 
     </span>
    </p>
   </div>
   <div class='ocr_carea' id='block_1_86' title="bbox 2008 3975 3606 4049">
    <p class='ocr_par' dir='ltr' id='par_1_86' title="bbox 2008 3975 3606 4049">
     <span class='ocr_line' id='line_1_86' title="bbox 2008 3975 3606 4049; baseline 0.007 -17"><span class='ocrx_word' id='word_1_679' title='bbox 2008 3975 2218 4047; x_wconf 88' lang='lat' dir='ltr'>aliquas</span> <span class='ocrx_word' id='word_1_680' title='bbox 2247 3976 2481 4032; x_wconf 87' lang='lat' dir='ltr'>actiones</span> <span class='ocrx_word' id='word_1_681' title='bbox 2511 3978 2716 4049; x_wconf 87' lang='lat' dir='ltr'>digere,</span> <span class='ocrx_word' id='word_1_682' title='bbox 2767 3979 2956 4034; x_wconf 88' lang='lat' dir='ltr'>eodem</span> <span class='ocrx_word' id='word_1_683' title='bbox 3008 3983 3170 4038; x_wconf 92' lang='lat' dir='ltr'>modo</span> <span class='ocrx_word' id='word_1_684' title='bbox 3216 3992 3452 4039; x_wconf 85' lang='lat' dir='ltr'>veterem</span> <span class='ocrx_word' id='word_1_685' title='bbox 3501 3988 3606 4042; x_wconf 90' lang='lat' dir='ltr'>ho-</span> 
     </span>
    </p>
   </div>
   <div class='ocr_carea' id='block_1_87' title="bbox 2007 4069 3604 4143">
    <p class='ocr_par' dir='ltr' id='par_1_87' title="bbox 2007 4069 3604 4143">
     <span class='ocr_line' id='line_1_87' title="bbox 2007 4069 3604 4143; baseline 0.005 -19"><span class='ocrx_word' id='word_1_686' title='bbox 2007 4069 2212 4124; x_wconf 90' lang='lat' dir='ltr'>minem</span> <span class='ocrx_word' id='word_1_687' title='bbox 2242 4086 2365 4124; x_wconf 90' lang='lat' dir='ltr'>cum</span> <span class='ocrx_word' id='word_1_688' title='bbox 2408 4070 2551 4127; x_wconf 80' lang='lat' dir='ltr'>vitiis</span> <span class='ocrx_word' id='word_1_689' title='bbox 2601 4078 2654 4125; x_wconf 90' lang='lat' dir='ltr'>et</span> <span class='ocrx_word' id='word_1_690' title='bbox 2699 4073 3145 4143; x_wconf 83' lang='lat' dir='ltr'>concupiscentiis</span> <span class='ocrx_word' id='word_1_691' title='bbox 3189 4076 3383 4130; x_wconf 87' lang='lat' dir='ltr'>nostris</span> <span class='ocrx_word' id='word_1_692' title='bbox 3431 4076 3604 4133; x_wconf 79' lang='lat' dir='ltr'>debe-</span> 
     </span>
    </p>
   </div>
   <div class='ocr_carea' id='block_1_88' title="bbox 2007 4165 3608 4246">
    <p class='ocr_par' dir='ltr' id='par_1_88' title="bbox 2007 4165 3608 4246">
     <span class='ocr_line' id='line_1_88' title="bbox 2007 4165 3608 4246; baseline 0.007 -25"><span class='ocrx_word' id='word_1_693' title='bbox 2007 4183 2128 4221; x_wconf 90' lang='lat' dir='ltr'>mus</span> <span class='ocrx_word' id='word_1_694' title='bbox 2156 4165 2489 4238; x_wconf 86' lang='lat' dir='ltr'>cruciﬁgere,</span> <span class='ocrx_word' id='word_1_695' title='bbox 2524 4174 2580 4221; x_wconf 89' lang='lat' dir='ltr'>ut</span> <span class='ocrx_word' id='word_1_696' title='bbox 2609 4185 2782 4239; x_wconf 89' lang='lat' dir='ltr'>neque</span> <span class='ocrx_word' id='word_1_697' title='bbox 2812 4186 2926 4240; x_wconf 89' lang='lat' dir='ltr'>pes,</span> <span class='ocrx_word' id='word_1_698' title='bbox 2960 4187 3134 4241; x_wconf 88' lang='lat' dir='ltr'>neque</span> <span class='ocrx_word' id='word_1_699' title='bbox 3182 4190 3389 4243; x_wconf 88' lang='lat' dir='ltr'>manus,</span> <span class='ocrx_word' id='word_1_700' title='bbox 3433 4191 3608 4246; x_wconf 84' lang='lat' dir='ltr'>neque</span> 
     </span>
    </p>
   </div>
   <div class='ocr_carea' id='block_1_89' title="bbox 2009 4255 3606 4338">
    <p class='ocr_par' dir='ltr' id='par_1_89' title="bbox 2009 4255 3606 4338">
     <span class='ocr_line' id='line_1_89' title="bbox 2009 4255 3606 4338; baseline 0.008 -28"><span class='ocrx_word' id='word_1_701' title='bbox 2009 4255 2153 4311; x_wconf 89' lang='lat' dir='ltr'>aliud</span> <span class='ocrx_word' id='word_1_702' title='bbox 2183 4256 2507 4322; x_wconf 88' lang='lat' dir='ltr'>membrum,</span> <span class='ocrx_word' id='word_1_703' title='bbox 2542 4257 2708 4328; x_wconf 91' lang='lat' dir='ltr'>possit</span> <span class='ocrx_word' id='word_1_704' title='bbox 2736 4258 2973 4329; x_wconf 84' lang='lat' dir='ltr'>aliquam</span> <span class='ocrx_word' id='word_1_705' title='bbox 3026 4260 3296 4317; x_wconf 84' lang='lat' dir='ltr'>fallaciam</span> <span class='ocrx_word' id='word_1_706' title='bbox 3345 4282 3606 4338; x_wconf 87' lang='lat' dir='ltr'>peragere</span> 
     </span>
    </p>
   </div>
   <div class='ocr_carea' id='block_1_90' title="bbox 2009 4345 3605 4421">
    <p class='ocr_par' dir='ltr' id='par_1_90' title="bbox 2009 4345 3605 4421">
     <span class='ocr_line' id='line_1_90' title="bbox 2009 4345 3605 4421; baseline 0.008 -22"><span class='ocrx_word' id='word_1_707' title='bbox 2009 4361 2107 4400; x_wconf 89' lang='lat' dir='ltr'>nec</span> <span class='ocrx_word' id='word_1_708' title='bbox 2135 4345 2393 4417; x_wconf 88' lang='lat' dir='ltr'>cogitare.</span> <span class='ocrx_word' id='word_1_709' title='bbox 2426 4345 2700 4401; x_wconf 90' lang='lat' dir='ltr'>Tollamus</span> <span class='ocrx_word' id='word_1_710' title='bbox 2729 4363 2859 4421; x_wconf 86' lang='lat' dir='ltr'>ergo</span> <span class='ocrx_word' id='word_1_711' title='bbox 2891 4365 3105 4406; x_wconf 88' lang='lat' dir='ltr'>crucem</span> <span class='ocrx_word' id='word_1_712' title='bbox 3136 4352 3294 4419; x_wconf 90' lang='lat' dir='ltr'>hanc,</span> <span class='ocrx_word' id='word_1_713' title='bbox 3325 4361 3377 4409; x_wconf 92' lang='lat' dir='ltr'>et</span> <span class='ocrx_word' id='word_1_714' title='bbox 3405 4353 3462 4409; x_wconf 88' lang='lat' dir='ltr'>in</span> <span class='ocrx_word' id='word_1_715' title='bbox 3500 4371 3605 4411; x_wconf 85' lang='lat' dir='ltr'>no-</span> 
     </span>
    </p>
   </div>
   <div class='ocr_carea' id='block_1_91' title="bbox 303 4444 3605 4525">
    <p class='ocr_par' dir='ltr' id='par_1_91' title="bbox 303 4444 3605 4525">
     <span class='ocr_line' id='line_1_91' title="bbox 303 4444 3605 4525; baseline -0.002 -9"><span class='ocrx_word' id='word_1_716' title='bbox 303 4460 467 4516; x_wconf 72' lang='lat' dir='ltr'>Iudas</span> <span class='ocrx_word' id='word_1_717' title='bbox 495 4458 569 4513; x_wconf 90' lang='lat' dir='ltr'>ait</span> <span class='ocrx_word' id='word_1_718' title='bbox 598 4472 610 4508; x_wconf 88' lang='lat'>:</span> <span class='ocrx_word' id='word_1_719' title='bbox 671 4478 693 4503; x_wconf 76' lang='grc' dir='ltr'>α</span> <span class='ocrx_word' id='word_1_720' title='bbox 723 4452 978 4523; x_wconf 90' lang='lat' dir='ltr'>Nunquid</span> <span class='ocrx_word' id='word_1_721' title='bbox 1036 4465 1140 4523; x_wconf 90' lang='lat' dir='ltr'>ego</span> <span class='ocrx_word' id='word_1_722' title='bbox 1195 4466 1312 4503; x_wconf 90' lang='lat' dir='ltr'>sum</span> <span class='ocrx_word' id='word_1_723' title='bbox 1369 4447 1542 4502; x_wconf 86' lang='lat' dir='ltr'>Rabbi</span> <span class='ocrx_word' id='word_1_724' title='bbox 1572 4448 1600 4499; x_wconf 84' lang='lat'>‘?</span> <span class='ocrx_word' id='word_1_725' title='bbox 1630 4468 1651 4495; x_wconf 69' lang='grc' dir='ltr'><strong><em>ι»</em></strong></span> <span class='ocrx_word' id='word_1_726' title='bbox 1714 4446 1896 4515; x_wconf 81' lang='lat' dir='ltr'>(ibid.)</span> <span class='ocrx_word' id='word_1_727' title='bbox 1926 4451 1984 4515; x_wconf 81' lang='grc' dir='ltr'>Ι)</span> <span class='ocrx_word' id='word_1_728' title='bbox 2014 4444 2098 4499; x_wconf 92' lang='lat' dir='ltr'>bis</span> <span class='ocrx_word' id='word_1_729' title='bbox 2123 4444 2499 4517; x_wconf 87' lang='lat' dir='ltr'>cruciﬁgamus</span> <span class='ocrx_word' id='word_1_730' title='bbox 2527 4445 2674 4501; x_wconf 82' lang='lat' dir='ltr'>vitia.</span> <span class='ocrx_word' id='word_1_731' title='bbox 2705 4448 2861 4503; x_wconf 92' lang='lat' dir='ltr'>Nunc</span> <span class='ocrx_word' id='word_1_732' title='bbox 2890 4448 3053 4520; x_wconf 86' lang='lat' dir='ltr'>igitur</span> <span class='ocrx_word' id='word_1_733' title='bbox 3081 4467 3355 4521; x_wconf 81' lang='lat' dir='ltr'>exeamus,</span> <span class='ocrx_word' id='word_1_734' title='bbox 3396 4454 3605 4525; x_wconf 87' lang='lat' dir='ltr'>fratres,</span> 
     </span>
    </p>
   </div>
   <div class='ocr_carea' id='block_1_92' title="bbox 301 4534 1906 4610">
    <p class='ocr_par' dir='ltr' id='par_1_92' title="bbox 301 4534 1906 4610">
     <span class='ocr_line' id='line_1_92' title="bbox 301 4534 1906 4610; baseline -0.011 -4"><span class='ocrx_word' id='word_1_735' title='bbox 301 4550 371 4607; x_wconf 82' lang='lat' dir='ltr'>Hi</span> <span class='ocrx_word' id='word_1_736' title='bbox 403 4547 668 4604; x_wconf 87' lang='lat' dir='ltr'>vocabant</span> <span class='ocrx_word' id='word_1_737' title='bbox 696 4534 1019 4608; x_wconf 78' lang='lat' dir='ltr'>Dominum,</span> <span class='ocrx_word' id='word_1_738' title='bbox 1046 4540 1134 4593; x_wconf 90' lang='lat' dir='ltr'>ille</span> <span class='ocrx_word' id='word_1_739' title='bbox 1190 4537 1524 4610; x_wconf 82' lang='lat' dir='ltr'>magistrum,</span> <span class='ocrx_word' id='word_1_740' title='bbox 1588 4534 1714 4606; x_wconf 91' lang='lat' dir='ltr'>quia</span> <span class='ocrx_word' id='word_1_741' title='bbox 1759 4536 1906 4591; x_wconf 83' lang='lat' dir='ltr'>vole-</span> 
     </span>
    </p>
   </div>
   <div class='ocr_carea' id='block_1_93' title="bbox 305 4623 1904 4708">
    <p class='ocr_par' dir='ltr' id='par_1_93' title="bbox 305 4623 1904 4708">
     <span class='ocr_line' id='line_1_93' title="bbox 305 4623 1904 4708; baseline -0.01 -13"><span class='ocrx_word' id='word_1_742' title='bbox 305 4638 401 4695; x_wconf 90' lang='lat' dir='ltr'>bat</span> <span class='ocrx_word' id='word_1_743' title='bbox 428 4642 733 4708; x_wconf 90' lang='lat' dir='ltr'>peccatum,</span> <span class='ocrx_word' id='word_1_744' title='bbox 767 4630 911 4702; x_wconf 92' lang='lat' dir='ltr'>quod</span> <span class='ocrx_word' id='word_1_745' title='bbox 940 4635 1281 4700; x_wconf 87' lang='lat' dir='ltr'>conceperat,</span> <span class='ocrx_word' id='word_1_746' title='bbox 1314 4627 1367 4681; x_wconf 92' lang='lat' dir='ltr'>in</span> <span class='ocrx_word' id='word_1_747' title='bbox 1398 4628 1501 4681; x_wconf 88' lang='lat' dir='ltr'>hoc</span> <span class='ocrx_word' id='word_1_748' title='bbox 1548 4625 1715 4682; x_wconf 79' lang='lat' dir='ltr'>verbo</span> <span class='ocrx_word' id='word_1_749' title='bbox 1761 4623 1904 4695; x_wconf 91' lang='lat' dir='ltr'>quod</span> 
     </span>
    </p>
   </div>
   <div class='ocr_carea' id='block_1_94' title="bbox 305 4723 1903 4804">
    <p class='ocr_par' dir='ltr' id='par_1_94' title="bbox 305 4723 1903 4804">
     <span class='ocr_line' id='line_1_94' title="bbox 305 4723 1903 4804; baseline -0.008 -13"><span class='ocrx_word' id='word_1_750' title='bbox 305 4735 532 4801; x_wconf 81' lang='lat' dir='ltr'>dixerat,</span> <span class='ocrx_word' id='word_1_751' title='bbox 573 4731 848 4804; x_wconf 84' lang='lat' dir='ltr'>Magister,</span> <span class='ocrx_word' id='word_1_752' title='bbox 890 4728 1210 4783; x_wconf 89' lang='lat' dir='ltr'>diminuere.</span> <span class='ocrx_word' id='word_1_753' title='bbox 1253 4724 1430 4779; x_wconf 87' lang='lat' dir='ltr'>Minus</span> <span class='ocrx_word' id='word_1_754' title='bbox 1475 4723 1617 4780; x_wconf 90' lang='lat' dir='ltr'>enim</span> <span class='ocrx_word' id='word_1_755' title='bbox 1674 4723 1903 4779; x_wconf 88' lang='lat' dir='ltr'>videba-</span> 
     </span>
    </p>
   </div>
   <div class='ocr_carea' id='block_1_95' title="bbox 305 4812 1907 4891">
    <p class='ocr_par' dir='ltr' id='par_1_95' title="bbox 305 4812 1907 4891">
     <span class='ocr_line' id='line_1_95' title="bbox 305 4812 1907 4891; baseline -0.01 -9"><span class='ocrx_word' id='word_1_756' title='bbox 305 4833 390 4882; x_wconf 90' lang='lat' dir='ltr'>tur</span> <span class='ocrx_word' id='word_1_757' title='bbox 414 4822 623 4879; x_wconf 89' lang='lat' dir='ltr'>tradere</span> <span class='ocrx_word' id='word_1_758' title='bbox 672 4818 989 4891; x_wconf 89' lang='lat' dir='ltr'>Magistrum</span> <span class='ocrx_word' id='word_1_759' title='bbox 1046 4831 1207 4887; x_wconf 90' lang='lat' dir='ltr'>quam</span> <span class='ocrx_word' id='word_1_760' title='bbox 1259 4814 1571 4870; x_wconf 90' lang='lat' dir='ltr'>Dominum.</span> <span class='ocrx_word' id='word_1_761' title='bbox 1618 4812 1725 4869; x_wconf 91' lang='lat' dir='ltr'>Sed</span> <span class='ocrx_word' id='word_1_762' title='bbox 1766 4815 1907 4867; x_wconf 89' lang='lat' dir='ltr'>hunc</span> 
     </span>
    </p>
   </div>
   <div class='ocr_carea' id='block_1_96' title="bbox 302 4902 1906 4982">
    <p class='ocr_par' dir='ltr' id='par_1_96' title="bbox 302 4902 1906 4982">
     <span class='ocr_line' id='line_1_96' title="bbox 302 4902 1906 4982; baseline -0.012 -11"><span class='ocrx_word' id='word_1_763' title='bbox 302 4914 569 4972; x_wconf 91' lang='lat' dir='ltr'>Dominus</span> <span class='ocrx_word' id='word_1_764' title='bbox 599 4908 857 4982; x_wconf 89' lang='lat' dir='ltr'>patientia</span> <span class='ocrx_word' id='word_1_765' title='bbox 886 4906 1177 4978; x_wconf 86' lang='lat' dir='ltr'>superavit,</span> <span class='ocrx_word' id='word_1_766' title='bbox 1213 4904 1338 4974; x_wconf 90' lang='lat' dir='ltr'>quia</span> <span class='ocrx_word' id='word_1_767' title='bbox 1377 4919 1499 4958; x_wconf 89' lang='lat' dir='ltr'>eum</span> <span class='ocrx_word' id='word_1_768' title='bbox 1546 4902 1762 4972; x_wconf 90' lang='lat' dir='ltr'>pertulit</span> <span class='ocrx_word' id='word_1_769' title='bbox 1792 4918 1803 4953; x_wconf 93' lang='lat'>:</span> <span class='ocrx_word' id='word_1_770' title='bbox 1853 4904 1906 4956; x_wconf 91' lang='lat' dir='ltr'>et</span> 
     </span>
    </p>
   </div>
   <div class='ocr_carea' id='block_1_97' title="bbox 307 4999 1905 5084">
    <p class='ocr_par' dir='ltr' id='par_1_97' title="bbox 307 4999 1905 5084">
     <span class='ocr_line' id='line_1_97' title="bbox 307 4999 1905 5084; baseline -0.01 -15"><span class='ocrx_word' id='word_1_771' title='bbox 307 5010 559 5084; x_wconf 84' lang='lat' dir='ltr'>quamvis</span> <span class='ocrx_word' id='word_1_772' title='bbox 596 5006 809 5065; x_wconf 90' lang='lat' dir='ltr'>noverit</span> <span class='ocrx_word' id='word_1_773' title='bbox 848 5020 971 5061; x_wconf 89' lang='lat' dir='ltr'>eum</span> <span class='ocrx_word' id='word_1_774' title='bbox 1013 5002 1364 5075; x_wconf 89' lang='lat' dir='ltr'>proditorem,</span> <span class='ocrx_word' id='word_1_775' title='bbox 1414 5008 1591 5055; x_wconf 90' lang='lat' dir='ltr'>tamen</span> <span class='ocrx_word' id='word_1_776' title='bbox 1636 4999 1817 5055; x_wconf 90' lang='lat' dir='ltr'>lavare</span> <span class='ocrx_word' id='word_1_777' title='bbox 1856 4999 1905 5054; x_wconf 93' lang='lat' dir='ltr'>ei</span> 
     </span>
    </p>
   </div>
   <div class='ocr_carea' id='block_1_98' title="bbox 310 5087 1904 5175">
    <p class='ocr_par' dir='ltr' id='par_1_98' title="bbox 310 5087 1904 5175">
     <span class='ocr_line' id='line_1_98' title="bbox 310 5087 1904 5175; baseline -0.011 -18"><span class='ocrx_word' id='word_1_778' title='bbox 310 5101 478 5175; x_wconf 90' lang='lat' dir='ltr'>pedes</span> <span class='ocrx_word' id='word_1_779' title='bbox 506 5113 613 5155; x_wconf 90' lang='lat' dir='ltr'>non</span> <span class='ocrx_word' id='word_1_780' title='bbox 645 5094 851 5152; x_wconf 89' lang='lat' dir='ltr'>abnuit.</span> <span class='ocrx_word' id='word_1_781' title='bbox 885 5092 1132 5149; x_wconf 89' lang='lat' dir='ltr'>Traditus</span> <span class='ocrx_word' id='word_1_782' title='bbox 1162 5098 1241 5146; x_wconf 90' lang='lat' dir='ltr'>est</span> <span class='ocrx_word' id='word_1_783' title='bbox 1281 5090 1458 5159; x_wconf 89' lang='lat' dir='ltr'>itaque</span> <span class='ocrx_word' id='word_1_784' title='bbox 1501 5087 1763 5143; x_wconf 90' lang='lat' dir='ltr'>Dominus</span> <span class='ocrx_word' id='word_1_785' title='bbox 1806 5087 1904 5140; x_wconf 89' lang='lat' dir='ltr'>Ju-</span> 
     </span>
    </p>
   </div>
   <div class='ocr_carea' id='block_1_99' title="bbox 306 5174 1903 5255">
    <p class='ocr_par' dir='ltr' id='par_1_99' title="bbox 306 5174 1903 5255">
     <span class='ocr_line' id='line_1_99' title="bbox 306 5174 1903 5255; baseline -0.012 -9"><span class='ocrx_word' id='word_1_786' title='bbox 306 5190 439 5246; x_wconf 71' lang='lat' dir='ltr'>daais</span> <span class='ocrx_word' id='word_1_787' title='bbox 471 5195 523 5244; x_wconf 92' lang='lat' dir='ltr'>et</span> <span class='ocrx_word' id='word_1_788' title='bbox 553 5192 703 5243; x_wconf 84' lang='lat' dir='ltr'>extra</span> <span class='ocrx_word' id='word_1_789' title='bbox 732 5189 945 5255; x_wconf 88' lang='lat' dir='ltr'>portam</span> <span class='ocrx_word' id='word_1_790' title='bbox 995 5197 1182 5252; x_wconf 89' lang='lat' dir='ltr'>passus</span> <span class='ocrx_word' id='word_1_791' title='bbox 1212 5186 1291 5235; x_wconf 89' lang='lat' dir='ltr'>est</span> <span class='ocrx_word' id='word_1_792' title='bbox 1327 5179 1397 5234; x_wconf 89' lang='lat' dir='ltr'>ab</span> <span class='ocrx_word' id='word_1_793' title='bbox 1429 5178 1522 5247; x_wconf 90' lang='lat' dir='ltr'>eis,</span> <span class='ocrx_word' id='word_1_794' title='bbox 1568 5183 1627 5231; x_wconf 91' lang='lat' dir='ltr'>ut</span> <span class='ocrx_word' id='word_1_795' title='bbox 1664 5174 1903 5230; x_wconf 84' lang='lat' dir='ltr'>sanctiﬁ-</span> 
     </span>
    </p>
   </div>
   <div class='ocr_carea' id='block_1_100' title="bbox 306 5272 1906 5358">
    <p class='ocr_par' dir='ltr' id='par_1_100' title="bbox 306 5272 1906 5358">
     <span class='ocr_line' id='line_1_100' title="bbox 306 5272 1906 5358; baseline -0.011 -13"><span class='ocrx_word' id='word_1_796' title='bbox 306 5295 452 5346; x_wconf 89' lang='lat' dir='ltr'>caret</span> <span class='ocrx_word' id='word_1_797' title='bbox 479 5302 578 5358; x_wconf 90' lang='lat' dir='ltr'>per</span> <span class='ocrx_word' id='word_1_798' title='bbox 631 5300 789 5340; x_wconf 89' lang='lat' dir='ltr'>suum</span> <span class='ocrx_word' id='word_1_799' title='bbox 848 5280 1167 5353; x_wconf 90' lang='lat' dir='ltr'>sanguinem</span> <span class='ocrx_word' id='word_1_800' title='bbox 1224 5277 1508 5350; x_wconf 87' lang='lat' dir='ltr'>pepulum.</span> <span class='ocrx_word' id='word_1_801' title='bbox 1582 5298 1603 5325; x_wconf 80' lang='grc' dir='ltr'>α</span> <span class='ocrx_word' id='word_1_802' title='bbox 1638 5272 1906 5330; x_wconf 84' lang='lat' dir='ltr'>Exeamus</span> 
     </span>
    </p>
   </div>
   <div class='ocr_carea' id='block_1_101' title="bbox 305 5365 1903 5452">
    <p class='ocr_par' dir='ltr' id='par_1_101' title="bbox 305 5365 1903 5452">
     <span class='ocr_line' id='line_1_101' title="bbox 305 5365 1903 5452; baseline -0.011 -18"><span class='ocrx_word' id='word_1_803' title='bbox 305 5378 472 5452; x_wconf 87' lang='lat' dir='ltr'>igitur</span> <span class='ocrx_word' id='word_1_804' title='bbox 500 5375 567 5431; x_wconf 91' lang='lat' dir='ltr'>ad</span> <span class='ocrx_word' id='word_1_805' title='bbox 597 5389 719 5430; x_wconf 91' lang='lat' dir='ltr'>eum</span> <span class='ocrx_word' id='word_1_806' title='bbox 743 5379 897 5429; x_wconf 85' lang='lat' dir='ltr'>extra</span> <span class='ocrx_word' id='word_1_807' title='bbox 940 5378 1132 5437; x_wconf 87' lang='lat' dir='ltr'>castra,</span> <span class='ocrx_word' id='word_1_808' title='bbox 1183 5366 1571 5439; x_wconf 87' lang='lat' dir='ltr'>improperium</span> <span class='ocrx_word' id='word_1_809' title='bbox 1616 5365 1729 5435; x_wconf 89' lang='lat' dir='ltr'>ejus</span> <span class='ocrx_word' id='word_1_810' title='bbox 1770 5381 1903 5436; x_wconf 90' lang='lat' dir='ltr'>por-</span> 
     </span>
    </p>
   </div>
   <div class='ocr_carea' id='block_1_102' title="bbox 306 5462 939 5535">
    <p class='ocr_par' dir='ltr' id='par_1_102' title="bbox 306 5462 939 5535">
     <span class='ocr_line' id='line_1_102' title="bbox 306 5462 939 5535; baseline -0.019 -11"><span class='ocrx_word' id='word_1_811' title='bbox 306 5474 480 5524; x_wconf 87' lang='lat' dir='ltr'>tantes</span> <span class='ocrx_word' id='word_1_812' title='bbox 509 5464 691 5535; x_wconf 80' lang='lat' dir='ltr'>(Heln&#39;.</span> <span class='ocrx_word' id='word_1_813' title='bbox 722 5462 880 5533; x_wconf 77' lang='lat' dir='ltr'>xm).</span> <span class='ocrx_word' id='word_1_814' title='bbox 917 5482 939 5510; x_wconf 83' lang='lat'><strong>»</strong></span> 
     </span>
    </p>
   </div>
   <div class='ocr_carea' id='block_1_103' title="bbox 376 5567 1905 5648">
    <p class='ocr_par' dir='ltr' id='par_1_103' title="bbox 376 5567 1905 5648">
     <span class='ocr_line' id='line_1_103' title="bbox 376 5567 1905 5648; baseline -0.01 -10"><span class='ocrx_word' id='word_1_815' title='bbox 376 5576 668 5637; x_wconf 84' lang='lat' dir='ltr'>Recordari</span> <span class='ocrx_word' id='word_1_816' title='bbox 696 5575 861 5648; x_wconf 87' lang='lat' dir='ltr'>igitur</span> <span class='ocrx_word' id='word_1_817' title='bbox 906 5573 1168 5629; x_wconf 90' lang='lat' dir='ltr'>debemus</span> <span class='ocrx_word' id='word_1_818' title='bbox 1213 5577 1469 5641; x_wconf 91' lang='lat' dir='ltr'>quantum</span> <span class='ocrx_word' id='word_1_819' title='bbox 1514 5567 1905 5641; x_wconf 87' lang='lat' dir='ltr'>improperium</span> 
     </span>
    </p>
   </div>
   <div class='ocr_carea' id='block_1_104' title="bbox 308 5658 1903 5746">
    <p class='ocr_par' dir='ltr' id='par_1_104' title="bbox 308 5658 1903 5746">
     <span class='ocr_line' id='line_1_104' title="bbox 308 5658 1903 5746; baseline -0.011 -18"><span class='ocrx_word' id='word_1_820' title='bbox 308 5687 406 5746; x_wconf 85' lang='lat' dir='ltr'>pro</span> <span class='ocrx_word' id='word_1_821' title='bbox 437 5668 594 5726; x_wconf 90' lang='lat' dir='ltr'>nobis</span> <span class='ocrx_word' id='word_1_822' title='bbox 619 5681 809 5738; x_wconf 88' lang='lat' dir='ltr'>passus</span> <span class='ocrx_word' id='word_1_823' title='bbox 854 5671 935 5720; x_wconf 91' lang='lat' dir='ltr'>est</span> <span class='ocrx_word' id='word_1_824' title='bbox 976 5661 1256 5729; x_wconf 90' lang='lat' dir='ltr'>Dominus,</span> <span class='ocrx_word' id='word_1_825' title='bbox 1308 5658 1452 5729; x_wconf 88' lang='lat' dir='ltr'>quia,</span> <span class='ocrx_word' id='word_1_826' title='bbox 1501 5674 1625 5714; x_wconf 90' lang='lat' dir='ltr'>cum</span> <span class='ocrx_word' id='word_1_827' title='bbox 1673 5658 1741 5714; x_wconf 86' lang='lat' dir='ltr'>ad</span> <span class='ocrx_word' id='word_1_828' title='bbox 1788 5665 1903 5713; x_wconf 91' lang='lat' dir='ltr'>tur-</span> 
     </span>
    </p>
   </div>
   <div class='ocr_carea' id='block_1_105' title="bbox 306 5748 1901 5835">
    <p class='ocr_par' dir='ltr' id='par_1_105' title="bbox 306 5748 1901 5835">
     <span class='ocr_line' id='line_1_105' title="bbox 306 5748 1901 5835; baseline -0.009 -17"><span class='ocrx_word' id='word_1_829' title='bbox 306 5777 436 5835; x_wconf 88' lang='lat' dir='ltr'>pem</span> <span class='ocrx_word' id='word_1_830' title='bbox 466 5758 750 5817; x_wconf 88' lang='lat' dir='ltr'>duceretur</span> <span class='ocrx_word' id='word_1_831' title='bbox 776 5760 1026 5821; x_wconf 87' lang='lat' dir='ltr'>mortem,</span> <span class='ocrx_word' id='word_1_832' title='bbox 1058 5757 1211 5806; x_wconf 85' lang='lat' dir='ltr'>extra</span> <span class='ocrx_word' id='word_1_833' title='bbox 1238 5748 1511 5807; x_wconf 84' lang='lat' dir='ltr'>civitatem</span> <span class='ocrx_word' id='word_1_834' title='bbox 1558 5748 1761 5819; x_wconf 89' lang='lat' dir='ltr'>ejectus</span> <span class='ocrx_word' id='word_1_835' title='bbox 1805 5754 1901 5818; x_wconf 89' lang='lat' dir='ltr'>est,</span> 
     </span>
    </p>
   </div>
   <div class='ocr_carea' id='block_1_106' title="bbox 633 5844 1174 5920">
    <p class='ocr_par' dir='ltr' id='par_1_106' title="bbox 633 5844 1174 5920">
     <span class='ocr_line' id='line_1_106' title="bbox 633 5844 1174 5920; baseline -0.007 0"><span class='ocrx_word' id='word_1_836' title='bbox 633 5849 901 5920; x_wconf 57' lang='lat' dir='ltr'>Parnm&quot;</span> <span class='ocrx_word' id='word_1_837' title='bbox 934 5844 1174 5917; x_wconf 82' lang='lat' dir='ltr'>CLVII.</span> 
     </span>
    </p>
   </div>
   <div class='ocr_carea' id='block_1_107' title="bbox 2014 4533 3608 4606">
    <p class='ocr_par' dir='ltr' id='par_1_107' title="bbox 2014 4533 3608 4606">
     <span class='ocr_line' id='line_1_107' title="bbox 2014 4533 3608 4606; baseline 0.006 -16"><span class='ocrx_word' id='word_1_838' title='bbox 2014 4533 2225 4590; x_wconf 87' lang='lat' dir='ltr'>Christo</span> <span class='ocrx_word' id='word_1_839' title='bbox 2255 4534 2474 4590; x_wconf 87' lang='lat' dir='ltr'>obviam</span> <span class='ocrx_word' id='word_1_840' title='bbox 2505 4552 2623 4590; x_wconf 88' lang='lat' dir='ltr'>cum</span> <span class='ocrx_word' id='word_1_841' title='bbox 2655 4538 2870 4606; x_wconf 89' lang='lat' dir='ltr'>palmis,</span> <span class='ocrx_word' id='word_1_842' title='bbox 2906 4538 2962 4592; x_wconf 90' lang='lat' dir='ltr'>id</span> <span class='ocrx_word' id='word_1_843' title='bbox 3006 4547 3085 4595; x_wconf 89' lang='lat' dir='ltr'>est</span> <span class='ocrx_word' id='word_1_844' title='bbox 3129 4541 3367 4597; x_wconf 91' lang='lat' dir='ltr'>victoriis</span> <span class='ocrx_word' id='word_1_845' title='bbox 3412 4545 3608 4600; x_wconf 89' lang='lat' dir='ltr'>habitis</span> 
     </span>
    </p>
   </div>
   <div class='ocr_carea' id='block_1_108' title="bbox 2013 4622 3606 4696">
    <p class='ocr_par' dir='ltr' id='par_1_108' title="bbox 2013 4622 3606 4696">
     <span class='ocr_line' id='line_1_108' title="bbox 2013 4622 3606 4696; baseline 0.008 -19"><span class='ocrx_word' id='word_1_846' title='bbox 2013 4639 2175 4693; x_wconf 82' lang='lat' dir='ltr'>super</span> <span class='ocrx_word' id='word_1_847' title='bbox 2202 4622 2421 4679; x_wconf 88' lang='lat' dir='ltr'>diabolo</span> <span class='ocrx_word' id='word_1_848' title='bbox 2452 4631 2506 4679; x_wconf 91' lang='lat' dir='ltr'>et</span> <span class='ocrx_word' id='word_1_849' title='bbox 2532 4625 2727 4696; x_wconf 90' lang='lat' dir='ltr'>opibus</span> <span class='ocrx_word' id='word_1_850' title='bbox 2751 4627 2884 4695; x_wconf 87' lang='lat' dir='ltr'>ejus,</span> <span class='ocrx_word' id='word_1_851' title='bbox 2918 4636 2970 4682; x_wconf 91' lang='lat' dir='ltr'>et</span> <span class='ocrx_word' id='word_1_852' title='bbox 2998 4645 3121 4683; x_wconf 91' lang='lat' dir='ltr'>cum</span> <span class='ocrx_word' id='word_1_853' title='bbox 3167 4630 3388 4686; x_wconf 87' lang='lat' dir='ltr'>ﬂoribus</span> <span class='ocrx_word' id='word_1_854' title='bbox 3432 4633 3606 4689; x_wconf 89' lang='lat' dir='ltr'>virtu-</span> 
     </span>
    </p>
   </div>
   <div class='ocr_carea' id='block_1_109' title="bbox 2014 4719 3610 4799">
    <p class='ocr_par' dir='ltr' id='par_1_109' title="bbox 2014 4719 3610 4799">
     <span class='ocr_line' id='line_1_109' title="bbox 2014 4719 3610 4799; baseline 0.006 -24"><span class='ocrx_word' id='word_1_855' title='bbox 2014 4728 2145 4776; x_wconf 90' lang='lat' dir='ltr'>tum.</span> <span class='ocrx_word' id='word_1_856' title='bbox 2189 4719 2393 4777; x_wconf 79' lang='lat' dir='ltr'>Oﬁ‘erat</span> <span class='ocrx_word' id='word_1_857' title='bbox 2422 4721 2557 4777; x_wconf 89' lang='lat' dir='ltr'>alius</span> <span class='ocrx_word' id='word_1_858' title='bbox 2583 4722 2770 4777; x_wconf 87' lang='lat' dir='ltr'>ﬂorem</span> <span class='ocrx_word' id='word_1_859' title='bbox 2800 4724 3119 4795; x_wconf 88' lang='lat' dir='ltr'>dilectionis,</span> <span class='ocrx_word' id='word_1_860' title='bbox 3151 4744 3272 4797; x_wconf 67' lang='lat' dir='ltr'>quae</span> <span class='ocrx_word' id='word_1_861' title='bbox 3300 4729 3610 4799; x_wconf 88' lang='lat' dir='ltr'>principalis</span> 
     </span>
    </p>
   </div>
   <div class='ocr_carea' id='block_1_110' title="bbox 2014 4810 3602 4889">
    <p class='ocr_par' dir='ltr' id='par_1_110' title="bbox 2014 4810 3602 4889">
     <span class='ocr_line' id='line_1_110' title="bbox 2014 4810 3602 4889; baseline 0.006 -23"><span class='ocrx_word' id='word_1_862' title='bbox 2014 4819 2093 4866; x_wconf 86' lang='lat' dir='ltr'>est</span> <span class='ocrx_word' id='word_1_863' title='bbox 2118 4810 2273 4865; x_wconf 79' lang='lat' dir='ltr'>radix</span> <span class='ocrx_word' id='word_1_864' title='bbox 2300 4810 2541 4866; x_wconf 90' lang='lat' dir='ltr'>omnium</span> <span class='ocrx_word' id='word_1_865' title='bbox 2575 4812 2846 4866; x_wconf 89' lang='lat' dir='ltr'>virtutum.</span> <span class='ocrx_word' id='word_1_866' title='bbox 2878 4814 2957 4868; x_wconf 93' lang='lat' dir='ltr'>De</span> <span class='ocrx_word' id='word_1_867' title='bbox 2994 4831 3100 4884; x_wconf 90' lang='lat' dir='ltr'>qua</span> <span class='ocrx_word' id='word_1_868' title='bbox 3145 4816 3219 4870; x_wconf 91' lang='lat' dir='ltr'>ait</span> <span class='ocrx_word' id='word_1_869' title='bbox 3264 4815 3558 4889; x_wconf 86' lang='lat' dir='ltr'>Gregorius</span> <span class='ocrx_word' id='word_1_870' title='bbox 3590 4864 3602 4877; x_wconf 94' lang='lat'>.</span> 
     </span>
    </p>
   </div>
   <div class='ocr_carea' id='block_1_111' title="bbox 2018 4907 3602 4986">
    <p class='ocr_par' dir='ltr' id='par_1_111' title="bbox 2018 4907 3602 4986">
     <span class='ocr_line' id='line_1_111' title="bbox 2018 4907 3602 4986; baseline 0.007 -27"><span class='ocrx_word' id='word_1_871' title='bbox 2018 4928 2041 4959; x_wconf 72' lang='grc' dir='ltr'><strong>α</strong></span> <span class='ocrx_word' id='word_1_872' title='bbox 2077 4907 2225 4963; x_wconf 89' lang='lat' dir='ltr'>Sicut</span> <span class='ocrx_word' id='word_1_873' title='bbox 2254 4907 2406 4962; x_wconf 91' lang='lat' dir='ltr'>multi</span> <span class='ocrx_word' id='word_1_874' title='bbox 2436 4908 2643 4963; x_wconf 89' lang='lat' dir='ltr'>arboris</span> <span class='ocrx_word' id='word_1_875' title='bbox 2669 4908 2826 4977; x_wconf 90' lang='lat' dir='ltr'>rami,</span> <span class='ocrx_word' id='word_1_876' title='bbox 2857 4925 2925 4963; x_wconf 89' lang='lat' dir='ltr'>ex</span> <span class='ocrx_word' id='word_1_877' title='bbox 2955 4927 3060 4966; x_wconf 92' lang='lat' dir='ltr'>una</span> <span class='ocrx_word' id='word_1_878' title='bbox 3088 4911 3269 4967; x_wconf 87' lang='lat' dir='ltr'>radice</span> <span class='ocrx_word' id='word_1_879' title='bbox 3317 4914 3602 4986; x_wconf 88' lang='lat' dir='ltr'>prodeunt,</span> 
     </span>
    </p>
   </div>
   <div class='ocr_carea' id='block_1_112' title="bbox 2012 5004 3597 5082">
    <p class='ocr_par' dir='ltr' id='par_1_112' title="bbox 2012 5004 3597 5082">
     <span class='ocr_line' id='line_1_112' title="bbox 2012 5004 3597 5082; baseline 0.003 -22"><span class='ocrx_word' id='word_1_880' title='bbox 2012 5004 2088 5061; x_wconf 91' lang='lat' dir='ltr'>sic</span> <span class='ocrx_word' id='word_1_881' title='bbox 2125 5006 2308 5061; x_wconf 67' lang='lat' dir='ltr'>multa:</span> <span class='ocrx_word' id='word_1_882' title='bbox 2346 5005 2569 5062; x_wconf 87' lang='lat' dir='ltr'>virtutes</span> <span class='ocrx_word' id='word_1_883' title='bbox 2606 5022 2674 5061; x_wconf 84' lang='lat' dir='ltr'>ex</span> <span class='ocrx_word' id='word_1_884' title='bbox 2726 5022 2836 5061; x_wconf 90' lang='lat' dir='ltr'>una</span> <span class='ocrx_word' id='word_1_885' title='bbox 2888 5009 3146 5064; x_wconf 87' lang='lat' dir='ltr'>charitate</span> <span class='ocrx_word' id='word_1_886' title='bbox 3195 5020 3538 5082; x_wconf 86' lang='lat' dir='ltr'>generantur.</span> <span class='ocrx_word' id='word_1_887' title='bbox 3575 5036 3597 5064; x_wconf 78' lang='grc' dir='ltr'><strong>υ</strong></span> 
     </span>
    </p>
   </div>
   <div class='ocr_carea' id='block_1_113' title="bbox 2010 5093 3595 5168">
    <p class='ocr_par' dir='ltr' id='par_1_113' title="bbox 2010 5093 3595 5168">
     <span class='ocr_line' id='line_1_113' title="bbox 2010 5093 3595 5168; baseline 0.008 -21"><span class='ocrx_word' id='word_1_888' title='bbox 2010 5094 2159 5149; x_wconf 87' lang='lat' dir='ltr'>Alius</span> <span class='ocrx_word' id='word_1_889' title='bbox 2187 5093 2373 5151; x_wconf 77' lang='lat' dir='ltr'>offerat</span> <span class='ocrx_word' id='word_1_890' title='bbox 2400 5094 2589 5151; x_wconf 80' lang='lat' dir='ltr'>florem</span> <span class='ocrx_word' id='word_1_891' title='bbox 2620 5095 2945 5168; x_wconf 87' lang='lat' dir='ltr'>virginitatis</span> <span class='ocrx_word' id='word_1_892' title='bbox 2991 5105 3045 5153; x_wconf 92' lang='lat' dir='ltr'>et</span> <span class='ocrx_word' id='word_1_893' title='bbox 3093 5099 3265 5153; x_wconf 91' lang='lat' dir='ltr'>lilium</span> <span class='ocrx_word' id='word_1_894' title='bbox 3312 5102 3595 5159; x_wconf 88' lang='lat' dir='ltr'>castitatis.</span> 
     </span>
    </p>
   </div>
   <div class='ocr_carea' id='block_1_114' title="bbox 2011 5184 3606 5264">
    <p class='ocr_par' dir='ltr' id='par_1_114' title="bbox 2011 5184 3606 5264">
     <span class='ocr_line' id='line_1_114' title="bbox 2011 5184 3606 5264; baseline 0.007 -26"><span class='ocrx_word' id='word_1_895' title='bbox 2011 5184 2140 5239; x_wconf 71' lang='lat' dir='ltr'>Haec</span> <span class='ocrx_word' id='word_1_896' title='bbox 2179 5192 2257 5239; x_wconf 91' lang='lat' dir='ltr'>est</span> <span class='ocrx_word' id='word_1_897' title='bbox 2294 5184 2387 5239; x_wconf 91' lang='lat' dir='ltr'>illa</span> <span class='ocrx_word' id='word_1_898' title='bbox 2450 5184 2619 5241; x_wconf 87' lang='lat' dir='ltr'>virtus</span> <span class='ocrx_word' id='word_1_899' title='bbox 2683 5200 2803 5256; x_wconf 58' lang='lat' dir='ltr'>qua</span> <span class='ocrx_word' id='word_1_900' title='bbox 2868 5188 3264 5246; x_wconf 83' lang='lat' dir='ltr'>commendavit</span> <span class='ocrx_word' id='word_1_901' title='bbox 3322 5191 3606 5264; x_wconf 86' lang='lat' dir='ltr'>Joannem,</span> 
     </span>
    </p>
   </div>
   <div class='ocr_carea' id='block_1_115' title="bbox 2012 5279 3611 5355">
    <p class='ocr_par' dir='ltr' id='par_1_115' title="bbox 2012 5279 3611 5355">
     <span class='ocr_line' id='line_1_115' title="bbox 2012 5279 3611 5355; baseline 0.009 -21"><span class='ocrx_word' id='word_1_902' title='bbox 2012 5295 2172 5350; x_wconf 89' lang='lat' dir='ltr'>quem</span> <span class='ocrx_word' id='word_1_903' title='bbox 2204 5279 2468 5352; x_wconf 88' lang='lat' dir='ltr'>diligebat</span> <span class='ocrx_word' id='word_1_904' title='bbox 2491 5281 2662 5348; x_wconf 73' lang='lat' dir='ltr'>Iesus,</span> <span class='ocrx_word' id='word_1_905' title='bbox 2697 5281 2825 5352; x_wconf 90' lang='lat' dir='ltr'>quia</span> <span class='ocrx_word' id='word_1_906' title='bbox 2852 5281 3007 5355; x_wconf 89' lang='lat' dir='ltr'>virgo</span> <span class='ocrx_word' id='word_1_907' title='bbox 3055 5284 3256 5341; x_wconf 89' lang='lat' dir='ltr'>electus</span> <span class='ocrx_word' id='word_1_908' title='bbox 3303 5295 3383 5343; x_wconf 89' lang='lat' dir='ltr'>est</span> <span class='ocrx_word' id='word_1_909' title='bbox 3422 5305 3457 5345; x_wconf 90' lang='lat' dir='ltr'>a</span> <span class='ocrx_word' id='word_1_910' title='bbox 3501 5292 3611 5349; x_wconf 86' lang='lat' dir='ltr'>Do-</span> 
     </span>
    </p>
   </div>
   <div class='ocr_carea' id='block_1_116' title="bbox 2009 5368 3612 5445">
    <p class='ocr_par' dir='ltr' id='par_1_116' title="bbox 2009 5368 3612 5445">
     <span class='ocr_line' id='line_1_116' title="bbox 2009 5368 3612 5445; baseline 0.009 -22"><span class='ocrx_word' id='word_1_911' title='bbox 2009 5368 2178 5437; x_wconf 91' lang='lat' dir='ltr'>mino,</span> <span class='ocrx_word' id='word_1_912' title='bbox 2211 5385 2371 5439; x_wconf 87' lang='lat' dir='ltr'>quem</span> <span class='ocrx_word' id='word_1_913' title='bbox 2402 5369 2517 5440; x_wconf 88' lang='lat' dir='ltr'>ipse</span> <span class='ocrx_word' id='word_1_914' title='bbox 2548 5369 2732 5425; x_wconf 88' lang='lat' dir='ltr'>laudat</span> <span class='ocrx_word' id='word_1_915' title='bbox 2758 5370 2813 5424; x_wconf 92' lang='lat' dir='ltr'>in</span> <span class='ocrx_word' id='word_1_916' title='bbox 2858 5373 3180 5445; x_wconf 84' lang='lat' dir='ltr'>Apocalypsi</span> <span class='ocrx_word' id='word_1_917' title='bbox 3212 5392 3225 5429; x_wconf 88' lang='lat'><strong>:</strong></span> <span class='ocrx_word' id='word_1_918' title='bbox 3283 5400 3306 5427; x_wconf 75' lang='grc' dir='ltr'>α</span> <span class='ocrx_word' id='word_1_919' title='bbox 3362 5379 3431 5434; x_wconf 87' lang='lat' dir='ltr'>Hi</span> <span class='ocrx_word' id='word_1_920' title='bbox 3486 5390 3612 5438; x_wconf 89' lang='lat' dir='ltr'>sunt</span> 
     </span>
    </p>
   </div>
   <div class='ocr_carea' id='block_1_117' title="bbox 2012 5458 3605 5543">
    <p class='ocr_par' dir='ltr' id='par_1_117' title="bbox 2012 5458 3605 5543">
     <span class='ocr_line' id='line_1_117' title="bbox 2012 5458 3605 5543; baseline 0.012 -32"><span class='ocrx_word' id='word_1_921' title='bbox 2012 5458 2102 5528; x_wconf 90' lang='lat' dir='ltr'>qui</span> <span class='ocrx_word' id='word_1_922' title='bbox 2122 5474 2245 5514; x_wconf 91' lang='lat' dir='ltr'>cum</span> <span class='ocrx_word' id='word_1_923' title='bbox 2266 5458 2585 5513; x_wconf 89' lang='lat' dir='ltr'>mulieribus</span> <span class='ocrx_word' id='word_1_924' title='bbox 2603 5475 2711 5515; x_wconf 93' lang='lat' dir='ltr'>non</span> <span class='ocrx_word' id='word_1_925' title='bbox 2726 5467 2851 5517; x_wconf 88' lang='lat' dir='ltr'>sunt</span> <span class='ocrx_word' id='word_1_926' title='bbox 2868 5460 3218 5534; x_wconf 90' lang='lat' dir='ltr'>coinquinati,</span> <span class='ocrx_word' id='word_1_927' title='bbox 3240 5488 3264 5517; x_wconf 76' lang='grc' dir='ltr'>ιι</span> <span class='ocrx_word' id='word_1_928' title='bbox 3290 5474 3392 5524; x_wconf 88' lang='lat' dir='ltr'>etc.</span> <span class='ocrx_word' id='word_1_929' title='bbox 3415 5468 3605 5543; x_wconf 81' lang='lat' dir='ltr'>(Apoc.</span> 
     </span>
    </p>
   </div>
   <div class='ocr_carea' id='block_1_118' title="bbox 2010 5553 3610 5631">
    <p class='ocr_par' dir='ltr' id='par_1_118' title="bbox 2010 5553 3610 5631">
     <span class='ocr_line' id='line_1_118' title="bbox 2010 5553 3610 5631; baseline 0.007 -21"><span class='ocrx_word' id='word_1_930' title='bbox 2010 5558 2153 5626; x_wconf 74' lang='lat' dir='ltr'>xxv).</span> <span class='ocrx_word' id='word_1_931' title='bbox 2188 5554 2335 5608; x_wconf 89' lang='lat' dir='ltr'>Alius</span> <span class='ocrx_word' id='word_1_932' title='bbox 2364 5553 2432 5608; x_wconf 87' lang='lat' dir='ltr'>sit</span> <span class='ocrx_word' id='word_1_933' title='bbox 2485 5554 2742 5624; x_wconf 65' lang='lat' dir='ltr'>praeditus</span> <span class='ocrx_word' id='word_1_934' title='bbox 2796 5556 2926 5612; x_wconf 84' lang='lat' dir='ltr'>tlorc</span> <span class='ocrx_word' id='word_1_935' title='bbox 2982 5560 3314 5631; x_wconf 86' lang='lat' dir='ltr'>humilitatis,</span> <span class='ocrx_word' id='word_1_936' title='bbox 3371 5565 3610 5622; x_wconf 88' lang='lat' dir='ltr'>imitatus</span> 
     </span>
    </p>
   </div>
   <div class='ocr_carea' id='block_1_119' title="bbox 2012 5643 3611 5719">
    <p class='ocr_par' dir='ltr' id='par_1_119' title="bbox 2012 5643 3611 5719">
     <span class='ocr_line' id='line_1_119' title="bbox 2012 5643 3611 5719; baseline 0.008 -19"><span class='ocrx_word' id='word_1_937' title='bbox 2012 5661 2135 5700; x_wconf 89' lang='lat' dir='ltr'>eum</span> <span class='ocrx_word' id='word_1_938' title='bbox 2166 5643 2257 5714; x_wconf 93' lang='lat' dir='ltr'>qui</span> <span class='ocrx_word' id='word_1_939' title='bbox 2287 5644 2404 5698; x_wconf 88' lang='lat' dir='ltr'>ait:</span> <span class='ocrx_word' id='word_1_940' title='bbox 2472 5665 2493 5691; x_wconf 81' lang='grc' dir='ltr'>α</span> <span class='ocrx_word' id='word_1_941' title='bbox 2526 5643 2724 5700; x_wconf 91' lang='lat' dir='ltr'>Discite</span> <span class='ocrx_word' id='word_1_942' title='bbox 2781 5662 2814 5700; x_wconf 92' lang='lat' dir='ltr'>a</span> <span class='ocrx_word' id='word_1_943' title='bbox 2867 5663 2955 5701; x_wconf 90' lang='lat' dir='ltr'>me</span> <span class='ocrx_word' id='word_1_944' title='bbox 3012 5650 3137 5719; x_wconf 88' lang='lat' dir='ltr'>quia</span> <span class='ocrx_word' id='word_1_945' title='bbox 3192 5652 3337 5708; x_wconf 83' lang='lat' dir='ltr'>mitis</span> <span class='ocrx_word' id='word_1_946' title='bbox 3388 5671 3509 5710; x_wconf 91' lang='lat' dir='ltr'>sum</span> <span class='ocrx_word' id='word_1_947' title='bbox 3558 5664 3611 5711; x_wconf 89' lang='lat' dir='ltr'>et</span> 
     </span>
    </p>
   </div>
   <div class='ocr_carea' id='block_1_120' title="bbox 2010 5741 3612 5817">
    <p class='ocr_par' dir='ltr' id='par_1_120' title="bbox 2010 5741 3612 5817">
     <span class='ocr_line' id='line_1_120' title="bbox 2010 5741 3612 5817; baseline 0.006 -16"><span class='ocrx_word' id='word_1_948' title='bbox 2010 5742 2230 5801; x_wconf 89' lang='lat' dir='ltr'>humilis</span> <span class='ocrx_word' id='word_1_949' title='bbox 2256 5741 2420 5801; x_wconf 90' lang='lat' dir='ltr'>corde</span> <span class='ocrx_word' id='word_1_950' title='bbox 2444 5742 2668 5817; x_wconf 77' lang='lat' dir='ltr'>(Matth.</span> <span class='ocrx_word' id='word_1_951' title='bbox 2700 5744 2801 5816; x_wconf 81' lang='lat' dir='ltr'>xi).</span> <span class='ocrx_word' id='word_1_952' title='bbox 2830 5767 2851 5794; x_wconf 84' lang='lat'><em>»</em></span> <span class='ocrx_word' id='word_1_953' title='bbox 2872 5745 3048 5802; x_wconf 86' lang='lat' dir='ltr'>Alium</span> <span class='ocrx_word' id='word_1_954' title='bbox 3079 5747 3300 5807; x_wconf 86' lang='lat' dir='ltr'>decoret</span> <span class='ocrx_word' id='word_1_955' title='bbox 3324 5751 3424 5810; x_wconf 85' lang='lat' dir='ltr'>ﬂos</span> <span class='ocrx_word' id='word_1_956' title='bbox 3443 5752 3612 5809; x_wconf 85' lang='lat' dir='ltr'>mise-</span> 
     </span>
    </p>
   </div>
   <div class='ocr_carea' id='block_1_121' title="bbox 3215 5849 3297 5911">
    <p class='ocr_par' dir='ltr' id='par_1_121' title="bbox 3215 5849 3297 5911">
     <span class='ocr_line' id='line_1_121' title="bbox 3215 5849 3297 5911; baseline 0 0"><span class='ocrx_word' id='word_1_957' title='bbox 3215 5849 3297 5911; x_wconf 81' lang='lat'>29</span> 
     </span>
    </p>
   </div>
  </div>
