4010 6074
463 219 570 275 907

1570 209 1924 266 WERNERI
1977 208 2266 267 ABBATIS
2303 207 2361 265 S.
2412 208 2651 267 BLASII‘

465 341 732 409 ricordiae,
774 339 901 411 quia
953 360 977 388 π
1024 337 1170 395 beati
1215 332 1606 402 misericordes,
1652 335 1908 406 quoniam
1954 335 2056 406 ipsi
2086 353 2142 415 Α
2172 335 2389 407 excipit.
2422 324 2631 404 Quibus
2658 335 2885 406 stipatus
2913 337 3175 408 templum
3214 338 3524 412 ingrediens
3575 355 3771 397 emar-

466 428 891 486 misericordiam
919 434 1337 498 consequentur.
1385 447 1409 473 ιι
1443 424 1592 480 Alius
1626 432 1807 480 teneat
1849 440 2061 480 ramum

462 526 823 599 pmuitentiaa,
855 525 983 597 quia
1016 548 1038 576 α
1070 524 1217 581 beati
1244 522 1337 596 qui
1363 521 1607 579 fecerunt
1623 521 2016 595 paenitentiam,
2035 543 2058 572 υ

465 623 575 673 etc.
614 615 766 672 Alius
818 621 1125 672 concremet
1189 614 1344 670 thura
1404 610 1725 678 orationum,
1788 609 2062 667 dicendo:

471 726 494 755 α
526 704 804 777 Dirigatur
837 703 1009 761 oratio
1049 717 1191 772 mea,
1249 708 1352 758 etc.
1421 700 1599 770 (Prol.
1652 701 1805 770 exn).
1840 722 1862 749 ιι
1915 699 2068 757 Alius

466 801 653 867 pascat
679 793 736 849 in
758 794 966 851 Christo
987 807 1300 865 pauperem,
1322 788 1673 846 reminiscens
1708 787 1843 846 illud
1880 789 2066 844 Evan-

465 884 702 957 gelicum
738 901 751 939 :
781 903 805 931 σι
840 881 998 951 Quod
1027 880 1121 937 uni
1145 897 1214 937 ex
1242 878 1484 935 minimis
1511 878 1648 934 meis
1694 877 1913 947 fecistis,
1961 884 2064 933 etc.

466 972 692 1044 (Matth.
724 974 884 1039 xxv).
929 992 951 1021 ιι
978 970 1049 1026 Et
1077 969 1254 1025 nullus
1307 968 1384 1023 ita
1426 966 1648 1023 accedat
1699 982 1902 1025 vacuus
1944 972 2069 1023 ante

465 1061 780 1129 Dominum,
812 1067 872 1115 ut
894 1066 1204 1115 mereantur
1230 1072 1418 1113 omnes
1473 1055 1695 1127 aequari,
1755 1062 1809 1111 et
1863 1062 1923 1110 ut
1974 1070 2068 1111 eos

465 1149 821 1222 supersedens
849 1148 1043 1206 ducere
1082 1156 1137 1205 et
1180 1162 1370 1220 regere
1427 1144 1496 1201 ad
1540 1144 1752 1215 palmas
1805 1143 2065 1200 Hierusa-

467 1241 578 1297 lem
605 1238 876 1313 dignetur.
909 1235 1082 1312 Igitur
1108 1235 1447 1309 ingrediente
1475 1233 1708 1290 Domiuo
1738 1249 1860 1290 cum
1902 1233 2068 1289 turbis

471 1328 764 1398 civitatem,
808 1326 963 1382 turba
1016 1340 1308 1397 puerorum
1364 1338 1429 1380 ac
1482 1330 1651 1379 totum
1706 1322 1902 1396 vulgus
1943 1338 2065 1378 cum

466 1424 667 1498 palmis
692 1424 911 1485 obviam
935 1422 1160 1497 proruit,
1192 1429 1246 1479 et
1270 1437 1459 1495 regem
1486 1419 1677 1494 gloria
1705 1435 1828 1477 cum
1853 1420 2068 1493 hymnis

2171 432 2251 480 tes
2278 431 2332 480 et
2361 423 2654 481 vendentes
2680 425 2962 481 columbas
2987 426 3057 482 de
3080 425 3176 482 illo
3212 440 3337 483 cum
3378 426 3616 501 ﬂagellis
3652 430 3773 500 eje-

2170 513 2262 581 cit,
2303 519 2357 568 et
2393 512 2654 583 templum
2720 513 2806 570 cui
2869 514 3112 586 corporis
3172 515 3597 586 dissolvendum,
3678 519 3775 575 sed

2172 617 2295 682 post
2344 609 2576 666 triduum
2632 610 3072 668 reediﬁcandum
3124 613 3392 686 praedixit.
3449 617 3515 671 lu
3569 616 3776 689 templo

2172 698 2353 770 itaque
2381 699 2550 755 multa
2576 699 2735 773 signa
2760 699 3014 769 faciebat,
3045 710 3098 758 et
3140 702 3321 759 turbas
3364 704 3609 773 quotidie
3658 721 3779 761 em-

2174 788 2326 844 lestia
2351 784 2599 845 docebat.
2632 784 2832 846 Verum
2871 791 2999 862 quia
3044 791 3135 847 hic
3174 791 3292 847 dies
3334 794 3592 865 exemplo
3636 794 3784 850 illius

2175 878 2361 949 populi
2390 878 2460 933 ab
2489 878 2740 935 universa
2768 880 3006 936 Ecclesia
3034 896 3159 936 cum
3205 881 3401 953 palmis
3442 891 3499 939 et
3551 882 3783 940 ﬂoribus

2174 966 2494 1036 celebratur,
2522 967 2640 1023 dies
2685 969 2990 1040 palmarum
3039 978 3405 1042 nuncupatur.
3458 972 3625 1028 Feria
3677 988 3782 1029 au-

2176 1071 2284 1119 tem
2312 1071 2502 1134 quarta
2529 1080 2562 1120 a
2588 1064 2727 1120 Iuda
2758 1066 3016 1136 traditur;
3077 1067 3215 1123 feria
3268 1069 3454 1139 quinta
3510 1070 3676 1141 panis
3728 1077 3783 1126 et

2173 1153 2358 1209 viuum
2387 1154 2443 1208 in
2470 1169 2665 1226 corpus
2691 1161 2747 1209 et
2773 1155 3093 1228 sanguinem
3125 1155 3243 1226 ejus
3261 1156 3419 1213 nobis
3445 1159 3780 1231 conﬁcitur;

2174 1242 2311 1297 feria
2339 1251 2492 1298 sexta
2521 1259 2618 1314 pro
2648 1244 2820 1299 salute
2850 1244 3095 1300 omnium
3123 1245 3455 1320 cruciﬁgitur
3481 1267 3499 1315 ;
3549 1248 3785 1305 sabbato

2174 1330 2230 1385 in
2256 1331 2502 1401 sepulcro
2530 1330 2826 1402 requievit;
2877 1334 3164 1390 Dominica
3200 1351 3233 1391 a
3268 1344 3445 1393 morte
3488 1353 3786 1411 resurgens

2172 1419 2339 1479 vitam
2367 1428 2421 1478 et
2446 1418 2705 1494 gaudium
2735 1421 3071 1479 omnibusin
3108 1440 3166 1480 se
3214 1424 3560 1497 sperantibus
3608 1426 3782 1485 dedit.

1521 1786 1652 1890 IN
1756 1779 2161 1893 COENA
2234 1784 2725 1892 DOMINI.

1709 2027 2107 2097 Secundum
2158 2029 2527 2097 Joannem.

542 2218 565 2249 «
597 2198 732 2252 Ante
779 2192 925 2251 diem
964 2190 1159 2249 festum
1207 2190 1427 2248 Paschae
1482 2191 1658 2247 sciens
1711 2192 1880 2259 Iesus,
1941 2191 2067 2262 quia
2094 2191 2147 2252 Β
2175 2191 2298 2247 Non
2326 2190 2536 2249 lavabis
2563 2192 2697 2248 mihi
2725 2192 2892 2266 pedes
2918 2194 2975 2251 in
3002 2203 3282 2268 aeternum,
3318 2221 3342 2249 ιι
3376 2200 3482 2259 hoc
3508 2209 3595 2260 est
3630 2219 3778 2262 nun-

468 2285 619 2344 venit
644 2286 779 2341 hora
809 2283 928 2353 ejus
956 2290 1014 2337 ut
1062 2288 1296 2337 transeat
1341 2297 1409 2337 ex
1453 2282 1558 2336 hoc
1603 2279 1804 2336 mundo
1846 2279 1915 2336 ad
1958 2281 2066 2335 Pa-

470 2382 627 2445 trem,
658 2388 781 2429 cum
812 2371 1086 2427 dilexisset
1112 2386 1238 2426 suos
1265 2371 1321 2424 in
1349 2368 1512 2425 ﬁnem
1541 2369 1729 2425 dilexit
1756 2384 1849 2425 eos
1876 2370 2063 2441 (Joan.

471 2464 593 2533 xu).
624 2484 648 2512 ιι
683 2462 886 2517 Pascha
917 2461 1196 2517 tramitus
1225 2459 1437 2528 dicitur,
1488 2460 1616 2529 quia
1662 2460 1925 2515 Dominus
1972 2474 2068 2530 per

472 2552 767 2625 Egyptum
806 2549 1030 2616 transiit,
1076 2547 1380 2621 percutiens
1404 2547 1766 2621 primogenita
1819 2548 1954 2619 ejus,
2014 2554 2069 2603 et

474 2648 641 2704 Filios
669 2646 832 2703 Israel
876 2645 1130 2713 liberans,
1183 2650 1235 2700 et
1287 2643 1414 2715 quia
1466 2642 1561 2698 ﬁlii
1615 2644 1778 2699 Israel
1832 2643 2065 2699 transie-

472 2744 599 2795 runt
624 2736 717 2792 illa
744 2743 900 2792 nocte
926 2735 992 2790 de
1020 2733 1268 2806 Egyptia
1307 2734 1580 2790 servitute.
1640 2732 1798 2803 Quod
1852 2731 2066 2806 signiﬁ-

470 2825 863 2883 catDomiuum
880 2823 1223 2879 transiturum
1244 2822 1311 2877 de
1351 2823 1454 2878 hoc
1488 2822 1692 2877 mundo
1717 2821 1786 2877 ad
1830 2822 2061 2890 Patrem,

469 2924 531 2973 ut
556 2914 745 2972 ﬁdeles
773 2914 889 2984 ejus
943 2912 1010 2968 de
1056 2910 1446 2982 temporalibus
1500 2911 1570 2967 ad
1626 2911 1881 2968 ccelestia.
1947 2934 1969 2961 «
2003 2913 2066 2966 In

470 3004 637 3061 ﬁnem
666 3002 1019 3068 dilexitsuos,
1056 3024 1077 3051 »
1113 3001 1169 3056 id
1201 3008 1279 3056 est
1306 3000 1362 3055 in
1389 3000 1647 3072 seipsum.
1684 3023 1706 3051 «
1740 3000 1886 3055 Finis
1919 2998 2063 3056 enim

470 3094 627 3167 legis,
659 3092 734 3149 ait
760 3091 1065 3163 Apostolus,
1096 3098 1177 3146 est
1212 3090 1454 3145 Christus
1507 3092 1682 3157 (Rom.
1728 3092 1806 3160 x).
1842 3111 1864 3139 ιι
1919 3089 2065 3145 Finis

468 3198 746 3255 quousque
777 3180 1006 3236 feliciter
1031 3195 1236 3249 eamus,
1268 3194 1378 3234 non
1408 3176 1503 3233 ubi
1532 3178 1822 3234 infeliciter
1865 3193 2063 3251 perea-

463 3297 610 3336 mus.
654 3278 752 3335 Vel
787 3277 844 3333 in
880 3276 1065 3345 ﬁnem,
1106 3276 1160 3331 id
1197 3282 1278 3331 est
1343 3276 1398 3330 in
1452 3282 1703 3344 mortem,
1757 3291 1867 3332 non
1919 3273 2065 3346 quod

462 3375 637 3425 morte
676 3367 988 3423 terminatur
1041 3365 1235 3421 Christi
1290 3364 1525 3436 dilectio,
1579 3364 1675 3421 sed
1736 3364 1793 3419 iu
1857 3371 2062 3421 tantum

465 3457 654 3513 dilexit
692 3454 837 3527 quod
872 3471 1040 3525 usque
1078 3453 1147 3509 ad
1202 3461 1430 3510 mortem
1487 3454 1702 3510 dilectio
1759 3470 1882 3509 eum
1944 3469 2066 3526 per-

2173 2296 2335 2351 quam
2365 2280 2595 2339 lavabis.
2628 2281 2782 2339 Sicut
2806 2291 2887 2339 est
2912 2286 3078 2343 homo
3124 2287 3345 2344 humilis
3389 2289 3463 2345 ad
3517 2295 3779 2352 servian-

2172 2369 2329 2436 dum,
2353 2369 2428 2424 ita
2455 2384 2647 2429 servus
2674 2387 2784 2427 non
2810 2374 3152 2446 suscipiendo
3178 2378 3481 2436 servitium.

2249 2490 2271 2516 α
2305 2467 2602 2537 Respondit
2630 2469 2680 2524 ei
2708 2470 2862 2526 Jesus
2894 2489 2907 2527 :
2940 2471 2998 2527 Si
3027 2482 3134 2529 non
3163 2475 3347 2535 lavero
3403 2486 3456 2534 te
3512 2496 3630 2536 non
3685 2484 3779 2540 ha-

2171 2555 2329 2611 bebis
2354 2563 2565 2626 partem
2594 2570 2826 2615 mecum.
2863 2582 2886 2610 ιι
2927 2563 2994 2618 Te
3021 2562 3153 2619 dicit
3180 2581 3277 2636 pro
3332 2566 3464 2623 solis
3517 2571 3774 2642 pedibus.

2174 2644 2279 2714 Qui
2318 2662 2428 2702 nou
2465 2647 2677 2704 lavatur
2711 2665 2811 2719 per
2855 2650 3186 2723 baptismum
3251 2664 3303 2712 et
3366 2659 3778 2719 confessionem

2171 2735 2520 2805 poenitentiae,
2553 2752 2662 2792 non
2690 2739 2853 2795 habet
2878 2748 3087 2812 partem
3115 2760 3238 2800 cum
3264 2746 3407 2803 Jesu.

2250 2856 2271 2884 α
2308 2833 2457 2890 Dixit
2491 2836 2541 2891 ei
2581 2837 2771 2894 Simon
2808 2838 2994 2895 Petrus
3025 2858 3039 2897 :
3095 2841 3348 2913 Domine,
3402 2862 3516 2903 non
3566 2855 3776 2908 tantum

2171 2922 2339 2992 pedes
2359 2940 2531 2994 meos,
2561 2926 2657 2981 sed
2686 2934 2741 2983 et
2766 2944 2960 2983 manus
3006 2937 3062 2985 et
3111 2941 3292 3003 caput.
3328 2956 3351 2984 ιι
3409 2936 3652 2995 Territus
3707 2958 3778 2998 ex

2170 3011 2389 3067 Domini
2427 3016 2779 3085 responsione
2828 3017 2895 3073 de
2942 3019 3183 3088 periculo
3236 3023 3422 3080 salutis
3471 3033 3651 3085 totum
3717 3048 3776 3088 se

2172 3099 2325 3155 offert
2353 3101 2422 3157 ad
2451 3103 2781 3160 ablueudum
2813 3106 3055 3163 turbatus
3081 3125 3267 3168 amore
3291 3120 3344 3168 et
3373 3114 3590 3174 timore.

2248 3220 2270 3248 «ι
2303 3198 2445 3255 Dicit
2473 3200 2521 3255 ei
2551 3202 2703 3258 Jesus
2735 3221 2748 3258 :
2781 3201 2886 3272 Qui
2914 3204 3056 3261 lotus
3101 3214 3182 3263 est
3239 3226 3345 3266 nou
3398 3213 3615 3288 indiget
3672 3218 3776 3275 nisi

2169 3295 2227 3343 ut
2256 3288 2422 3360 pedes
2449 3289 2610 3359 lavet,
2640 3291 2844 3349 scilicet
2872 3301 2952 3350 est
2988 3296 3220 3353 mundus
3259 3307 3417 3357 totus.
3482 3326 3508 3354 ε
3570 3307 3777 3364 Intelli-

2169 3376 2410 3449 gendum
2437 3386 2519 3435 est
2539 3388 2734 3452 praeter
2760 3381 2945 3454 pedes.
2985 3385 3150 3442 Totus
3199 3388 3365 3446 homo
3421 3391 3667 3451 abluitur
3718 3398 3777 3454 in

2169 3465 2462 3556 baptismo,
2492 3466 2587 3523 sed
2620 3476 2799 3526 tamen
2825 3487 2949 3528 cum
2980 3472 3036 3529 iu
3071 3475 3234 3533 rebus
3283 3479 3538 3538 humanis
3585 3494 3775 3556 postea

466 3545 698 3601 duxerit.
730 3545 793 3598 In
822 3559 928 3614 quo
959 3543 1269 3613 exemplum
1292 3542 1464 3644 dedit,
1508 3550 1568 3598 ut
1611 3559 1801 3599 omnes
1854 3542 1912 3597 in
1964 3543 2064 3600 Dei
2093 3555 2143 3621 ί]
2172 3553 2388 3624 vivitur,
2421 3557 2640 3613 humani
2670 3558 2911 3628 agemus,
2968 3562 3084 3619 sine
3141 3565 3337 3635 quibus
3382 3585 3497 3626 non
3552 3542 3773 3644 vivitur;

465 3634 689 3694 veritate
714 3640 1065 3705 permaneant
1091 3648 1259 3703 usque
1291 3631 1347 3686 iu
1374 3630 1561 3687 ﬁnem.

542 3765 565 3792 «
600 3739 784 3813 Surgit
812 3756 844 3795 a
872 3754 1026 3795 omna
1054 3745 1110 3795 et
1133 3738 1285 3811 ponit
1315 3739 1634 3797 vestimenta
1672 3755 1789 3795 sua.
1834 3739 1901 3794 Et
1940 3755 2063 3796 cum

468 3830 764 3903 accepisset
829 3829 1075 3897 linteum,
1143 3828 1427 3900 praecinxit
1496 3845 1574 3885 se.
1648 3827 1857 3884 Deinde
1922 3829 2066 3886 misit

467 3938 664 3995 aquam
694 3918 749 3974 in
778 3917 979 3991 pelvim
1016 3924 1070 3974 et
1097 3918 1261 3990 coepit
1312 3918 1492 3975 lavare
1549 3917 1714 3993 pedes
1767 3917 2064 3989 discipulo-

463 4028 604 4082 rum,
631 4017 685 4067 et
711 4016 990 4081 extergere
1022 4007 1186 4064 linteo
1216 4023 1321 4078 quo
1360 4015 1473 4063 erat
1516 4007 1859 4077 praecinctus.
1902 4029 1924 4056 ιι
1983 4008 2065 4063 Ex

464 4116 665 4174 magna
694 4098 993 4154 humilitate
1023 4113 1133 4152 non
1181 4096 1503 4169 dedignatus
1548 4103 1627 4151 est
1671 4096 1852 4152 lavare
1898 4097 2066 4169 pedes

467 4190 544 4245 illi
574 4189 735 4245 etiam
764 4187 921 4259 cujus
950 4202 1143 4241 manus
1190 4184 1307 4255 jam
1349 4184 1684 4256 praevidebat
1728 4184 1785 4238 in
1828 4185 2055 4243 scelere.

465 4278 608 4348 Quid
634 4278 856 4341 mirum,
884 4275 929 4329 si
958 4274 1138 4344 posuit
1169 4275 1506 4342 vestimenta,
1541 4274 1631 4344 qui
1674 4290 1798 4330 cum
1843 4274 1900 4329 in
1944 4275 2061 4331 for-

462 4384 555 4422 ma
574 4366 674 4421 Dei
702 4370 843 4420 esset
868 4364 1214 4435 semetipsum
1257 4363 1606 4419 exinanivit?
1653 4365 1924 4437 (Philipp.
1974 4366 2061 4437 ιι.)

464 4454 607 4525 Quid
634 4454 851 4522 mirum,
883 4453 928 4507 si
986 4452 1267 4524 praecinxit
1319 4469 1375 4507 se
1431 4452 1612 4522 linteo,
1675 4453 1767 4523 qui
1826 4453 2060 4509 formam

462 4543 604 4600 servi
634 4541 903 4613 accipiens
930 4541 1115 4596 habitu
1142 4540 1388 4596 inventus
1418 4548 1495 4596 est
1523 4549 1581 4597 ut
1608 4543 1773 4597 homo
1801 4541 1829 4597 ‘2
1869 4543 2060 4614 (ibid.)

462 4632 607 4704 Quid
636 4630 854 4696 mirum,
886 4628 931 4684 si
960 4629 1103 4683 misit
1133 4645 1328 4700 aquam
1361 4630 1415 4683 in
1445 4630 1666 4701 pelvim,
1715 4631 1857 4685 unde
1905 4632 2059 4686 lava-

459 4732 542 4779 ret
568 4720 736 4793 pedes
764 4718 1169 4790 discipulorum,
1231 4717 1323 4788 qui
1379 4719 1435 4773 in
1491 4725 1684 4774 terram
1739 4721 2060 4792 sanguinem

463 4812 616 4879 fudit,
648 4825 755 4882 quo
784 4806 1183 4864 immunditiam
1213 4806 1439 4863 dilueret
1473 4817 1813 4879 peccatorum
1841 4810 1870 4862 ?
1916 4808 2060 4878 Quid

461 4902 678 4968 mirum,
708 4898 753 4954 si
782 4898 946 4953 linteo
995 4912 1102 4966 quo
1160 4904 1273 4951 erat
1328 4897 1647 4966 praecinctus
1700 4896 1865 4968 pedes

457 4992 666 5048 laverat
703 4988 870 5055 tersit,
904 4986 995 5057 qui
1023 5001 1185 5042 carne
1243 5001 1349 5056 qua
1395 4994 1508 5042 erat
1555 4986 1771 5042 indutus
1822 5003 2058 5060 evange-

458 5081 696 5136 listarum
727 5076 958 5149 vestigia
986 5074 1324 5133 conﬁrmavit
1350 5076 1378 5130 ‘I

528 5180 685 5237 Venit
711 5195 842 5251 ergo
873 5178 942 5234 ad
972 5177 1250 5235 Simonem
1282 5178 1516 5245 Petrum,
1569 5186 1621 5235 et
1673 5178 1803 5236 dicit
1848 5180 1896 5236 ei
1944 5181 2051 5237 Pe-

456 5277 568 5325 trus
600 5287 611 5321 :
646 5290 671 5316 α
704 5268 958 5334 Domine,
992 5274 1046 5322 tu
1074 5267 1206 5322 mihi
1239 5268 1387 5323 lavas
1415 5269 1617 5339 pedes!
1654 5291 1675 5317 ιι
1711 5271 1835 5325 Non
1854 5278 1933 5325 est
1960 5271 2051 5325 in-

458 5354 809 5430 telligendum
839 5355 985 5426 quod
1012 5364 1136 5425 post
1161 5356 1371 5426 aliquos
1416 5358 1651 5413 venisset
1696 5359 1764 5413 ad
1812 5359 2046 5430 Petrum,

452 5446 550 5505 sed
572 5446 642 5503 ab
669 5445 760 5499 illo
789 5443 990 5514 incepit
1016 5444 1242 5499 lavatio.
1299 5446 1621 5518 Expavescit
1669 5462 1800 5520 ergo
1843 5449 2049 5521 primus

452 5532 819 5609 apostolorum
849 5530 994 5600 quod
1015 5531 1159 5585 Deus
1190 5532 1331 5587 lavet
1358 5534 1564 5589 homini
1592 5535 1778 5605 pedes.

530 5661 553 5688 α
585 5631 884 5703 Respondit
911 5631 1082 5699 Iesus,
1112 5637 1166 5685 et
1196 5630 1325 5686 dicit
1348 5634 1396 5689 ei
1429 5654 1442 5689 :
1502 5636 1661 5706 Quod
1714 5654 1818 5711 ego
1876 5639 2040 5710 facio,

451 5726 627 5785 nescis
652 5720 838 5791 modo,
869 5719 1005 5777 scies
1041 5724 1222 5777 autem
1267 5727 1471 5791 postea.
1521 5725 1663 5782 Dicit
1709 5727 1757 5782 ei
1805 5727 1989 5784 Petrus
2022 5745 2038 5787 :

2172 3644 2322 3715 quasi
2352 3646 2517 3717 pedes
2542 3654 2684 3715 sunt,
2717 3649 2843 3719 quia
2895 3650 2941 3705 si
2997 3651 3293 3711 dixerimus
3337 3669 3625 3729 peccatum
3666 3681 3776 3722 non

2171 3733 2453 3805 habemus,
2485 3736 2777 3793 mentimur
2803 3739 2850 3809 (Ι
2876 3740 3038 3798 Joan.
3065 3744 3126 3807 ι).
3175 3743 3429 3813 Quotidie
3472 3749 3645 3823 igitur
3688 3754 3773 3810 la-

2171 3830 2264 3879 vat
2292 3824 2449 3879 nobis
2478 3824 2645 3895 pedes
2674 3827 2764 3897 qui
2794 3828 3032 3898 quotidie
3074 3831 3379 3906 interpellat
3429 3855 3533 3910 pro
3590 3843 3772 3901 nobis.

2171 3911 2326 3968 Unde
2354 3912 2515 3969 etiam
2547 3915 2788 3985 quotidie
2816 3917 3083 3975 dicimus:
3120 3944 3143 3972 «
3193 3922 3413 3982 Dimitte
3458 3929 3624 3986 nobis
3672 3933 3773 3990 de-

2170 4000 2286 4057 bita
2313 4010 2496 4058 nostra
2523 4005 2756 4073 (Matth.
2792 4007 2891 4077 Y1).
2926 4030 2948 4057 ιι
2975 4008 3041 4063 Et
3059 4010 3116 4064 in
3135 4011 3356 4070 Cantico
3386 4019 3727 4077 canticomm
3756 4042 3771 4080 :

2179 4091 2363 4181 «(Lavi
2393 4090 2560 4162 pedes
2588 4109 2758 4162 meos,
2783 4097 3054 4165 quomodo
3072 4098 3367 4170 inquinabo
3384 4104 3512 4162 illos
3531 4109 3563 4162 ‘?
3582 4110 3774 4181 (Cant.

2172 4178 2250 4250 v).
2286 4203 2308 4229 »
2346 4181 2595 4271 Timeaut
2622 4182 2903 4253 inquinare
2932 4185 3098 4257 pedes
3123 4206 3270 4257 suos,
3311 4193 3401 4263 qui
3447 4178 3773 4271 surripiente

2171 4284 2355 4325 amore
2386 4269 2636 4326 humana:
2664 4271 2858 4342 laudis,
2885 4274 3096 4346 placere
3137 4279 3449 4339 hominibus
3482 4269 3765 4347 aﬁ‘ectant.

2168 4357 2477 4413 Notandum
2507 4360 2633 4450 quia
2660 4361 2859 4417 erravit
2912 4362 3115 4437 Petrus,
3167 4384 3236 4424 ne
3296 4387 3395 4427 nos
3441 4390 3771 4450 erraremus,

2170 4463 2291 4503 cum
2322 4464 2380 4503 se
2410 4455 2575 4504 totum
2605 4449 2895 4506 lavandum
2940 4453 3057 4510 Deo
3112 4454 3322 4515 obtulit.
3388 4461 3571 4532 Quem
3627 4449 3776 4527 Deus

2170 4537 2402 4592 correxit
2430 4537 2719 4595 ostendens
2745 4543 2915 4598 semel
2969 4542 3297 4617 baptizatum
3345 4567 3456 4608 non
3508 4571 3631 4613 esse
3677 4576 3772 4616 re-

2167 4624 2568 4697 baptizandum.

2247 4765 2268 4793 α
2303 4744 2369 4799 Et
2396 4761 2493 4801 vos
2540 4747 2728 4803 mundi
2776 4748 2921 4820 estis,
2969 4749 3066 4808 sed
3119 4769 3230 4810 non
3278 4771 3490 4816 omnes.
3553 4762 3774 4824 Sciebat

2168 4833 2313 4926 enim
2354 4835 2599 4926 quisnam
2639 4846 2778 4894 esset
2815 4840 2902 4910 qui
2955 4841 3189 4899 traderet
3249 4863 3402 4904 eum.
3478 4851 3774 4926 Propterea

1922 4914 2056 5014 2325
2084 4919 2137 4981 D
2168 4922 2305 5014 dixit
2336 4942 2348 4979 :
2382 4925 2505 4980 Non
2534 4926 2657 4981 estis
2678 4927 2864 4982 mundi
2890 4944 3096 4986 omnes.
3129 4933 3416 5007 Postquam
3447 4914 3607 5014 ergo.
3643 4946 3774 5002 lavit

2167 5012 2334 5082 pedes
2362 5030 2568 5083 eorum,
2601 5017 2809 5088 accepit
2839 5018 3157 5077 vestimenta
3185 5040 3303 5080 sua.
3337 5027 3405 5082 Et
3443 5012 3569 5086 cum
3625 5050 3773 5091 recu-

2163 5103 2384 5173 buisset,
2404 5104 2595 5160 iterum
2626 5105 2762 5160 dixit
2789 5106 2866 5161 eis
2891 5126 2903 5162 :
2927 5107 3086 5164 Scitis
3114 5113 3241 5181 quid
3266 5114 3487 5174 fecerim
3520 5122 3719 5180 vobis?
3738 5147 3762 5176 ι

2161 5193 2279 5249 Hoc
2340 5194 2454 5249 vult
2518 5195 2725 5267 aperire
2793 5196 2936 5266 quod
3009 5199 3165 5257 Petro
3230 5202 3485 5263 dixerat:
3549 5234 3575 5261 α
3617 5213 3767 5271 Scies

2161 5289 2338 5375 autem
2370 5291 2574 5355 postea.
2611 5306 2633 5375 ιι
2668 5285 2886 5375 Mystice
2911 5302 3085 5357 omna,
3114 5288 3168 5345 in
3200 5309 3306 5362 qua
3333 5310 3456 5352 cum
3484 5297 3768 5375 discipulis

2157 5371 2421 5427 Dominus
2485 5372 2775 5440 recubuit,
2839 5375 3110 5448 signiﬁcat
3173 5387 3385 5455 tempus
3446 5371 3763 5449 universum

2158 5477 2263 5531 quo
2294 5461 2409 5533 ipse
2438 5463 2786 5532 corporaliter
2810 5464 2864 5518 iu
2894 5466 3134 5524 Ecclesia
3171 5468 3499 5542 demoratus,
3552 5488 3608 5535 et
3652 5482 3759 5538 da-

2156 5551 2313 5622 pibus
2342 5552 2491 5606 verbi
2521 5552 2767 5608 salutaris
2795 5569 2859 5609 ac
2887 5555 3269 5615 miraculorum
3291 5562 3580 5624 dulcedine
3615 5587 3755 5628 cun-

2152 5647 2265 5696 ctos
2291 5637 2476 5695 ﬁdeles
2520 5641 2690 5711 pavit,
2744 5649 2797 5697 et
2845 5641 2953 5699 ﬁde
2981 5660 3044 5701 ac
3074 5645 3362 5707 dilectione
3415 5654 3752 5718 audientium

2154 5729 2271 5801 ipse
2298 5737 2481 5800 pastus
2505 5737 2603 5786 est.
2635 5731 2879 5790 Surrexit
2897 5746 3029 5808 ergo
3057 5752 3092 5793 a
3116 5752 3289 5809 cinna,
3317 5747 3372 5798 et
3396 5745 3757 5816 pomitvesﬁo
