4062 6074
272 277 378 332 909

1197 265 1780 326 DEFLORATIONES
1821 265 2278 348 SS..PATRUM.
2320 299 2390 309 —
2419 268 2546 325 LIB.
2577 269 2625 323 Ι.

3467 271 3569 327 910

266 406 452 454 menta
483 411 582 452 sua
648 395 864 466 quando
926 394 1172 451 membra
1200 393 1446 465 corporis
1504 390 1754 463 deposuit
1808 389 1859 444 in
1892 391 1949 452 A
1979 391 2200 448 medere
2233 395 2286 447 et
2318 391 2621 460 immolare,
2655 399 2708 448 et
2756 393 3004 448 umbram
3037 393 3113 449 rei
3162 394 3353 452 futurae
3384 397 3574 452 tandiu

262 503 450 546 cruce.
484 485 669 541 Linteo
708 485 991 556 praecinxit
1047 500 1126 551 se,
1190 483 1411 556 quando
1469 498 1563 536 sua
1622 481 1869 536 membra

263 575 627 634 circumdedit
655 573 927 646 passionis
958 573 1250 630 exercitio.
1291 572 1483 628 Solum
1506 586 1742 642 namque
1769 587 1870 641 per

255 666 486 722 linteum
525 663 670 736 quod
727 662 1018 720 multifario
1046 661 1237 719 labore
1292 659 1600 730 conficitur,
1647 658 1870 716 afflictio

256 765 536 838 passionis
568 763 862 836 ﬁguratur.

337 877 358 903 ιι
422 853 568 909 Misit
623 868 821 924 aquam
862 852 916 906 in
955 851 1177 923 pelvim,
1225 875 1246 900 ››
1324 858 1428 908 etc.
1470 848 1773 906 Defunctus
1812 847 1865 903 in

259 959 431 1001 cruce
481 957 682 1016 aquam
728 958 852 998 cum
899 941 1166 1015 sanguine
1230 941 1297 996 de
1327 939 1492 997 latere
1533 956 1632 995 suo
1671 938 1862 1006 fundit,

261 1041 460 1116 quibus
491 1040 781 1096 credentes
811 1039 1073 1095 mundare
1103 1047 1156 1094 et
1186 1038 1525 1095 sanctificare
1555 1039 1828 1109 dignatur.

336 1131 633 1200 Postquam
661 1129 793 1184 lavit
824 1129 1015 1200 pedes,
1049 1128 1260 1200 accepit
1314 1127 1635 1184 vestimenta
1666 1143 1784 1195 sua,
1816 1131 1868 1182 et

265 1219 600 1275 recumbens
639 1216 852 1289 aperuit
889 1217 969 1273 eis
1027 1217 1344 1288 mysterium
1394 1216 1702 1283 levationis,
1737 1217 1868 1290 quia

258 1316 553 1381 postquam
581 1307 838 1380 patiendo
867 1306 923 1363 in
984 1322 1150 1363 cruce
1195 1307 1468 1362 lavacrum
1518 1306 1864 1364 remissionis

262 1405 425 1463 nobis
461 1405 831 1474 consecravit,
861 1405 1070 1477 accepit
1097 1405 1344 1460 membra
1373 1405 1481 1475 iam
1513 1404 1863 1473 immortalia,

263 1503 317 1552 et
347 1503 473 1567 post
516 1497 983 1552 resurrectionem
1037 1494 1285 1567 exposuit
1313 1493 1393 1550 eis
1421 1494 1703 1550 utilitatem
1755 1511 1865 1552 sua;

265 1600 565 1675 Ρειεειοιιιε.

342 1701 365 1740 ι
401 1684 513 1741 Vos
543 1681 752 1741 vocatis
780 1697 888 1750 me,
922 1681 1182 1755 Magister
1201 1691 1255 1740 et
1274 1681 1526 1750 Domine,
1550 1691 1603 1739 et
1635 1681 1772 1740 bene
1792 1681 1864 1738 di-

269 1771 413 1836 citis,
447 1789 569 1828 sum
608 1771 834 1828 etenim.
884 1771 940 1827 Si
980 1788 1112 1844 ergo
1150 1789 1255 1844 ego
1291 1772 1395 1828 lavi
1434 1772 1605 1844 pedes
1651 1785 1863 1829 vestros
1890 1755 1942 1816 Β

269 1862 540 1928 Dominus
571 1869 625 1916 et
679 1861 958 1933 Magister,
1016 1869 1069 1917 et
1096 1877 1195 1918 vos
1223 1861 1436 1917 debetis
1467 1862 1605 1918 alter
1641 1862 1867 1918 alterius

267 1951 456 2026 lavare
477 1951 671 2023 pedes.
709 1975 730 2000 ιι
767 1951 834 2005 Et
863 1951 934 2006 ad
961 1950 1196 2006 litteram
1228 1959 1280 2007 et
1307 1951 1376 2007 ad
1417 1951 1703 2023 mysticum
1734 1968 1864 2007 sen-

269 2065 387 2105 sum
420 2050 523 2105 hoc
551 2048 813 2104 debemus
843 2047 1062 2119 impleri
1095 2066 1107 2103 :
1140 2049 1211 2104 ad
1235 2049 1483 2116 litteram,
1519 2057 1574 2104 ut
1604 2066 1704 2120 per
1729 2049 1867 2106 cha-

267 2137 486 2194 ritatem
516 2137 820 2193 serviamus
874 2137 1125 2208 invicem,
1168 2154 1279 2193 non
1319 2138 1500 2194 solum
1541 2138 1596 2193 in
1636 2139 1868 2196 lavando

269 2227 441 2302 pedes
470 2226 721 2294 fratrum,
754 2227 851 2282 sed
881 2234 932 2282 et
962 2226 1017 2281 in
1048 2227 1307 2282 omnibus
1335 2228 1752 2284 necessitatibus
1775 2229 1870 2285 ad-

259 2325 510 2396 juvando
544 2342 558 2390 ;
598 2325 666 2380 ad
705 2324 997 2397 mysticum
1025 2325 1382 2394 intellectum,
1415 2335 1472 2382 ut
1495 2327 1634 2384 sicut
1661 2329 1755 2384 ille
1770 2344 1870 2385 no-

273 2415 354 2469 bis
377 2413 767 2486 pcenitentibus
796 2421 1023 2486 peccata
1054 2414 1292 2482 dimittit,
1335 2416 1409 2470 ita
1440 2424 1496 2472 et
1551 2433 1653 2473 nos
1682 2418 1870 2474 dimit-

270 2511 447 2558 tamus
493 2502 778 2559 fratribus.
817 2504 888 2558 Et
933 2503 1075 2559 sicut
1129 2503 1220 2559 ille
1259 2504 1390 2561 lavit
1428 2522 1530 2562 nos
1567 2524 1597 2561 a
1634 2507 1872 2580 peccatis

268 2591 666 2664 interpellando
729 2600 942 2665 patrem
972 2609 1074 2665 pro
1129 2594 1307 2666 nobis,
1341 2595 1412 2650 ita
1442 2603 1494 2652 et
1523 2612 1622 2653 nos
1650 2613 1872 2654 oremus

272 2705 373 2762 pro
408 2690 671 2746 fratribus
685 2731 698 2746 .

353 2803 374 2828 οι
411 2780 730 2851 Exemplum
758 2780 903 2836 enim
931 2781 1057 2837 dedi
1085 2782 1260 2850 vobis,
1319 2791 1375 2838 ut
1415 2786 1874 2857 quemadmodum

278 2885 383 2942 ego
415 2869 518 2925 feci
549 2869 724 2936 vobis,
758 2871 829 2924 ita
859 2875 914 2926 et
952 2888 1049 2926 vos
1091 2871 1321 2928 faciatis.
1369 2901 1391 2922 »
1428 2877 1543 2932 Hoc
1572 2885 1652 2932 est
1691 2887 1875 2949 petere

281 2967 429 3040 quod
467 2967 754 3023 nesciebas
785 2968 999 3039 quando
1029 2968 1199 3023 lavari
1237 2970 1406 3041 pedes
1461 2988 1571 3028 non
1628 2974 1870 3047 sinebas,

273 3057 376 3112 hoc
433 3056 529 3112 tibi
587 3065 782 3128 postea
819 3057 1102 3113 sciendum
1161 3060 1405 3132 permisit
1443 3062 1729 3119 Dominus.
1775 3067 1875 3120 Est

275 3146 613 3203 consuetudo
670 3147 812 3218 apud
873 3147 1188 3220 plerosque,
1257 3157 1314 3204 ut
1354 3165 1477 3206 cum
1517 3169 1577 3208 se
1640 3153 1874 3210 invicem

273 3245 516 3316 hospitio
574 3244 894 3316 suscipiunt,
935 3245 1110 3317 pedes
1164 3246 1269 3301 sibi
1328 3248 1534 3305 lavent.
1601 3251 1703 3308 Ubi
1731 3255 1876 3324 apud

277 3342 498 3388 sanctos
528 3334 645 3388 haec
674 3335 1010 3389 consuetudo
1037 3351 1146 3390 non
1177 3344 1279 3403 est,
1314 3340 1480 3394 corde
1519 3340 1752 3408 faciunt;
1777 3344 1876 3400 sed

277 3422 476 3479 melius
515 3429 596 3478 est
624 3430 682 3477 ut
710 3423 965 3479 manibus
1001 3424 1096 3479 ﬁat
1135 3427 1280 3497 quod
1311 3428 1567 3484 Christus
1626 3432 1772 3488 fecit.
1814 3435 1874 3488 In

279 3527 387 3584 quo
416 3511 776 3568 admonemur
805 3520 865 3567 ut
896 3513 1134 3570 confessi
1160 3515 1394 3572 invicem
1425 3519 1623 3576 delicta
1667 3531 1872 3593 nostra,

273 3625 496 3670 Oremus
532 3626 634 3683 pro
689 3611 870 3681 nobis,
929 3612 1068 3670 sicut
1127 3614 1368 3672 Christus
1407 3616 1720 3690 interpellat
1773 3636 1874 3692 pro

270 3700 428 3757 nobis
440 3741 454 3756 .

608 3808 844 3866 SERMO
881 3809 956 3866 IN
995 3809 1216 3867 C(ENA
1255 3811 1532 3870 DOMINI.

349 3954 372 3981 α
438 3930 700 3987 Dominus
738 3940 926 3989 noster
961 3935 1120 3990 Iesus
1189 3935 1436 3994 Christus
1474 3948 1631 3998 nocte
1672 3941 1726 3998 in
1766 3960 1873 4016 qua

272 4021 590 4077 tradebatur
617 4022 828 4094 accepit
857 4039 1078 4094 panem,
1109 4032 1162 4079 et
1191 4029 1400 4099 gratias
1429 4046 1601 4102 agens
1623 4031 1788 4104 fregit
1818 4042 1872 4090 et

271 4110 404 4166 dixit
439 4126 450 4164 :
479 4111 722 4182 Accipite
753 4119 806 4166 et
835 4113 1183 4178 manducata;
1217 4116 1320 4172 hoc
1341 4126 1419 4172 est
1437 4134 1637 4191 corpus
1665 4138 1868 4191 meum,

275 4199 421 4273 quod
451 4215 551 4270 pro
580 4200 738 4256 vobis
768 4201 1026 4269 tradetur,
1071 4204 1177 4260 hoc
1205 4203 1365 4262 facite
1394 4208 1451 4261 in
1503 4225 1683 4264 meam
1714 4227 1870 4268 com-

272 4297 756 4355 memorationem.
798 4301 1054 4357 Similiter
1083 4310 1136 4358 et
1166 4304 1412 4376 calicem,
1437 4316 1720 4381 postquam
1751 4329 1869 4368 cm-

273 4387 426 4444 navit
453 4387 643 4444 dicens
677 4405 689 4443 :
722 4390 822 4446 Hic
868 4399 950 4446 est
979 4391 1136 4460 calix,
1169 4409 1371 4451 novum
1403 4404 1784 4455 testamentum
1814 4403 1870 4456 in

1979 495 2222 547 servare,
2253 481 2430 537 donec
2476 480 2780 538 immolatio
2833 481 2945 538 veri
2983 484 3124 554 Agni
3162 482 3342 540 fieret.
3389 487 3575 557 Itaque

1978 576 2104 625 ante
2135 578 2351 642 tempus
2403 570 2672 641 passionis
2740 587 2875 642 suae,
2916 571 3086 629 voluit
3141 574 3351 629 Pascha
3415 583 3574 630 vetus

1977 673 2102 714 cum
2165 659 2450 730 discipulis
2519 660 2822 729 celebrare,
2864 669 2919 716 et
2970 678 3175 735 agnum
3227 664 3574 729 comedere;

1977 758 2175 814 deinde
2215 759 2494 815 veteribus
2558 759 2749 831 figuris
2787 759 2952 816 finem
2994 761 3151 818 dare.
3200 764 3328 819 Post
3363 779 3577 821 cmnam

1975 845 2145 918 igitur
2173 848 2321 920 agni,
2355 865 2556 905 novum
2590 851 2797 906 Pascha
2825 849 2973 906 finito
3002 851 3171 907 veteri
3200 853 3492 920 constituit,
3523 861 3577 912 et

1975 935 2257 1008 discipulis
2287 952 2486 1009 corpus
2517 955 2674 994 suum
2723 947 2776 994 et
2826 940 3149 1012 sanguinem
3181 941 3478 998 distribuit.
3519 944 3577 1001 Si

1977 1035 2121 1090 enim
2152 1035 2305 1106 prius
2345 1037 2497 1091 daret
2541 1053 2746 1110 corpus
2785 1054 2960 1105 suum,
3007 1046 3060 1095 et
3110 1039 3308 1096 deinde
3348 1056 3572 1113 agnum,

1975 1140 2083 1180 non
2113 1124 2391 1181 videretur
2419 1133 2575 1182 vetus
2607 1127 2816 1183 Pascha
2847 1127 3054 1195 ﬁnisse,
3088 1137 3312 1200 prOpter
3338 1146 3567 1187 novum.

1974 1214 2200 1285 Accepit
2239 1214 2423 1286 itaque
2461 1230 2678 1286 panem,
2721 1223 2775 1271 et
2815 1215 3116 1284 benedixit,
3149 1225 3204 1272 et
3231 1218 3379 1274 dedit
3407 1219 3515 1275 illis
3556 1239 3571 1285 ;

1973 1311 2161 1376 postea
2190 1303 2442 1360 calicem.
2473 1304 2774 1360 Sciendum
2805 1303 2932 1378 quia
2967 1313 3078 1362 tota
3108 1314 3303 1363 natura
3330 1309 3574 1367 humana

1973 1402 2030 1457 in
2067 1403 2251 1458 anima
2290 1411 2343 1459 et
2381 1418 2612 1475 corpore
2653 1411 2772 1459 erat
2808 1412 3090 1476 corrupta.
3135 1404 3386 1476 Oportuit
3439 1423 3572 1480 ergo

1974 1499 2032 1546 ut
2095 1493 2229 1559 Deo,
2273 1493 2365 1565 qui
2421 1492 2676 1549 veniebat
2716 1499 3002 1566 utrumque
3039 1494 3290 1566 liberare,
3328 1495 3576 1552 uniretur

1972 1587 2220 1653 uterque,
2251 1589 2308 1636 ut
2367 1581 2550 1638 anima
2585 1599 2685 1654 per
2722 1582 2981 1652 animam,
3022 1597 3222 1655 corpus
3249 1600 3347 1657 per
3375 1600 3573 1657 corpus

1972 1685 2342 1750 competenter
2368 1678 2708 1735 liberaretur.

2044 1793 2174 1851 Ideo
2201 1794 2362 1851 etiam
2390 1795 2446 1850 in
2477 1794 2654 1862 altari,
2676 1795 2745 1851 ad
2769 1802 3057 1869 utrumque
3073 1799 3573 1869 repraesentandum

1974 1899 2172 1956 panem
2202 1893 2254 1941 et
2281 1884 2464 1941 vinum
2495 1884 2839 1957 apponimus,
2881 1893 2937 1941 ut
2983 1903 3084 1958 per
3119 1902 3320 1958 panem
3367 1905 3571 1961 corpus

1978 1973 2180 2029 factum
2211 1981 2263 2029 et
2319 1990 2349 2029 a
2403 1974 2562 2029 nobis
2619 1975 2785 2048 digne
2830 1982 3118 2047 acceptum
3157 1985 3403 2032 nostrum
3441 1993 3571 2036 cor-

1977 2088 2082 2143 pus
2113 2070 2331 2142 corpori
2363 2071 2568 2127 Christi
2597 2071 2653 2126 in
2703 2071 3100 2128 immortalitate
3140 2081 3192 2128 et
3219 2074 3573 2145 impassibili-

1979 2168 2088 2216 tate
2122 2160 2446 2233 quandoque
2501 2161 2953 2217 conformandum
3013 2162 3342 2232 credamus;
3385 2172 3438 2219 et
3494 2165 3575 2220 si-

1979 2248 2183 2304 militer
2220 2265 2319 2321 per
2347 2248 2531 2306 vinum
2560 2249 2617 2304 in
2654 2251 2977 2322 sanguinem
3015 2265 3357 2321 conversum,
3402 2261 3454 2309 et
3494 2254 3578 2310 si-

1980 2347 2181 2404 militer
2210 2363 2242 2403 a
2293 2347 2453 2404 nobis
2483 2356 2815 2420 susceptum,
2874 2349 3085 2405 animas
3122 2359 3326 2407 nostrae
3381 2351 3578 2408 animae

1982 2436 2182 2492 Christi
2239 2438 2525 2493 credamus
2582 2436 2890 2493 conformes
2935 2437 3053 2494 fieri
3094 2439 3149 2493 in
3187 2440 3409 2508 mundo,
3448 2441 3579 2497 dum

1982 2525 2235 2593 vivimus,
2271 2535 2323 2581 et
2351 2526 2404 2580 in
2434 2527 2631 2600 gloria,
2665 2528 2792 2582 dum
2812 2543 3165 2600 resurgemus
3198 2548 3212 2596 ;
3243 2538 3294 2585 et
3323 2545 3451 2586 cum
3466 2533 3581 2588 ani-

1981 2631 2073 2671 ma
2105 2615 2312 2671 Christi
2345 2615 2414 2671 ad
2455 2615 2658 2688 aliquid
2701 2632 3048 2688 corporeum,
3083 2618 3218 2674 sicut
3251 2635 3451 2691 corpus
3481 2638 3582 2694 per

1983 2729 2184 2785 panem
2214 2714 2661 2784 repraesentenda
2690 2721 2836 2770 esset
2870 2716 2964 2785 (7),
3022 2715 3155 2770 nihil
3194 2715 3468 2773 inventum
3525 2721 3582 2776 in

1985 2802 2237 2858 omnibus
2269 2802 2534 2858 creaturis
2583 2803 2696 2857 suis
2725 2810 2824 2871 est,
2879 2820 2983 2875 per
3035 2804 3167 2875 quid
3195 2805 3426 2862 vicinius
3484 2825 3580 2864 re-

1983 2900 2410 2964 praesentaretur
2483 2907 2647 2963 quam
2716 2909 2816 2964 per
2866 2897 3208 2965 sanguinem,
3268 2895 3361 2966 qui
3417 2897 3583 2954 sedes

1983 2993 2157 3065 ipsius
2188 2993 2388 3048 animae
2437 2993 2649 3049 dicitur.
2703 2993 2812 3048 Sed
2869 2993 2995 3065 quia
3051 2995 3370 3066 sanguinem
3429 3000 3585 3070 quasi

1985 3083 2249 3139 horribile
2281 3091 2491 3139 naturae
2547 3083 2794 3138 humanae
2852 3100 3069 3139 sumere
3109 3085 3414 3156 videbatur,
3458 3087 3584 3145 ideo

1987 3175 2173 3230 vinum
2203 3189 2304 3244 per
2335 3172 2656 3245 sanguinem
2685 3172 2921 3244 positum
2945 3181 3024 3228 est
3053 3173 3120 3228 ad
3151 3174 3584 3246 designationem

1986 3263 2205 3318 animae.
2246 3263 2361 3317 Nec
2392 3270 2578 3317 tamen
2611 3262 3030 3336 intelligendum
3064 3271 3165 3330 est,
3201 3265 3344 3336 quod
3374 3268 3427 3320 in
3459 3283 3586 3322 san-

1986 3360 2151 3434 guine
2207 3359 2379 3415 solam
2420 3359 2677 3427 animam,
2735 3363 2789 3414 et
2845 3375 2954 3414 non
3009 3376 3232 3432 corpus,
3266 3363 3358 3418 vel
3402 3362 3457 3418 in
3487 3380 3583 3421 ac-

1987 3449 2236 3522 ceptione
2269 3449 2557 3522 sanguinis
2588 3457 2754 3504 totam
2777 3449 3014 3504 animam
3046 3457 3099 3506 et
3120 3466 3229 3506 non
3260 3459 3429 3508 totum
3458 3470 3583 3510 cor-

1985 3557 2108 3612 pus,
2172 3539 2427 3609 quamvis
2510 3538 2813 3610 separatim
2900 3555 3120 3610 corpus,
3184 3549 3234 3596 et
3293 3544 3587 3614 separatim

1987 3637 2336 3710 sanguinem,
2369 3653 2481 3692 non
2511 3644 2692 3693 tamen
2725 3637 2831 3704 bis,
2858 3637 2954 3693 sed
2985 3637 3153 3694 semel
3185 3639 3457 3696 Christum
3487 3660 3586 3700 ac-

1985 3729 2242 3799 cipimus.
2305 3727 2413 3782 Sed
2470 3727 2574 3782 iste
2605 3744 2748 3795 mos,
2807 3726 2882 3783 ita
2909 3731 3203 3799 separatim
3260 3731 3582 3803 accipiendi,

1982 3818 2111 3873 inde
2142 3817 2197 3871 in
2249 3816 2501 3872 Ecclesia
2555 3817 2796 3884 inolevit,
2839 3818 2983 3889 quod
3030 3818 3273 3874 Christus
3325 3821 3379 3874 in
3430 3837 3589 3878 ccena

1983 3906 2265 3978 discipulis
2295 3905 2590 3977 separatim
2623 3907 2789 3972 dedit,
2826 3914 2882 3960 ut
2938 3923 3036 3978 per
3064 3908 3166 3963 hoc
3195 3907 3582 3983 intelligerent,

1981 4005 2175 4060 anima:
2207 4011 2257 4059 et
2288 4003 2505 4074 corpori
2536 4003 2734 4058 Christi
2763 4002 2950 4058 deberi
2997 4003 3350 4058 conformari.
3417 4008 3587 4065 Trina

1981 4095 2160 4166 itaque
2227 4091 2524 4148 refectione
2591 4093 2740 4147 Deus
2808 4093 3040 4146 animam
3090 4092 3306 4148 fidelem
3351 4095 3580 4165 pascit:

1982 4201 2081 4256 per
2155 4183 2404 4249 verbum,
2481 4197 2582 4252 per
2656 4187 3077 4247 sacramentum,
3158 4198 3256 4253 per
3295 4183 3574 4254 spiritum.

1984 4283 2215 4352 Quando
2245 4297 2346 4337 nos
2386 4297 2484 4352 per
2521 4279 2690 4335 verba
2742 4296 2836 4335 sua
2900 4289 2955 4336 et
2993 4287 3339 4338 sacramenta
3381 4285 3577 4356 reficit,

1981 4372 2163 4428 favum
2194 4371 2353 4426 nobis
2385 4369 2659 4425 edendum
2700 4371 2952 4441 proponit
2986 4385 2998 4440 ;
3029 4372 3246 4442 quando
3275 4391 3408 4433 vero
3436 4376 3581 4434 intus

279 4493 406 4533 meo
429 4478 713 4551 sanguine,
747 4480 851 4536 hoc
892 4479 1069 4552 facite,
1112 4483 1537 4558 quotiescunque
1590 4489 1775 4546 bibitis
1816 4492 1870 4546 in
1898 4485 1950 4546 D
1981 4477 2080 4558 ΡΞΓ
2119 4459 2368 4558 SBi"i,E‘?m
2390 4475 2688 4558 Emfmlf“
2719 4459 2915 4558 reﬁci“
2938 4459 3221 4558 {Nimbis
3251 4467 3582 4558 gusmpdum

281 4591 467 4632 meam
534 4579 1147 4636 commemorationem.
1237 4583 1677 4659 Quotiescunque
1733 4590 1877 4647 enim

281 4665 682 4722 manducabitis
701 4683 896 4738 panem
926 4669 1088 4736 hunc,
1136 4678 1188 4725 et
1215 4672 1443 4729 calicem
1473 4675 1689 4745 bibetis,
1722 4696 1875 4735 mor-

280 4762 390 4811 tem
422 4755 638 4811 Domini
669 4757 1057 4813 annuntiabitis
1078 4759 1255 4818 donec
1287 4763 1468 4820 veniat
1491 4768 1540 4833 (Ι
1560 4768 1678 4824 Cor.
1713 4770 1808 4841 χι).
1848 4791 1870 4822 υ

278 4844 618 4914 Imminente,
651 4845 844 4902 fratres
865 4848 1188 4919 charissimi,
1223 4852 1436 4908 Domini
1477 4859 1750 4926 passionis
1780 4876 1876 4915 ar-

277 4944 462 5013 ticulo,
496 4945 714 5018 quando
734 4945 842 5016 jam
872 4963 1013 5018 pene
1042 4958 1195 5004 erant
1225 4950 1277 5006 in
1307 4952 1423 5024 ipsa
1444 4957 1746 5026 traditione,
1773 4962 1879 5017 Do-

278 5033 461 5088 minus
493 5035 582 5104 qui
637 5035 798 5105 prius
851 5036 1060 5106 legales
1090 5039 1474 5099 observantius
1514 5050 1567 5102 et
1606 5048 1878 5108 sacrificia

277 5131 546 5191 tenuerat,
581 5141 702 5196 quae
729 5125 914 5180 omnia
943 5125 1115 5200 ﬁgura
1145 5129 1360 5187 fuerant
1401 5133 1793 5194 incarnationis
1825 5150 1878 5197 et

277 5221 550 5294 passionis
579 5223 798 5292 Christi,
829 5225 1081 5283 veniente
1139 5231 1384 5301 veritate,
1429 5235 1595 5291 voluit
1625 5238 1875 5295 umbram

278 5306 586 5364 destruere.
623 5309 812 5379 Agnus
842 5309 1154 5368 immolatus
1186 5314 1240 5368 in
1272 5317 1492 5391 antiqua
1513 5321 1654 5393 lege,
1689 5332 1739 5378 et
1757 5325 1877 5382 alia}

277 5396 473 5454 hostiae
509 5397 903 5455 immolandum
942 5417 1132 5458 verum
1171 5421 1378 5478 agnum
1417 5409 1473 5463 in
1528 5426 1689 5468 cruce
1727 5431 1874 5485 prae-

277 5493 608 5568 figurabant.
651 5496 831 5553 Voluit
880 5497 1049 5572 igitur
1103 5516 1305 5575 agnum
1370 5504 1720 5579 figurativum
1776 5529 1875 5569 co-

348 5623 425 5692 (7)
466 5621 545 5677 De
574 5636 831 5697 _co_nsec.,
889 5624 1014 5679 dist.
1057 5642 1116 5693 ιι,
1158 5630 1361 5686 Panis.
1401 5633 1472 5690 IV
1527 5636 1682 5692 Sent.
1733 5638 1866 5697 dist.

273 5706 335 5760 ιι,
357 5707 514 5777 [cap1
559 5695 670 5751 Sub
700 5696 847 5760 Alia,
876 5705 942 5777 et.
964 5698 1070 5777 Sed
1107 5717 1305 5777 quare.

351 5766 426 5834 (8)
472 5766 553 5820 De
611 5781 835 5823 consec.
879 5767 1016 5824 Dist.
1060 5766 1128 5838 ιι,’
1163 5773 1224 5828 in
1285 5776 1482 5847 calice,
1550 5787 1604 5837 et
1638 5798 1693 5839 ιν
1740 5783 1876 5841 Sen.

1980 4549 2204 4607 effundit
2234 4548 2338 4621 (8).
2389 4547 2495 4603 Sed
2527 4556 2577 4603 et
2604 4549 2711 4605 hoc
2764 4549 3060 4603 notandum
3089 4550 3216 4622 quia
3237 4567 3382 4624 aqua
3407 4554 3459 4608 in
3500 4572 3587 4612 sa-

1977 4647 2253 4698 cramento
2280 4638 2405 4693 ideo
2433 4637 2648 4709 ponitur
2679 4654 2801 4695 cum
2833 4639 2977 4704 vino,
3033 4647 3090 4694 ut
3120 4656 3266 4712 aqua
3286 4659 3408 4698 cum
3441 4660 3576 4701 san-

1976 4738 2140 4810 guine
2169 4752 2291 4808 quae
2357 4735 2425 4790 de
2457 4735 2622 4791 latere
2655 4735 2864 4790 Christi
2901 4736 3051 4791 ﬂuxit
3117 4749 3568 4810 repraesentetur.

1977 4827 2112 4897 Quae
2157 4842 2300 4899 aqua
2339 4824 2617 4897 significat
2654 4824 2935 4896 populum,
2978 4826 3063 4882 vel
3104 4827 3452 4900 baptismum,
3520 4831 3578 4887 in

1978 4933 2086 4990 quo
2158 4915 2390 4988 populos
2456 4930 2554 4986 per
2624 4911 2945 4970 effusionem
3019 4917 3304 4989 sanguinis
3377 4919 3578 4976 Christi

1976 5017 2284 5073 mundatur.
2312 5015 2430 5070 Nec
2493 5013 2870 5081 dubitandum,
2915 5013 3045 5086 quin
3085 5015 3241 5086 panis
3281 5034 3380 5089 per
3419 5034 3573 5076 sacra

1976 5119 2144 5175 verba
2182 5113 2579 5172 benedictionis
2634 5113 2956 5181 sacerdotis,
3026 5131 3244 5171 versum
3275 5115 3330 5171 in
3369 5134 3572 5192 corpus

1977 5215 2195 5273 Domini
2226 5221 2596 5281 convertatur,
2629 5211 2706 5267 ita
2726 5219 2809 5267 est
2848 5212 3146 5268 substantia
3171 5213 3328 5286 panis
3357 5233 3469 5273 non
3493 5236 3575 5277 re-

1975 5320 2226 5378 maneat;
2260 5312 2358 5367 sed
2390 5311 2631 5366 colorem
2655 5316 2708 5364 et
2737 5324 2992 5380 saporem
3016 5310 3173 5380 panis
3195 5328 3498 5384 remanere,
3518 5325 3573 5375 et

1977 5412 2079 5468 sub
2111 5425 2225 5466 una
2246 5410 2323 5480 (9)
2356 5408 2538 5479 Specie
2568 5420 2755 5464 veram
2789 5406 2987 5462 Christi
3014 5408 3266 5480 corporis
3303 5413 3565 5470 substan-

1974 5509 2102 5566 tiam
2132 5508 2328 5563 latere.
2365 5506 2507 5561 Nam
2546 5504 2592 5561 si
2631 5503 2686 5559 in
2724 5519 2790 5560 ea
2842 5504 3098 5577 qualitate
3136 5505 3193 5564 in
3231 5523 3338 5580 qua
3376 5527 3571 5569 revera

1976 5636 2108 5693 dist.
2150 5652 2206 5698 ιι,
2240 5649 2360 5703 cap.
2395 5649 2503 5706 qua
2534 5632 2600 5706 de
2629 5647 2882 5688 co-nsccr.

2047 5711 2125 5782 (9)
2154 5708 2234 5763 De
2265 5703 2515 5763 consecr.
2550 5704 2677 5761 dist.
2707 5720 2790 5771 ιιι,
2823 5719 2944 5776 cap,
2979 5703 3110 5763 Nos.
