4010 6074
526 295 624 354 911

1656 295 1997 355 WERNERI
2035 294 2329 354 ABBATIS
2384 300 2446 356 S.
2495 300 2716 360 BLASII

3724 318 3811 380 9i!

519 431 604 515 est
667 428 971 493 appareret,
1041 421 1258 515 vivurn__
1277 422 1550 515 hominem
1581 423 1813 515 animus
1877 420 2111 515 hominis
2139 421 2195 482 Α
2224 422 2397 480 Hodie
2424 430 2662 484 ctenavit
2688 431 2952 488 Dominus
2981 450 3104 490 cum
3135 434 3427 510 discipulis
3458 443 3574 499 suis
3604 446 3811 515 (Matth.

520 512 840 568 abhorreret
869 527 1176 568 assumere.
1214 511 1370 568 Unde
1409 527 1534 568 cum
1575 512 1846 568 Dominus
1873 512 2079 568 diceret
2115 525 2133 565 :

525 623 548 650 ι
582 601 701 656 Nisi
730 600 1198 656 manducaveritis
1231 616 1456 657 carnem
1489 601 1608 656 Filii
1641 602 1879 667 bomnis,
1913 609 1962 655 et
1987 599 2135 654 bibe-

522 698 642 754 ritis
681 699 800 766 ejus
833 699 1188 770 sanguinem,
1227 720 1248 748 υ
1273 707 1401 764 etc.,
1436 700 1625 769 (Joan.
1661 699 1894 768 v1),basc
1913 697 2134 753 audien-

523 797 606 844 tes
646 787 866 860 quidam
900 787 1151 842 abierunt
1198 796 1522 850 retrorsum,
1568 788 1925 842 abhorrentes
1954 793 2006 840 et
2028 801 2134 854 pu-

523 885 700 934 tantes
728 892 854 932 eum
889 876 992 931 sub
1019 877 1121 933 hac
1150 877 1337 948 specie
1367 893 1487 949 quae
1514 876 1593 932 eis
1614 877 1913 948 apparebat
1934 874 2130 944 jubere

516 974 751 1032 comedi.

589 1065 766 1120 Dehet
821 1078 960 1136 ergo
987 1063 1307 1119 necessario
1335 1063 1679 1119 Christianus
1707 1061 1953 1127 credere,
2006 1077 2128 1116 ma-

516 1153 680 1208 nibus
710 1151 1011 1208 sacerdotis
1041 1151 1336 1220 cujuslibet
1369 1159 1423 1206 et
1469 1151 1849 1206 tantummodo
1879 1149 2124 1205 ordinem

519 1240 813 1298 sacerdotii
868 1239 1122 1294 habentis
1176 1239 1290 1296 sive
1328 1238 1461 1294 boni
1517 1255 1615 1294 seu
1645 1239 1795 1306 mali,
1842 1237 2127 1309 aequaliter

513 1346 618 1402 per
646 1329 818 1385 verba
863 1329 1190 1400 potestativa
1223 1327 1639 1396 benedictionis,
1673 1343 1873 1398 corpus
1909 1326 2128 1382 Domini

513 1442 684 1498 posse
708 1425 1045 1491 consecrari,
1093 1432 1146 1480 et
1177 1424 1434 1496 Spiritum
1466 1431 1714 1480 sanctum
1745 1423 1799 1478 in
1825 1437 2125 1478 consecra-

514 1516 662 1572 tione
701 1515 797 1570 illa
837 1514 1064 1570 adesse.
1113 1515 1245 1570 Haec
1275 1513 1478 1569 oblatio
1517 1512 1770 1585 corporis
1811 1512 2031 1577 Christi,
2061 1515 2122 1566 ut

521 1613 861 1688 Augustinus
939 1618 1188 1677 testatur,
1245 1611 1372 1667 ideo
1435 1611 1674 1684 quotidie
1721 1610 1960 1678 iteratur,
2003 1610 2117 1680 (10)

511 1701 640 1758 licet
685 1701 938 1758 Christus
967 1700 1145 1756 semel
1169 1716 1365 1773 passus
1396 1701 1484 1768 sit,
1525 1700 1654 1772 quia
1692 1698 1928 1770 quotidie
1957 1699 2115 1754 cadi-

2243 515 2412 603 ixvt).
2440 515 2617 572 Hodie
2647 519 2867 575 tradidit
2885 521 2995 577 illis
3015 539 3214 596 corpus
3235 535 3288 582 et
3307 530 3637 603 sanguinem
3657 551 3812 594 suum.

2242 600 2417 658 Hodie
2443 603 2616 675 gloria
2648 607 2787 663 Patri
2826 618 2879 664 et
2908 611 3042 666 Filio
3099 630 3207 669 non
3236 600 3462 672 canitur.
3493 620 3672 678 Hodie
3697 641 3819 681 con-

2239 699 2491 746 secratur
2549 695 2720 750 tribus
2781 699 2960 754 modis
3015 701 3198 758 oleum
3274 706 3439 761 trium
3492 709 3811 772 ofﬁciorum.

2239 787 2413 845 Hodie
2478 801 2793 849 reservatur
2845 812 3052 868 corpus
3089 800 3306 856 Domini
3335 821 3508 876 usque
3556 809 3614 863 in
3644 812 3820 868 crasti-

2238 891 2388 942 num,
2420 876 2663 935 reﬁcitur
2693 899 2911 955 quoque
2942 886 2996 939 in
3025 895 3547 951 commemoratione
3574 896 3819 956 refectio-

2236 959 2322 1015 nis
2370 961 2596 1018 Christi.
2636 966 2809 1023 Hodie
2838 967 3085 1025 lavantur
3115 975 3285 1042 pedes
3334 975 3570 1035 fratrum
3597 990 3650 1037 et
3678 985 3821 1054 pavi-

2234 1067 2420 1152 menta
2473 1062 2741 1120 ecclesiae.
2799 1066 2978 1124 Hodie
3031 1071 3308 1128 nudantur
3354 1074 3542 1132 altaria
3572 1081 3821 1152 usquein

2233 1145 2470 1204 Sabbato
2500 1156 2708 1208 sancto.
2743 1155 2914 1211 Hodie
2947 1157 3277 1226 poenitentes
3305 1164 3531 1220 veniunt
3561 1167 3635 1223 ad
3661 1145 3822 1228 abso-

2231 1229 2539 1325 lutionem;
2573 1244 2626 1290 et
2653 1236 2785 1292 illud
2842 1241 3160 1310 mysterium
3225 1247 3373 1317 quod
3429 1249 3595 1306 hodie
3625 1250 3703 1320 ﬁt,
3735 1271 3822 1325 per

2231 1322 2787 1412 totumuobservatur
2812 1342 3059 1386 annum:
3107 1333 3205 1388 sed
3262 1335 3424 1392 hodie
3479 1322 3819 1412 adimpletur,

2231 1415 2285 1462 et
2314 1409 2475 1465 hodie
2505 1411 2808 1470 inchoatur.
2839 1417 3013 1473 Hodie
3039 1419 3131 1475 illa
3161 1437 3247 1477 res
3291 1423 3526 1481 eﬂicitur
3555 1409 3681 1500 qua:
3729 1409 3823 1502 per

2229 1511 2397 1560 totum
2457 1522 2658 1563 annum
2712 1527 2820 1567 non
2872 1520 3254 1586 recuperatur,
3314 1520 3362 1575 si
3401 1521 3714 1586 dimittitur.
3760 1529 3823 1586 Et

2225 1593 2350 1685 ideo
2381 1595 2497 1652 dies
2518 1597 2623 1654 ista
2650 1615 2848 1674 magna
2874 1611 2928 1657 et
2957 1607 3352 1665 consecrabilis
3381 1618 3466 1667 est
3491 1613 3755 1685 Domino,
3773 1625 3822 1675 et

2224 1683 2384 1754 plena
2414 1685 2594 1742 laetitia
2651 1697 2704 1744 et
2759 1691 3110 1750 exultatione.
3173 1696 3274 1754 Per
3332 1707 3443 1756 tres
3482 1702 3608 1760 dies
3647 1683 3822 1763 conti-

517 1807 642 1847 mus
671 1791 725 1844 in
755 1789 1020 1862 peccatis,
1055 1789 1173 1845 sine
1212 1790 1407 1861 quibus
1435 1789 1681 1845 mortalis
1710 1787 1991 1842 infirmitas
2029 1787 2101 1842 vi-

2227 1795 2385 1870 nuos,
2417 1781 2470 1836 id
2502 1791 2582 1837 est
2633 1785 2896 1856 quintam,
2961 1799 3170 1846 sextam
3201 1795 3606 1870 septimamque
3639 1801 3822 1858 feriam

513 1896 646 1938 vere
675 1895 783 1935 non
814 1886 1021 1951 potest.
1071 1879 1128 1932 In
1161 1879 1346 1950 specie
1385 1893 1518 1935 vero
1549 1877 1704 1949 panis
1745 1876 2016 1932 invisibile
2045 1877 2114 1932 de

517 1977 656 2033 caelo
688 1977 994 2042 descendit,
1050 1984 1104 2031 et
1144 1976 1399 2032 unionem
1449 1974 1695 2046 corporis
1726 1975 1782 2029 in
1820 1974 2016 2045 capite,
2059 1973 2114 2029 in

516 2066 705 2138 specie
743 2067 900 2137 panis
939 2064 1110 2120 voluit
1149 2065 1450 2136 designari,
1493 2064 1629 2120 sicut
1657 2063 1731 2118 ait
1761 2063 2054 2134 Apostolus
2096 2081 2110 2118 :

515 2177 538 2208 ι
582 2157 740 2210 Unus
771 2155 950 2225 panis,
991 2170 1158 2208 unum
1199 2170 1397 2225 corpus
1436 2169 1623 2208 sumus
1661 2169 1872 2217 omnes,
1922 2153 2014 2222 qui
2042 2152 2111 2208 de

506 2267 620 2307 uno
651 2266 794 2322 pane
826 2250 1210 2320 participamur
1233 2252 1298 2317 (I.
1345 2252 1472 2306 Cor.
1506 2253 1586 2318 χ).
1630 2273 1651 2297 »
1687 2250 1835 2304 Sicut
1864 2249 2012 2304 enim
2043 2265 2109 2304 ex

507 2339 744 2395 diversis
775 2338 961 2410 granis
992 2355 1133 2392 unus
1161 2339 1317 2409 panis
1355 2338 1432 2405 ﬁt,
1471 2339 1550 2394 sic
1580 2355 1642 2394 ex
1674 2337 1902 2392 diversis
1929 2354 2108 2392 mem-

507 2428 646 2490 bris,
680 2443 782 2481 nos
822 2443 988 2481 unum
1019 2442 1222 2497 corpus
1279 2426 1501 2490 Christi,
1537 2426 1735 2481 unione
1766 2428 1902 2497 spei,
1963 2425 2108 2492 ﬁdei,

505 2523 560 2573 et
589 2515 873 2572 cbaritatis
926 2514 1214 2569 efﬁcimur.
1271 2516 1464 2587 Itaque
1513 2515 1605 2587 qui
1642 2517 1860 2585 corpori
1907 2515 2108 2572 Christi

508 2622 670 2660 suum
702 2605 783 2661 sic
811 2609 1116 2660 membrum
1162 2604 1304 2658 uniri
1345 2605 1457 2660 vult
1511 2619 1653 2675 pane
1703 2603 1932 2673 caelesti,
1981 2620 2105 2660 cum

497 2705 623 2761 aliis
674 2704 980 2776 participet.
1015 2703 1198 2776 Fregit
1253 2703 1394 2758 enim
1455 2704 1603 2759 Deus
1633 2719 1831 2774 panem
1876 2711 1928 2758 et
1956 2703 2106 2759 dedit

495 2795 595 2860 eis,
629 2794 753 2866 quia
787 2793 930 2863 quod
965 2809 1130 2847 unum
1165 2803 1265 2860 est,
1299 2793 1369 2846 ab
1398 2793 1655 2848 omnibus
1690 2793 1858 2847 voluit
1886 2792 2104 2862 partici-

491 2883 633 2956 pari,
665 2883 853 2938 dicens
882 2898 893 2937 :
940 2881 1183 2952 Accipite
1213 2898 1312 2952 per
1340 2881 1798 2949 coniormitatem,
1833 2890 1884 2938 et
1913 2899 2098 2938 come-

491 2981 796 3052 diteipsum
817 2989 1240 3034 sacramentum.
1270 2979 1385 3034 Hoc
1412 2979 1570 3034 facite
1588 2979 1640 3032 in
1672 2996 1847 3034 meam
1870 2995 2102 3035 comme.

488 3071 847 3126 morationem
909 3067 1140 3137 (Matth.
1225 3079 1399 3136 xxvr).
1449 3068 1788 3139 Accipiendo
1819 3084 2019 3140 corpus
2041 3077 2093 3124 et

491 3158 818 3231 sanguinem
851 3158 1152 3212 habeamus
1179 3157 1452 3227 passionis
1499 3157 1839 3228 memoriam,
1864 3166 1920 3213 ut
1949 3157 2090 3215 sicut

490 3271 594 3328 pro
625 3255 784 3310 nobis
815 3261 1056 3308 mortuus
1094 3261 1195 3319 est,
1229 3253 1302 3308 ita
1338 3269 1435 3324 pro
1475 3269 1561 3319 eo,
1619 3253 1665 3308 si
1721 3271 1948 3311 necesse
1998 3257 2085 3325 sit,

489 3345 814 3400 moriamur.
845 3344 913 3398 Et
945 3343 1012 3397 de
1043 3341 1215 3397 calice
1247 3342 1510 3409 similiter,
1545 3359 1707 3412 quem
1737 3344 1951 3399 vocavit
1978 3345 2088 3400 No-

487 3449 616 3488 vum
664 3434 1093 3497 Testamentum,
1147 3431 1200 3484 id
1254 3440 1333 3486 est
1391 3449 1584 3487 novam
1640 3433 2084 3504 promissionem,

491 3529 613 3601 quia
646 3544 744 3599 per
791 3528 942 3582 illum
991 3528 1318 3599 sanguinem
1367 3543 1478 3583 non
1535 3529 1710 3584 solum
1769 3531 2088 3599 temporalia

485 3617 856 3690 promittebat,
891 3618 987 3671 sed
1017 3616 1178 3671 etiam
1211 3624 1432 3671 anei-na.
1482 3619 1547 3671 Et
1575 3618 1693 3674 haec
1749 3635 2086 3675 commemo-

489 3706 627 3762 ratio
675 3705 842 3760 debet
898 3705 1036 3771 ﬁeri,
1072 3706 1248 3760 donec
1297 3705 1500 3772 veniat,
1553 3707 1604 3760 id
1659 3715 1738 3762 est
1793 3724 1967 3780 usque
2019 3709 2086 3764 ad

490 3803 659 3859 ﬁnem
697 3803 902 3869 saeculi,
965 3803 1179 3874 quando
1210 3801 1418 3858 scilicet
1470 3803 1650 3858 veniet
1677 3805 1742 3859 ad
1794 3805 2082 3873 judicium.

486 3893 595 3949 Sed
627 3892 804 3947 videte
837 3891 965 3962 quid
1020 3891 1267 3961 sequitur
1299 3906 1312 3944 :
1351 3915 1372 3938 α
1409 3891 1730 3963 Quicunque
1779 3896 2084 3950 manduca-

483 3982 622 4037 verit
653 3998 844 4051 panem
897 3980 980 4035 vel
1035 3979 1235 4034 biberit
1288 3980 1511 4036 calicem
1565 3981 1782 4036 Domini
1838 3983 2082 4056 indigne,

488 4096 612 4134 reus
644 4079 746 4134 erit
777 4080 1023 4148 corporis
1069 4079 1304 4132 Domini.
1363 4079 1560 4133 Probet
1604 4088 1783 4133 autem
1842 4083 2081 4151 seipsum

487 4170 671 4231 homo,
709 4179 759 4220 et
789 4169 867 4222 sic
901 4171 969 4221 de
1005 4184 1139 4236 pane
1191 4167 1282 4222 ilio
1331 4171 1474 4223 edat.
1535 4176 1582 4222 et
1617 4169 1685 4220 de
1715 4171 1888 4224 calice
1939 4171 2084 4224 bibat

488 4258 536 4326 (Ι
573 4261 687 4311 Cur.
728 4263 823 4309 ΧΓ.
865 4279 886 4303 ,ι
926 4257 1187 4323 ltitiiglius
1241 4267 1319 4307 (ιθι
1354 4256 1617 4309 crimina'i
1655 4268 1874 4322 peccato
1905 4263 2080 4313 irreli-

483 4357 588 4410 tus,
616 4347 699 4399 vel
730 4346 780 4397 in
817 4344 1086 4399 voluntate
1117 4346 1470 4398 criminalium
1509 4347 1875 4402 faciemlomm
1904 4366 2082 4403 rema-

484 4459 640 4496 nens.
679 4441 876 4495 Probet
908 4453 1088 4496 autem
1122 4443 1362 4511 seipsum
1397 4460 1500 4496 non
1527 4447 1930 4512 comparatione
1959 4450 2082 4504 alio-

483 4547 625 4596 rum,
661 4529 756 4584 sed
789 4546 888 4599 per
918 4547 976 4584 se
1005 4531 1202 4596 solum,
1236 4532 1410 4602 qualis
1441 4533 1509 4585 sit
1556 4534 1937 4605 considerans,
1957 4537 2080 4609 quia

485 4644 507 4670 ι
545 4619 632 4692 qui
653 4618 947 4674 manducat
975 4628 1027 4674 et
1055 4619 1188 4674 bibit
1216 4620 1463 4691 indigne,
1492 4621 1760 4690 judicium
1792 4624 1894 4678 sibi
1925 4641 2080 4682 man-

477 4720 648 4776 ducat
678 4725 731 4774 et
760 4717 894 4771 bibit
923 4717 1128 4784 (ibid.),
1167 4741 1188 4765 η
1224 4719 1276 4772 id
1308 4727 1389 4773 est
1417 4721 1818 4776 damnationem
1852 4730 2079 4780 mandu-

475 4817 581 4867 cat.
617 4809 749 4864 Ideo
797 4805 938 4862 inter
968 4822 1067 4862 vos
1132 4808 1285 4862 multi
1317 4808 1514 4864 inﬁrmi
1570 4819 1698 4864 sunt
1728 4827 1864 4882 quos
1894 4814 2080 4869 Domi-

2224 1868 2534 1926 triduanum
2566 1874 2896 1944 scpulturam
2936 1878 3155 1936 Domini
3199 1868 3591 1944 celebramus:
3631 1906 3698 1947 ac
3732 1907 3826 1964 per

2222 1957 2326 2049 hoc
2345 1966 2411 2049 ut
2450 1963 2905 2035 compaginemur
2924 1967 3211 2026 humilitati
3232 1975 3540 2044 sepulturae
3579 1977 3710 2049 ejus
3733 1957 3826 2036 ’ἀξ-

2220 2046 2483 2103 mittimus
2506 2051 2726 2106 excelsa
2757 2063 2964 2122 nostra,
2992 2058 3046 2112 id
3087 2068 3170 2114 est
3197 2061 3367 2132 gloria
3397 2065 3552 2122 Patri
3581 2046 3637 2124 et
3675 2070 3824 2137 Filio,

2220 2152 2270 2198 et
2302 2161 2700 2218 campanarum
2749 2152 2929 2224 signa,
2963 2163 3016 2210 et
3052 2155 3160 2212 alia
3195 2158 3529 2230 hujusmodi.
3575 2165 3826 2234 Quintam

2218 2243 2322 2329 aut
2340 2234 2532 2329 feriam
2564 2244 2733 2329 sexta
2768 2243 3125 2316 septimaeque
3176 2249 3301 2304 ideo
3351 2252 3710 2323 adjungimus
3735 2273 3827 2329 pro

2216 2323 2400 2380 triduo
2432 2326 2805 2399 adimplendo,
2840 2332 2967 2403 quia
2999 2335 3279 2392 Dominica
3326 2355 3454 2408 nox,
3489 2358 3660 2414 quam
3712 2323 3826 2405 Do-

2215 2421 2394 2520 minus
2418 2439 2523 2478 sua
2545 2429 2951 2485 resurrectione
2973 2436 3336 2504 consecravit,
3357 2455 3480 2510 quae
3501 2445 3746 2512 pertinet
3760 2447 3825 2503 ad

2212 2510 2421 2607 initium
2455 2515 2737 2607 sequentis
2773 2517 3040 2575 Dominici
3071 2523 3198 2591 diei,
3258 2541 3380 2580 cum
3410 2510 3619 2603 magna
3652 2535 3827 2607 gloria

2214 2595 2540 2652 celebratur.
2577 2599 2633 2652 In
2662 2601 2850 2656 eadem
2885 2620 3099 2677 quoque
3129 2608 3217 2664 die
3246 2595 3615 2672 consecratur
3644 2595 3825 2678 oleum

2210 2683 2278 2738 ad
2317 2684 2419 2739 tria
2458 2685 2655 2753 ofﬁcia,
2699 2689 2883 2745 oleum
2923 2693 2994 2747 ad
3069 2695 3336 2766 inﬁrmos,
3377 2702 3446 2757 ad
3485 2708 3821 2780 neopbytos,

2209 2780 2443 2878 chrisma
2474 2800 2690 2857 quoque
2739 2788 2885 2845 unde
2949 2791 3338 2851 conﬁrmantur
3375 2799 3634 2859 homines
3703 2815 3827 2878 post

2209 2869 2560 2940 baptismum,
2603 2882 2655 2929 et
2693 2877 2839 2932 unde
2903 2878 3079 2950 ipsum
3121 2883 3450 2954 baptismum
3511 2869 3826 2952 consecra-

2207 2965 2311 3020 tur.
2346 2976 2444 3030 per
2473 2962 2615 3033 quod
2651 2965 2896 3022 homines
2936 2969 3214 3026 salvantur
3236 2976 3368 3046 (ti).
3404 2977 3608 3036 Potest
3641 2992 3822 3042 tamen

2207 3056 2354 3110 Deus
2385 3057 2502 3114 sine
2542 3059 2664 3116 oleo
2693 3061 2950 3122 inﬁrmos
2983 3083 3199 3136 sanare,
3226 3074 3576 3134 sanctiﬁcare
3597 3098 3821 3155 quoque

2203 3161 2350 3213 suos,
2384 3147 2772 3223 daeinonesque
2806 3153 3050 3227 eﬂugare
3085 3177 3096 3212 :
3132 3168 3310 3230 potest
3352 3147 3818 3234 spiritale-oleum

2198 3235 2439 3333 tribuere
2459 3237 2588 3333 sine
2619 3242 2893 3333 corporali
2921 3245 3059 3333 A;rsed
3089 3257 3312 3320 prOpter
3339 3253 3616 3313 animales
3635 3275 3819 3333 agun-

2199 3331 2284 3421 tur
2315 3324 2571 3394 visibilia,
2602 3337 2659 3382 ut
2691 3328 2996 3388 invisibilia
3026 3335 3236 3393 facilius
3256 3341 3570 3412 capiantur.
3605 3324 3817 3421 Si'qnis

2195 3420 2395 3478 dixerit
2415 3439 2426 3478 :
2453 3423 2508 3478 Si
2538 3434 2734 3496 potest,
2751 3444 2925 3501 quare
2946 3440 3098 3489 tanto
3127 3436 3308 3493 studio
3321 3438 3680 3514 observatur,
3699 3420 3815 3504 cul-

2196 3518 2282 3566 tus
2323 3515 2753 3570 consecrationis
2793 3519 2944 3574 olei?
2976 3522 3450 3594 Respondebitur:
3486 3531 3695 3591 Nonne
3715 3552 3812 3592 an-

2199 3600 2333 3671 tiqui
2382 3602 2516 3671 justi
2584 3613 2875 3674 potuerunt
2937 3609 3049 3666 Deo
3085 3612 3307 3683 placere
3347 3617 3465 3675 sine
3507 3622 3815 3682 circumci-

2197 3699 2396 3754 sione?
2435 3701 2738 3795 Potuerunt
2775 3705 2986 3777 utique.
3036 3709 3144 3765 Sed
3199 3724 3492 3786 postquam
3537 3719 3623 3776 eis
3661 3740 3808 3795 pra.

2196 3796 2409 3858 ceptum
2441 3789 2540 3844 fuit
2569 3799 2627 3844 ut
2675 3793 3211 3871 circumciderentur,
3269 3803 3371 3858 nisi
3431 3789 3811 3870 circumcide-

2195 3886 2403 3972 rentur,
2433 3881 2641 3949 peccati
2682 3882 2908 3938 vinculis
2938 3889 3279 3958 tenebantur,
3337 3902 3396 3948 ut
3449 3899 3809 3972 Augustinus

2194 3965 2442 4023 Seleucio
2473 3978 2719 4026 testatur.
2754 3975 2997 4043 Apostoli
3046 3977 3246 4050 quippe
3273 3981 3379 4039 hac
3433 3965 3576 4056 arte',
3639 3991 3696 4046 id
3729 4001 3810 4049 est

2193 4063 2315 4118 oleo
2355 4065 2671 4134 utebantur,
2750 4069 2803 4123 in
2867 4073 3330 4147 redintegratione
3403 4081 3807 4157 inﬁrmorum;

2193 4154 2505 4249 ειροειοιιοι⁶
2543 4169 2722 4211 autem
2793 4159 2890 4214 viri
2936 4161 2987 4215 in
3028 4165 3445 4237 consignatione
3486 4154 3810 4249 neophyto-L

2193 4259 2339 4297 rum.
2388 4243 2542 4299 Unde
2611 4247 2966 4319 Evangelium
3006 4251 3135 4307 dicit
3175 4254 3245 4310 de
3311 4262 3582 4329 apostolis
3604 4243 3640 4320 ﬁ:
3680 4243 3711 4316 ξ
3745 4269 3811 4324 Et

2194 4341 2474 4410 ungebam
2540 4343 2664 4397 oleo
2740 4347 2936 4400 multos
2993 4360 3256 4420 aegrotos,
3333 4365 3385 4410 et
3456 4362 3811 4421 s‘anabantur

2193 4429 2388 4520 tMarc.
2429 4431 2523 4499 vr).
2561 4454 2583 4478 ι»
2620 4434 2751 4486 Item
2795 4435 2933 4489 Beda
2979 4455 2992 4491 :
3038 4439 3190 4493 Patet
3246 4442 3315 4496 ab
3352 4443 3490 4513 ipsis
3529 4454 3810 4520 apostolis

2193 4519 2334 4571 hunc
2395 4529 2598 4575 sanctae
2673 4523 2931 4580 Ecclesiae
2986 4543 3190 4582 morem
3260 4534 3515 4591 traditum
3573 4519 3713 4599 esse
3750 4552 3811 4599 ut

2183 4609 2542 4677 energumeni
2582 4609 2667 4665 vel
2705 4611 2799 4665 alii
2837 4614 3064 4684 quilibet
3101 4620 3292 4688 egroti
3346 4637 3635 4697 uagantur
3683 4631 3808 4688 oleo

2181 4704 2475 4774 pontiﬁcali
2544 4706 2941 4766 benedictione.
3002 4712 3079 4766 De
3127 4713 3249 4771 oleo
3305 4721 3451 4788 quod
3494 4723 3810 4784 infunditur

2181 4809 2346 4864 super
2384 4796 2690 4866 neophytos
2731 4814 2838 4852 non
2870 4798 3076 4872 aliquid
3127 4803 3229 4859 tale
3269 4805 3532 4883 legimus,
3571 4816 3682 4871 sed
3714 4826 3805 4874 te-

471 4915 577 4955 nus
607 4905 830 4969 propter
860 4911 1061 4967 corpus
1083 4913 1240 4951 suum
1269 4897 1495 4972 indigne
1524 4908 1860 4970 assumptum
1891 4902 1947 4956 in
1971 4903 2076 4959 hac
2178 4899 2370 4937 nemus
2399 4883 2753 4953 apostolicam
2784 4890 3232 4947 consuetudinem
3267 4903 3321 4949 et
3376 4904 3802 4975 auctoritatem,

471 4989 582 5046 vita
617 4986 854 5043 febribus
887 4993 939 5042 et
995 4985 1118 5041 aliis
1145 4985 1543 5042 inﬁrmitatibus
1573 4989 1745 5059 punit,
1797 4998 1849 5045 et
1904 4991 2072 5047 etiam
2177 4998 2339 5053 quam
2391 4983 2706 5053 accepimus
2773 5001 2807 5038 8
2847 4986 3088 5042 Romana
3154 4991 3429 5050 Ecclesia.
3479 4999 3632 5056 Nam
3673 5020 3803 5060 mos

473 5084 640 5158 (quod
673 5087 756 5140 est
811 5083 989 5154 pejus)
1019 5083 1294 5138 dormiunt
1341 5083 1494 5139 multi
1541 5083 1596 5138 in
1653 5093 1901 5154 mortem,
1932 5087 2072 5144 sicut

2211 5071 2409 5141 postoli
2437 5071 2536 5126 Dei
2588 5080 2640 5128 et
2678 5072 2922 5129 instituta
2954 5079 3214 5146 majorum
3254 5099 3355 5154 pro
3382 5084 3514 5156 lege
3547 5093 3804 5149 tenenda

467 5187 572 5228 nos
599 5173 782 5227 adhuc
807 5172 1077 5237 videmus,
1113 5172 1257 5244 quod
1287 5178 1411 5244 post
1436 5172 1655 5229 Pascha
1685 5175 1884 5246 sapius
1911 5191 2069 5234 acce-

2211 5168 2315 5227 nnt,
2387 5169 2442 5214 ut
2479 5163 2823 5233 Augustinus
2897 5164 3172 5224 Casulano
3237 5173 3565 5244 presbytero
3613 5188 3802 5236 testa-

467 5261 542 5317 dit
574 5259 906 5315 mortalitas.
2168 5255 2256 5304 tur
2292 5263 2304 5303 :
2347 5247 2539 5305 Oleum
2601 5266 2702 5321 pro
2741 5249 2963 5308 inﬁrmo
3001 5267 3364 5314 consecratur
3395 5262 3447 5316 in
3504 5265 3631 5337 ipso
3663 5268 3803 5325 om-

679 5356 844 5410 [Tum
900 5356 1137 5413 δεῖξιΜο
1167 5358 1240 5412 1N
1269 5357 1495 5413 C(ENA
1553 5358 1833 5416 bonum,
2165 5347 2251 5404 cio
2291 5348 2719 5404 consecrationis
2786 5351 3040 5422 corporis
3079 5362 3134 5409 et
3206 5360 3495 5430 sanguinis
3533 5364 3806 5435 Domini,

537 5453 780 5515 Fratres,
811 5450 914 5505 ista
951 5451 1069 5504 dies
1093 5467 1253 5523 quam
1284 5453 1450 5508 hodie
1482 5454 1825 5512 celebramus
1855 5474 2061 5530 magna
2163 5445 2456 5509 antequam
2487 5437 2696 5494 dicam"
2723 5456 2736 5492 ³
2789 5439 2890 5494 Per
2919 5457 3079 5512 quem
3111 5443 3229 5500 haec
3273 5448 3478 5518 omnia:
3517 5451 3796 5527 nomine:

464 5547 549 5599 ,ει
579 5547 629 5595 ει
661 5537 898 5603 excelsa,
959 5542 1012 5590 et
1069 5538 1215 5592 nulla
1270 5541 1454 5611 major
1508 5559 1608 5614 ρει»
1639 5551 1804 5599 totum
1835 5561 2056 5605 annum.
2160 5550 2382 5606 semper
2413 5535 2553 5590 bona
2583 5551 2765 5592 creas.
2831 5537 3141 5596 Novissima
3187 5544 3362 5601 oratio
3391 5554 3802 5611 concecratio-

531 5683 647 5760 (_t0)
681 5680 763 5760 De
791 5676 1481 5760 consec..dit:.it,_Utrum,
1530 5691 1582 5740 et
1608 5700 1740 5756 cap.
1781 5687 2050 5760 Iteratur,

456 5763 461 5768 ,
531 5692 647 5751 (ίθ)
681 5692 763 5759 Ue.
791 5692 1008 5733 (εθηδθθο
1038 5692 1226 5760 ⁰¹ί’,¹¹’
1261 5692 1481 5750 Utrum:
1530 5692 1582 5740 ει
1608 5700 1740 5756 οαΡο
1781 5692 2050 5760 Iteratur,
2225 5692 2340 5762 (11)
2371 5692 2451 5747 De
2479 5709 2748 5763 consecr.,
2780 5693 2908 5753 dist,
2944 5712 3023 5767 tu,
3056 5697 3290 5758 Litteris
3326 5709 3608 5764 elnsent.
3659 5711 3798 5768 dist

448 5769 511 5814 tv
539 5755 677 5812 Sen.
713 5749 845 5806 dist.
883 5763 977 5818 χιι,
1010 5746 1355 5805 Insttlutum
2155 5777 2312 5818 nm.
2344 5778 2392 5818 ο.
2429 5767 2478 5818 ί.
3292 5743 3308 5773 ι
3615 5749 3633 5779 ι

2155 5777 2312 5831 xxnt,
2344 5778 2392 5819 c.
2429 5767 2478 5819 t.
