4062 6074
351 144 458 218 eis

1288 143 1874 203 DBFLORATIONES
1913 144 2021 203 SS.
2066 144 2461 204 PATRUM.-—
2503 147 2632 203 LlB.
2676 147 2718 201 Ι.

3546 145 3650 201 914

349 263 437 319 nis
466 263 735 320 Dominici
788 265 1033 337 corporis
1062 283 1134 323 ex
1163 276 1290 325 voto
1347 269 1721 338 pmnitentium
1747 267 1823 335 fit,
1872 270 1941 324 de
1971 271 2022 331 A
2055 286 2156 326 nus
2187 271 2530 327 sacerdotum
2560 278 2874 327 recurrunt.
2914 273 2980 326 Et
3010 286 3109 326 cur
3139 269 3330 324 eadem
3349 267 3436 324 die
3460 268 3643 325 oleum

350 352 549 424 quibus
587 353 782 409 dicitur
814 371 827 409 :
866 379 887 405 ‹ι
923 355 1262 412 Sacrificium
1292 358 1529 412 Domino
1560 357 1784 428 spiritus
1807 375 1943 414 con-

348 441 631 497 tribulatus
685 443 860 514 (Psat.
913 449 985 508 ι).
1017 469 1038 494 ιι
1074 446 1334 519 Congrue
1390 447 1441 500 in
1467 463 1529 502 ea
1587 456 1946 502 consecratur

352 539 533 594 oleum
591 556 693 610 pro
765 543 1168 612 plenitentibus,
1226 543 1317 598 ubi
1381 560 1571 599 eorum
1621 544 1944 599 sacriﬁcium

351 627 470 684 Deo
500 626 739 684 offertur.
772 631 1118 687 Consecratio
1148 633 1462 688 chrismatis
1493 633 1691 688 dicitur
1746 634 1945 703 princi-

350 717 508 781 palis,
552 718 676 787 quia
707 719 776 772 ad
833 721 952 788 ejus
995 724 1305 776 unctionem
1352 722 1666 791 principalis
1723 723 1944 792 spiritus

349 806 625 861 tribuitur.
668 807 1034 864 Consecratur
1073 809 1124 863 in
1184 827 1249 865 eo
1279 810 1420 874 loco,
1448 811 1536 864 ubi
1570 828 1759 882 pacem
1804 812 1943 866 inter

348 910 455 950 nos
511 896 750 951 solemus
781 896 929 964 dare,
962 900 1062 953 hoc
1094 907 1177 953 est
1206 914 1344 969 Opus
1396 901 1585 972 gratia:
1614 901 1850 966 Domini,
1885 909 1944 955 ut

345 1007 452 1062 pax
511 1001 565 1048 et
620 994 912 1050 concordia
953 1003 1148 1066 regnet
1203 996 1256 1051 in
1317 998 1494 1052 nobis.
1545 999 1684 1052 Nam
1739 1007 1796 1053 ut
1845 998 1943 1053 Isi-

343 1080 509 1137 dorus
540 1082 615 1136 ait
647 1097 658 1136 :
698 1105 720 1130 α
747 1081 882 1138 Olea
911 1093 990 1138 est
1024 1085 1192 1140 arbor
1220 1086 1373 1156 pacis
1403 1086 1665 1159 insignis.
1702 1110 1723 1133 υ

419 1196 678 1269 Sequitur
761 1197 1100 1254 exorcismus
1183 1199 1316 1254 olei.
1385 1201 1454 1256 Ut
1503 1200 1744 1256 Isidorus
1793 1200 1866 1255 ait
1925 1219 1938 1257 :

343 1285 706 1342 Exorcismus
763 1286 975 1354 Graece,
1033 1289 1220 1344 Latine
1252 1289 1567 1357 conjuratio,
1630 1306 1730 1344 seu
1763 1307 1942 1346 sermo

343 1373 749 1446 increpationis,
794 1385 875 1432 est.
932 1385 1120 1432 contra
1166 1377 1466 1444 diabolum,
1509 1387 1563 1434 ut
1619 1379 1862 1435 discedat
1919 1396 1934 1435 :

344 1472 398 1519 et
453 1464 736 1520 concludit
792 1466 910 1522 sic:
943 1468 1049 1520 Per
1095 1467 1383 1521 Dominum
1439 1477 1686 1523 nostrum
1733 1469 1936 1536 Jesnm,

345 1552 639 1622 Christum,
675 1553 765 1624 qui
796 1564 1059 1610 venturus
1089 1565 1187 1610 est.
1227 1555 1325 1611 Illo
1353 1565 1625 1628 unguntur
1678 1559 1938 1613 catechu-

340 1641 507 1706 meni,
561 1649 617 1696 ut
668 1659 764 1714 per
795 1642 943 1700 hanc
991 1645 1302 1699 unctionem
1345 1661 1456 1700 non
1489 1646 1659 1716 possit
1687 1646 1937 1702 diabolus

343 1731 637 1801 repedare.
675 1732 982 1787 Videndum
1009 1742 1090 1789 est
1122 1733 1250 1803 quid
1274 1743 1526 1805 operetur
1553 1735 1784 1806 Spiritus
1802 1752 1934 1789 san-

342 1827 463 1875 ctus
520 1819 575 1874 in
636 1821 888 1894 singulis.
922 1822 1282 1877 Exoreismus
1323 1823 1425 1878 olei
1471 1823 1623 1894 jubet
1679 1825 1937 1880 recedere

341 1908 624 1964 diabolum
644 1927 672 1964 a
707 1911 1116 1982 catecitumcno,
1163 1911 1252 1982 qui
1281 1912 1568 1983 adbucqni
1589 1920 1803 1968 mortuo
1835 1914 1935 1969 de-

339 2009 579 2078 putatur,
634 2007 760 2079 quia
807 2009 1046 2062 nondum
1105 2016 1188 2064 est
1240 2009 1560 2081 baptizatus.
1621 2010 1940 2066 Chrismalis

340 2095 527 2152 unctio
558 2096 859 2152 sanctiﬁcat
882 2098 995 2166 jam
1024 2097 1305 2155 viventem
1340 2116 1411 2155 ex
1438 2100 1689 2156 mortuis.
1743 2099 1940 2157 Oleum

341 2199 443 2255 pro
477 2184 693 2240 inﬁrmo
725 2187 991 2240 medelam
1025 2193 1248 2258 praestat
1278 2189 1553 2244 sauciatis.
1604 2189 1941 2245 Reservatur

341 2272 396 2326 in
430 2274 624 2329 eadem
657 2275 743 2329 die
771 2291 972 2346 corpus
1030 2277 1247 2331 Domini
1301 2293 1474 2348 usque
1503 2276 1556 2331 in
1614 2279 1935 2332 crastinum.

343 2363 404 2417 In
438 2363 746 2420 Parasceve
776 2364 918 2419 enim
944 2381 1052 2420 non
1089 2365 1373 2422 conficitur
1429 2381 1624 2437 corpus
1680 2367 1930 2422 Domini.

345 2452 590 2508 Necesse
621 2453 888 2520 estenim,
947 2461 1002 2508 ut
1060 2455 1116 2508 hi
1164 2455 1360 2524 quibus
1405 2464 1488 2510 est
1519 2456 1766 2510 voluntas
1794 2473 1940 2512 com-

341 2540 683 2607 municandi,
715 2542 952 2597 habeant
983 2543 1309 2599 sacriﬁcium
1343 2559 1406 2599 ex
1437 2544 1605 2615 priori
1661 2545 1771 2600 die.
1804 2546 1941 2600 Sunt

343 2638 490 2694 enim
521 2639 609 2708 qui
632 2640 1001 2709 quotidie(t?l
1028 2642 1409 2696 eucharistiam
1443 2659 1660 2698 sumere
1717 2643 1928 2699 volunt.

340 2727 502 2792 Nam,
556 2729 706 2796 juxta
760 2730 1146 2801 Augustinum,
1233 2738 1426 2786 neuter
1484 2732 1784 2802 culpandus
1833 2740 1935 2802 est,

342 2815 430 2870 vel
462 2816 551 2888 qui
583 2817 901 2874 honorando
941 2835 1050 2874 non
1096 2819 1261 2874 audet
1310 2819 1420 2874 ullo
1466 2820 1554 2875 die
1606 2823 1937 2890 praetermit-

341 2912 482 2960 tere.
515 2906 724 2961 Deinde
754 2905 1016 2962 transitur
1046 2909 1116 2962 ad
1149 2908 1484 2973 convivium,
1530 2925 1592 2962 ex
1644 2926 1748 2978 quo
1777 2925 1934 2966 cmna

346 3000 565 3055 Domini
623 3009 868 3057 vocatur.
915 3003 1068 3058 Unde
1125 3003 1372 3059 Isidorus
1406 3021 1418 3058 :
1451 3005 1617 3060 C(nna
1657 3004 1940 3060 Dominica

345 3088 492 3144 dicta
522 3098 623 3157 est,
649 3105 716 3146 eo
747 3090 890 3162 quod
939 3091 994 3146 in
1024 3108 1089 3147 eo
1119 3092 1207 3147 die
1237 3092 1486 3148 Salvator
1543 3094 1759 3148 Pascha
1813 3109 1940 3149 eum

346 3186 628 3258 discipulis
665 3187 779 3243 suis
809 3187 958 3244 fecit.
999 3189 1121 3244 Vidi
1151 3190 1448 3259 quemdam
1504 3190 1820 3263 religiosum
1871 3207 1939 3246 ea

345 3275 434 3330 die
467 3276 645 3346 primo
683 3276 887 3348 aliquid
917 3292 1137 3334 sumere
1167 3279 1235 3334 de
1265 3279 1408 3347 cibo,
1443 3287 1495 3334 et
1525 3287 1716 3349 postea
1757 3279 1938 3336 lavare

341 3365 516 3436 pedes
537 3369 978 3438 peregrinorum,
1047 3375 1097 3421 et
1120 3366 1201 3423 sic
1247 3368 1486 3422 transire
1535 3367 1605 3422 ad
1657 3384 1928 3423 mensam.

341 3461 557 3518 Domini
588 3462 758 3517 nostri
796 3463 1053 3535 exemplo
1084 3480 1149 3519 eo
1177 3464 1264 3520 die
1296 3465 1565 3532 lavamus,
1601 3481 1712 3521 non
1762 3465 1936 3521 solum

340 3551 510 3623 pedes
531 3549 780 3618 fratrum,
815 3552 914 3607 sed
974 3553 1136 3607 etiam
1192 3554 1505 3624 pavimenta
1562 3555 1812 3610 ecclesias
1863 3555 1930 3609 ad

340 3639 658 3712 paschalem
691 3640 1048 3696 festivitatem
1072 3643 1340 3697 ornanda.
1368 3642 1686 3714 Praecipitur
1714 3643 1770 3696 in
1820 3643 1934 3698 Bo-

341 3751 502 3792 mano
523 3737 716 3792 ordine
760 3746 839 3805 ut,
873 3753 904 3792 a
959 3739 1145 3810 quinta
1200 3739 1339 3794 feria
1381 3756 1556 3813 usque
1585 3739 1639 3794 in
1695 3740 1936 3796 Sabbato

342 3834 560 3893 sancto,
591 3826 736 3880 nuda
771 3826 878 3880 sint
909 3825 1128 3883 altaria.
1187 3827 1347 3896 Quod
1377 3845 1486 3884 non
1516 3828 1664 3884 aliud
1719 3829 1932 3902 signiti-

341 3932 443 3994 cat,
477 3924 532 3979 ni
563 3925 741 3992 fallor,
774 3925 880 3980 nisi
911 3924 1094 3996 fugam
1137 3928 1535 3998 apostolorum.
1601 3928 1936 3984 Vestimenta

340 4013 523 4068 altaris
555 4013 756 4069 Christi
779 4023 924 4085 sunt,
977 4016 1046 4071 de
1077 4016 1274 4086 quibus
1303 4015 1504 4072 dictum
1537 4025 1618 4072 est
1647 4034 1659 4072 :
1689 4040 1710 4064 α
1735 4017 1801 4071 Et
1847 4033 1935 4070 re-

341 4100 468 4158 licto
497 4119 562 4158 eo
588 4119 780 4158 omnes
811 4103 1065 4176 fugerunt.
1095 4106 1336 4174 (Matth).
1372 4107 1549 4176 xxvr).
1581 4129 1601 4152 ι
1624 4107 1684 4159 In
1717 4105 1934 4176 ipsadie

340 4199 662 4262 peccatores
692 4193 778 4262 qui
802 4202 1027 4264 prepter
1057 4201 1283 4264 peccata
1312 4210 1408 4248 sua
1439 4202 1490 4248 et
1547 4193 1774 4250 crimina
1804 4209 1932 4264 pro-

335 4280 470 4351 jecti
499 4281 715 4336 fuerant
743 4282 812 4337 de
843 4282 1054 4354 gremio
1067 4291 1268 4339 sanctae
1281 4283 1558 4348 Ecclesiae,
1577 4291 1794 4353 peracta
1817 4299 1932 4353 pa:-

341 4369 588 4439 nitentia,
613 4369 841 4440 jubente
871 4371 1131 4442 episcopo
1162 4387 1258 4427 seu
1288 4372 1634 4442 presbytero,
1694 4371 1930 4427 ubicun-

341 4475 448 4528 que
479 4458 608 4525 sint,
639 4459 708 4514 ad
739 4468 962 4514 matrem
997 4459 1300 4515 Ecclesiam
1330 4467 1698 4525 revertuntur,
1731 4468 1931 4515 etcum

339 4571 544 4627 magno
575 4555 779 4628 gaudio
795 4563 850 4611 et
877 4556 1063 4612 laetitia
1085 4557 1152 4612 ad
1171 4557 1556 4613 remissionem
1587 4565 1933 4629 peccatorum

346 4644 602 4701 redeunt.
639 4646 702 4700 In
759 4645 844 4700 bis
890 4646 1144 4702 omnibus
1171 4646 1562 4718 cognoscimus
1605 4654 1934 4717 prasentem

341 4743 491 4799 diem
549 4743 714 4798 valde
769 4752 1148 4800 consecratum
1179 4759 1302 4800 esse
1350 4744 1654 4800 remissioni
1676 4751 1934 4814 peccato-

339 4848 489 4888 rum.
528 4833 650 4888 Non
681 4832 826 4888 enim
848 4841 1100 4904 putamus
1128 4832 1388 4905 pmsenti
1401 4833 1611 4905 quintae
1639 4831 1786 4889 ferite
1817 4831 1935 4888 for-

340 4929 478 4986 tuitu
506 4930 626 4986 haec
652 4929 931 4987 accidere.

412 5047 529 5103 Nos
559 5046 713 5103 scioli
743 5047 962 5102 interim
1011 5047 1257 5102 dicamus
1288 5046 1415 5118 quid
1471 5046 1631 5102 nobis
1659 5045 1936 5112 videatur,

347 5135 574 5192 rationis
607 5135 833 5202 habere,
867 5135 1011 5206 quod
1059 5136 1113 5190 in
1144 5136 1264 5207 ipso
1323 5137 1412 5191 die
1457 5135 1625 5192 voluit
1682 5133 1944 5190 Dominus

347 5224 521 5296 pedes
550 5224 758 5289 lavare,
783 5225 938 5293 cujus
969 5225 1219 5295 exemplo
1248 5241 1346 5280 nos
1358 5224 1527 5296 pedes
1559 5231 1611 5278 et
1641 5223 1943 5279 casterala-

346 5330 561 5370 vamus.
594 5312 728 5382 Quae
749 5313 946 5368 lavatio
961 5311 1336 5369 remissionem
1374 5320 1726 5385 peccatorum
1765 5310 1944 5385 signi-

345 5401 490 5460 ﬁcat.
527 5402 882 5474 Quapropter
911 5411 963 5458 et
1000 5403 1325 5474 pocnitentes
1379 5403 1571 5458 eadem
1600 5401 1688 5458 die
1734 5402 1806 5457 ad
1833 5417 1949 5457 ma-

419 5554 536 5627 (12)
564 5555 645 5610 De
682 5569 906 5611 consec.
939 5553 1064 5612 dist.
1085 5570 1144 5623 ιι,
1179 5555 1459 5624 Quotidie,
1494 5563 1547 5610 et
1574 5571 1627 5610 iv
1650 5555 1801 5611 Sent.
1819 5553 1948 5610 dist.

351 5651 450 5707 xtl,
474 5650 598 5710 cap.
631 5636 990 5694 humatum.

2056 368 2408 415 consecratur
2434 362 2462 415 ‘P
2491 361 2738 415 Christus
2778 368 2974 416 unctus
3021 359 3144 414 oleo
3173 357 3376 412 laetitiae
3429 356 3483 411 in
3541 357 3648 412 ﬁne

2054 447 2254 518 quintae
2275 449 2450 503 aetatis
2480 449 2626 503 venit
2659 450 2728 503 ad
2751 465 2869 505 nos.
2896 455 3243 504 utconsortes
3256 446 3465 502 faceret
3488 447 3646 519 regni

2055 544 2156 598 sui.
2189 545 2344 600 Unde
2376 556 2428 599 et
2457 546 2572 600 haec
2618 546 2797 600 unctio
2854 542 3138 600 conﬁcitur
3158 543 3211 596 in
3270 541 3457 612 quinta
3480 540 3638 596 feria.

2053 631 2141 687 Sic
2169 633 2384 687 delatus
2412 643 2493 687 est
2522 633 2740 704 quidam
2769 634 2961 688 modus
3006 631 3273 687 unctionis
3305 645 3336 684 a
3368 629 3646 685 nativitate

2053 721 2288 784 Domini,
2321 727 2620 778 secundum
2655 723 2847 776 Isaiam
2879 730 2933 776 et
2989 720 3345 792 Evangelium
3379 719 3432 772 in
3464 719 3646 789 specie

2051 810 2340 873 columbae,
2377 828 2549 880 usque
2597 811 2667 865 ad
2726 812 3051 882 baptismum
3085 809 3334 878 quamvis
3391 808 3460 861 ab
3491 807 3644 864 initio

2051 921 2116 960 ex
2145 923 2251 975 quo
2283 909 2444 977 cmpit
2491 910 2651 964 homo
2710 907 2843 973 fieri,
2878 909 3167 964 credamus
3221 906 3529 960 unctionem
3589 905 3644 960 in

2049 994 2174 1048 Jesu
2203 995 2507 1066 spiritalem
2543 1013 2788 1052 manere.
2827 998 2945 1051 Non
2973 997 3253 1065 discrepat
3299 995 3367 1048 ab
3399 995 3497 1049 hac
3545 1011 3638 1048 ra-

2051 1083 2381 1155 tione,quod
2415 1087 2602 1155 quinta
2633 1085 2765 1140 feria
2797 1092 3147 1141 consecratur
3170 1083 3440 1151 oleum,et
3463 1085 3643 1138 unctio

2051 1181 2304 1227 servatur
2335 1175 2590 1244 usquead
2621 1175 2945 1244 baptismum
2977 1183 3237 1227 nostrum.
3263 1174 3368 1226 Lex
3402 1188 3509 1227 non
3529 1172 3646 1227 solo

2051 1261 2213 1316 vebat
2245 1272 2488 1333 peccata,
2521 1263 2616 1318 sed
2649 1263 2923 1334 puniebat.
2949 1262 3191 1316 Christus
3223 1261 3275 1314 in
3296 1262 3486 1333 quinta
3508 1262 3643 1316 feria

2050 1359 2221 1415 veteri
2250 1360 2358 1430 legi
2381 1360 2542 1418 ﬁnem
2567 1363 2676 1427 dat,
2711 1370 2767 1417 ut
2813 1361 2957 1416 Beda
2987 1369 3170 1414 narrat
3192 1375 3356 1430 super
3413 1361 3639 1426 Lucam,

2049 1455 2103 1504 et
2147 1458 2374 1519 peccata
2428 1450 2681 1504 absolvit.
2755 1450 2996 1520 Idipsum
3052 1450 3104 1502 in
3166 1448 3339 1519 prima
3395 1448 3640 1504 Oratione

2049 1538 2232 1593 missae
2253 1547 2408 1594 sonat
2432 1541 2702 1594 sacerdos
2733 1539 2967 1594 dicendo
3001 1557 3014 1592 :
3051 1539 3124 1592 ιω
3162 1537 3324 1591 nobis
3355 1536 3535 1592 ablato
3553 1553 3641 1592 ve-

2049 1635 2263 1688 tustatis
2293 1651 2502 1700 errore,
2538 1635 2962 1690 resurrectionis
3010 1649 3122 1689 suze
3151 1633 3392 1705 gratiam
3439 1632 3642 1704 largia-

2045 1727 2156 1774 tur.
2217 1720 2385 1776 Atfert
2441 1730 2493 1776 et
2548 1723 2749 1790 oleum,
2795 1739 2903 1794 quo
2957 1730 3227 1790 ungantur
3281 1721 3366 1775 sui
3424 1736 3644 1776 consor-

2047 1817 2148 1873 tes,
2181 1809 2250 1864 de
2280 1810 2476 1882 quibus
2506 1811 2638 1866 dicit
2675 1811 2866 1866 Petrus
2897 1827 2909 1864 :
2953 1833 2974 1858 «
3013 1811 3120 1866 Vos
3141 1809 3271 1864 estis
3322 1825 3498 1880 genus
3528 1809 3646 1865 ele-

2046 1907 2216 1965 ctum,
2250 1899 2438 1968 regale
2495 1899 2862 1955 sacerdotium
2894 1899 2944 1968 (1
2968 1903 3120 1954 Petr.
3142 1899 3226 1968 ll).
3265 1921 3286 1945 η
3323 1897 3493 1970 Igitur
3519 1913 3646 1954 cum

2047 2003 2112 2042 ex
2142 1987 2226 2042 his
2277 1988 2530 2044 omnibus
2580 1996 2730 2044 tanta
2759 1987 2943 2044 laetitia
2982 1987 3049 2042 sit
3099 1987 3375 2042 hodiernae
3403 1986 3512 2042 diei
3567 1993 3640 2056 et,

2047 2079 2187 2132 sicut
2216 2076 2415 2132 scimus
2447 2085 2497 2133 et
2528 2093 2673 2149 saepe
2734 2077 2982 2133 videmus
3011 2083 3215 2131 tantam
3273 2075 3328 2130 in
3358 2074 3521 2130 terris
3551 2074 3645 2131 lae-

2047 2175 2220 2229 titiam
2251 2173 2321 2229 de
2343 2174 2650 2245 peccatoris
2672 2174 3022 2230 absolutione
3039 2183 3090 2230 et
3118 2173 3459 2245 poenitentia,
3475 2173 3646 2227 multo

2047 2263 2225 2335 magis
2255 2263 2591 2320 credendum
2621 2274 2723 2329 est,
2758 2263 2813 2318 in
2843 2263 2998 2320 ccelis
3029 2262 3287 2335 gaudium
3319 2279 3441 2317 esse
3471 2271 3524 2317 et
3553 2262 3648 2317 lae-

2048 2352 2218 2407 titiam
2249 2368 2432 2407 coram
2456 2354 2568 2408 Deo
2619 2361 2669 2408 et
2698 2351 2913 2425 angelis
2945 2352 3086 2422 ejus,
3146 2351 3289 2407 sicut
3317 2352 3436 2422 ipse
3494 2350 3645 2416 dicit,

2051 2440 2141 2510 qui
2167 2440 2312 2496 diem
2337 2449 2389 2494 et
2424 2441 2700 2496 hominem
2732 2441 3056 2498 constituit:
3097 2463 3119 2488 α
3155 2439 3432 2495 Gaudium
3481 2447 3563 2495 est
3591 2438 3649 2493 in

2045 2529 2188 2587 coelo
2218 2545 2402 2585 coram
2430 2530 2644 2602 angelis
2674 2530 2769 2584 Dsi
2789 2546 2956 2602 super
2999 2544 3108 2585 uno
3138 2537 3421 2601 peccatore
3475 2525 3651 2600 poeni-

2047 2619 2268 2673 tentiam
2290 2624 2489 2690 agente
2517 2619 2680 2688 (Luc.
2719 2617 2840 2688 xv).
2884 2640 2905 2667 υ

2116 2755 2192 2808 De
2213 2753 2578 2821 separatione
2607 2752 2817 2807 animae
2847 2755 2903 2808 et
2933 2751 3182 2822 corporis
3212 2751 3275 2806 in
3309 2749 3552 2806 Christo.

2117 2866 2356 2936 Quidam
2386 2873 2710 2938 putaverunt
2737 2866 2794 2920 in
2849 2873 3019 2921 morte
3058 2865 3454 2920 divinitatema
3482 2865 3643 2921 Chri-
3699 2877 3706 2882 '

1969 2967 2019 3030 ί]
2050 2965 2132 3012 sto
2161 2957 2380 3012 homine
2433 2956 2752 3020 recessisse,
2817 2963 2872 3011 et
2926 2962 3163 3010 mortem
3200 2954 3436 3009 hominis
3484 2954 3634 3010 aliud

2049 3062 2209 3118 quam
2241 3045 2636 3115 separationem
2678 3044 2976 3098 divinitatis
3007 3058 3227 3098 acarne
3276 3059 3385 3098 non
3438 3043 3632 3098 fuisse.

2047 3135 2332 3190 Inveniunt
2361 3134 2507 3188 enim
2542 3133 2792 3205 quasdam
2815 3133 3005 3200 verba,
3039 3132 3092 3186 in
3124 3132 3320 3203 quibus
3349 3131 3423 3186 ita
3439 3132 3640 3188 dictum

2047 3246 2170 3287 esse
2200 3231 2417 3285 videtur
2448 3247 2460 3284 :
2494 3237 2547 3285 et
2573 3229 2916 3284 invenientes
2949 3229 3219 3296 ejusmodi
3240 3229 3430 3284 littera
3458 3230 3643 3285 adlue-

2046 3327 2188 3385 rent,
2223 3335 2331 3374 non
2361 3319 2731 3389 pertingentes
2763 3319 2832 3372 ad
2863 3318 3135 3388 spiritum.
3177 3319 3372 3373 Beatus
3403 3317 3643 3373 Ambro-

2047 3409 2159 3464 sius
2175 3408 2280 3464 tale
2309 3407 2514 3479 aliquid
2543 3407 2760 3462 videtur
2781 3407 2965 3462 dicere
2995 3406 3050 3460 in
3080 3406 3432 3478 Expositione
3489 3405 3645 3477 psal-

2029 3498 2128 3552 .mi
2156 3497 2322 3561 illius,
2383 3512 2548 3566 quem
2591 3496 2710 3566 ipse
2766 3496 3030 3550 Dominus
3087 3496 3142 3549 in
3195 3495 3454 3566 passione
3483 3495 3554 3550 de
3583 3511 3644 3549 se

2046 3586 2304 3657 scriptum
2337 3601 2460 3640 esse
2481 3584 2717 3640 ostendit
2753 3601 2765 3638 :
2802 3607 2823 3632 «ι
2858 3585 3004 3639 Dens
3019 3600 3194 3647 meus,
3222 3584 3368 3638 Deus
3395 3591 3642 3646 meus,ut

2044 3675 2176 3746 quid
2195 3690 2283 3729 me
2311 3673 2656 3745 dereliquisti
2677 3675 2705 3726 ‘?
2735 3675 2908 3744 (Psal.
2945 3674 3086 3742 xxi.)
3110 3696 3131 3720 η
3159 3673 3337 3742 Super
3378 3673 3522 3727 hunc
3550 3671 3639 3725 lo-

2044 3779 2166 3818 cum
2196 3762 2514 3818 Ambrosius
2557 3762 2670 3831 (18‘)
2718 3761 2793 3816 ita
2839 3761 3014 3816 dicit:
3052 3760 3268 3816 Clamat
3318 3760 3482 3815 homo
3539 3775 3638 3816 se-

2043 3862 2320 3934 paratione
2358 3861 2650 3918 divinitatis
2726 3861 3048 3922 moriturus,
3109 3867 3163 3913 et
3219 3858 3329 3912 alia
3385 3856 3637 3927 quaedam

2043 3951 2199 4024 quasi
2228 3951 2300 4006 ad
2321 3951 2498 4021 ipsum
2538 3948 2885 4019 probandum
2941 3947 3177 4002 adducta
3210 3946 3373 4016 :quia
3429 3945 3641 4002 scilicet

2043 4041 2190 4095 Deus
2220 4040 2330 4094 vita
2359 4046 2460 4103 est,
2521 4045 2572 4092 et
2604 4036 2695 4090 ubi
2729 4036 2836 4090 vita
2868 4035 2986 4099 fuit,
3023 4051 3172 4090 mors
3192 4049 3314 4088 esse
3372 4047 3480 4089 non
3540 4049 3637 4104 po-

2043 4128 2145 4184 tuit
2172 4143 2186 4196 ;
2219 4143 2281 4183 ac
2310 4133 2599 4198 prepterea
2638 4123 2740 4178 nisi
2770 4124 2879 4179 vita
2934 4127 3082 4193 prius
3141 4121 3460 4177 recessisset
3489 4137 3637 4176 mors

2041 4216 2228 4273 venire
2257 4231 2367 4270 non
2421 4215 2703 4285 potuisset.
2747 4235 2768 4259 ιο
2799 4211 3072 4282 Scriptum
3124 4211 3326 4283 quippe
3369 4219 3452 4266 est
3506 4209 3636 4282 quia

1960 4325 2014 4388 D
2041 4312 2198 4367 Jesus
2251 4310 2498 4367 clamans
2550 4325 2749 4382 magna
2803 4324 2941 4365 voce
2987 4308 3166 4362 dixit:
3204 4331 3226 4355 α
3260 4309 3409 4363 Deus
3456 4325 3633 4375 meus,

2039 4402 2186 4456 Deus
2209 4415 2386 4465 meus,
2422 4407 2478 4454 ut
2507 4399 2639 4471 quid
2668 4396 3007 4470 dereliquisti
3020 4413 3108 4453 me
3132 4397 3360 4466 (Matth.
3384 4399 3576 4467 xxvn).
3608 4420 3632 4445 ιι

2039 4488 2248 4544 Clamat
2277 4490 2438 4545 homo
2468 4504 2527 4543 se
2575 4486 2901 4544 derelictum
2942 4501 2975 4542 a
3002 4487 3254 4549 Domino,
3288 4494 3339 4541 et
3395 4500 3639 4555 conque-

2039 4580 2177 4633 ritur
2206 4579 2378 4634 Deum
2407 4592 2440 4632 a
2469 4592 2528 4633 se
2557 4576 2872 4644 recessisse,
2905 4583 2961 4631 et
3009 4574 3168 4646 quasi
3198 4574 3322 4630 ideo
3377 4590 3437 4629 se
3464 4573 3638 4628 mori-

2040 4674 2221 4722 turum
2251 4682 2393 4732 esse,
2419 4666 2565 4737 quod
2597 4666 2742 4720 Deus
2773 4665 2840 4718 ab
2871 4663 3316 4734 ipsorecesserit.
3335 4663 3463 4718 Ideo
3481 4661 3633 4729 dixit,

2041 4765 2169 4836 quia
2189 4765 2384 4821 clamat
2439 4764 2605 4818 homo
2656 4761 3000 4832 separatione
3056 4759 3362 4816 divinitatis
3415 4758 3639 4815 moritu-

2043 4869 2158 4909 rus.
2203 4852 2310 4909 Sed
2335 4852 2508 4907 videte
2530 4849 2660 4922 quid
2707 4849 2905 4906 dicitur
2935 4867 2950 4916 ;
2975 4849 3022 4904 si
3053 4850 3197 4904 enim
3229 4847 3409 4920 agitur
3453 4847 3522 4903 de
3542 4846 3638 4903 illa

2043 4941 2395 5012 separatione
2423 4938 2716 4996 divinitatis
2765 4953 2868 5010 pro
2891 4953 2998 5008 qua
3057 4937 3305 4993 Christus
3360 4937 3526 4992 homo
3580 4935 3638 4990 in

2045 5055 2212 5095 cruce
2265 5037 2553 5106 clamabat,
2617 5035 2708 5090 illa
2767 5035 2950 5105 utique
2989 5034 3107 5105 jam
3139 5033 3278 5090 facta
3335 5040 3471 5088 erat.
3501 5032 3638 5100 Non

2047 5127 2190 5184 enim
2219 5125 2732 5198 derelinquendum,
2766 5123 2864 5178 sed
2885 5123 3207 5180 derelictum
3225 5122 3342 5192 jam
3374 5138 3434 5177 se
3449 5129 3639 5194 prote-

2049 5231 2229 5280 statur
2257 5225 2476 5280 dicens:
2513 5246 2534 5272 «ι
2563 5223 2949 5278 Deusmeusut
2965 5221 3056 5293 qui
3077 5221 3095 5276 l
3117 5220 3634 5292 dereliquistime?»

2051 5315 2108 5370 Si
2137 5329 2268 5386 ergo
2325 5313 2391 5368 de
2414 5312 2508 5367 illa
2563 5310 2910 5383 separatione
2953 5309 3246 5367 divinitatis
3275 5308 3474 5382 agitur,
3526 5309 3643 5378 jam

2053 5419 2362 5469 recesserat
2392 5410 2559 5475 Deus,
2593 5407 2807 5480 quando
2839 5408 3000 5464 homo
3055 5407 3112 5462 in
3167 5422 3328 5465 cruce
3374 5405 3641 5479 pendens,

2128 5545 2243 5618 (l3)
2285 5547 2308 5599 Ι
2341 5544 2491 5601 Sent.
2525 5542 2628 5598 dis.
2661 5557 2769 5608 χχι,
2794 5556 2919 5613 cap.
2952 5544 3003 5596 t.
