4010 6074
480 260 584 315 913

1616 255 1958 314 WERNERI
1997 253 2280 314 ABBATIS
2319 253 2375 313 S'
2416 253 2639 313 BLASII

3683 252 3783 312 916

477 381 796 438 derelictum
835 398 944 439 sea
973 384 1090 440 Deo
1107 381 1540 452 vociferabatur,
1574 389 1627 438 et
1655 383 1863 453 utique,
1898 382 2076 439 adhuc
2103 382 2162 446 Α
2191 381 2395 437 ratione
2417 380 2668 437 divinitas
2725 380 3047 440 moriturum
3089 384 3355 442 clamasse
3414 379 3680 449 afﬁrmat,
3735 381 3783 437 si

479 470 730 526 Christus
761 471 812 526 in
843 487 1004 528 carne
1033 472 1274 540 vivebat,
1324 473 1542 544 quando
1591 473 1670 528 sic
1726 474 1874 528 Deus
1914 473 1984 526 ab
2013 487 2078 528 eo

480 577 804 624 recesserat.
844 570 1234 641 Respondeant
1261 585 1424 641 ergo.
1466 570 1686 640 Simors
1716 586 1838 626 esse
1860 585 1967 624 non
1985 585 2080 640 po-

479 665 620 711 terat
659 657 762 712 nisi
793 659 940 728 prius
971 659 1082 713 vita
1109 659 1441 725 discederet,
1475 660 1749 731 quomodo
1763 659 1870 715 vita
1893 674 2080 714 mane-

479 762 536 801 re
570 748 761 817 potuit,
793 755 1080 818 postquam
1138 748 1246 803 vita
1285 755 1607 803 recesserat.
1667 750 1787 802 Jam
1817 748 1962 803 enim
2001 747 2080 803 sic

479 843 779 890 recesserat
808 835 982 903 Deus,
1014 845 1068 892 et
1119 838 1303 892 adhuc
1351 837 1593 892 Christus
1625 837 1780 894 vivus
1834 837 1888 892 in
1919 852 2079 894 cruce

479 923 772 995 pendebat,
807 941 931 980 cum
989 942 1050 980 se
1079 925 1399 981 derelictum
1439 926 1788 981 causabatur.
1850 926 1907 981 Si
1939 941 2078 998 ergo

479 1023 534 1077 in
558 1023 658 1080 hac
693 1023 1009 1080 recessione
1039 1025 1159 1090 Dei,
1211 1033 1262 1079 et
1287 1025 1340 1078 in
1371 1026 1472 1080 hac
1493 1024 1791 1080 divinitatis
1844 1039 2079 1095 separa-

474 1112 622 1168 tione
669 1112 811 1167 illam
873 1130 992 1184 qua:
1026 1114 1165 1168 inter
1206 1114 1546 1168 divinitatem
1603 1122 1656 1169 et
1694 1113 2079 1168 humanitatem

477 1201 768 1257 constabat
815 1202 1073 1258 unionem
1118 1217 1369 1273 personae
1418 1202 1648 1258 solutam
1721 1203 1922 1268 dicunt,
1981 1201 2079 1256 iuit

479 1291 754 1362 quoddam
814 1298 1027 1362 tempus
1075 1292 1295 1362 quando
1368 1291 1614 1346 Christus
1669 1291 1850 1347 adhuc
1923 1290 2077 1345 vivus

475 1381 642 1435 homo
689 1387 813 1434 erat
841 1389 895 1434 et
933 1381 1078 1434 Deus
1112 1396 1224 1436 non
1256 1387 1393 1435 erat.
1439 1380 1544 1434 Sed
1593 1380 1714 1450 quis
1749 1383 1850 1436 hoc
1880 1379 2024 1434 dicat
2049 1382 2077 1433 ἱ)

479 1468 613 1536 Quis
637 1483 787 1522 sana:
818 1468 946 1522 fidei
977 1470 1319 1525 concordans
1360 1485 1468 1524 non
1501 1470 1794 1524 abhorreat
1824 1471 1939 1524 Deo
1971 1469 2076 1522 im-

476 1581 683 1636 ponere
715 1583 836 1636 quae
863 1575 1199 1637 assumptum
1260 1567 1534 1622 hominem
1587 1583 1759 1638 usque
1803 1567 1874 1622 ad
1929 1582 2076 1621 mor-

478 1661 584 1709 tem
625 1654 841 1725 quidem
873 1655 1186 1711 comitando
1223 1655 1496 1726 perduxit,
1527 1664 1580 1710 et
1608 1655 1663 1710 in
1696 1663 1890 1723 morte,
1916 1670 2078 1726 quan-

2187 472 2333 526 Deus
2347 471 2417 525 ab
2429 470 2647 526 homine
2661 487 2767 526 non
2799 476 3144 529 recesserat?
3157 471 3312 542 Quod
3335 473 3507 544 ergo?
3525 471 3652 526 Non
3683 487 3783 542 po-

2189 559 2548 614 tuitdivinitas
2567 560 3140 628 humanitatem,etiam
3155 561 3452 617 secundum
3471 560 3783 631 aliquidde-

2189 657 2444 724 seruisse,
2478 658 2533 712 in
2564 665 2823 727 quantum
2854 659 3110 715 videlicet
3141 676 3259 715 eam
3303 658 3558 730 potestati
3600 658 3783 712 inimi-

2189 761 2377 803 corum
2409 747 2478 801 ad
2509 755 2721 817 tempus
2737 763 2845 802 non
2868 747 3106 803 defendit
3144 768 3158 816 ;
3189 756 3241 804 et
3266 747 3567 804 secundum
3582 746 3787 819 aliquid

2187 851 2293 890 non
2326 836 2652 902 deseruisse,
2708 837 2766 890 in
2797 845 3056 908 quantum
3096 837 3301 894 scilicet
3349 845 3476 893 tunc
3502 836 3666 892 etiam
3721 837 3785 891 ab

2187 949 2254 990 ea
2287 951 2384 1005 per
2412 934 2756 1005 praesentiam
2786 936 3084 1004 majestatis
3113 951 3224 990 non
3255 935 3480 992 recessit
3510 936 3537 989 ἱ)
3566 935 3787 990 Dereli-

2187 1023 2303 1095 quit
2352 1023 2524 1088 illum,
2581 1023 2677 1078 sed
2739 1023 2885 1078 illam
2943 1041 3053 1079 non
3099 1025 3413 1097 dereliquit.
3484 1023 3788 1095 Dereliquit

2187 1112 2312 1177 illis,
2339 1112 2437 1167 sed
2468 1111 2571 1167 sibi
2597 1129 2705 1168 non
2727 1113 3033 1186 dereliquit.
3081 1114 3405 1186 Dereliquit,
3466 1113 3598 1184 quia
3640 1113 3790 1168 auxi-

2187 1201 2318 1255 lium
2349 1216 2456 1256 non
2489 1201 2712 1256 contulit
2747 1221 2758 1265 ;
2791 1202 2889 1258 sed
2925 1219 3034 1258 non
3065 1203 3374 1275 dereliquit,
3409 1203 3538 1274 quia
3553 1218 3793 1273 praesen-

2186 1289 2318 1344 tiam
2374 1305 2480 1344 non
2555 1289 2795 1344 abstulit.
2860 1291 3138 1346 Subtraxit
3211 1291 3611 1362 protectionem
3647 1306 3661 1360 ;
3696 1291 3790 1346 sed

2187 1403 2295 1441 non
2353 1387 2628 1458 Stparavit
2671 1387 2948 1443 unionem.
3011 1388 3296 1460 Separavit
3345 1405 3405 1443 se
3449 1387 3613 1455 foris,
3644 1395 3701 1442 ut
3723 1388 3792 1443 ad

2186 1475 2562 1531 defensionem
2592 1484 2784 1531 contra
2813 1477 3064 1534 inimicos
3110 1494 3218 1533 non
3253 1477 3473 1533 adesset
3499 1495 3516 1544 ς
3545 1477 3653 1533 sed
3685 1493 3791 1532 non

2186 1564 2461 1635 separavit
2501 1581 2560 1619 se
2585 1565 2748 1631 intus,
2779 1574 2833 1620 ut
2859 1566 2936 1620 illi
2969 1567 3040 1621 ad
3070 1567 3323 1622 unionem
3338 1581 3592 1637 personae
3623 1567 3788 1621 dees-

2187 1662 2287 1708 set.
2324 1653 2414 1708 Sic
2443 1669 2578 1726 ergo
2608 1653 2919 1726 dereliquit,
2954 1662 3009 1709 ut
3042 1670 3149 1710 non
3181 1655 3471 1722 adjuvaret
3506 1673 3521 1721 ;
3556 1656 3656 1710 sed
3683 1671 3787 1710 non

476 1742 548 1798 do
573 1743 763 1810 majori
792 1743 1038 1814 periculo
1064 1744 1181 1814 jam
1222 1744 1561 1811 imminente,
1594 1745 1770 1814 majus
1812 1744 2072 1798 auxilium
2104 1749 2157 1808 Β
2187 1742 2479 1813 dereliquit
2509 1750 2564 1798 ut
2597 1743 2899 1798 recederet.
2933 1743 3086 1799 Yado
3107 1759 3208 1815 per
3227 1744 3392 1811 viam,
3414 1761 3640 1800 mecum
3659 1762 3786 1816 per-

475 1833 850 1888 necessarium
883 1840 1018 1899 erat,
1067 1833 1340 1888 deseruit.
1393 1833 1578 1902 Quare
1609 1848 1741 1905 ergo
1791 1841 2074 1904 tantopere

475 1921 835 1977 mercenariis
884 1921 1238 1992 improperat,
1283 1923 1428 1994 quod
1483 1923 1613 1994 lupo
1644 1922 1895 1978 veniente
1941 1938 2074 1978 oves

475 2027 614 2084 quas
645 2011 921 2066 custodire
980 2011 1300 2079 debuerant,
1334 2010 1610 2084 fugientes
1639 2011 1922 2075 deserunt,
1947 2028 2070 2066 cum

475 2100 593 2171 ipse
621 2100 839 2156 unicam
869 2099 1016 2154 illam
1035 2116 1215 2165 ovem,
1248 2109 1510 2172 etagnum
1532 2100 1682 2154 illum
1701 2101 1822 2156 ovis
1836 2101 2073 2173 Virginis

475 2189 667 2256 filium,
727 2206 889 2261 quem
946 2205 1056 2245 non
1105 2191 1283 2246 solum
1314 2190 1751 2258 custodiendum,
1785 2189 1882 2244 sed
1913 2190 2071 2244 etiam

475 2278 906 2353 gloriﬁcandum
929 2280 1184 2350 suscepit,
1201 2281 1329 2350 lupo
1350 2279 1620 2346 veniente,
1636 2278 1917 2333 deseruit?
1940 2277 2074 2333 Ovis

474 2368 630 2438 prius
661 2369 729 2422 de
763 2376 986 2439 pastore
1002 2383 1216 2436 secura,
1250 2369 1499 2425 veniente
1529 2368 1777 2440 luponon
1798 2367 2072 2422 timuitdi-

476 2481 609 2522 cens
647 2483 659 2520 :
695 2488 715 2514 α
755 2465 912 2521 Venit
939 2466 1198 2538 princeps
1219 2466 1406 2522 mundi
1441 2466 1628 2538 hujus,
1653 2477 1710 2522 et
1733 2466 1790 2520 in
1848 2482 1935 2521 me
1961 2481 2070 2520 non

477 2554 951 2628 habetquidquam
983 2555 1167 2625 (Joan.
1206 2558 1346 2627 XIV).
1391 2579 1412 2603 ι)

544 2646 702 2701 Nunc
731 2653 910 2700 autem
944 2661 975 2700 a
1005 2653 1226 2716 pastore
1256 2645 1517 2701 derelicta
1549 2644 1824 2700 causando
1853 2652 1906 2700 et
1935 2660 2070 2700 con-

477 2734 764 2807 querenda
795 2733 1026 2790 clamat:
1058 2757 1078 2782 α
1115 2734 1296 2803 Quare
1339 2733 1673 2806 dereliquisti
1732 2750 1820 2788 me
1853 2736 1880 2787 εἴ
1907 2757 1927 2782 ι›
1964 2734 2070 2790 So-

475 2823 562 2880 lus
593 2825 756 2879 homo
784 2823 899 2890 fuit,
946 2832 998 2879 et
1028 2824 1174 2879 Deus
1198 2839 1305 2879 non
1338 2823 1454 2890 fuit,
1505 2831 1558 2879 et
1585 2823 1696 2892 jam
1729 2824 1878 2878 Deus
1908 2824 2072 2880 homo

473 2938 585 2978 non
619 2921 734 2988 fuit,
797 2922 922 2992 quia
961 2923 1076 2993 jam
1121 2923 1189 2977 ab
1235 2923 1454 2978 homine
1510 2931 1814 2979 recesserat
1872 2924 2019 2979 Deus
2055 2942 2068 2991 ;

479 3026 581 3066 nec
633 3011 798 3066 homo
853 3011 1001 3066 Deus
1058 3009 1177 3078 fuit,
1225 3011 1351 3082 quia
1397 3011 1577 3066 adhuc
1609 3011 1765 3068 vivus
1806 3011 1862 3066 in
1906 3025 2074 3068 cruce

2184 1829 2289 1904 gis,
2321 1831 2528 1901 pariter
2557 1831 2939 1886 ambulamus..
2993 1832 3232 1888 Securus
3261 1849 3402 1898 sum,
3462 1833 3624 1904 quasi
3647 1834 3785 1888 ami-

2182 1935 2302 1975 cum
2334 1935 2514 1974 meum
2558 1919 2784 1974 habens.
2847 1919 3003 1976 Venit
3052 1920 3225 1975 hostis
3255 1937 3410 1975 meus
3465 1930 3521 1975 et
3568 1922 3787 1976 irruens

2181 2007 2442 2063 inermem
2476 2015 2527 2063 et
2559 2008 2820 2063 resistere
2851 2024 2958 2064 non
2989 2009 3282 2078 valentem,
3313 2009 3642 2065 vulneribus
3671 2010 3788 2064 afﬁ-

2182 2097 2274 2152 cit.
2299 2096 2384 2152 Tu
2415 2113 2500 2151 me
2533 2097 2740 2170 plagari
2771 2113 3022 2168 cernens,
3056 2099 3189 2153 nihil
3243 2099 3486 2154 moveris
3521 2114 3534 2168 ;
3562 2100 3661 2154 sed
3684 2114 3786 2172 pa-

2185 2195 2378 2250 tienter
2408 2195 2664 2264 sustines,
2721 2204 2774 2251 et
2831 2204 2946 2252 stas
2979 2197 3156 2267 juxta,
3216 2197 3368 2267 quasi
3425 2213 3535 2253 non
3585 2214 3788 2254 curans

2182 2284 2410 2340 vulnera
2437 2300 2576 2351 mea,
2604 2291 2655 2338 et
2685 2284 2808 2340 dico
2842 2300 2853 2340 :
2893 2309 2914 2333 «ι
2951 2286 3020 2341 Ut
3055 2286 3184 2357 quid
3215 2285 3556 2358 dereliquisti
3582 2304 3671 2342 me
3698 2288 3727 2341 ?
3763 2312 3782 2332 ε-

2181 2374 2409 2444 (Μαιιιι.
2439 2373 2636 2439 xxvii.)
2668 2375 2860 2429 Adhuc
2913 2382 3026 2429 stas
3059 2375 3222 2444 juxta
3242 2391 3349 2442 me,
3403 2383 3454 2430 et
3476 2391 3679 2432 causor
3732 2384 3788 2432 te

2179 2461 2478 2518 recessisse
2507 2477 2539 2516 a
2568 2477 2683 2518 me.
2721 2464 2880 2518 Juxta
2913 2481 2973 2518 es
3026 2463 3184 2530 loco;
3217 2464 3312 2520 sed
3345 2464 3512 2536 longe
3559 2463 3784 2521 auxilio.

2179 2561 2334 2616 Juxta
2357 2561 2523 2628 fuisti,
2559 2563 2782 2633 quando
2841 2571 3176 2634 praesentem
3200 2564 3497 2620 exhibuisti
3556 2565 3613 2619 in
3643 2566 3784 2621 dile-

2179 2648 2356 2706 ctione
2391 2670 2402 2715 ;
2435 2650 2599 2721 longe
2631 2650 2803 2706 factus
2832 2668 2913 2718 es,
2948 2653 3168 2724 quando
3197 2652 3252 2708 in
3282 2653 3545 2725 periculis
3569 2655 3777 2709 consti-

2180 2744 2298 2795 tuto
2330 2747 2380 2793 te
2411 2739 2724 2794 subtraxisti
2761 2757 2790 2794 a
2824 2741 3238 2812 compassione.
3270 2743 3364 2798 Sic
3381 2759 3516 2817 ergo
3532 2744 3787 2800 humani-

2181 2835 2262 2883 tas
2292 2844 2320 2882 a
2343 2827 2619 2884 divinitate
2649 2829 2702 2882 in
2733 2829 2993 2900 passione
3023 2847 3082 2886 se
3112 2831 3429 2888 derelictam
3481 2832 3783 2900 clamabat,

2181 2917 2304 2990 quia
2337 2933 2455 2972 eam
2506 2917 2846 2973 inimicorum
2908 2920 3162 2991 potestati
3219 2921 3286 2975 ad
3345 2921 3785 2995 cruciﬁgendum

2181 3014 2552 3074 concesserat,
2578 3007 2718 3064 sicut
2741 3007 3000 3078 scriptum
3016 3017 3098 3064 est
3132 3029 3142 3064 :
3183 3011 3340 3066 «Non
3372 3010 3611 3066 haberes
3624 3012 3679 3066 in
3699 3029 3786 3068 me

474 3107 744 3180 pendens,
779 3122 811 3162 a
840 3108 954 3163 Deo
984 3107 1277 3164 derelictus
1307 3113 1414 3163 est.
1445 3109 1565 3162 Jam
1601 3122 1708 3164 non
1732 3107 1906 3164 solum
1937 3122 2073 3180 ergo
2104 3107 2152 3171 α
2181 3103 2530 3167 petestatem,
2564 3095 2669 3150 nisi
2699 3095 2793 3150 tibi
2824 3097 3010 3152 datum
3057 3097 3257 3154 fuisset
3287 3098 3527 3171 desuper
3555 3101 3776 3172 (Joan..

472 3195 531 3252 in
562 3204 760 3265 morte,
793 3197 890 3252 sed
920 3204 1046 3253 ante
1078 3205 1308 3253 mortem
1340 3195 1602 3252 divinitas
1633 3197 1701 3252 ab
1732 3197 1955 3252 homine
1973 3213 2067 3252 re-

477 3303 745 3360 cesserat,
776 3295 995 3368 quando
1024 3296 1188 3353 homo
1213 3296 1390 3351 adhuc
1420 3296 1586 3352 homo
1615 3311 1647 3351 a
1671 3311 1730 3352 se
1768 3296 2064 3352 recessisse

473 3386 671 3454 Deum,
701 3401 764 3440 ac
798 3401 898 3456 per
925 3385 1050 3453 hoc,
1081 3393 1141 3440 ut
1169 3384 1261 3440 isti
1291 3385 1459 3451 aiunt,
1494 3386 1674 3440 Deum
1712 3401 1771 3441 se
1801 3401 1910 3440 non
1941 3401 2064 3440 esse

473 3469 788 3541 plangebat.
823 3469 956 3538 Quis
969 3471 1070 3525 hos
1089 3470 1230 3526 dicat
1248 3470 1580 3539 ?Quomodo
1609 3486 1764 3541 ergo,
1797 3469 2062 3542 inquiunt,

477 3565 894 3636 intelligendum
935 3575 1018 3622 est
1074 3567 1221 3639 quod
1268 3567 1516 3622 Christus
1555 3584 1615 3623 se
1644 3583 1676 3623 a
1705 3568 1826 3623 Deo
1873 3567 2070 3624 dereli-

477 3661 623 3712 ctum
653 3671 776 3712 esse
807 3655 1022 3727 clamat,
1057 3659 1113 3713 et
1131 3657 1277 3728 quod
1301 3656 1587 3728 Scriptura
1607 3657 1883 3714 hominem
1905 3673 2069 3728 sepa-

2180 3197 2320 3264 χιχ).
2359 3217 2378 3241 υ
2407 3193 2581 3262 Quam
2619 3201 2799 3248 tamen
2828 3202 3082 3259 mortem,
3117 3196 3245 3267 quia
3274 3211 3385 3251 non
3417 3213 3521 3268 pro
3561 3215 3662 3254 sua
3685 3199 3787 3254 ini-

2179 3283 2406 3354 quitate,
2431 3282 2527 3338 sed
2542 3298 2641 3352 pro
2658 3291 2842 3338 nostra
2858 3284 3235 3355 redemptione
3249 3285 3524 3353 sustinuit,
3544 3287 3598 3341 in
3617 3304 3785 3345 cruce

2182 3380 2429 3452 pendens
2457 3397 2621 3452 quare
2651 3381 2720 3435 sit
2749 3380 3034 3450 derelicta,
3067 3382 3309 3454 requirit,
3344 3399 3455 3440 non
3486 3385 3650 3457 quasi
3681 3386 3786 3442 ad-

2186 3486 2380 3525 versus
2413 3470 2583 3525 Deum
2615 3470 2683 3524 de
2713 3485 2875 3541 ptena
2919 3487 3264 3527 murmurans
3296 3491 3309 3538 ;
3346 3473 3444 3529 sed
3475 3474 3641 3530 nobis
3695 3476 3784 3530 in—

2180 3558 2497 3614 nocentiam
2545 3574 2699 3613 suam
2773 3559 2828 3614 in
2883 3575 3048 3632 pmna
3113 3560 3500 3618 demonstrans
3559 3579 3784 3620 causam

2182 3657 2472 3730 quaerebat,
2507 3658 2653 3731 quod
2682 3666 2963 3730 peccatum
2993 3659 3296 3717 nesciebat.

1280 4018 1411 4122 IN
1486 4019 1700 4124 DIE
1777 4018 2280 4125 SANCTO
2359 4017 2932 4126 PASCHAE.

1737 4230 2130 4297 Secundum
2174 4231 2494 4296 Marcum.

547 4458 570 4485 α
604 4437 774 4493 Maria
801 4438 1128 4510 Magdalena
1182 4448 1236 4498 et
1274 4440 1444 4497 Maria
1491 4442 1690 4498 Jacobi
1738 4451 1793 4499 et
1847 4443 2064 4501 Salome
2096 4445 2148 4506 D
2175 4445 2494 4502 mulieribus
2521 4447 2592 4503 ad
2623 4447 2934 4517 Dominum,
2985 4450 3108 4523 quia
3164 4450 3316 4508 ﬁnita
3363 4456 3777 4526 praeparatione

475 4534 729 4581 emerunt
785 4537 1044 4595 aromata,
1103 4537 1161 4584 ut
1206 4531 1489 4587 venientes
1559 4541 1827 4604 ungerent
1879 4535 2066 4589 Jesum

473 4615 672 4686 (Marc.
709 4618 855 4685 xvi).
897 4640 918 4664 ιι
957 4617 1330 4690 lnEvangelio
1345 4621 1778 4692 Lucaescriptum
1801 4624 2065 4695 est,quod

477 4727 500 4752 u
536 4712 872 4760 revertentes
916 4716 1268 4764 monumento
1324 4719 1651 4780 paraverunt
1706 4720 1956 4768 aromata
2011 4720 2065 4768 et

471 4801 778 4867 unguenta.
812 4794 882 4850 Et
911 4795 1142 4852 sabbato
1189 4797 1408 4869 quidem
1455 4799 1719 4856 siluerunt
1763 4801 2061 4857 secundum

468 4885 784 4942 mandatum
814 4887 970 4956 (Luc.
991 4887 1169 4957 XXIII).
1209 4909 1231 4936 υ
1265 4888 1578 4945 Mandatum
1608 4899 1723 4946 erat
1779 4891 1925 4960 apud
1957 4892 2060 4946 Ju-

468 4974 618 5031 daeos
648 4980 710 5031 ut
731 4975 955 5031 Sabbati
1005 4976 1280 5032 silentium
1307 4992 1342 5033 a
1370 4994 1595 5050 vespera
1637 4996 1810 5052 usque
1841 4981 1915 5035 ad
1972 4996 2062 5036 ve-

467 5079 708 5134 speram,
736 5065 792 5119 id
821 5073 906 5122 est
934 5080 968 5120 a
995 5065 1130 5122 solis
1159 5082 1360 5122 occasu
1404 5084 1578 5139 usque
1608 5069 1679 5123 ad
1735 5069 1866 5124 solis
1895 5085 2060 5125 occa-

465 5168 608 5218 sum,
649 5163 980 5210 servaretur.
1031 5155 1189 5225 Quod
1217 5164 1270 5212 et
1328 5155 1583 5214 mulieres
1623 5157 1889 5224 fecerunt,
1940 5175 2059 5230 quae

464 5240 584 5296 visa
629 5242 907 5312 sepultura
936 5244 1154 5300 Domini
1212 5254 1462 5301 emerunt
1517 5254 1754 5302 aromata
1784 5248 1838 5302 in
1894 5249 2060 5303 Para-

463 5343 627 5384 sceve
659 5338 784 5385 ante
813 5331 954 5392 solis.
977 5349 1254 5401 occasum,
1295 5335 1379 5390 vel
1407 5335 1461 5390 in
1521 5337 1758 5392 Sabbato
1814 5345 1935 5408 post
1956 5353 2054 5394 oc-

459 5432 650 5473 casum
698 5418 852 5484 solis,
907 5430 957 5475 et
988 5433 1432 5494 praeparaverunt
1485 5434 1750 5493 aromata,
1814 5434 1869 5480 ut
1900 5443 2056 5484 mane

458 5521 661 5576 corpus
693 5507 906 5561 Domini
937 5519 1232 5581 ungerent.
1278 5513 1650 5569 Recordantes
1701 5531 1832 5586 ergo
1865 5514 2054 5570 fideles

456 5595 799 5665 sepulturam
832 5598 1066 5662 Domini,
1111 5600 1264 5670 quasi
1320 5609 1560 5656 aromata
1605 5613 1821 5672 parant,
1875 5605 1922 5659 si
1977 5605 2045 5659 ad

455 5700 623 5755 opera
653 5683 853 5755 quibus
885 5686 1134 5740 Christus
1166 5688 1465 5744 delectatur
1520 5708 1579 5746 se
1609 5701 1944 5747 convertant.
1988 5696 2053 5749 Et

453 5774 690 5831 Sabbato
720 5774 940 5846 quidem
971 5774 1133 5832 silent
1161 5777 1378 5834 venturi
1420 5788 1543 5849 post
1573 5781 1866 5837 Sabbatum
1927 5799 2052 5839 cum

2166 4537 2455 4606 praesentis
2485 4537 2629 4604 vitae,
2654 4537 2709 4591 in
2737 4541 2922 4611 requie
2950 4541 3192 4613 gaudent
3248 4552 3574 4614 exspectare
3621 4545 3773 4601 diem

2167 4626 2605 4695 resurrectionis,
2636 4635 2688 4682 et
2718 4635 2844 4684 tunc
2871 4629 3084 4685 Christo
3130 4629 3323 4686 oﬁ‘erre
3353 4633 3632 4703 spiritales
3689 4652 3778 4693 ac-

2166 4713 2340 4770 tiones
2365 4716 2519 4787 quasi
2549 4724 2791 4772 aromata
2842 4718 3171 4775 redolentes.
3230 4721 3388 4776 Sexta
3440 4721 3536 4779 die
3594 4724 3776 4781 factus

2165 4811 2248 4858 est
2276 4804 2456 4870 homo,
2491 4805 2728 4862 Sabbato
2757 4806 2962 4877 quievit
2983 4809 3130 4864 Deus
3160 4807 3329 4880 (Gen.
3354 4811 3414 4880 ι).
3451 4811 3588 4868 ldeo
3622 4823 3782 4871 sexta

2163 4893 2251 4949 die
2277 4895 2436 4949 Jesus
2491 4911 2592 4966 pro
2643 4895 2863 4952 homine
2919 4899 3171 4954 moritur.
3237 4899 3393 4955 Unde
3441 4906 3500 4956 et
3559 4901 3700 4959 dixit
3753 4923 3766 4958 :

2167 5005 2188 5031 α
2223 4983 2662 5039 Consummatum
2695 4993 2776 5040 est
2806 4987 2994 5056 (Joan.
3033 4986 3167 5055 xix).
3202 5012 3225 5037 ιι
3252 4989 3311 5044 id
3343 4996 3452 5057 est,
3485 5000 3652 5047 sexta
3683 4993 3774 5049 die

2147 5087 2297 5150 Iopus
2327 5089 2427 5144 pro
2475 5073 2844 5144 redemptione
2900 5076 3088 5130 mundi
3145 5077 3421 5142 expletum
3469 5088 3581 5145 est.
3632 5090 3686 5137 et
3715 5083 3772 5136 in

2159 5161 2396 5217 Sabbato
2425 5162 2691 5234 requievit
2740 5163 2793 5217 in
2848 5164 3128 5236 sepulcro.
3200 5166 3275 5219 Ita
3316 5176 3368 5221 et
3397 5184 3501 5223 nos
3547 5169 3601 5223 in
3665 5172 3773 5228 bac

2159 5259 2309 5306 sexta
2334 5259 2488 5306 aetate
2513 5267 2608 5322 pro
2628 5252 2859 5307 Domino
2904 5254 3016 5325 pati
3046 5254 3331 5321 debemus,
3365 5264 3418 5311 et
3475 5258 3529 5312 in
3591 5262 3769 5330 septi-

2157 5356 2267 5405 ma,
2300 5357 2420 5412 quae
2451 5348 2532 5395 est
2562 5343 2998 5409 mortuorum,in
3031 5355 3241 5400 secreta
3271 5361 3408 5414 pace
3451 5348 3761 5418 quiescere,

2157 5429 2330 5485 donec
2358 5438 2542 5485 octava
2574 5432 2990 5486 resurrectionis
3039 5434 3244 5488 veniat.
3286 5435 3345 5488 In
3378 5438 3614 5506 septima
3672 5441 3762 5494 die

2156 5513 2442 5590 vesperam
2477 5519 2730 5574 habuisse
2758 5535 2865 5577 non
2901 5522 3117 5593 legitur,
3157 5523 3283 5593 quia
3316 5524 3367 5578 in
3423 5524 3518 5580 illo
3559 5529 3760 5583 saeculo

2155 5609 2375 5680 requies
2405 5608 2709 5664 animarum
2743 5610 2891 5665 nullo
2942 5627 3180 5668 maerore
3235 5615 3603 5687 consumitur,
3659 5618 3755 5672 sed

2153 5698 2354 5769 gaudio
2385 5697 2577 5754 futurae
2607 5699 3022 5756 resurrectionis
3051 5709 3299 5772 augetur.

2229 5809 2250 5835 ι
2288 5787 2529 5859 Vespere
2559 5792 2741 5844 autem
2773 5789 2992 5846 Sabbati
3029 5806 3148 5863 quae
3175 5790 3406 5849 lucescit
3435 5792 3490 5848 in
3519 5795 3752 5866 primam
