4062 6074
301 276 410 329 917

1254 271 1841 335 DEFLORATIONES
1877 278 1983 336 SS.
2032 281 2338 339 PATRUM.
2379 313 2449 324 —
2485 283 2612 338 LIB.
2655 284 2698 338 Ι.

3502 291 3605 345 918

297 399 543 465 Sabbati,
590 414 716 456 cum
764 399 945 455 adhuc
1000 399 1238 456 tenebrae
1294 408 1497 467 essent,
1547 402 1697 458 venit
1724 404 1894 459 Maria
1923 402 1976 463 A
2006 405 2137 479 gelo
2156 406 2323 463 nimio
2353 424 2557 479 pavore
2586 416 3021 480 consternantur,
3042 410 3140 467 sed
3170 410 3370 468 blande
3401 413 3471 468 ab
3498 428 3604 469 an-

297 489 643 560 Magdalena,
678 496 729 544 et
756 488 927 544 altera
947 490 1135 554 Maria,
1170 498 1226 545 et
1254 489 1472 545 Salome
1492 491 1557 545 ad
1583 508 1898 555 monumen-

296 586 430 639 tum.
461 586 745 649 portantes
776 595 898 649 qum
931 588 1264 649 paraverunt
1294 585 1563 635 aromata.
1600 603 1621 628 ι)
1658 583 1893 639 Nomine

292 668 540 740 vesperis
573 676 790 725 noctem
822 667 1100 741 designat,
1126 684 1152 722 θ
1179 677 1334 738 parte
1358 677 1526 723 totum
1557 670 1891 743 intelligens.

293 767 503 837 Vesper
523 766 668 821 enim
691 765 1021 837 principium
1046 765 1229 821 noctis
1250 772 1352 821 est.
1377 766 1511 822 Ideo
1535 784 1644 823 non
1666 769 1769 823 ait:
1792 768 1895 838 Qui

288 854 541 921 lucescit,
577 856 678 910 sed
710 872 830 925 qua:
854 855 1100 919 lucescit,
1126 855 1428 912 secundum
1451 857 1782 913 intellectum
1810 874 1896 913 re-

290 944 550 1000 lationem
604 944 809 1000 faciens
865 944 932 998 ad
988 952 1223 1009 noctem,
1258 961 1377 1016 qua
1432 946 1487 1000 in
1540 961 1732 1001 aurora
1787 947 1894 1003 diei

289 1032 599 1089 Dominicaz
629 1033 974 1089 terminatur.
1033 1034 1117 1088 Ea
1157 1049 1289 1089 vero
1350 1051 1518 1090 causa
1572 1035 1894 1109 intelligitur

290 1119 543 1173 eamdem
578 1126 796 1174 noctem
828 1116 909 1173 sic
939 1117 1270 1188 appellasse,
1295 1119 1551 1189 quiajam
1592 1135 1625 1174 a
1662 1137 1893 1191 vespere

287 1206 489 1262 licebat
517 1206 595 1262 eis
624 1222 822 1278 parare
852 1214 905 1261 et
933 1206 1132 1263 aﬂ‘erre
1162 1212 1412 1263 aromata
1444 1216 1715 1264 transacto
1748 1209 1891 1265 Sab-

291 1296 441 1351 bato.
475 1296 768 1352 Ordinator
796 1304 1100 1367 temporum
1136 1296 1321 1351 ultima
1350 1298 1527 1354 noctis
1575 1298 1731 1366 hujus
1762 1313 1889 1368 par—

291 1393 342 1441 te
372 1386 629 1441 surrexit.
671 1385 814 1455 Quid
847 1394 929 1440 est
977 1385 1124 1440 aliud
1180 1402 1478 1459 resurgere
1524 1386 1627 1442 Dei
1670 1386 1887 1457 Filium,

290 1475 398 1529 nisi
429 1474 787 1541 reviviscere,
821 1474 876 1529 id
927 1482 1011 1529 est
1063 1490 1126 1529 ex
1186 1483 1361 1530 morte
1392 1478 1463 1530 ad
1493 1476 1654 1531 vitam
1686 1476 1885 1531 redire.

291 1565 406 1619 Hac
454 1572 616 1620 nocte
673 1580 772 1634 per
827 1564 1146 1635 mysterium
1202 1564 1622 1620 resurrectionis
1676 1564 1890 1620 Domini

288 1661 594 1724 temporum
638 1653 772 1709 ordo
812 1661 1048 1708 mutatus
1105 1660 1207 1708 est.
1266 1653 1558 1724 Aptissime
1617 1654 1888 1725 quondam

290 1767 400 1807 nox
432 1752 765 1822 sequebatur
788 1751 932 1805 diem
958 1752 1123 1819 (Gen.
1154 1752 1224 1819 1);
1255 1752 1379 1823 quia
1400 1752 1563 1806 homo
1595 1767 1629 1807 a
1658 1751 1777 1807 luce
1798 1769 1892 1823 pa-

285 1839 450 1895 radisi
500 1842 781 1911 peccando
837 1839 1025 1910 lapsus
1080 1840 1135 1895 in
1190 1840 1350 1911 hujus
1398 1840 1581 1897 saeculi
1635 1841 1892 1897 tenebras

285 1945 670 2000 aerumnasque
702 1928 937 1998 decidit;
986 1927 1266 1999 aptissime
1317 1945 1466 1985 nunc
1495 1929 1611 1984 dies
1648 1930 1892 2001 sequitur

283 2036 523 2093 noctem,
556 2027 679 2099 quia
710 2043 810 2097 per
839 2025 1007 2081 fidem
1058 2025 1481 2081 resurrectionis
1513 2042 1540 2080 a
1571 2026 1782 2097 peccati
1812 2034 1888 2082 te-

282 2116 490 2182 nebris,
523 2124 575 2172 et
603 2116 801 2170 umbra
833 2116 1023 2171 mortis
1053 2115 1123 2170 ad
1152 2115 1331 2171 lucem
1363 2115 1487 2173 vitae
1518 2116 1733 2171 Christo
1773 2115 1885 2171 lar-

284 2205 474 2279 giente
505 2205 837 2261 reducimur.

356 2307 494 2363 lllud
524 2323 659 2379 ergo
711 2307 859 2379 quod
915 2306 1132 2373 dicitur,
1193 2307 1485 2363 Dominum
1518 2307 1686 2363 fuisse
1714 2307 1887 2363 tribus

285 2397 479 2453 diebus
509 2405 560 2453 et
590 2396 763 2453 tribus
821 2397 1072 2453 noctibus
1102 2397 1159 2451 in
1192 2397 1358 2453 corde
1406 2406 1587 2466 teme,
1620 2397 1759 2453 sicut
1787 2398 1886 2453 Jo-

284 2502 387 2543 nas
418 2487 515 2542 fuit
552 2486 607 2542 in
664 2493 851 2543 ventre
900 2486 1006 2542 ceti
1064 2487 1291 2555 (Matth.
1344 2486 1459 2557 χιι),
1490 2494 1662 2542 restat
1690 2494 1749 2541 ut
1780 2487 1885 2544 hoc

284 2586 452 2643 modo
483 2586 741 2659 loquendi
770 2602 878 2659 quo
906 2603 934 2641 a
968 2595 1121 2659 parte
1170 2594 1339 2642 totum
1388 2586 1705 2658 intelligitur
1734 2587 1885 2643 acci-

283 2677 521 2749 piamus,
555 2676 815 2732 videlicet
858 2692 958 2747 per
1010 2682 1309 2732 extremam
1340 2683 1549 2747 partem
1577 2676 1684 2731 diei
1715 2691 1883 2747 para-

282 2781 526 2828 acevem.
560 2782 666 2836 quo
696 2765 939 2836 sepultus
972 2774 1055 2821 est
1082 2764 1366 2831 Dominus,
1394 2772 1556 2820 totam
1578 2765 1721 2821 diem
1753 2780 1880 2820 cum

280 2869 385 2911 sua
416 2862 573 2910 nocte
596 2853 714 2924 jam
744 2854 1043 2925 praeterita,
1081 2862 1137 2909 et
1166 2870 1263 2926 per
1289 2861 1506 2910 noctem
1537 2862 1878 2926 sequentem,

279 2952 590 3009 Sabbatum
623 2954 842 3009 tertium
877 2953 1022 3010 diem
1070 2960 1269 3009 totum.
1309 2952 1496 3007 Prima
1525 2965 1705 3008 autem
1737 2953 1880 3009 Sab-

277 3042 392 3099 bati
421 3043 541 3099 sive
570 3060 675 3099 una
706 3043 949 3109 Sabbati,
981 3042 1068 3099 vel
1098 3042 1463 3098 Sabbatorum
1483 3042 1602 3098 dies
1632 3042 1878 3098 Domini-

278 3157 348 3199 ca
374 3140 733 3213 intelligenda
762 3147 864 3206 est,
889 3138 1018 3211 quia
1038 3139 1218 3195 omnis
1236 3138 1578 3194 bebdomada
1599 3138 1653 3192 in
1676 3138 1883 3195 Sabba-
1913 3124 1957 3189 C

276 3237 393 3286 tum
424 3238 479 3286 et
506 3230 561 3285 in
593 3229 845 3301 primam,
904 3236 959 3285 et
1004 3228 1059 3283 in
1117 3227 1438 3294 secundam,
1470 3232 1526 3282 et
1550 3227 1606 3282 in
1637 3228 1870 3295 tertiam,

278 3337 335 3385 et
363 3328 416 3384 in
448 3335 717 3400 quartam,
750 3336 799 3383 et
834 3328 891 3382 in
922 3326 1185 3397 quintam,
1233 3333 1286 3381 et
1331 3325 1385 3380 in
1415 3333 1626 3381 sextam
1656 3325 1881 3381 Sabbati

277 3426 558 3483 dividitur.
581 3428 709 3497 Ipsa
730 3425 895 3481 etiam
919 3423 1262 3481 hebdomade
1287 3441 1351 3479 ex
1374 3423 1738 3495 praerogativa
1760 3423 1884 3479 Sab-

276 3515 390 3571 bati
421 3529 819 3585 nonnunquam
852 3513 1157 3570 Sabbatum
1188 3512 1491 3578 dicebatur,
1523 3519 1580 3566 ut
1610 3511 1682 3565 ibi
1710 3528 1723 3565 :
1752 3534 1774 3559 α
1794 3512 1881 3566 Je-

274 3613 412 3687 juno
441 3613 525 3669 bis
556 3613 611 3668 in
642 3612 888 3669 Sabbato
937 3613 1093 3684 (Luc.
1147 3612 1322 3683 xvut).
1360 3635 1381 3661 ιι
1416 3611 1477 3666 Id
1507 3619 1589 3666 est
1617 3611 1673 3667 in
1707 3610 1880 3682 septi'

278 3726 447 3767 mana
460 3752 473 3767 .

359 3854 381 3881 σι
419 3828 484 3888 Et
516 3839 634 3888 orto
659 3832 777 3903 jam
807 3829 922 3886 sole
952 3829 1203 3886 dicebant
1230 3828 1300 3884 ad
1331 3828 1566 3885 invicem
1591 3846 1605 3886 :
1636 3828 1767 3899 Quis
1798 3844 1879 3884 re-

276 3934 463 3990 volvet
492 3930 649 3987 nobis
707 3929 948 4002 lapidem
1003 3928 1074 3984 ab
1126 3929 1269 3984 ostio
1328 3927 1712 3984 monumenti?
1744 3928 1876 3982 Erat

276 4031 479 4105 quippe
509 4046 745 4104 magnus
774 4027 959 4085 valde.
1006 4050 1028 4076 κ
1063 4027 1199 4083 Orto
1236 4026 1355 4095 jam
1386 4026 1522 4093 sole,
1554 4026 1610 4082 id
1639 4029 1724 4083 est
1751 4042 1875 4083 cum

276 4121 476 4178 crelum
506 4121 576 4177 ab
606 4119 836 4176 orientis
853 4117 1143 4191 partejam
1163 4118 1498 4182 albesceret,
1528 4116 1674 4189 quod
1691 4132 1795 4172 non
1820 4115 1877 4170 ﬁt

274 4218 467 4292 utique
494 4217 598 4273 nisi
627 4216 761 4273 solis
788 4215 1011 4271 orientis
1026 4215 1322 4272 vicinitate.
1346 4215 1484 4285 Ejus
1506 4214 1647 4270 enim
1680 4222 1761 4270 est
1782 4214 1876 4269 ille

272 4318 475 4389 fulgor,
512 4316 600 4383 qui
628 4315 850 4371 nomine
869 4329 1083 4371 aurorae
1103 4313 1370 4386 appellari
1393 4312 1550 4368 solet.
1572 4311 1730 4381 Quod
1755 4328 1874 4367 mu-

274 4415 442 4472 lieres
472 4413 628 4469 valde
655 4412 894 4469 diluculo
928 4418 1209 4479 vcnerunt,
1244 4426 1484 4482 magnus
1511 4407 1695 4465 fervor
1714 4408 1871 4465 inve-

276 4513 463 4570 niendi
488 4512 774 4568 Dominum
806 4509 1133 4567 ostenditur.
1166 4509 1395 4581 Mystice
1425 4523 1556 4564 vero
1586 4507 1743 4563 nobis
1772 4507 1871 4563 da—
1898 4487 1949 4548 D

277 4611 368 4659 tur
396 4601 738 4673 exemplum,
790 4608 846 4656 ut
899 4598 1164 4655 discussis
1220 4598 1475 4654 vitiorum
1507 4597 1768 4663 tenebris,
1801 4597 1872 4653 ad

281 4700 499 4757 Domini
553 4714 762 4771 corpus
815 4696 1163 4754 accedamus.
1194 4697 1334 4752 Nam
1364 4695 1672 4767 sepulcrum
1702 4695 1873 4752 altare

281 4806 631 4864 Dominicum
661 4804 951 4876 signiﬁcat,
983 4804 1040 4858 in
1065 4819 1177 4875 quo
1206 4802 1388 4859 carnis
1414 4802 1532 4872 ejus
1559 4818 1625 4859 ac
1647 4802 1874 4874 sangui-

279 4904 366 4959 nis
394 4900 655 4974 mysteria
681 4901 1051 4957 celebrantur.
1085 4902 1336 4954 Aromata
1365 4907 1566 4967 autem,
1599 4914 1717 4970 qua:
1764 4915 1871 4953 mu-

276 5000 445 5057 lieres
472 4999 744 5065 deferunt,
775 4997 997 5054 odorem
1036 4996 1293 5053 virtutum
1325 5004 1377 5051 et
1406 4996 1727 5051 suavitatem
1758 5011 1875 5052 ora-

280 5098 486 5153 tionum
516 5094 853 5170 significant,
885 5111 1008 5151 cum
1034 5094 1233 5167 quibus
1277 5093 1437 5150 altari
1478 5092 1740 5149 debemus
1769 5110 1871 5165 ap-

281 5197 682 5269 pr0pinquare.
708 5194 841 5264 Quae
868 5201 1047 5249 autem
1081 5192 1335 5249 mulieres
1356 5193 1439 5248 hae
1457 5200 1644 5247 essent
1674 5192 1874 5264 legitur

283 5295 427 5366 quod
458 5310 565 5348 una
595 5292 766 5347 Maria
823 5307 979 5347 soror
1022 5290 1207 5345 Lazari
1267 5289 1475 5356 fuisset,
1534 5290 1708 5344 altera
1742 5305 1873 5345 vero

280 5392 451 5446 Maria
479 5396 661 5446 mater
688 5389 902 5456 Jacobi,
922 5396 1118 5459 postea
1141 5384 1647 5456 Hierosolymorum
1671 5385 1875 5457 episco-

283 5490 337 5562 pi
365 5509 379 5553 ;
410 5490 569 5546 tertia
598 5504 816 5561 quoque
849 5487 1019 5541 Maria
1065 5500 1225 5540 soror
1253 5484 1442 5538 matris
1484 5482 1701 5538 Domini
1733 5500 1876 5538 uxor

285 5588 567 5645 Salomrei.
597 5587 692 5641 Hae
723 5594 835 5640 tres
862 5601 985 5641 cum
1032 5581 1283 5654 pretiosis
1329 5581 1621 5654 unguentis
1649 5580 1719 5636 ad
1752 5596 1874 5636 mo-

284 5690 609 5739 numentum
640 5682 946 5747 veniebant,
979 5678 1175 5752 quibus
1198 5675 1503 5742 Dominum,
1525 5691 1593 5731 ne
1622 5690 1655 5730 a
1684 5677 1879 5732 vermi-

285 5780 387 5837 bus
416 5787 873 5854 corrumperetur,
906 5792 1110 5851 ungere
1140 5775 1417 5835 volebant.
1450 5774 1581 5831 Viso
1611 5791 1744 5832 vero
1774 5791 1877 5831 au-

2006 495 2134 566 gelo
2164 497 2543 552 consolantur.
2584 498 2875 569 Sequitur:

2082 616 2104 639 u
2137 594 2205 649 Et
2234 611 2364 650 ecce
2389 604 2544 652 terrm
2576 605 2755 653 motus
2789 597 2965 653 factus
2998 606 3081 653 est
3109 616 3362 669 magnus.
3396 600 3594 671 Ange—

2001 682 2087 737 lus
2120 683 2264 737 enim
2296 685 2511 741 Domini
2533 686 2818 742 descendit
2850 688 2916 741 de
2960 688 3127 743 cmlo.
3192 688 3261 743 Et
3330 690 3601 745 accedens

2004 780 2233 836 revolvit
2272 782 2535 852 lapidem.
2585 806 2605 831 υ
2642 784 2890 857 Angelus
2941 785 3172 840 revolvit
3219 785 3458 856 lapidem
3490 802 3599 842 non

2001 877 2059 923 ut
2115 886 2409 942 egressuro
2465 872 2697 926 Domino
2761 872 2987 943 januam
3047 874 3333 944 panderet,
3392 876 3489 929 sed
3542 884 3602 931 ut

2002 974 2260 1029 egressus
2313 961 2432 1029 ejus
2477 960 2602 1015 faeti
2658 961 2921 1017 indicium
2969 970 3279 1033 prastaret.
3321 962 3426 1032 Qui
3453 964 3599 1019 enim

2001 1055 2191 1113 clauso
2217 1064 2375 1113 utero
2404 1058 2653 1113 mortalis
2708 1059 2861 1127 exiit,
2906 1060 3235 1115 immortalis
3267 1061 3383 1130 jam
3424 1060 3599 1117 factus

2001 1145 2257 1215 sepulcro
2306 1146 2455 1202 exire
2504 1148 2696 1217 potuit,
2734 1156 2783 1203 et
2816 1148 2968 1203 exiit.
3036 1148 3196 1217 Quod
3224 1157 3407 1204 autem
3437 1158 3599 1205 terra:

1999 1241 2177 1289 motus
2210 1243 2533 1307 resurgente
2587 1235 2819 1290 Domino
2852 1236 2991 1291 sicut
3038 1244 3092 1291 et
3128 1237 3394 1293 moriente
3422 1238 3597 1295 factus

1999 1330 2086 1378 est
2116 1339 2368 1393 magnus,
2401 1322 2695 1395 signiﬁcat,
2731 1330 2949 1381 terrena
2980 1324 3149 1381 corda
3180 1334 3233 1380 et
3261 1325 3470 1382 ctelesti
3498 1343 3598 1398 spe

1998 1410 2235 1480 dejecta,
2267 1428 2368 1482 per
2396 1411 2559 1468 tidem
2592 1412 2866 1483 passionis
2916 1428 2982 1469 ac
3023 1414 3441 1470 resurrectionis
3478 1416 3598 1484 ejus

1998 1500 2358 1556 concutienda
2404 1501 2475 1556 ad
2512 1501 2898 1571 paenitentiam,
2959 1516 3025 1557 ac
3082 1502 3445 1559 saluberrimo
3493 1519 3596 1573 pa-

1998 1605 2129 1645 vore
2158 1598 2404 1660 permota
2432 1590 2501 1645 ad
2530 1590 2693 1645 vitam
2725 1589 3069 1645 sublimanda
3100 1599 3443 1661 perpetuam.
3481 1592 3599 1647 La-

1996 1686 2140 1757 pidis
2170 1694 2349 1743 autem
2380 1687 2655 1744 revolutio
2711 1698 2960 1745 reserata
2997 1689 3234 1745 insinuat
3277 1705 3598 1747 sacramen-

1918 1764 1972 1826 B
2003 1784 2204 1842 torum,
2236 1792 2352 1847 qaaa
2382 1777 2655 1832 velamine
2684 1777 2880 1835 littere
2925 1780 3272 1849 tegebantur.
3312 1781 3422 1838 Lex
3452 1780 3599 1835 enim

2000 1864 2057 1919 in
2086 1864 2269 1936 lapide
2293 1865 2499 1937 scripta
2553 1874 2637 1921 est
2692 1868 2848 1937 cujus
2894 1867 3079 1925 ablato
3127 1868 3390 1941 tegmine,
3420 1867 3600 1941 gloria

2000 1962 2424 2019 resurrectionis
2454 1970 2671 2020 ostensa
2701 1970 2804 2019 est.

2074 2090 2097 2121 ι
2131 2071 2199 2125 Ει
2227 2070 2588 2141 respicientes
2645 2070 2895 2126 viderunt
2950 2069 3256 2127 revolutam
3294 2070 3537 2144 lapidem
3564 2088 3599 2130 a

1996 2167 2374 2225 monumento,
2454 2167 2507 2214 et
2561 2159 2818 2232 angelum
2877 2160 3160 2216 sedentem
3208 2177 3374 2232 super
3427 2177 3581 2218 eum.

1994 2250 2123 2304 Erat
2154 2257 2332 2303 autem
2364 2256 2621 2320 aspectus
2651 2250 2767 2318 ejus
2825 2249 2963 2305 sicut
3016 2249 3222 2322 fulgur,
3266 2250 3593 2307 vestimenta

1994 2346 2115 2415 ejus
2147 2346 2285 2402 sicut
2315 2346 2424 2400 nix.
2463 2369 2483 2395 n
2521 2345 2658 2416 Quia
2714 2348 2865 2402 Deus
2895 2354 2946 2402 et
2979 2346 3236 2402 terribilis
3278 2355 3361 2403 est
3391 2363 3593 2420 pecca-

1994 2436 2203 2490 toribus
2233 2444 2283 2490 et
2316 2434 2549 2491 blandus
2572 2436 2756 2505 justis,
2801 2442 2951 2491 recte
2981 2436 3060 2492 sic
3091 2435 3321 2509 angelus
3351 2436 3592 2493 demon-

1993 2540 2217 2601 stratur,
2250 2541 2309 2588 ut
2354 2536 2423 2590 de
2470 2550 2566 2589 sua
2624 2535 2812 2605 specie
2842 2542 2895 2590 et
2921 2541 3149 2591 terreret
3201 2536 3493 2607 reprobos,
3535 2538 3592 2592 et

1992 2621 2263 2679 mulceret
2292 2622 2429 2693 pios.
2464 2624 2524 2677 In
2556 2623 2772 2695 fulgure
2827 2623 2973 2679 enim
3021 2628 3207 2681 terror
3234 2623 3451 2681 timoris
3478 2632 3586 2691 est,

1990 2711 2046 2766 in
2076 2712 2202 2767 nive
2230 2711 2662 2768 blandimentum
2692 2712 2971 2768 candoris.
3010 2712 3230 2769 Candor
3259 2714 3457 2769 etenim
3484 2729 3589 2770 ve-

1990 2809 2089 2863 stis
2117 2809 2383 2882 angelica:
2430 2817 2633 2865 nostra:
2678 2809 2986 2867 festivitatis
3039 2812 3244 2884 gaudia
3298 2810 3583 2869 nuntiavit.

1990 2896 2086 2952 Illa
2115 2899 2314 2954 etenim
2363 2898 2579 2955 Domini
2609 2898 2944 2955 resurrectio
2974 2906 3027 2955 et
3056 2915 3158 2955 nos
3187 2899 3257 2955 ad
3285 2898 3452 2956 vitam
3481 2900 3585 2955 im-

1988 2995 2333 3051 mortalitatis
2365 2997 2604 3062 reduxit,
2637 3004 2689 3052 et
2729 2995 3053 3069 angelorum
3109 3012 3398 3053 numerum
3424 2998 3590 3053 resti-

1988 3092 2146 3140 tuens
2175 3085 2418 3142 cmlestis
2447 3085 2634 3156 patriae
2654 3085 2850 3141 damna
2868 3086 3169 3156 reparavit.
3196 3085 3432 3143 Sedebat
3449 3101 3587 3159 ergo

1988 3185 2306 3245 regnantem
2337 3174 2605 3243 indicans,
2638 3175 2729 3247 qui
2752 3174 2806 3229 in
2836 3174 3114 3232 nativitate
3154 3176 3371 3243 stando,
3402 3175 3581 3232 bella-

1989 3278 2170 3327 turum
2202 3271 2538 3343 signaverat.
2569 3271 2807 3327 Sedebat
2826 3287 2992 3343 super
3012 3271 3249 3343 lapidem
3273 3288 3381 3342 quo
3400 3287 3589 3328 monu-

1989 3368 2231 3415 mentum
2263 3360 2637 3429 claudebatur,
2696 3368 2754 3416 ut
2800 3360 3029 3417 claustra
3087 3360 3385 3417 inferorum
3413 3377 3586 3433 supe-

1988 3457 2105 3505 rata
2136 3450 2379 3506 doceret.
2402 3450 2659 3517 Sedebat,
2691 3456 2747 3505 ut
2775 3452 2991 3505 Marcus
3010 3448 3431 3518 determinat,in
3444 3450 3584 3507 dex-

1988 3554 2088 3602 tris
2115 3548 2306 3611 (Marc.
2354 3548 2487 3615 xvr),
2519 3546 2574 3602 id
2609 3555 2709 3614 est,
2752 3547 2821 3603 ad
2848 3547 3209 3603 meridianam
3236 3555 3448 3619 partem
3477 3547 3585 3604 loci

1988 3636 2152 3703 illius,
2182 3636 2275 3690 ubi
2306 3636 2483 3692 fuerat
2528 3652 2729 3707 corpus
2769 3636 3012 3691 Domini.
3052 3636 3261 3707 Corpus
3292 3636 3437 3692 enim
3467 3638 3584 3693 Do-

1986 3726 2140 3789 mini,
2165 3724 2478 3796 resupinum
2495 3725 2710 3795 jacens,
2735 3732 2897 3795 caput
2922 3724 3162 3780 habebat
3199 3725 3267 3780 ad
3285 3739 3540 3782 occasum
3565 3745 3580 3792 ;

1986 3823 2272 3879 dexteram
2314 3823 2553 3878 habebat
2582 3823 2651 3877 ad
2698 3830 2939 3877 austrum
2966 3839 2979 3877 :
3014 3822 3147 3895 quid
3177 3831 3357 3878 autem
3387 3838 3490 3895 per
3510 3823 3584 3879 si-

1984 3912 2236 3977 nistram,
2265 3911 2369 3966 nisi
2397 3912 2507 3966 vita
2535 3927 2808 3982 praesens;
2831 3909 2965 3983 quid
2996 3927 3095 3981 per
3123 3911 3440 3978 dexteram,
3478 3911 3585 3968 nisi

1983 4002 2093 4058 vita
2124 4010 2387 4073 perpetua
2436 4002 2691 4073 signatur
2716 4002 2745 4053 εἴ
2775 3999 2929 4056 Unde
2985 3999 3116 4055 illud
3152 4015 3166 4053 :
3200 4023 3222 4048 ιι
3256 4001 3417 4055 Laeva
3461 4000 3583 4069 ejus

1984 4091 2086 4148 sub
2115 4090 2290 4161 capite
2318 4105 2460 4154 meo,
2497 4096 2551 4143 et
2580 4088 2799 4143 dextera
2845 4087 2990 4142 illius
3049 4087 3455 4158 amplexabitur
3484 4103 3578 4145 me

1982 4181 2169 4253 (Cant.
2202 4181 2282 4247 ιι).
2320 4202 2339 4226 ι
2368 4177 2509 4247 Quia
2540 4177 2707 4248 igitur
2728 4176 3049 4247 redemptor
3077 4184 3262 4232 noster
3287 4176 3403 4245 jam
3429 4193 3582 4248 prae-

1981 4269 2151 4324 sentis
2183 4268 2307 4323 vita:
2336 4265 2738 4337 corruptionem
2798 4264 3109 4332 transierat,
3147 4272 3294 4321 recte
3320 4265 3573 4339 angelus,

1980 4357 2105 4430 quia
2137 4356 2382 4411 nuntiare
2411 4370 2713 4426 perennem
2745 4354 2865 4423 ejus
2894 4353 3058 4411 vitam
3081 4361 3327 4419 venerat,
3360 4354 3416 4409 in
3442 4354 3580 4411 dex-

1979 4456 2097 4504 tera
2131 4446 2380 4503 sedebat.
2421 4444 2706 4501 Sinistram
2736 4459 2872 4517 ergo
2897 4444 3060 4511 Deus,
3094 4444 3149 4500 id
3179 4448 3265 4500 est
3294 4444 3577 4516 prosperi-

1978 4552 2145 4601 tatem
2176 4544 2297 4601 vita:
2351 4542 2657 4615 praesentis,
2718 4542 2870 4615 quasi
2928 4544 3030 4598 sub
3088 4542 3269 4614 capite
3314 4542 3578 4601 Ecclesiae

1978 4634 2204 4706 posuit:
2262 4648 2425 4706 quam
2483 4632 2783 4689 intentione
2840 4631 3046 4688 summi
3100 4632 3306 4688 amoris
3361 4632 3575 4702 premit,

1980 4724 2214 4780 Dextera
2241 4738 2375 4779 vero
2406 4723 2505 4778 Dei
2538 4738 2654 4778 eam
2687 4721 3054 4793 amplectitur,
3086 4721 3213 4794 quia
3243 4720 3343 4775 sub
3374 4728 3577 4777 interna

1978 4813 2099 4883 ejus
2130 4812 2464 4869 beatitudine
2496 4819 2606 4867 tota
2634 4812 2925 4868 devotione
2952 4811 3284 4868 continetur.

2055 4944 2075 4968 ι
2115 4921 2229 4976 Prae
2259 4919 2454 4975 timore
2472 4926 2653 4975 autem
2672 4918 2792 4988 ejus
2810 4918 3059 4974 exterriti
3082 4925 3207 4972 sunt
3225 4915 3501 4985 custodes,
3528 4923 3583 4972 et

1980 5008 2103 5065 facti
2134 5017 2258 5064 sunt
2286 5008 2454 5064 veluti
2485 5009 2709 5064 mortui.
2750 5007 3113 5078 Respondeas
3143 5013 3325 5063 autem
3347 5005 3580 5078 angelus

1978 5100 2110 5155 dixit
2169 5097 2533 5153 mulieribus:
2593 5096 2781 5153 Nolite
2810 5096 3022 5165 timere,
3070 5110 3192 5152 vos.
3252 5094 3383 5151 Scio
3429 5095 3576 5150 enim

1978 5196 2123 5269 quod
2154 5197 2363 5262 Jesum,
2398 5194 2487 5264 qui
2546 5193 2837 5250 crucifixus
2888 5201 2989 5259 est,
3033 5192 3301 5265 quaeritis.
3345 5192 3470 5247 Non
3496 5200 3582 5247 est

1978 5287 2087 5352 hic,
2112 5285 2346 5340 surrexit
2371 5283 2516 5339 enim
2544 5284 2679 5340 sicut
2705 5283 2860 5339 dixit.
2886 5282 3080 5339 Venite
3109 5289 3162 5339 et
3191 5282 3371 5339 videte
3395 5281 3577 5338 locum

1979 5392 2072 5448 ubi
2102 5391 2313 5463 positus
2368 5398 2481 5446 erat
2537 5389 2829 5446 Dominus.
2874 5414 2895 5437 η
2931 5392 3011 5447 Ac
3040 5391 3086 5447 si
3117 5390 3263 5446 dicat
3297 5406 3309 5445 :
3343 5389 3400 5445 Si
3450 5406 3578 5446 ver-

1980 5497 2109 5552 bum
2140 5512 2248 5551 non
2270 5495 2509 5561 creditis,
2562 5512 2731 5551 vacuo
2781 5495 3037 5567 sepulcro
3080 5496 3314 5553 credite.
3339 5495 3581 5567 Angelus

1981 5601 2088 5641 non
2120 5584 2434 5641 consolatur
2464 5585 2737 5655 custodes,
2764 5586 2861 5641 sed
2882 5585 3158 5641 mulieres.
3192 5588 3253 5640 In
3275 5584 3577 5650 incredulo,

1982 5681 2181 5754 inquit,
2210 5690 2520 5753 perseveret
2568 5698 2789 5754 pavor;
2849 5690 3107 5741 caeterum
3167 5698 3282 5751 vos,
3332 5681 3459 5753 quia
3486 5680 3583 5736 Je-

1983 5794 2111 5834 sum
2143 5777 2406 5851 quaeritis,
2439 5779 2622 5836 audite
2650 5780 2795 5854 quod
2853 5780 3171 5839 resurrexit.
3232 5780 3470 5835 Faveant
3500 5775 3583 5831 illi
