4062 6074
433 225 538 281 919

1564 223 1917 282 WEBNERI
1951 223 2242 283 ABBATIS
2281 228 2338 286 S.
2379 230 2604 287 BLASII

3624 230 3733 285 9ὶο

436 349 528 421 qui
556 362 666 405 non
694 355 881 404 amant
906 348 1198 404 adventum
1237 363 1604 420 supernorum
1642 349 1862 416 civium,
1896 365 2030 420 per—
2059 351 2117 411 A
2142 350 2369 411 bemus.
2411 358 2498 412 Ad
2528 365 2882 429 conspectum
2913 355 3242 429 angelorum
3273 355 3473 411 vultum
3494 353 3739 410 declina-

437 438 731 492 timescant
761 437 852 508 qui
885 437 1199 494 carnalibus
1218 438 1393 509 pressi
1414 437 1705 493 desideriis
1735 438 1806 492 ad
1839 453 2030 493 eorum

441 527 755 582 societatem
788 543 847 581 se
878 527 1190 598 pertingere
1221 543 1384 598 posse
1425 527 1749 597 desperant.
1790 529 1899 582 Vos
1930 543 2030 582 au-

439 623 546 671 tem
577 631 672 671 cur
699 615 899 670 timetis
929 633 1048 686 quae
1078 624 1291 672 vestros
1317 616 1576 673 concives
1607 615 1822 672 videtis.
1860 639 1882 663 α
1907 616 2034 672 Non

441 723 523 772 est
552 715 639 771 hic
665 737 686 763 »
720 715 922 772 dicitur
941 731 1042 786 per
1062 716 1416 786 praesentiam
1448 716 1632 772 carnis
1649 716 1741 787 qui
1757 732 2037 788 nunquam

439 805 594 861 deest
622 821 721 876 per
750 805 1100 875 praesentiam
1131 805 1454 873 majestatis.
1487 805 1661 859 Radix
1688 819 1880 859 amara
1909 820 2035 860 cru-

440 893 523 950 cis
555 893 789 960 evanuit,
819 893 924 948 tlos
965 893 1088 949 vitae
1144 908 1271 949 cum
1328 892 1590 949 fructibus
1647 893 1839 963 erupit,
1874 893 1929 948 id
1959 902 2040 949 est

438 990 530 1062 qui
579 989 839 1058 jacuitin
871 998 1044 1044 morte
1102 988 1397 1044 resurrexit
1452 989 1506 1043 in
1563 988 1770 1061 gloria.
1829 989 2040 1058 Corpus

437 1079 567 1133 Jesu
596 1085 869 1133 mortuum
898 1094 1010 1133 non
1039 1077 1326 1144 invenitur,
1390 1077 1489 1132 sed
1536 1079 1720 1133 vivum
1753 1077 2039 1148 evangeli-

440 1176 607 1236 zatur,
642 1167 764 1239 quia
797 1167 896 1221 etsi
927 1166 1283 1237 cognovimus
1335 1167 1635 1222 secundum
1667 1182 1908 1235 carnem,
1944 1165 2039 1221 sed

435 1256 552 1326 jam
583 1272 726 1312 nunc
756 1271 864 1310 non
896 1256 1147 1312 novimus
1173 1255 1252 1327 (II
1279 1255 1404 1312 Cor.
1437 1257 1520 1324 v).

520 1386 541 1411 α
576 1365 646 1417 Et
677 1363 872 1418 factum
902 1370 985 1418 est
1012 1363 1142 1417 dum
1171 1373 1355 1419 mente
1375 1370 1744 1418 consternatae
1766 1369 1951 1417 essent
1973 1361 2042 1416 de

440 1451 570 1518 isto,
615 1467 747 1507 ecce
804 1452 913 1506 duo
969 1451 1078 1508 viri
1137 1460 1402 1508 steterunt
1441 1452 1592 1521 juxta
1622 1451 1746 1506 illas
1801 1447 1858 1503 in
1886 1457 2041 1506 veste

444 1541 697 1613 fulgenti.
737 1564 758 1588 ι»

516 1647 712 1720 Angeli
743 1662 852 1702 non
885 1647 1062 1702 solum
1092 1648 1262 1704 verbo
1294 1649 1391 1703 sed
1422 1648 1582 1703 etiam
1613 1646 1838 1719 fulgenti
1857 1645 2042 1700 habitu

2144 458 2264 497 mus
2305 444 2359 498 in
2391 453 2600 500 terram
2656 463 2778 502 cum
2830 461 3191 517 supernorum
3235 443 3437 516 gaudia
3478 450 3739 498 contem-

2143 533 2376 603 plantes,
2409 550 2510 589 nos
2553 536 2790 591 cinerem
2841 551 2964 591 esse
3012 535 3322 598 recolimus,
3355 533 3500 588 sicut
3528 531 3732 587 beatus

2145 631 2423 685 Abraham
2467 631 2684 703 inquit:
2743 655 2764 681 ‹‹
2819 634 3039 704 Loquar
3078 632 3147 686 ad
3195 631 3482 686 Dominum
3526 645 3736 694 meum,

2147 733 2266 775 cum
2318 720 2420 773 sim
2463 721 2642 790 pulvis
2673 729 2722 776 et
2755 721 2892 776 cinis
2948 721 3110 790 (Gen.
3167 722 3350 785 xvm).
3387 743 3408 766 ι
3439 719 3577 773 Nota
3607 718 3740 789 quia

2146 816 2349 865 sanctae
2379 807 2635 864 mulieres
2665 825 2771 864 non
2804 811 2863 863 in
2889 816 3093 863 terram
3140 808 3431 873 cecidisse,
3481 807 3578 861 sed
3610 806 3736 861 vul-

2148 911 2261 958 tum
2303 904 2554 960 dicuntur
2592 904 2931 960 inclinasse:
2979 905 3123 959 unde
3173 919 3292 958 mos
3335 901 3742 958 ecclesiasticus

2149 993 2377 1048 obtinuit
2423 1002 2478 1048 ut
2509 995 2594 1049 vel
2649 994 2967 1049 memoriam
3025 993 3324 1049 Dominicaa
3378 992 3742 1047 resurrectio-

2150 1083 2255 1149 nis,
2279 1083 2363 1139 vel
2393 1082 2446 1136 in
2477 1099 2633 1154 spem
2663 1087 2884 1149 nostrae,
2918 1082 3174 1138 omnibus
3218 1081 3517 1137 Dominicis
3547 1081 3742 1135 diebus

2149 1187 2202 1235 et
2232 1188 2342 1234 toto
2373 1181 2834 1254 quinquagesimo
2865 1188 3126 1251 tempore,
3158 1195 3268 1234 non
3297 1179 3452 1233 ﬂexis
3482 1179 3740 1249 genibus,

2150 1270 2247 1323 sed
2280 1268 2620 1324 declinantes
2676 1269 2730 1323 in
2769 1277 2966 1324 terram
3025 1268 3264 1325 vultibus
3321 1283 3569 1323 oremus.
3618 1267 3745 1321 Non

2149 1357 2415 1412 immerito
2447 1373 2553 1412 una
2593 1358 2682 1412 die
2736 1365 2790 1412 et
2844 1358 3055 1412 duabus
3107 1357 3365 1413 noctibus
3395 1357 3450 1410 in
3487 1355 3743 1424 sepulcro

2143 1447 2312 1516 jacuit
2347 1446 2642 1513 Dominus,
2675 1447 2800 1518 quia
2821 1447 2998 1502 lucem
3035 1463 3149 1501 suae
3191 1445 3405 1515 simplae
3432 1445 3626 1499 mortis
3657 1452 3745 1498 te-

2148 1544 2336 1599 nebris
2364 1543 2546 1614 dupla;
2576 1551 2776 1599 nostra:
2832 1543 3019 1598 mortis
3082 1543 3341 1611 adiunxit.
3374 1545 3496 1612 Ipse
3537 1541 3746 1613 quippe

2151 1633 2269 1688 sola
2313 1648 2480 1688 carne
2535 1640 2764 1687 mortem
2821 1632 3078 1703 suscepit,
3110 1640 3162 1687 et
3192 1631 3326 1686 duas
3368 1639 3586 1686 nostras
3615 1645 3748 1686 car-

446 1711 674 1809 gloriavm
722 1737 1044 1791 annuntiant
1086 1737 1486 1807 triumphantis.
1520 1711 1773 1792 Mulierves
1815 1735 2042 1806 angelos
2070 1711 2123 1770 Β
2152 1721 2238 1776 nis
2268 1728 2317 1776 εἳ
2349 1720 2569 1791 Spiritus
2598 1720 2857 1776 εδεοινίῑ-

447 1826 650 1891 vident,
676 1842 797 1897 quae
816 1841 939 1881 cum
965 1826 1295 1880 aromatibus
1313 1834 1597 1890 venerunt,
1615 1825 1741 1896 quia
1768 1824 1874 1879 illae
1895 1838 2047 1878 men-

445 1923 528 1971 tes
558 1929 830 1984 supernos
875 1913 1023 1970 cives
1071 1914 1340 1985 aspiciunt
1385 1930 1506 1986 quae
1551 1930 1672 1968 cum
1706 1912 2042 1967 aromatibus

448 2011 520 2066 ad
548 2010 719 2066 Deum
750 2026 850 2081 per
876 2017 1063 2065 sancta
1091 2010 1365 2066 desideria
1395 2009 1839 2080 proﬁciscuntur.
1866 2010 2044 2062 Mente

449 2108 812 2155 consternatae
841 2104 1017 2166 erant,
1051 2100 1179 2170 quia
1209 2107 1262 2154 et
1292 2115 1548 2170 magnum
1598 2098 1835 2168 lapidem
1878 2111 2045 2152 revo-

449 2188 619 2244 lutum
651 2188 959 2258 stupebant,
992 2196 1045 2242 et
1074 2203 1272 2258 corpus
1302 2203 1410 2242 non
1439 2188 1721 2241 inventum
1752 2186 2036 2241 dolebant.

449 2277 667 2332 Dicitur
694 2285 877 2332 autem
907 2277 1012 2332 hoc
1040 2285 1450 2331 monumentum
1491 2275 1726 2339 Domini,
1762 2276 1910 2346 quod
1941 2276 2048 2330 do-

452 2387 580 2426 mus
606 2370 840 2426 rotunda
869 2369 1051 2437 fuerit,
1084 2378 1137 2426 et
1167 2372 1464 2426 secundum
1488 2373 1797 2426 Matlhazum
1829 2379 1881 2425 et
1915 2372 2040 2424 Mar-

452 2474 578 2516 cum
606 2459 675 2514 de
704 2458 1017 2527 subjacente
1047 2467 1205 2530 petra
1235 2459 1425 2516 excisa
1457 2467 1619 2514 tantae
1648 2458 1970 2527 altitudinis,
1990 2467 2046 2514 ut

451 2555 596 2611 intus
653 2555 957 2611 consistens
1015 2558 1179 2612 homo
1229 2557 1314 2612 vix
1373 2571 1534 2612 manu
1565 2564 1782 2612 extenta
1831 2556 2044 2612 culmen

449 2651 641 2715 posset
693 2645 985 2716 attingere.
1044 2644 1179 2713 Quae
1220 2647 1385 2700 habet
1428 2645 1709 2700 introitum
1741 2645 1808 2700 ab
1840 2647 2049 2701 oriente

451 2734 552 2804 cui}
580 2732 717 2804 lapis
764 2733 855 2788 ille
913 2749 1145 2807 magnus
1201 2734 1486 2806 impositus
1513 2743 1615 2790 est.
1650 2736 1711 2788 In
1743 2735 1896 2804 cujus
1925 2751 2048 2789 mo-

452 2831 693 2889 numenti
721 2839 875 2902 parte
905 2831 1209 2904 aquilonari
1253 2833 1566 2903 sepulcrum
1607 2833 1806 2904 ipsum,
1836 2832 1938 2889 hoc
1969 2840 2053 2887 est

449 2921 603 2977 locus
659 2920 934 2976 Dominici
981 2922 1247 2992 corporis,
1308 2922 1378 2977 de
1427 2922 1618 2977 eadem
1669 2930 1822 2992 petra
1852 2920 2051 2977 factum

450 3017 558 3076 est,
588 3017 798 3080 septem
824 3010 1032 3065 habens
1079 3011 1248 3078 pedes
1299 3009 1674 3081 longitudinis,
1709 3011 1870 3065 trium
1920 3026 2049 3066 vero

451 3099 751 3170 palmorum
782 3114 1044 3153 mensura
1093 3107 1287 3155 caetero
1329 3099 1657 3169 pavimento
1705 3099 1864 3154 altius
1908 3098 2047 3154 emi-

450 3211 614 3252 nens.
662 3195 767 3264 Qui
797 3195 1050 3251 videlicet
1080 3195 1234 3252 locus
1277 3212 1387 3250 non
1410 3197 1668 3268 desuper,
1701 3197 1798 3251 sed
1830 3211 1861 3252 a
1881 3196 2049 3252 latere

454 3284 786 3353 meridiano,
831 3301 930 3355 per
961 3292 1128 3340 totum
1160 3285 1376 3356 patulus
1423 3293 1525 3353 est,
1557 3286 1700 3340 unde
1735 3301 1931 3357 corpus
1960 3285 2048 3339 iu-

455 3381 754 3437 ferebatur.
787 3381 949 3436 Color
1007 3389 1182 3436 autem
1241 3382 1482 3449 ejusdem
1513 3383 1848 3437 monumenti
1879 3397 1946 3437 ac
1974 3381 2052 3436 lo-

464 3469 596 3534 culi,
627 3468 932 3523 rubicundo
963 3476 1017 3524 et
1053 3469 1176 3524 albo
1205 3469 1410 3525 dicitur
1439 3486 1561 3525 esse
1590 3472 1915 3541 permistus:
1947 3471 2053 3526 hoc

455 3558 643 3627 itaque
671 3572 871 3612 novum
902 3558 1212 3628 sepulcrum
1239 3558 1468 3622 Domini,
1515 3567 1694 3628 potest
1721 3560 1902 3614 Marias
1932 3558 2052 3615 vir-

459 3645 705 3717 ginalem
737 3652 946 3700 uterum
977 3645 1398 3716 demonstrare;
1459 3663 1754 3719 saxumque
1795 3664 2054 3721 magnum

462 3742 602 3799 ostio
634 3742 946 3814 appositum
976 3742 1265 3799 ostendere
1318 3759 1428 3799 non
1457 3744 1666 3816 absque
1697 3745 1902 3801 auxilio
1929 3745 2056 3817 plu-

461 3832 734 3887 rimorum
752 3831 1126 3904 sepulcrorum
1139 3833 1380 3904 potuisse
1403 3849 1649 3889 reserare
1667 3836 1810 3906 (sic).
1836 3836 1982 3890 Sicut
2001 3835 2056 3889 in

463 3921 650 3979 Mariae
675 3929 832 3977 utero
861 3938 1022 3978 nemo
1051 3930 1177 3977 ante
1198 3921 1372 3990 illum,
1405 3939 1566 3978 nemo
1596 3933 1718 3994 post
1747 3924 1897 3978 illum
1928 3939 2057 3979 con-

468 4018 660 4082 ceptus
689 4019 772 4066 est
808 4029 819 4065 :
856 4009 928 4065 ita
957 4011 1012 4066 in
1042 4011 1146 4066 hoc
1176 4020 1525 4067 monumento
1546 4028 1706 4067 nemo
1725 4020 1866 4081 ante,
1898 4029 2059 4068 nemo

470 4108 596 4171 post
627 4099 872 4170 sepultus
903 4107 1009 4156 est.
1045 4100 1337 4156 Sciendum
1369 4116 1586 4172 quoque
1619 4101 1770 4172 quod
1799 4102 1937 4156 sicut
1966 4117 2064 4157 an-

471 4188 584 4260 geli
611 4188 870 4261 leguntur
900 4189 1139 4244 astitisse
1189 4189 1444 4260 sepulcro
1483 4189 1800 4259 Salvatoris,
1832 4190 1906 4245 ita
1936 4207 2062 4247 cre-

469 4275 639 4332 dendi
669 4285 794 4330 sunt
823 4277 1061 4333 astitisse
1086 4278 1356 4349 mysteriis
1402 4278 1646 4349 corporis
1687 4278 1903 4334 Domini
1933 4289 2066 4335 tem-

470 4389 602 4444 pore
631 4374 1086 4430 consecrationis.
1131 4374 1292 4430 Unde
1339 4376 1620 4446 apostolus
1650 4385 1833 4432 monet
1861 4377 2062 4433 mulie-

468 4477 560 4517 res
589 4461 643 4516 in
674 4461 910 4517 ecclesia
938 4462 1109 4518 velari
1138 4471 1365 4534 prOpter
1395 4464 1623 4536 angelos
1654 4467 1705 4536 (Ι
1735 4467 1854 4522 Cor.
1891 4467 1986 4537 χι).

551 4591 573 4615 α
607 4568 740 4623 Cum
770 4567 1021 4624 timerent
1037 4576 1220 4624 autem
1241 4573 1298 4624 et
1318 4569 1655 4624 declinarent
1677 4570 1878 4626 vultum
1900 4571 1954 4626 in
1974 4580 2072 4628 ter-

474 4671 611 4722 ram,
645 4655 900 4712 dixerunt
925 4657 994 4712 ad
1022 4656 1144 4712 illas
1175 4676 1187 4711 :
1221 4656 1364 4727 Quid
1386 4658 1626 4730 quaeritis
1655 4659 1922 4716 viventem
1946 4675 2066 4716 cum

474 4753 704 4810 mortuis
722 4756 764 4810 ‘2.
796 4755 920 4810 Non
950 4764 1031 4810 est
1056 4753 1164 4822 hic,
1226 4755 1324 4811 sed
1376 4757 1630 4812 surrexit.
1689 4754 2070 4813 Recordamini

475 4844 712 4916 qualiter
741 4843 954 4901 locutus
981 4851 1064 4900 est
1091 4843 1268 4912 vobis,
1290 4860 1416 4901 cum
1443 4845 1618 4901 adhuc
1647 4845 1702 4900 in
1725 4845 1947 4902 Galilaea
1977 4863 2070 4902 es-

470 4949 574 5011 set,
605 4942 830 5001 dicens:
861 4942 997 5012 Quia
1026 4945 1241 5013 oportet
1286 4942 1482 4998 Filium
1541 4943 1777 4999 hominis
1821 4944 1962 4998 tradi
2013 4944 2069 4998 in

476 5057 668 5096 manus
695 5040 982 5097 hominum
1012 5050 1384 5112 peccatorum,
1438 5041 1796 5114 etcrucitigi,
1828 5050 1881 5098 et
1912 5042 2069 5098 tertia

473 5129 562 5184 die
587 5145 899 5202 resurgere,
929 5153 961 5180 η,
986 5130 1332 5201 Impossibile
1380 5145 1488 5185 non
1517 5129 1643 5185 ﬁeri
1675 5130 1823 5202 quod
1851 5131 1986 5186 dixit
2015 5138 2069 5186 et

473 5234 687 5281 constat
712 5241 837 5281 cum
867 5227 1010 5282 inter
1061 5227 1363 5298 discipulos
1409 5235 1461 5283 et
1505 5226 1735 5283 feminas
1784 5245 1905 5300 quae
1942 5244 2068 5284 eum

471 5315 858 5385 sequebantur,
884 5315 1152 5371 Dominus
1182 5332 1245 5372 se
1296 5325 1733 5373 resurrecturum
1774 5317 2060 5388 praedixit.

473 5410 653 5479 Quare
677 5427 814 5483 ergo
863 5412 982 5480 jam
1036 5413 1418 5468 resuscitatum
1477 5422 1726 5485 quaerunt
1756 5431 1878 5469 cum
1911 5430 2062 5470 mor-

471 5517 597 5583 tuis,
633 5516 690 5572 id
721 5524 804 5572 est
849 5517 904 5571 in
935 5527 1308 5587 monumento,
1357 5520 1448 5590 qui
1502 5519 1649 5575 locus
1695 5520 1952 5591 preprius
1983 5529 2066 5576 est

464 5621 831 5670 mortuorum.
889 5613 1000 5668 Nos
1057 5613 1306 5683 exemplo
1363 5614 1688 5670 feminarum
1719 5617 1934 5686 quoties
1965 5633 2062 5673 ec-

468 5711 690 5769 clesiam
717 5710 983 5767 intramus
1029 5725 1151 5767 cum
1196 5711 1342 5765 omni
1374 5711 1673 5770 humilitate
1719 5713 1933 5786 ingredi
1961 5715 2062 5771 de—

2090 4430 2146 4492 D

2229 1851 2250 1875 u
2288 1828 2349 1881 Et
2380 1828 2486 1882 cito
2517 1834 2728 1892 euntes,
2762 1826 2922 1882 dicite
2953 1825 3236 1897 discipulis
3269 1827 3424 1898 ejus:
3455 1825 3593 1894 Quia
3623 1842 3752 1880 sur-

2155 1918 2293 1971 rexit
2325 1932 2353 1969 a
2385 1916 2641 1970 mortuis.
2681 1916 2750 1970 Et
2779 1932 2907 1971 ecce
2923 1917 3199 1986 praecedet
3229 1931 3326 1972 vos
3355 1916 3407 1969 in
3439 1915 3750 1981 Galilaeam,

2153 2005 2230 2059 Ibi
2251 2022 2374 2060 eum
2391 2004 2648 2060 videbitis
2669 2020 2681 2059 :
2702 2005 3070 2075 ecceprzrdixi
3094 2005 3272 2059 vobis.
3296 2029 3317 2052 »
3344 2003 3755 2059 Mulieribusdi—

2153 2104 2290 2160 citur
2322 2111 2377 2157 ut
2409 2103 2654 2156 nuntient
2701 2102 2964 2172 apostolis
2995 2101 3158 2156 vitam
3188 2109 3584 2174 resurgentem,
3623 2099 3753 2171 quia

2153 2209 2254 2262 per
2285 2192 2564 2246 mulierem
2597 2206 2746 2245 mors
2804 2189 2978 2245 fuerat
3032 2192 3362 2245 annuntiata.
3395 2191 3614 2244 Marcus
3642 2205 3751 2243 au-

2152 2284 2262 2331 tem
2319 2276 2494 2331 dicit:
2535 2299 2555 2323 u
2593 2277 2689 2340 Ite,
2741 2275 2902 2329 dicite
2959 2274 3244 2345 discipulis
3299 2275 3417 2343 ejus
3475 2282 3529 2329 et
3583 2275 3752 2329 Petro

2154 2366 2346 2434 (Marc.
2381 2365 2511 2422 xvr).
2550 2383 2571 2413 »
2606 2363 2972 2432 Quterendum
3021 2371 3103 2418 est
3132 2379 3232 2419 cur
3259 2364 3451 2418 Petrus
3480 2361 3719 2434 designe

2155 2469 2242 2516 tur
2270 2477 2335 2515 ex
2365 2461 2610 2516 nomine.
2687 2461 2743 2515 Si
2798 2461 2940 2516 enim
2973 2462 3116 2518 hunc
3146 2461 3377 2533 angelus
3410 2459 3756 2514 nominatum

2154 2565 2260 2604 non
2289 2549 2636 2618 exprimeret,
2679 2548 2806 2620 quia
2855 2549 3168 2619 Magistrum
3212 2557 3529 2621 negaverat,
3561 2547 3758 2603 venire

2153 2637 2300 2691 inter
2325 2637 2624 2706 discipulos
2662 2652 2770 2691 non
2813 2637 3062 2690 auderet.
3103 2638 3342 2692 Vocatur
3383 2652 3518 2708 ergo
3549 2651 3615 2692 ex
3644 2650 3758 2691 no-

2155 2734 2298 2789 mine
2330 2735 2537 2798 Petrus,
2567 2749 2635 2788 ne
2687 2733 2939 2803 desperet
2989 2749 3053 2789 ex
3111 2734 3423 2806 negatione.
3455 2732 3578 2802 Qua
3606 2732 3660 2786 in
3689 2748 3759 2789 re

2155 2823 2313 2878 nobis
2344 2822 2801 2878 considerandum
2849 2832 2930 2877 est
2978 2837 3077 2879 cur
3119 2823 3382 2878 Dominus
3413 2838 3557 2887 eum,
3589 2837 3762 2893 quem

2157 2919 2368 2968 cunctae
2399 2911 2659 2967 Ecclesire
2688 2911 2944 2982 praeferre
2990 2911 3364 2982 disposuerat,
3407 2911 3621 2967 ancillas
3649 2927 3760 2966 vo-

2159 3024 2277 3064 cem
2318 3009 2712 3078 pertimescere
2769 3008 3033 3078 permisit.
3095 3008 3254 3076 Quod
3311 3016 3490 3063 actum
3538 3021 3763 3078 magna

2161 3097 2376 3169 pietatis
2408 3097 2820 3167 dispensatione
2871 3097 3279 3170 cognoscimus,
3322 3105 3379 3150 ut
3407 3096 3454 3150 is
3483 3096 3574 3168 qui
3602 3112 3762 3150 sum-

2160 3203 2282 3241 mus
2312 3193 2432 3240 erat
2460 3193 2650 3256 pastor
2703 3185 2924 3240 futurus
2977 3187 3240 3242 Ecclesiae
3267 3185 3320 3239 in
3347 3201 3445 3240 sua
3474 3184 3638 3256 culpa
3667 3185 3766 3240 di-

2166 3283 2348 3330 sceret
2378 3274 2610 3346 qualiter
2657 3274 2780 3328 aliis
2839 3274 3087 3330 misereri
3115 3274 3416 3330 debuisset.
3469 3274 3630 3328 Prius
3662 3274 3763 3328 ita-

2164 3389 2270 3444 que
2301 3388 2424 3427 eum
2463 3371 2708 3428 ostendit
2759 3371 2881 3437 sibi,
2934 3381 2982 3427 et
3018 3381 3144 3428 tunc
3188 3372 3482 3443 praeposuit
3518 3371 3759 3436 caeteris,

2162 3470 2217 3515 ut
2247 3477 2310 3516 ex
2341 3477 2434 3515 sua
2464 3459 2782 3515 inﬁrmitate
2844 3469 3174 3534 agnosceret
3225 3477 3384 3533 quam
3439 3460 3762 3516 misericor-

2163 3551 2305 3606 diter
2381 3549 2560 3605 aliena
2634 3550 2846 3605 inﬁrma
2930 3551 3208 3606 toleraret.
3277 3549 3505 3606 Galilaea
3578 3558 3762 3606 autem

2169 3648 2594 3720 transmigratio
2610 3650 2769 3717 facta
2782 3646 3183 3717 interpretatur.
3202 3649 3270 3702 Et
3284 3647 3406 3719 jam
3428 3647 3766 3718 Redemptor

2166 3753 2196 3792 a
2226 3737 2482 3807 passione
2527 3736 2594 3790 ad
2637 3736 3112 3805 resurrectionem,
3150 3751 3182 3792 a
3209 3745 3381 3792 morte
3412 3736 3482 3791 ad
3509 3736 3700 3798 vitam.
3731 3751 3767 3791 ι

2165 3851 2328 3908 poena
2358 3836 2426 3890 ad
2473 3834 2730 3908 gloriam,
2763 3852 2790 3889 a
2822 3835 3170 3906 corruptione
3200 3834 3269 3890 ad
3299 3834 3766 3905 incorruptionem

2167 3925 2672 3996 transmigraverat.
2727 3924 2852 3980 Post
2891 3923 3343 3980 resurrectionem
3375 3923 3430 3977 in
3475 3923 3706 3979 Galilaea
3735 3938 3770 3978 a

2170 4013 2742 4082 discipulis‘Dominus
2765 4013 2993 4080 videtur,
3029 4013 3154 4085 quia
3177 4011 3609 4068 resurrectionis
3640 4012 3770 4083 ejus

2171 4103 2399 4175 gloriam
2420 4113 2539 4174 post
2566 4102 2672 4157 laeti
2703 4101 3029 4166 videbimus,
3055 4102 3101 4156 si
3130 4103 3294 4157 modo
3326 4115 3358 4156 a
3387 4101 3531 4157 vitiis
3557 4101 3628 4155 ad
3660 4101 3771 4155 vir-

2174 4199 2343 4246 tutum
2377 4191 2760 4247 celsitudinem
2806 4192 3262 4264 transmigremus
3294 4208 3307 4245 :
3343 4190 3430 4246 vel
3460 4190 3535 4246 ita
3569 4209 3581 4244 :
3619 4191 3766 4245 Prsa-

2175 4280 2318 4336 cedit
2347 4296 2443 4335 eos
2470 4281 2525 4334 in
2555 4280 2858 4348 Galilaeam,
2900 4281 3006 4336 hoc
3036 4288 3119 4336 est
3159 4281 3215 4334 in
3245 4279 3593 4335 volutabrum
3623 4295 3770 4350 gen-

2178 4380 2328 4446 tium,
2361 4379 2453 4434 ubi
2477 4388 2599 4435 ante
2628 4396 2786 4435 error
2814 4387 2934 4435 erat
2964 4387 3018 4435 et
3046 4378 3336 4444 lubricum,
3366 4386 3419 4433 et
3447 4377 3603 4434 ﬁrrno
3631 4377 3774 4448 pede

2182 4467 2470 4539 vestigium
2495 4484 2603 4523 non
2633 4469 2930 4539 ponebant.
2964 4469 3234 4523 Praeterea
3265 4466 3504 4523 videnda
3534 4475 3660 4521 sunt
3689 4465 3774 4520 di-

2177 4565 2258 4612 cta
2288 4556 2602 4627 Hieronymi
2631 4563 2818 4611 contra
2846 4555 3160 4611 Helvidium
3192 4571 3256 4611 ex
3286 4555 3616 4610 testimoniis
3646 4569 3776 4626 qua-

2178 4661 2302 4708 tuor
2331 4652 2811 4722 evangelistarum,
2870 4653 2942 4708 de
2975 4652 3146 4707 tribus
3201 4651 3488 4707 sororibus
3539 4649 3771 4705 ﬁliarum

2178 4746 2346 4797 Anna:
2375 4741 2561 4796 matris
2591 4741 2766 4797 beatae
2793 4741 3003 4797 Mariae.
3035 4741 3229 4797 Sancta
3259 4740 3432 4796 Maria
3459 4747 3634 4795 mater
3663 4739 3773 4796 Do-

2178 4839 2312 4894 mini
2341 4847 2393 4895 et
2422 4839 2593 4894 Maria
2643 4849 2824 4894 mater
2864 4839 3080 4907 Jacobi,
3139 4838 3354 4910 Alphaei
3381 4845 3433 4892 et
3460 4837 3688 4907 Ioseph,
3719 4843 3774 4892 et

2180 4928 2346 4984 Maria
2374 4939 2543 4984 mater
2571 4927 2804 4984 ﬁliorum
2839 4927 3087 4983 Zebedzei
3135 4929 3331 4998 (Marc.
3389 4929 3522 4996 xvi),
3557 4925 3775 4982 scilicet

2177 5017 2406 5087 Majoris
2433 5017 2643 5085 Jacobi,
2669 5024 2721 5072 et
2747 5016 3012 5071 Johannis
3033 5015 3384 5088 evangelista
3407 5023 3518 5070 tres
3542 5029 3774 5070 sonores

2176 5113 2420 5169 fuerunt.
2485 5113 2651 5168 Maria
2703 5121 2877 5168 mater
2930 5111 3187 5182 Domini,
3246 5112 3356 5168 ﬁlia
3413 5111 3662 5166 Joachim
3719 5118 3776 5168 et

2175 5217 2352 5272 Annae
2379 5215 2500 5281 fuit,
2537 5224 2588 5270 et
2615 5216 2887 5286 CleOphas
2935 5214 3106 5270 frater
3145 5214 3352 5286 Joseph
3383 5213 3633 5270 eamdem
3665 5217 3774 5267 An-

2177 5322 2301 5360 nam
2333 5305 2541 5376 accepit
2573 5321 2818 5368 uxorem,
2850 5304 3108 5359 defuncto
3138 5304 3407 5368 Joachim,
3441 5309 3494 5357 et
3525 5317 3772 5372 genera-

2175 5403 2248 5458 vit
2281 5420 2345 5459 ex
2375 5418 2440 5458 ea
2469 5401 2631 5456 ﬁliam
2657 5417 2819 5472 quam
2881 5404 3098 5458 vocavit
3126 5402 3383 5457 Mariam.
3445 5403 3591 5456 Hanc
3654 5401 3772 5455 Ma-

2174 5509 2308 5564 riam
2350 5509 2616 5578 Cleophas
2656 5517 2709 5564 et
2741 5511 2894 5563 Anna
2938 5509 3210 5564 dederunt
3263 5509 3500 5573 cuidam,
3553 5506 3769 5578 Alpheo

2173 5615 2392 5672 nomine
2418 5631 2429 5669 :
2459 5615 2602 5670 unde
2660 5613 2752 5672 ille
2783 5616 2957 5672 Minor
2983 5617 3222 5672 Jacohus
3255 5623 3308 5672 et
3349 5617 3514 5672 frater
3542 5615 3770 5672 Domini

2170 5713 2367 5787 dictus,
2401 5722 2556 5770 natus
2586 5713 2704 5783 fuit,
2729 5723 2782 5771 et
2801 5714 2999 5773 dicitur
3025 5716 3269 5772 Jacobus
3296 5714 3506 5788 Alphaei
3525 5732 3557 5772 a
3577 5724 3761 5788 patre.
