4062 6074
249 291 353 348 921

1196 269 1787 333 DEFLORATIONES
1824 268 1925 327 SS.
1956 262 2270 324 PAT'RUM.
2307 292 2381 305 —
2415 260 2543 317 LIB.
2583 259 2628 313 Ι.

3453 236 3647 301 922¹

254 408 619 484 Desponsavit
645 413 826 464 autem
857 404 1125 475 Cleophas
1152 402 1428 458 ﬁliastram
1474 416 1650 467 suam,
1696 396 1845 453 scili-
1874 393 1930 454 A
1960 400 2084 449 cant
2111 396 2317 446 nostras
2344 386 2477 440 duas
2506 388 2723 447 mortes,
2781 393 2943 434 unam
3001 370 3259 445 corporis,
3319 371 3546 426 alteram

254 510 343 558 cet
368 506 610 556 sanctam
638 497 863 552 Mariam
894 503 1121 549 matrem
1164 492 1383 548 Domini
1427 490 1715 561 virginem,
1762 486 1853 540 Jo-

257 591 390 662 seph
422 586 571 643 fratri
600 601 719 653 suo,
751 585 841 654 qui
873 584 989 655 ejus
1016 581 1340 654 virginitatis
1367 577 1710 650 integerrime
1753 590 1852 629 cu-

253 689 366 736 stos
394 686 447 733 et
474 676 725 732 solatium
755 673 859 727 fuit
895 680 949 728 et
993 670 1345 727 connutritor.
1403 670 1615 722 Mortuo
1676 670 1855 719 autem

255 767 522 836 Cleopha,
553 763 773 834 quidam
801 761 1020 817 Salome
1069 759 1279 830 accepit
1319 757 1498 827 ipsam
1548 757 1759 810 Annam
1807 756 1859 805 et

255 855 538 930 generavit
565 870 633 907 ex
658 868 726 907 ea
750 850 918 906 ﬁliam
978 848 1211 915 tertiam,
1267 846 1430 901 etiam
1484 842 1708 899 Mariam
1764 854 1860 894 no-

256 951 403 1008 mine
437 969 450 1006 :
484 966 646 1021 quam
675 948 966 1003 Zebedaaus
995 945 1201 1016 accepit
1228 959 1473 1010 uxorem,
1511 949 1563 996 et
1581 938 1767 1012 genuit
1793 952 1859 991 ex

259 1059 323 1099 ea
342 1040 603 1098 Jacobum
628 1048 679 1094 et
700 1039 1023 1094 Johannem.
1045 1035 1199 1090 Unde
1223 1033 1296 1087 ita
1315 1041 1399 1087 est
1418 1026 1856 1101 intelligendum:

258 1132 427 1188 Maria
454 1128 665 1196 Jacobi,
698 1126 954 1183 subaudis
982 1131 1190 1191 mater;
1215 1129 1268 1176 et
1289 1121 1526 1185 Salome,
1549 1115 1863 1173 subauditur

255 1219 389 1276 ﬁlia.
420 1220 550 1274 Tres
579 1233 710 1290 ergo
741 1215 886 1273 viros
924 1217 1078 1269 Anna
1124 1209 1331 1280 habuit,
1381 1208 1650 1280 Joaehim,
1698 1205 1861 1260 Cleo-

259 1312 445 1382 pham,
480 1316 529 1364 et
562 1307 800 1363 Salome.

407 1422 641 1483 SERMO
682 1421 775 1477 DE
813 1413 1397 1475 RESURRECTIONE
1434 1410 1707 1466 DOMINI.

335 1549 472 1605 Cum
515 1553 723 1603 caetera:
778 1542 1093 1598 festivitates
1149 1539 1205 1594 in
1257 1534 1632 1593 recordatione
1685 1546 1863 1586 rerum

266 1646 541 1714 gestarum
571 1632 756 1690 laetitia
782 1630 1009 1703 spiritali
1038 1628 1279 1685 ﬁdelium
1336 1633 1545 1680 mentes
1600 1619 1858 1686 afﬁciant,

267 1730 325 1785 in
355 1726 547 1783 Christi
575 1721 963 1779 resurrectione
1010 1717 1174 1774 simili
1218 1715 1427 1771 ratione
1484 1712 1650 1768 corda
1704 1709 1864 1765 simul
1894 1745 1947 1805 B

267 1828 517 1882 lmtantur
544 1833 595 1877 et
624 1834 852 1891 corpora
882 1833 897 1887 ;
931 1817 1058 1887 quia
1087 1815 1296 1871 Christo
1341 1817 1654 1883 resurgente
1699 1809 1862 1862 homo

268 1921 452 1972 noster
478 1909 700 1966 interior
728 1925 760 1963 a
806 1915 981 1963 morte
1026 1904 1231 1977 peccati
1278 1900 1721 1958 conresuscitatus
1765 1901 1864 1963 est,

271 2013 324 2062 et
351 2000 603 2059 exteriori
660 2013 788 2069 spes
840 2012 951 2051 sum
1004 1991 1408 2051 resurrectionis
1463 2005 1560 2061 per
1614 1983 1869 2056 baptismi

271 2106 649 2175 argumentum
698 2096 1014 2156 conﬁrmata
1056 2101 1154 2147 est.
1210 2089 1400 2146 Merito
1458 2101 1590 2159 ergo
1645 2091 1868 2152 uterque

271 2172 499 2260 letatur,
531 2191 662 2261 quia
706 2195 931 2257 uterque
981 2182 1191 2239 Christo
1239 2176 1690 2235 conresuscitatur
1722 2192 1734 2227 :
1776 2172 1867 2225 in-

275 2282 437 2338 terior
461 2281 519 2335 in
545 2296 625 2349 re,
655 2295 687 2335 a
715 2274 1056 2347 corruptione
1102 2270 1306 2326 scilicet
1342 2264 1588 2339 peccati;
1638 2260 1873 2318 exterior

273 2394 424 2443 vero,
456 2377 512 2431 in
538 2391 635 2447 spe
665 2375 856 2429 futurae
900 2369 1105 2425 scilicet
1150 2361 1570 2421 resurrectionis.
1620 2358 1730 2414 Sed
1784 2356 1873 2413 vi-

276 2466 513 2524 dendum
560 2465 605 2520 si
660 2463 900 2520 Christus
953 2457 1108 2527 cujus
1162 2451 1550 2509 resurrectione
1606 2449 1873 2511 laetamur,

279 2563 420 2612 esset
446 2551 735 2626 passibilis,
763 2548 852 2605 vel
879 2544 1140 2602 mortalis.
1174 2542 1344 2614 Igitur
1372 2538 1546 2610 passio
1595 2535 1682 2591 vel
1731 2549 1877 2589 mors

279 2652 488 2726 peccati
530 2664 695 2721 paena
740 2653 840 2715 est,
882 2643 977 2699 sed
1026 2642 1145 2713 ipse
1190 2639 1393 2708 absque
1438 2640 1660 2707 peccato
1705 2631 1867 2689 vixit.

283 2722 368 2799 lix
396 2743 499 2798 hoc
524 2737 820 2799 secundum
848 2740 1095 2788 naturam
1126 2725 1475 2799 impassibilis
1504 2731 1558 2779 et
1592 2722 1879 2776 immorta-

286 2833 353 2889 lis
381 2831 502 2897 fuit,
534 2828 630 2884 sed
659 2823 953 2881 secundum
984 2817 1278 2891 potentiam
1309 2821 1596 2882 utrumque
1633 2825 1750 2865 esse
1776 2824 1880 2864 vo-

287 2930 404 2997 luit,
437 2925 708 3000 passibilis
736 2922 937 2979 scilicet
984 2926 1038 2974 et
1092 2915 1353 2972 mortalis.
1411 2913 1650 2968 Mortuus
1702 2908 1882 2977 itaque

289 3027 370 3076 est
397 3033 497 3089 pro
525 3013 834 3071 obedientia
862 3008 1052 3076 Patris,
1085 3014 1142 3061 ut
1197 3004 1390 3059 dicitur
1422 3021 1434 3056 :
1503 3022 1524 3050 ‹‹
1558 3000 1751 3054 Factus
1806 3001 1886 3049 est

292 3085 553 3166 obediens
582 3103 723 3159 Patri
768 3114 938 3169 usque
994 3095 1063 3152 ad
1110 3101 1339 3149 mortem
1397 3089 1675 3162 (Philipp.
1739 3085 1820 3154 ιι.)
1856 3104 1877 3129 υ
1914 3107 1964 3171 C

292 3206 373 3262 De
402 3206 508 3260 hoc
535 3198 884 3273 quarendum
915 3210 1129 3266 quoque
1160 3197 1240 3245 est
1267 3189 1311 3243 si
1343 3189 1496 3242 Pater
1540 3191 1768 3239 mortem
1815 3180 1883 3234 ab

293 3310 357 3352 co
380 3271 644 3365 exegerit.
674 3287 921 3345 Minime.
972 3282 1081 3339 Sed
1128 3295 1223 3336 cur
1268 3275 1576 3333 occiderunt
1617 3287 1740 3327 eum
1785 3271 1885 3323 Ju-

293 3383 399 3440 daei
423 3383 451 3435 ‘I
482 3359 622 3450 Quia
645 3377 908 3450 justitiam
936 3370 1171 3428 vivendo
1219 3375 1271 3422 et
1322 3364 1601 3421 veritatem
1646 3359 1889 3416 docendo

296 3478 750 3538 indeclinabiliter
792 3472 980 3529 tenuit.
1034 3471 1185 3524 Hanc
1229 3463 1591 3522 obedientiam
1644 3458 1892 3515 humani-

298 3578 380 3628 tas
409 3567 675 3623 divinitati
705 3562 909 3630 debuit,
943 3563 1083 3615 hanc
1120 3558 1264 3612 Deus
1319 3553 1388 3608 ab
1444 3551 1594 3607 omni
1644 3546 1890 3606 rationali

297 3667 542 3717 creatura
570 3654 757 3727 exigit.
780 3649 1068 3721 Quomodo
1088 3652 1267 3701 autem
1304 3641 1447 3711 apud
1479 3642 1652 3696 Deum
1683 3636 1890 3709 justum

300 3759 421 3824 fuit,
454 3754 599 3827 quod
626 3753 891 3824 optimum
922 3762 1020 3819 pro
1050 3741 1218 3812 impio
1249 3738 1442 3793 dedit?
1463 3737 1602 3806 Quia
1631 3736 1894 3807 pessimus

301 3846 604 3918 simplicem
667 3841 950 3897 hominem
1014 3833 1322 3895 seduxerat,
1383 3827 1589 3896 justum
1654 3832 1767 3878 erat
1838 3828 1895 3876 ut

303 3935 541 4007 optimus
570 3947 666 4004 pro
706 3946 770 3986 eo
800 3929 959 3985 obses
988 3922 1159 3988 ﬁeret,
1200 3925 1262 3973 ut
1309 3916 1599 3988 pessimum
1644 3912 1894 3967 revince-

303 4041 388 4091 ret
440 4039 495 4087 et
554 4030 895 4085 innocentem
963 4020 1201 4095 pristinae
1273 4015 1503 4072 libertati
1566 4015 1887 4068 restitueret.

304 4122 485 4178 Valuit
514 4126 691 4175 autem
737 4131 883 4171 mors
940 4112 1132 4168 Christi
1189 4110 1258 4166 ad
1314 4101 1676 4164 exhaurienda
1717 4098 1901 4154 omnia

306 4218 547 4286 peccata.
579 4204 932 4262 Transcendit
959 4202 1120 4257 etiam
1144 4198 1368 4254 inﬁnite.
1403 4192 1559 4263 Quod
1588 4191 1664 4245 sic
1697 4188 1900 4260 proba-

306 4318 418 4366 tur.
457 4311 642 4378 Itaque
672 4304 717 4358 si
747 4302 983 4359 Christus
1010 4314 1193 4355 coram
1214 4306 1265 4352 te
1294 4300 1482 4357 staret,
1514 4297 1566 4345 et
1611 4303 1731 4342 eum
1784 4286 1900 4339 Do—

310 4399 517 4454 minum
549 4391 844 4463 majestatis
874 4389 1058 4455 scires,
1103 4394 1156 4440 et
1202 4383 1394 4453 aliquis
1440 4380 1679 4434 diceret:
1730 4376 1904 4428 Inter-

308 4488 411 4544 ﬁce
475 4487 617 4541 hunc
699 4486 790 4535 aut
869 4486 1006 4533 totus
1075 4474 1307 4529 mundus
1381 4466 1661 4532 interibit,
1738 4463 1905 4516 inter-
1934 4468 1987 4528 Ι)

310 4583 497 4639 ﬁceres
550 4596 673 4636 eum
727 4580 790 4632 ut
838 4575 1076 4630 salvares
1131 4570 1393 4626 mundum
1424 4568 1452 4620 ?
1508 4566 1890 4633 Nequaquam.

314 4672 496 4741 Quare
515 4671 543 4723 ?
564 4666 703 4739 Quia
718 4666 834 4736 ejus
855 4663 965 4721 vita
998 4663 1162 4734 longe
1185 4658 1399 4732 dignior
1429 4653 1712 4719 videretur,
1748 4662 1909 4719 quam

314 4738 506 4818 inﬁniti
536 4738 743 4824 mundi,
775 4762 827 4808 et
860 4752 963 4809 tale
1009 4749 1282 4823 piaculum
1324 4745 1535 4804 viderer
1579 4738 1911 4797 committere

318 4856 465 4930 quod
499 4856 812 4911 innumerus
840 4850 1073 4907 mundus
1100 4863 1209 4903 non
1248 4850 1428 4917 posset
1476 4839 1714 4910 expiare.
1768 4833 1914 4889 Sicut

318 4926 450 5021 ergo
480 4946 590 5002 vita
631 4943 750 5013 ejus
797 4940 1014 5013 dignior
1070 4934 1291 4990 inﬁnitis
1352 4929 1584 4993 mundis,
1644 4926 1718 4980 ita
1770 4938 1917 4976 mors

319 5036 443 5092 ideo
471 5035 635 5106 longe
666 5011 950 5104 pretiosior
978 5027 1099 5092 fuit,
1144 5017 1631 5078 innumerabilibus
1658 5011 1913 5079 mundis;

318 5133 442 5189 ideo
469 5129 677 5187 suffecit
704 5127 774 5183 ad
800 5123 1231 5196 redemptionem
1262 5118 1524 5175 omnium.

390 5229 534 5299 Quot
571 5232 752 5282 autem
803 5225 965 5279 horas
1020 5219 1121 5274 fuit
1175 5222 1418 5273 mortuus
1446 5214 1475 5266 εἰ
1523 5206 1914 5280 Quadraginta-

321 5293 502 5388 Quare
529 5317 558 5370 εν
586 5316 656 5371 Ut
682 5319 909 5384 quatuor
937 5315 1115 5381 partes
1164 5321 1285 5376 qum
1341 5303 1396 5357 in
1451 5299 1726 5370 Decalogo
1785 5293 1922 5365 legis

320 5414 474 5462 erant
530 5383 754 5459 mortuae
813 5397 1128 5457 viviﬁcaret.
1187 5393 1293 5464 Qui
1350 5406 1479 5449 vero
1548 5383 1923 5444 cruciﬁxerunt

320 5521 445 5561 eum
475 5505 503 5557 ‘?
533 5501 672 5571 Quia
699 5514 796 5571 pro
826 5494 1026 5553 Iudaeis
1055 5501 1107 5549 et
1136 5490 1396 5564 gentibus
1421 5486 1559 5543 mori
1590 5482 1781 5551 voluit,
1822 5481 1921 5534 Ju-

323 5593 430 5649 daei
458 5598 687 5647 mortem
718 5587 836 5658 ejus
865 5582 1131 5659 consiliati
1161 5587 1303 5649 sunt,
1328 5576 1525 5650 pagani
1570 5582 1749 5630 autem
1795 5585 1921 5624 cru-

322 5681 602 5738 ciﬁxerunt
630 5694 773 5733 eum.
808 5678 927 5746 Ipse
961 5673 1141 5741 itaque
1174 5668 1415 5725 Christus
1460 5665 1593 5719 duas
1629 5668 1813 5717 noctes
1861 5664 1915 5712 et

323 5797 491 5837 unum
513 5778 656 5834 diem
678 5777 924 5849 jacuerat
950 5772 1008 5829 in
1033 5768 1301 5841 sepulcro.
1332 5767 1464 5821 Duae
1506 5769 1691 5818 noctes
1718 5754 1923 5832 signiﬁ-

1959 491 2180 545 animae.
2246 487 2375 541 Dies
2429 489 2609 537 autem
2658 479 2906 550 designat
2951 489 3102 528 suam
3152 477 3401 537 mortem,
3435 482 3555 535 qua;

1962 578 2062 633 fuit
2091 580 2181 631 lux
2210 581 2509 630 nostrarum
2541 569 2815 624 mortium.
2876 566 3053 621 Unam
3112 559 3352 626 abstulit,
3412 556 3551 611 alte-

1962 683 2078 722 ram
2122 665 2190 721 ad
2245 661 2559 718 exercitium
2617 657 2800 713 electis
2854 651 3101 721 reliquit:
3160 664 3321 719 quam
3379 645 3556 699 denuo

1965 765 2186 825 veniens
2215 757 2617 817 exterminabit.
2666 754 2841 826 Ipsius
2885 766 3015 807 vero
3063 748 3243 803 anima
3289 746 3343 799 in
3389 742 3560 799 caele-

1966 864 2101 912 stem
2133 850 2438 925 paradisum
2478 854 2599 919 post
2626 852 2851 900 mortem
2888 839 3184 905 transierat,
3208 837 3343 890 sicut
3369 831 3563 887 latroni

1967 945 2176 1000 dixerat
2207 960 2219 996 :
2259 963 2281 989 ‹‹
2314 938 2507 1000 Hodie,
2541 933 2807 1004 inquiens,
2841 944 3052 985 mecum
3078 927 3181 982 eris
3207 924 3262 978 in
3313 920 3562 995 paradiso

1969 1042 2126 1108 (Luc.
2158 1035 2339 1105 χχιιι).
2375 1056 2396 1082 ι)
2454 1031 2631 1087 Media
2690 1037 2868 1084 autem
2926 1033 3079 1080 nocte
3136 1016 3562 1084 resurrectionis,

1969 1106 2076 1200 qua
2105 1130 2238 1182 hora
2266 1123 2489 1194 angelus
2516 1121 2803 1191 Egyptum
2834 1113 3151 1179 devastavit,
3198 1126 3262 1165 ea
3306 1110 3460 1171 hora,
3508 1106 3567 1159 id

1971 1195 2049 1273 est
2078 1215 2259 1270 media
2286 1220 2443 1268 nocte
2482 1209 2724 1265 Christus
2762 1204 3029 1259 infernum
3070 1197 3346 1254 descendit
3383 1204 3434 1250 et
3463 1195 3565 1249 de-

1970 1312 2240 1387 spoliavit.
2274 1312 2417 1364 Inler
2446 1310 2562 1362 haec
2616 1301 2915 1359 notandum
2974 1304 3103 1367 quot
3159 1291 3355 1348 infami
3412 1296 3559 1346 sunt.

1972 1379 2109 1460 Sunt
2145 1401 2325 1470 itaque
2352 1398 2459 1452 duo
2489 1393 2685 1450 inferni
2721 1410 2732 1446 :
2767 1406 2904 1445 unus
2932 1385 3194 1457 superior,
3238 1383 3372 1437 alter
3418 1379 3563 1433 infe-

1970 1494 2098 1549 rior.
2152 1488 2409 1559 Superior
2439 1527 2452 1553 ,
2509 1482 2725 1538 inﬁrma
2780 1494 2905 1550 pars
2961 1475 3118 1544 hujus
3178 1471 3385 1537 mundi,
3446 1484 3566 1538 quae

1972 1593 2132 1664 plena
2162 1596 2241 1644 est
2268 1585 2460 1658 pcenis.
2508 1584 2649 1637 Nam
2706 1578 2792 1633 hic
2849 1572 3083 1630 exundat
3139 1570 3338 1625 nimius
3389 1575 3567 1635 arstus,

1974 1694 2234 1752 magnum
2258 1676 2448 1748 frigus,
2471 1672 2605 1738 sitis,
2631 1669 2838 1734 fames;
2884 1663 3019 1721 varii
3056 1660 3273 1716 dolores
3310 1654 3570 1725 corporis,

1977 1778 2035 1825 ut
2060 1768 2284 1823 verbera
2312 1761 2500 1827 animi,
2535 1761 2711 1823 timor,
2746 1755 2950 1811 scilicet
2969 1751 3054 1806 vel
3084 1747 3410 1807 verecundia
3439 1759 3452 1813 ;
3504 1744 3572 1797 de

1973 1868 2055 1922 his
2078 1865 2301 1920 dicitur:
2329 1884 2350 1910 «
2387 1860 2535 1914 Educ
2558 1858 2626 1912 de
2657 1869 2868 1910 carcere
2901 1850 3137 1907 animam
3176 1861 3353 1901 meam
3383 1842 3565 1910 (Psal.

1974 1958 2143 2025 CXLI),
2178 1977 2199 2003 υ
2234 1956 2340 2007 hoc
2371 1956 2450 2004 est
2479 1948 2547 2002 ab
2610 1945 2827 1999 inferno
2884 1933 3050 1995 vitam
3107 1952 3306 1990 meam.
3348 1930 3579 1985 Inferior

1976 2053 2156 2101 autem
2187 2043 2336 2096 locus
2364 2034 2639 2109 spiritalis,
2700 2032 2797 2087 ubi
2844 2028 2986 2101 ignis
3023 2021 3465 2096 inextinguibilis.
3498 2018 3577 2072 De

1978 2158 2084 2214 quo
2116 2139 2353 2195 dicitur:
2414 2157 2435 2183 α
2471 2131 2667 2189 Emisti
2726 2129 2964 2185 animam
3014 2138 3192 2179 meam
3247 2137 3313 2174 ex
3367 2115 3579 2171 inferno

1978 2228 2219 2286 inferiori
2249 2224 2441 2297 (Psal.
2474 2223 2654 2289 xxix),
2692 2243 2713 2269 η
2750 2218 2840 2288 qui
2873 2215 2971 2271 sub
3021 2219 3161 2268 terra
3210 2223 3326 2264 esse
3366 2205 3577 2260 dicitur.

1979 2322 2047 2378 Et
2073 2320 2210 2375 sicut
2235 2330 2466 2387 corpora
2492 2310 2834 2383 peccantium
2878 2312 3018 2359 terra
3064 2297 3459 2369 cooperiuntur,
3509 2292 3585 2346 ita

1980 2418 2175 2475 animae
2205 2412 2542 2487 peccantium
2582 2408 2682 2463 sub
2718 2415 2858 2461 terra
2896 2402 2952 2455 in
2989 2398 3200 2453 inferno
3236 2391 3583 2464 sepeliuntur,

1979 2514 2040 2561 ut
2066 2506 2132 2560 de
2163 2479 2324 2558 divite
2353 2499 2545 2555 dicitur
2578 2515 2589 2551 :
2626 2520 2646 2543 α
2685 2491 2935 2562 Sepultus
2962 2495 3042 2542 est
3070 2486 3125 2539 in
3148 2483 3369 2539 inferno
3429 2479 3584 2545 (Luc.

1982 2596 2118 2664 xv1).
2155 2616 2176 2641 ››
2215 2594 2277 2646 In
2306 2604 2411 2659 quo
2467 2604 2522 2642 1x
2580 2582 2841 2655 speciales
2900 2592 3079 2650 poenas
3136 2588 3250 2629 esse
3305 2570 3580 2640 leguntur.

1984 2693 2164 2749 Prima
2192 2688 2334 2761 ignis
2387 2684 2476 2754 qui
2537 2684 2610 2737 ita
2670 2678 2843 2734 semel
2898 2688 3159 2731 accensus
3210 2676 3269 2723 ut
3320 2667 3366 2720 si
3420 2671 3591 2720 totum

1984 2797 2132 2837 mare
2161 2778 2407 2834 inﬂueret
2434 2788 2542 2827 non
2575 2769 3032 2839 exstinguerctur.
3066 2761 3155 2816 Sic
3206 2758 3365 2812 istum
3415 2761 3592 2808 mate-

1985 2871 2174 2927 rialem
2205 2879 2417 2937 quoque
2448 2859 2613 2917 vincit
2640 2858 2846 2930 ignem,
2879 2863 2939 2907 ut
2965 2852 3064 2905 iste
3085 2849 3266 2921 ignem
3294 2841 3588 2912 depictum.

1987 2967 2153 3024 Ardet
2187 2936 2238 3019 et
2267 2978 2375 3017 non
2405 2961 2564 3015 lucet.
2607 2953 2858 3011 Secunda
2904 2964 3072 3022 poena
3136 2953 3217 3000 est
3261 2936 3597 2997 intolerabile

1992 3058 2181 3129 frigus,
2215 3053 2283 3108 de
2311 3065 2415 3121 quo
2446 3047 2641 3103 dicitur
2674 3065 2685 3100 :
2722 3043 2779 3099 Si
2809 3042 3003 3113 igneus
3064 3050 3224 3090 mons
3272 3029 3596 3085 immittere-

1994 3154 2097 3211 tur,
2124 3144 2180 3197 in
2207 3141 2437 3214 glaciem
2467 3142 2780 3192 verteretur.
2833 3132 2912 3185 De
2958 3127 3041 3181 his
3088 3122 3297 3179 duabus
3350 3117 3588 3173 dicitur:

2004 3268 2026 3295 «
2061 3244 2239 3299 Fletus
2264 3247 2317 3295 et
2342 3236 2537 3303 stridor
2583 3232 2823 3289 dentium
2872 3224 3103 3297 (Matth.
3159 3219 3303 3293 vui).
3346 3240 3367 3265 ››
3422 3214 3600 3271 Tertia

2001 3348 2213 3391 vermes
2247 3325 2598 3389 immortales,
2631 3322 2686 3377 id
2742 3327 2820 3375 est
2876 3322 3154 3386 serpentes
3207 3318 3260 3365 et
3314 3308 3595 3369 dracones,

2000 3423 2119 3479 visu
2148 3427 2202 3475 et
2229 3417 2387 3473 sibilo
2418 3412 2702 3469 horribiles
2733 3428 2745 3464 :
2784 3408 2875 3479 qui
2902 3413 2961 3460 ut
3002 3404 3177 3474 pisces
3224 3401 3275 3454 in
3325 3412 3483 3466 aqua,
3529 3392 3603 3447 ita

2001 3520 2192 3577 vivunt
2220 3518 2276 3570 in
2302 3514 2545 3569 ﬂamma.
2577 3509 2778 3578 Quarta
2820 3512 2900 3561 est
2946 3503 3086 3558 fetor
3132 3491 3592 3566 incomparabilis.

2004 3608 2222 3679 Quinta,
2254 3605 2426 3675 ﬂagra
2456 3598 2799 3663 cadentium,
2829 3601 2888 3648 ut
2930 3589 3113 3645 mallei
3162 3587 3362 3640 ferrum
3404 3596 3602 3652 percu-

2005 3669 2269 3754 tientium.
2329 3669 2495 3747 Sexta
2555 3686 2790 3742 tenebrae
2843 3678 3161 3754 palpabiles,
3238 3681 3297 3728 ut
3364 3669 3600 3725 dicitur:

2013 3818 2033 3845 «ι
2069 3796 2231 3848 Terra
2259 3790 2601 3845 tenebrarum
2632 3783 2723 3837 ubi
2756 3781 2932 3834 nullus
2961 3777 3113 3842 ordo,
3166 3772 3259 3827 sed
3308 3767 3599 3838 sempiter-

2008 3900 2127 3938 mus
2156 3885 2344 3935 horror
2373 3876 2637 3931 inhabitat
2665 3871 2803 3938 (Job.
2854 3870 2933 3938 Χ).
2971 3889 2991 3913 ι›
3049 3863 3309 3933 Septima,
3361 3852 3604 3911 confusio

2010 3977 2373 4045 peccatorum,
2408 3980 2513 4034 qua
2543 3961 2726 4017 omnia
2757 3957 2831 4012 ibi
2881 3953 3133 4009 omnibus
3180 3953 3383 4021 patent,
3445 3950 3495 3997 et
3550 3956 3607 3994 se

2011 4066 2344 4124 abscondere
2370 4078 2481 4116 non
2511 4060 2709 4113 valent.
2745 4056 2965 4115 Octava,
3000 4045 3271 4103 horribilis
3308 4040 3443 4096 visio
3491 4039 3607 4091 dae—

2012 4172 2235 4212 monum
2266 4160 2319 4207 et
2348 4151 2640 4205 draconum
2673 4159 2807 4214 quos
2852 4141 3033 4212 ignem
3080 4132 3365 4189 scintillare
3406 4127 3609 4194 vident,

2016 4254 2069 4301 et
2098 4240 2419 4299 miserabilis
2447 4238 2652 4292 clamor
2676 4230 2917 4286 ﬂentium
2948 4235 2998 4281 et
3028 4220 3413 4278 insultantium.
3436 4216 3614 4271 Noma

2016 4349 2139 4399 sunt
2166 4342 2329 4411 ignea
2368 4332 2583 4389 vincula
2633 4327 2830 4399 quibus
2884 4320 3110 4394 singulis
3166 4314 3426 4372 membris
3476 4326 3612 4367 con-

2018 4432 2377 4501 stringuntur.
2417 4422 2595 4490 Quare
2645 4426 2825 4473 antem
2877 4420 2953 4468 tot
2998 4407 3242 4465 miserias
3288 4401 3613 4476 patiuntur?

2019 4520 2158 4590 Quia
2210 4512 2542 4572 consortium
2598 4526 2653 4563 Ix
2710 4504 2959 4561 ordinum
3031 4498 3403 4571 neglexerunt,
3473 4490 3618 4561 juste

2016 4631 2213 4673 novem
2247 4608 2526 4668 tormentis
2555 4604 2718 4674 adjici
2750 4600 3117 4657 merebuntur.

2090 4742 2156 4797 Et
2180 4739 2305 4810 quia
2332 4736 2421 4791 hic
2450 4734 2504 4787 in
2536 4732 2673 4805 igne,
2693 4721 3247 4797 concupiscentiarum
3285 4718 3615 4777 exarserunt,

2015 4837 2163 4909 juste
2194 4805 2268 4889 ibi
2301 4833 2428 4904 igne
2462 4827 2762 4893 ardebunt;
2798 4822 2924 4892 quia
2952 4835 3081 4876 vero
3110 4822 3259 4873 veste
3287 4808 3533 4882 nuptiali,
3565 4805 3619 4860 id

2023 4894 2104 4982 est
2129 4894 2387 4980 charitavte
2415 4918 2503 4974 hic
2530 4914 2805 4978 carebant,
2858 4909 2934 4964 ibi
2981 4906 3173 4961 merito
3232 4901 3434 4973 frigore
3492 4894 3621 4950 stri-

2023 5014 2246 5071 debunt.
2290 5010 2550 5065 Dicuntur
2602 5016 2837 5071 namque
2896 4994 3130 5052 exterius
3184 4991 3310 5063 igne
3366 4985 3620 5059 candere,

2026 5112 2245 5168 interius
2276 5108 2493 5179 frigere,
2528 5109 2585 5157 ut
2610 5098 2814 5173 glacies
2840 5096 2896 5149 in
2947 5092 3147 5159 hieme,
3201 5087 3340 5143 sicut
3383 5083 3576 5138 dicitur
3606 5096 3619 5133 :

2030 5224 2054 5250 α
2086 5202 2384 5256 Transeunt
2409 5194 2478 5250 ab
2526 5170 2679 5261 aquis
2732 5183 2939 5241 nivium
2989 5179 3060 5235 ad
3098 5178 3334 5234 calorem
3397 5170 3625 5227 nimium

2028 5290 2165 5362 (Job.
2197 5292 2370 5353 xxiv).
2408 5307 2429 5331 π
2485 5282 2550 5336 Ει
2579 5278 2704 5350 quia
2733 5272 2937 5331 invidia
2967 5277 3020 5325 et
3066 5268 3251 5324 odium
3295 5263 3384 5319 hic
3431 5276 3524 5316 eos
3569 5266 3629 5312 ut

2028 5402 2240 5444 vermes
2267 5385 2624 5445 corroserunt,
2656 5373 2848 5429 merito
2880 5387 2973 5427 eos
3013 5367 3089 5422 ibi
3145 5378 3360 5421 vermes
3414 5357 3628 5414 morde-

2028 5476 2199 5541 bunt;
2233 5473 2322 5543 qui
2353 5478 2530 5525 autem
2560 5466 2645 5521 hic
2676 5466 2843 5519 fetore
2874 5458 3099 5515 luxuriae
3128 5453 3354 5509 dulciter
3396 5448 3629 5502 delecta-

2030 5539 2413 5632 bantur,—juste
2443 5558 2516 5611 ibi
2549 5554 2762 5627 putrido
2792 5552 2962 5606 fetore
2999 5545 3247 5602 atrociter
3292 5539 3617 5596 cruciantur.

2032 5663 2097 5718 Et
2126 5661 2251 5731 quia
2283 5658 2367 5713 hic
2393 5654 2734 5724 disciplinam
2765 5650 3004 5720 recipere
3051 5644 3357 5704 noluerunt,
3406 5642 3459 5690 et
3504 5647 3626 5686 eum

2032 5749 2342 5811 hominibus
2367 5743 2631 5820 ﬂagellari
2677 5756 2787 5797 non
2834 5741 3162 5800 meruerunt,
3207 5728 3329 5784 ideo
3387 5722 3463 5778 ibi
3515 5720 3629 5774 sine
