4062 6074
438 202 543 264 923

1565 213 1906 276 WERNERI
1940 216 2229 279 ABBATIS
2266 219 2324 280 S.
2372 219 2595 280 BLASII

3624 211 3751 274 ρει

441 333 733 390 cessatione
764 334 891 391 loris
950 337 1259 407 tunduntur,
1317 340 1451 398 sicut
1506 340 1743 400 dicitur:
1808 366 1830 394 α
1893 346 2028 402 Sunt
2056 348 2112 410 Α
2140 344 2309 404 Malos
2336 346 2497 405 etiam
2538 364 2728 406 omnes
2779 347 2863 417 in_
2892 352 3097 403 tantum
3154 353 3508 420 cognoscunt,
3563 353 3625 402 ιιι
3675 354 3751 403 ει

445 438 629 503 parata
677 426 884 502 judicia
935 432 1475 509 blasphematoribus,
1552 449 1603 497 et
1677 442 2034 513 percutientes'

444 522 624 576 mallei
654 524 932 579 stultorum
963 529 1295 598 corporibus,
1327 550 1348 580 ι
1402 530 1527 601 quia
1574 532 1821 587 tenebras
1868 533 2032 590 vitio-

444 625 563 664 rum
594 611 680 667 hic
708 624 1040 684 amaverunt,
1076 625 1127 672 et
1174 619 1242 673 ad
1293 619 1467 674 lucem
1530 620 1798 677 Christum
1850 623 2032 677 venire

448 708 749 790 noluerunt,
774 711 895 769 ideo
929 715 1157 771 horridis
1196 718 1429 773 tenebris
1471 718 1544 773 ibi
1584 721 2029 790 obscurabuntur,

446 787 581 852 sicut
612 788 803 855 dicitur
834 820 844 857 :
884 826 905 852 ‹‹
938 800 998 858 In
1025 812 1282 861 aeternum
1314 823 1421 862 non
1452 797 1729 864 videbunt.
1759 834 1780 859 »
1815 810 1881 865 Et
1908 787 2033 881 quia

448 887 535 942 hic
558 898 779 957 peccata
807 891 1048 948 conﬁteri
1096 896 1474 968 despexerunt,
1528 914 1648 968 quas
1695 899 1872 955 facere
1924 915 2031 955 non

444 985 787 1059 erubuerunt,
822 990 941 1046 ideo
974 994 1223 1049 omnibus
1252 995 1325 1049 ibi
1354 996 1510 1051 nudis
1558 1004 1611 1052 et
1665 997 1861 1067 apertis
1914 1013 2035 1068 per-

443 1083 602 1147 petuo
632 1078 1043 1138 confundentur.
1077 1082 1215 1153 Quia
1245 1085 1331 1141 hic
1359 1086 1503 1142 bona
1534 1086 1714 1143 videre
1750 1096 1801 1143 et
1848 1088 2031 1143 audire

441 1162 888 1237 dedignabantur,
906 1169 1049 1238 juste
1090 1171 1162 1226 ibi
1213 1174 1433 1229 terribili
1476 1176 1594 1231 visu
1642 1183 1696 1230 et
1740 1176 2033 1231 miserabili

442 1262 625 1317 auditu
650 1265 1021 1334 replebuntur.
1072 1270 1140 1324 Et
1186 1272 1310 1341 quia
1354 1273 1440 1327 hic
1486 1290 1582 1344 per
1637 1274 1848 1347 singula
1902 1275 2033 1330 vitia

442 1360 591 1407 erant
620 1352 842 1421 diﬁluxi,
871 1356 1014 1426 juste
1043 1367 1199 1414 erunt
1238 1359 1311 1415 ibi
1370 1379 1465 1434 per
1520 1364 1731 1434 singula
1788 1364 2033 1419 membra

440 1441 642 1496 catenis
670 1444 957 1499 constricti.
996 1469 1017 1493 α
1051 1447 1254 1518 Optant
1282 1449 1439 1519 mori,
1473 1460 1524 1505 et
1574 1450 1744 1524 fugiet
1780 1464 1925 1507 mors
1963 1451 2033 1506 ab

443 1539 522 1593 eis
550 1540 734 1610 (Apoc.
767 1543 866 1612 1x).
904 1565 921 1592 κ
966 1544 1241 1615 Siquidem
1272 1555 1323 1602 et
1351 1549 1528 1620 capita
1572 1557 1693 1603 sunt
1748 1550 1826 1605 eis
1881 1549 2036 1605 deor-

444 1643 561 1682 sum
592 1645 785 1694 mersa,
818 1630 978 1687 dorsa
1025 1633 1326 1691 adinvicem
1376 1652 1547 1704 versa,
1608 1636 1772 1709 pedes
1825 1655 2032 1693 sursum

444 1717 624 1783 erecti,
659 1727 712 1773 et
739 1721 973 1791 undique
1003 1720 1239 1779 distenti.
1273 1726 1421 1781 Heu!
1457 1727 1599 1797 quod
1647 1744 1880 1798 unquam
1928 1743 2032 1784 na-
2060 1712 2113 1773 Β

446 1810 527 1869 tus
555 1821 634 1870 est
661 1807 843 1882 homo,
878 1816 968 1889 qui
999 1819 1088 1875 tali
1121 1820 1365 1892 plectitur
1391 1822 1674 1895 supplicio.
1703 1822 1806 1893 Qui
1854 1832 2032 1880 autem

443 1904 688 1961 membra
717 1915 839 1962 sunt
877 1908 1102 1976 diaboli,
1153 1912 1388 1981 superbi,
1442 1913 1629 1976 invidi,
1690 1913 2031 1983 fraudulenti,

444 1992 632 2061 invidi,
665 1996 862 2067 gulosi,
894 1999 1112 2069 ebriosi,
1160 2000 1441 2067 luxuriosi,
1489 2002 1793 2072 homicida),
1836 2003 2031 2058 crude-

440 2093 537 2163 les,
598 2095 760 2167 fures,
822 2100 1123 2170 praedones,
1176 2101 1427 2169 latrones,
1504 2102 1787 2173 immundi,
1864 2104 2031 2174 avari,

444 2183 690 2253 adulteri,
716 2185 1084 2258 fornicatores,
1108 2190 1414 2259 mendaces,
1446 2192 1668 2262 perjuri,
1708 2192 2030 2264 blasphemi,

445 2271 696 2343 maleﬁci,
719 2275 1061 2347 detractores,
1083 2279 1372 2347 discordes,
1399 2281 1489 2351 qui
1509 2284 1564 2334 in
1602 2281 1684 2335 his
1710 2281 1906 2337 fuerint
1943 2281 2035 2337 de-

449 2370 597 2441 tenti,
631 2372 781 2428 ibunt
808 2374 861 2429 in
892 2377 1145 2446 praedicta
1174 2379 1459 2449 supplicia,
1511 2397 1784 2451 nunquam
1825 2381 2031 2436 reditu-

444 2452 510 2514 ri.
541 2461 602 2514 In
632 2455 824 2532 quibus
852 2475 1063 2535 quoque
1093 2462 1263 2537 paenis
1291 2475 1342 2523 et
1366 2464 1496 2538 justi
1536 2469 1709 2525 malos
1754 2466 2029 2538 videbunt,

444 2550 502 2604 ut
529 2551 704 2622 magis
730 2552 1001 2623 gaudeant
1032 2556 1175 2625 quod
1206 2558 1302 2612 has
1350 2566 1651 2614 evaserunt.
1698 2559 1825 2614 Mali
1872 2559 2032 2614 etiam

443 2653 565 2701 ante
588 2645 852 2717 judicium
883 2651 1143 2708 videbunt
1171 2653 1344 2710 bonos
1383 2655 1437 2709 in
1492 2656 1686 2729 gloria,
1745 2665 1803 2711 ut
1859 2656 2034 2729 magis

443 2734 660 2793 doleant
688 2739 829 2809 quod
862 2741 999 2797 hanc
1023 2743 1395 2816 neglexerunt.
1446 2744 1571 2800 Post
1618 2744 1881 2816 judicium
1931 2762 2032 2801 au-

446 2831 552 2882 tem
582 2826 712 2883 boni
742 2830 958 2899 quidem
989 2847 1204 2905 semper
1231 2833 1490 2889 videbunt
1516 2835 1688 2890 malos
1716 2834 1770 2890 in
1817 2835 2029 2905 poenis;

444 2924 571 2979 mali
601 2942 729 2982 vero
758 2943 1031 2999 nunquam
1080 2932 1311 3002 amplius
1340 2931 1600 2988 videbunt
1645 2931 1837 2988 bonos.
1897 2932 2030 2989 Cum

443 3020 621 3069 autem
654 3015 782 3071 boni
813 3016 884 3072 ita
912 3019 1085 3075 malos
1113 3020 1344 3075 viderint
1376 3022 1627 3092 torqueri,
1660 3038 1769 3077 non
1816 3039 1883 3077 ex
1930 3024 2034 3078 hoc

442 3102 644 3158 dolent.
675 3105 826 3162 Licet
855 3116 1008 3179 pater
1035 3108 1213 3165 videat
1242 3109 1432 3181 ﬁlium,
1491 3119 1583 3166 aut
1636 3110 1775 3166 ﬁlius
1830 3119 2036 3186 patrem

440 3198 496 3255 in
525 3218 685 3273 poma
719 3218 732 3273 ;
766 3212 857 3260 aut
884 3213 1055 3262 mater
1083 3206 1268 3276 ﬁliam,
1300 3210 1386 3264 vel
1416 3207 1525 3264 ﬁlia
1554 3216 1779 3265 matrem
1811 3209 1884 3263 ibi
1913 3225 2041 3265 con-

443 3290 652 3362 spiciat,
713 3301 804 3348 aut
858 3295 941 3349 vir
991 3313 1237 3362 uxorem,
1271 3306 1361 3352 aut
1418 3315 1555 3354 uxor
1609 3299 1885 3368 maritum,
1931 3314 2038 3353 non

445 3380 619 3435 solum
645 3396 752 3435 non
782 3382 982 3450 dolent,
1016 3385 1111 3440 sed
1142 3386 1215 3441 ita
1244 3393 1323 3441 est
1354 3387 1431 3441 eis
1459 3388 1773 3442 delectabile
1802 3389 1905 3443 hoc
1950 3388 2038 3442 vi-

447 3476 593 3544 dere,
635 3477 772 3533 sicut
798 3480 955 3535 nobis
983 3498 1104 3538 cum
1139 3484 1432 3539 viderimus
1487 3485 1658 3557 pisces
1716 3486 1771 3539 in
1822 3486 2037 3558 gurgite

446 3564 651 3635 ludere,
691 3574 747 3621 ut
778 3568 1003 3626 dicitur:
1042 3593 1064 3619 «ι
1113 3572 1404 3627 Lmtabitur
1442 3574 1634 3643 justus,
1679 3590 1800 3629 cum
1848 3574 2042 3631 viderit

444 3654 735 3711 vindictam
764 3666 1104 3727 peccatorum
1135 3663 1317 3731 (Psal.
1358 3664 1596 3734 XXXVII).
1640 3685 1662 3710 υ
1689 3662 1797 3718 Sed
1841 3680 2037 3733 quam-

447 3752 529 3809 vis
558 3770 651 3809 eos
678 3754 896 3810 videant
923 3757 979 3811 in
1008 3760 1199 3829 poenis,
1236 3767 1414 3816 tamen
1443 3778 1549 3818 non
1581 3769 1736 3818 orant
1782 3779 1879 3834 pro
1928 3763 2030 3818 eis.

445 3842 586 3898 Nam
606 3850 791 3900 contra
820 3845 992 3902 Deum
1022 3848 1297 3914 sentirent,
1344 3851 1388 3905 si
1445 3867 1544 3921 pro
1602 3851 1869 3907 damnatis
1924 3868 2042 3907 ora-

446 3939 583 3988 rent.
618 3934 698 3989 Ita
725 3934 870 3989 enim
900 3936 1014 3992 Deo
1045 3937 1175 3993 uniti
1205 3947 1345 4009 sunt,
1379 3941 1524 4010 quod
1566 3940 1643 3997 eis
1685 3940 1784 3995 Dei
1834 3940 2042 4010 judicia

449 4048 547 4103 per
569 4033 752 4088 omnia
780 4034 1116 4104 placebunt:
1168 4037 1290 4094 ideo
1348 4046 1400 4093 et
1455 4038 1510 4093 in
1565 4039 1642 4094 eis
1694 4038 2033 4112 gaudebunt.

448 4121 577 4177 Haec
605 4122 673 4178 de
702 4122 914 4181 inferno
944 4125 1204 4198 inferiori,
1235 4144 1378 4186 nunc
1424 4136 1602 4187 autem
1659 4128 1726 4185 de
1782 4129 2044 4203 superiori

449 4210 741 4269 videndum
769 4221 866 4271 est.

1114 4351 1345 4394 DIVISIO.

2137 453 2357 516 propter
2384 445 2526 518 quod
2557 447 2805 502 meritum
2833 444 3200 517 unusquisque
3249 445 3325 500 ibi
3382 444 3468 511 sit,
3525 445 3737 501 sciant.

2140 546 2263 603 Mali
2285 565 2497 619 quoque
2518 543 2689 605 malos
2715 555 3048 622 cognoscunt
3069 555 3121 603 et
3142 548 3314 603 bonos
3335 563 3469 619 quos
3524 547 3743 611 vident,

2140 636 2197 691 in
2263 644 2464 693 tantum
2513 646 2571 693 ut
2626 639 2786 694 etiam
2842 638 3059 693 nemina
3128 634 3343 693 illorum
3416 632 3605 705 sciant,
3676 639 3749 689 ut

2141 734 2289 791 dives
2316 735 2547 791 Abraha}
2576 743 2629 790 et
2657 736 2866 792 Lazari.
2931 736 3048 790 Illic
3113 750 3326 805 quoque
3381 733 3573 789 animos
3636 744 3747 804 pro

2140 823 2277 879 caris
2302 825 2411 879 suis
2438 827 2540 880 hoc
2564 824 2747 891 modo,
2770 824 3020 881 videlicet
3054 833 3111 879 ut
3138 823 3268 895 justi
3307 830 3461 879 orent
3509 837 3608 894 pro
3654 822 3749 875 his

2142 928 2276 984 quos
2303 913 2357 967 in
2388 914 2621 969 Domino
2652 922 2989 983 amaverunt,
3023 913 3109 970 vel
3137 928 3237 983 pro
3266 912 3349 967 his
3375 912 3465 983 qui
3511 928 3604 967 eos
3652 911 3745 967 in-

2139 1011 2430 1080 vocabunt,
2463 1011 2752 1067 utamalo
2778 1018 3071 1081 serventur,
3131 1011 3185 1066 et
3237 1023 3270 1066 a
3323 1009 3507 1064 mundi
3567 1016 3748 1064 tenta-

2142 1102 2336 1156 mentis
2365 1100 2754 1165 liberentur,et
2810 1100 2854 1155 si
2909 1100 2967 1155 in
3020 1115 3199 1155 errore
3256 1106 3396 1167 sunt,
3454 1106 3508 1154 et
3561 1095 3744 1155 corri-

2141 1197 2337 1263 gantur
2379 1198 2432 1245 et
2485 1190 2563 1245 eis
2619 1190 2847 1247 celerius
2910 1189 3259 1245 associentur.
3317 1187 3464 1245 Ordo
3518 1188 3742 1244 illorum

2142 1296 2220 1342 est
2249 1288 2572 1343 desiderium
2605 1304 2811 1344 eorum.
2879 1286 3151 1358 Quidquid
3206 1287 3351 1343 enim
3406 1286 3733 1356 desiderant,

2142 1377 2256 1432 sine
2290 1377 2623 1433 dubitatione
2656 1378 2973 1449 percipient.
3004 1377 3225 1432 Illorum
3257 1392 3410 1432 orare
3453 1384 3530 1431 est
3573 1376 3740 1432 etiam

2141 1467 2407 1523 cruciatus
2438 1466 2680 1538 corporis
2706 1467 2793 1522 vel
2836 1467 2978 1522 bene
3020 1473 3176 1539 gesta
3230 1482 3327 1538 pro
3377 1465 3586 1521 Christo
3641 1481 3738 1520 re-

2143 1571 2489 1636 praesentare.
2529 1566 2651 1620 Non
2707 1573 2889 1619 tamen
2947 1564 3150 1634 aliquid
3202 1571 3375 1630 orant,
3432 1563 3535 1618 nisi
3591 1562 3741 1633 quod

2144 1656 2288 1710 Deus
2314 1654 2430 1725 ipse
2457 1654 2718 1725 disposuit
2750 1653 2946 1709 facere.
2997 1653 3250 1724 Alioquin
3300 1653 3567 1708 incassum
3617 1667 3743 1707 ora-

2141 1751 2277 1798 rent.
2326 1746 2461 1798 Item
2517 1743 2843 1815 Augustinus
2897 1742 2966 1798 ad
3023 1741 3393 1812 Hesychium:
3452 1741 3624 1807 Multi,
3682 1741 3741 1794 in

2143 1836 2494 1911 quaestionem
2524 1837 2797 1896 adducunt
2840 1839 2885 1893 si
2942 1838 3139 1894 animae
3193 1845 3498 1893 sanctorum
3550 1851 3743 1909 preces

2142 1929 2561 2001 supplicantium
2577 1930 2828 1999 audiunt;
2852 1936 2904 1983 et
2937 1944 3060 1983 cum
3096 1926 3165 1983 ad
3194 1925 3630 1983 intercedendum
3660 1924 3746 1980 in-

2142 2026 2421 2087 vocantur,
2455 2019 2501 2074 si
2530 2026 2655 2075 vota
2684 2018 3065 2090 postulantium
3095 2016 3164 2072 ad
3194 2016 3433 2089 ipsorum
3451 2029 3743 2086 usqueea-

2142 2117 2440 2190 gnitionem
2463 2116 2779 2189 perveniant
2793 2118 2821 2170 εἴ
2842 2114 3073 2171 Difﬁcile
3097 2121 3177 2170 est
3183 2113 3426 2185 judicare
3442 2113 3509 2168 de
3530 2114 3633 2169 hoc
3649 2114 3747 2168 ho-

2141 2206 2296 2261 mini.
2321 2206 2607 2275 Quomodo
2637 2205 2781 2261 enim
2812 2204 3035 2260 scientia
3058 2211 3180 2259 nost
3204 2219 3238 2260 a
3266 2210 3412 2259 certa
3431 2218 3549 2258 esse
3563 2208 3746 2274 potest

2142 2294 2209 2351 de
2236 2295 2385 2365 ipsis,
2402 2295 2493 2366 qui
2515 2311 2634 2350 eam
2659 2311 2820 2365 quam
2843 2294 2909 2348 de
2924 2293 3080 2349 nobis
3098 2293 3299 2349 habent
3314 2292 3618 2360 scientiam,
3638 2305 3748 2347 nec

2141 2409 2336 2464 capere
2365 2409 2668 2464 possumus,
2701 2408 2801 2447 nec
2831 2391 3175 2463 investigare.
3197 2391 3313 2446 Hoc
3338 2406 3504 2446 unum
3532 2395 3743 2445 certum

2142 2490 2240 2549 est,
2273 2481 2481 2537 animas
2521 2489 2849 2551 sanctorum,
2900 2480 2955 2536 in
2993 2487 3199 2536 secreto
3242 2479 3440 2536 divinae
3489 2485 3747 2536 contem-

2142 2571 2394 2643 plationis
2421 2572 2751 2639 constitutas,
2782 2586 2970 2627 eorum
3006 2587 3127 2640 quae
3164 2569 3297 2626 foris
3324 2574 3557 2641 aguntur
3613 2574 3744 2643 tan-

2143 2641 2252 2725 tum
2283 2670 2418 2726 scire
2447 2677 2706 2741 quantum
2761 2669 2884 2737 illis,
2916 2670 3003 2727 vel
3033 2670 3103 2725 ad
3130 2669 3410 2742 gaudium,
3456 2666 3545 2724 vel
3580 2641 3748 2723 nobis

2141 2772 2210 2829 ad
2240 2773 2498 2829 auxilium
2530 2772 2785 2845 prodesse
2816 2779 3041 2828 constat.
3088 2772 3304 2828 Habent
3340 2772 3556 2844 plenum
3597 2785 3750 2843 gau-

2140 2862 2290 2918 dium
2311 2863 2339 2916 ‘?
2370 2864 2746 2933 Nequaquam.
2771 2860 3184 2934 (GBEGORIUS.)
3196 2861 3348 2917 Sicut
3374 2859 3518 2915 enim
3542 2860 3746 2930 vocati,

2141 2961 2211 3018 ad
2260 2961 2569 3018 convivium
2627 2960 2905 3017 venientes
2959 2960 3027 3015 de
3082 2976 3179 3016 sua
3231 2956 3568 3029 susceptione
3623 2962 3753 3012 sunt

2066 3071 2116 3136 ρ
2145 3050 2273 3120 lati,
2304 3050 2370 3105 de
2401 3049 2712 3105 absentibus
2743 3048 2932 3105 amicis
2960 3047 3195 3115 solliciti,
3229 3064 3353 3105 cum
3392 3054 3573 3103 autem
3626 3062 3751 3136 om-

2146 3157 2243 3195 nes
2269 3139 2429 3194 simul
2459 3139 2789 3195 conveniunt
2816 3138 3049 3210 amplius
3087 3137 3404 3211 gaudebunt
3433 3155 3446 3192 :
3498 3136 3573 3192 ita
3628 3134 3751 3193 ani-

2143 3254 2248 3293 ma}
2274 3238 2543 3308 justornm
2572 3237 2639 3292 de
2673 3252 2770 3292 sua
2802 3251 2943 3291 nunc
2971 3235 3148 3308 gloria
3203 3234 3420 3306 quidem
3475 3233 3743 3301 laetantur,

2143 3327 2211 3383 de
2249 3326 2490 3382 absentia
2520 3334 2699 3382 autem
2757 3331 2939 3381 nostra
2993 3323 3381 3381 sollicitantur.
3446 3323 3582 3379 Cum
3639 3338 3743 3377 au-

2143 3424 2250 3472 tem
2278 3432 2508 3488 corpora
2534 3415 2852 3486 receperint,
2876 3422 2927 3470 et
2947 3430 3136 3470 omnes
3163 3413 3218 3468 in
3253 3429 3419 3469 unum
3464 3426 3747 3469 convene-

2145 3513 2270 3582 rint,
2305 3519 2433 3575 tunc
2461 3512 2679 3583 plenum
2700 3510 2959 3584 gaudium
2983 3509 3502 3565 habebunt.Animae
3531 3524 3746 3580 quoque

2142 3602 2408 3673 justornm
2440 3600 2614 3655 sciunt
2642 3600 2825 3655 omnia
2854 3615 2973 3670 quae
3001 3599 3089 3654 hic
3115 3606 3396 3671 geruntur.
3459 3597 3596 3667 Quae
3651 3612 3750 3653 au-

2146 3699 2254 3747 tem
2279 3691 2334 3744 in
2364 3690 2540 3762 pomis
2568 3697 2707 3758 sunt,
2744 3688 3005 3754 nesciunt,
3038 3688 3140 3743 nisi
3165 3703 3285 3757 qua:
3314 3687 3392 3742 eis
3428 3686 3612 3759 angeli
3656 3685 3746 3742 vel

2144 3788 2309 3845 sancti
2343 3788 2608 3843 referunt.
2653 3785 2755 3856 Qui
2786 3802 2915 3843 vero
2946 3786 3001 3840 in
3030 3785 3241 3841 inferno
3295 3790 3420 3840 sunt
3467 3800 3577 3840 non
3625 3783 3749 3857 plus

2146 3877 2272 3949 quid
2306 3884 2502 3949 agatur
2530 3875 2617 3931 hic
2645 3883 2861 3944 norunt,
2893 3890 3056 3945 quam
3097 3873 3209 3931 vivi
3258 3873 3433 3930 sciunt
3486 3872 3617 3944 quid
3669 3872 3749 3929 ibi

2145 3987 2380 4053 geratur.
2411 3979 2482 4035 Ut
2524 3984 2703 4033 autem
2759 3978 3036 4049 propheta
3089 3975 3218 4031 olim
3276 3974 3525 4047 quadam
3577 3974 3751 4033 scive-

2146 4084 2269 4132 runt
2298 4092 2418 4146 quaa
2447 4075 2536 4130 alii
2569 4075 2972 4147 ignoraverunt,
3004 4089 3114 4130 non
3167 4081 3348 4129 tamen
3383 4071 3569 4128 omnia
3601 4090 3613 4127 :
3673 4072 3752 4129 ita

2148 4165 2396 4237 quaedam
2427 4165 2624 4222 anima:
2673 4165 2810 4219 inter
2857 4163 3047 4230 malos,
3099 4162 3347 4233 quedam
3396 4162 3571 4218 sciunt
3625 4178 3751 4233 qua

2148 4255 2240 4312 alii
2268 4254 2531 4323 nesciunt,
2565 4253 2813 4324 quamvis
2840 4268 2949 4308 non
2995 4252 3198 4322 omnia,
3256 4267 3378 4322 quae
3430 4259 3617 4307 tamen
3669 4251 3750 4307 eis

2148 4354 2235 4410 vel
2262 4351 2521 4409 divinitus
2550 4350 2875 4419 revelantur,
2907 4350 2994 4406 vel
3024 4348 3102 4404 eis
3127 4365 3159 4404 a
3186 4347 3541 4405 morientibus
3584 4356 3641 4403 et
3685 4346 3753 4403 il-

524 4446 655 4502 Justi
683 4447 737 4502 in
768 4464 873 4518 quo
901 4450 1112 4507 inferno
1142 4460 1294 4508 erant
1320 4461 1442 4509 ante
1470 4452 1762 4511 adventum
1790 4455 1984 4511 Christi
2012 4455 2041 4509 ?
2068 4436 2121 4498 D
2149 4442 2237 4498 luc
2263 4440 2603 4497 venientibus
2632 4440 2960 4494 nuntiantur.
2993 4439 3218 4494 Possunt
3237 4453 3497 4510 apparere
3528 4436 3749 4508 quando

455 4543 518 4598 In
546 4545 829 4616 superiori,
852 4547 907 4601 in
928 4548 1046 4604 loco
1068 4550 1301 4618 quodam
1330 4549 1518 4620 juncto
1557 4551 1816 4620 inferiori,
1853 4552 1910 4606 in
1937 4567 2042 4622 quo

454 4635 1032 4702 poterantalterutrum
1065 4639 1392 4710 conspicere.
1424 4638 1528 4708 Qui
1552 4640 1626 4695 ibi
1646 4648 1816 4708 erant,
1847 4657 2045 4710 quam-

457 4722 538 4779 vis
564 4732 806 4781 carerent
834 4726 1118 4799 supplicio,
1150 4726 1434 4783 videbatur
1461 4728 1539 4783 eis
1565 4745 1623 4785 se
1652 4746 1766 4784 esse
1796 4730 1851 4783 in
1882 4729 2042 4784 infer-

457 4838 549 4892 no,
582 4840 704 4880 cum
736 4834 913 4880 essent
939 4826 1170 4898 separati
1209 4842 1241 4881 a
1293 4841 1511 4900 regno;
1568 4827 1674 4882 illis
1726 4836 1905 4883 autem
1955 4827 2046 4898 qui

460 4921 612 4970 erant
639 4914 695 4970 in
724 4914 984 4982 inferiori,
1033 4915 1316 4972 videbatur
1368 4916 1709 4988 refrigerium
1763 4916 2043 4987 paradisi:

458 5002 601 5058 unde
632 5010 685 5057 et
713 5002 864 5059 dives
915 5005 1145 5078 rogabat
1196 5022 1229 5060 a
1282 5006 1483 5062 Lazaro
1537 5013 1742 5078 guttam
1780 5021 1943 5077 super
1992 5021 2050 5060 se

463 5103 651 5160 stillari
680 5105 843 5170 (Luc.
882 5108 1018 5160 xvn.
1066 5106 1353 5162 Habebam
1407 5106 1642 5177 aliquam
1700 5106 1776 5162 ibi
1832 5122 2050 5176 pmnam

466 5191 725 5260 quasdam
757 5201 960 5249 tantum
993 5194 1259 5263 tenebras,
1317 5196 1453 5251 sicut
1500 5196 1734 5251 dicitur:
1799 5218 1822 5244 α
1878 5195 2050 5251 Habi-

464 5280 700 5335 tantibus
727 5281 782 5335 in
808 5283 1030 5353 regione
1059 5285 1265 5340 umbrae
1294 5285 1500 5352 mortis,
1540 5285 1630 5339 lux
1659 5291 1775 5339 orta
1803 5284 1881 5338 eis
1908 5285 2043 5354 (Isa.

466 5380 563 5438 ιχ).
602 5400 623 5426 ι»
657 5376 888 5447 Quidam
920 5395 1132 5450 quoque
1163 5397 1229 5436 ex
1286 5382 1363 5436 eis
1418 5389 1570 5437 erant
1622 5382 1678 5436 in
1735 5380 2055 5451 quibusdam

469 5467 667 5538 panis.
708 5466 1009 5521 Videndum
1065 5485 1276 5538 quoque
1326 5470 1368 5524 si
1427 5478 1479 5525 et
1528 5470 1729 5526 anima-3
1790 5470 2055 5541 justornm

469 5555 527 5610 in
571 5555 663 5611 illa
708 5555 818 5610 vita
845 5572 902 5611 se
931 5565 1339 5627 recognoscant.
1372 5559 1637 5614 Justorum
1686 5558 1883 5614 etenim
1933 5558 2056 5613 ani-

470 5661 575 5702 ma:
603 5660 792 5700 omnes
813 5644 988 5713 justos
1014 5654 1366 5716 cognoscunt,
1400 5654 1451 5701 et
1498 5647 1717 5703 nomine
1759 5655 1813 5702 et
1856 5662 2059 5719 genere

471 5742 524 5791 et
550 5732 1016 5806 meritaipsorum,
1046 5733 1196 5803 quasi
1246 5750 1464 5805 semper
1505 5750 1628 5789 cum
1685 5735 1763 5791 eis
1818 5735 2057 5790 fuissent.

2151 4532 2356 4599 volunt,
2388 4537 2441 4585 et
2470 4530 2664 4600 quibus
2693 4529 2880 4585 volunt
2906 4528 2935 4582 ?
2961 4527 3170 4583 Animae
3211 4534 3519 4583 sanctorum
3566 4541 3751 4598 appa-

2149 4636 2268 4684 rent
2295 4625 2509 4698 quando
2538 4626 2744 4693 volunt,
2778 4632 2831 4680 et
2858 4624 3052 4695 quibus
3080 4624 3286 4692 volunt,
3344 4623 3460 4679 sive
3514 4621 3753 4696 vigilan-

2154 4717 2313 4785 tibus,
2348 4732 2441 4772 seu
2471 4714 2887 4771 dormientibus.
2925 4712 3059 4783 Qua:
3076 4720 3255 4768 autem
3287 4713 3342 4767 in
3398 4710 3575 4784 poenis
3627 4718 3756 4767 sunt

2154 4823 2263 4863 non
2289 4811 2553 4878 apparent
2580 4803 2682 4858 nisi
2712 4803 2782 4859 ab
2820 4802 3027 4874 angelis
3084 4801 3476 4875 permittantur,
3536 4808 3595 4856 ut
3651 4815 3752 4872 pro

2155 4903 2475 4960 liberatione
2501 4918 2597 4957 sua
2623 4907 2839 4973 rogent,
2871 4906 2961 4954 aut
3008 4899 3249 4955 liberata:
3286 4897 3545 4971 gaudium
3591 4913 3753 4953 suum

2156 4993 2345 5048 amicis
2373 4992 2641 5046 nuntient.
2681 4988 2801 5057 Qua
2827 4994 3005 5042 autem
3055 4986 3112 5041 in
3159 4986 3369 5042 inferno
3416 4993 3559 5054 sunt,
3616 4985 3755 5041 nulli

2157 5096 2417 5154 apparere
2439 5086 2676 5151 possunt.
2710 5076 2767 5133 Si
2814 5085 2992 5131 autem
3038 5075 3329 5146 aliquando
3363 5074 3612 5131 videntur
3659 5090 3759 5146 ap-

2157 5192 2369 5247 parere,
2400 5174 2512 5230 sive
2540 5175 2595 5228 in
2622 5173 2845 5242 somnis,
2891 5172 3007 5229 sive
3042 5171 3409 5244 vigilantibus,
3449 5187 3558 5228 non
3595 5169 3754 5242 ipsae,

2160 5265 2256 5320 sed
2285 5265 2557 5321 daemones
2586 5260 2873 5317 creduntur
2899 5261 2954 5315 in
2983 5260 3195 5316 illorum
3223 5260 3420 5332 specie,
3454 5261 3544 5330 qui
3591 5259 3756 5315 etiam

2160 5372 2216 5409 se
2247 5354 2301 5408 in
2351 5351 2577 5423 angelos
2608 5350 2738 5405 lucis
2792 5348 3189 5422 transﬁgurant,
3241 5356 3300 5404 ut
3349 5347 3638 5420 decipiant.
3699 5347 3758 5404 Si

2164 5459 2343 5508 autem
2373 5448 2635 5504 veraciter
2662 5447 2946 5520 contingit,
2979 5463 3077 5518 pro
3107 5446 3334 5517 alicujus
3362 5445 3553 5501 merito
3592 5445 3669 5513 ﬁt,
3702 5452 3762 5501 ut

2166 5546 2347 5596 sancto
2379 5537 2607 5593 Martino
2631 5537 2812 5592 anima
2851 5536 3071 5591 latronis
3125 5534 3393 5607 apparuit,
3451 5533 3545 5589 ubi
3593 5533 3761 5590 altare

2168 5644 2431 5702 destruxit
2459 5659 2473 5714 ;
2498 5652 2588 5700 aut
2617 5659 2713 5716 pro
2743 5642 3130 5709 admonitione,
3160 5648 3220 5697 ut
3258 5641 3441 5697 anima
3487 5640 3764 5697 Benedicti

2169 5747 2332 5805 papae
2367 5730 2423 5785 in
2450 5737 2691 5786 monstro
2735 5727 3004 5800 apparuit,
3063 5725 3215 5798 cujus
3269 5733 3432 5801 caput
3483 5733 3537 5782 et
3590 5725 3766 5784 cauda
