4062 6074
336 243 440 298 925

1359 235 1952 296 DEFLORATIONES
1991 235 2090 295 SS.
2130 237 2441 296 PATRUM.
2483 269 2552 281 —
2589 239 2715 296 LIB.
2759 240 2801 296 Ῑ.

3529 239 3630 294 626

334 365 544 432 asinus,
584 362 848 420 medietas
878 379 1041 419 ursus
1099 363 1216 420 fuit.
1259 364 1320 420 In
1371 379 1479 436 qua
1517 371 1698 418 autem
1749 361 1927 417 forma
1954 349 2010 428 Ἀ
2044 378 2163 420 cum
2203 363 2476 437 triumpho
2501 365 2628 422 inde
2651 366 2890 433 rediens,
2926 373 3112 439 raptos
3134 365 3261 422 inde
3287 363 3340 419 in
3372 361 3630 436 paradiso

335 462 602 526 apparent
629 455 657 508 ‘?
689 455 749 508 In
779 453 1030 521 humana,
1062 469 1295 526 corpore
1328 461 1605 524 assumpto
1627 453 1696 507 de
1726 467 1881 508 aere.

403 545 484 599 De
512 543 917 599 immortalitate
947 559 1176 616 quoque
1207 544 1403 599 animae
1431 542 1558 598 dicit
1597 543 1787 596 beatus
1815 542 1927 596 Au-

330 632 585 704 gustinus
619 651 633 688 :
666 631 865 688 Anima
890 633 1134 688 hominis
1163 633 1485 689 immortalis
1516 641 1596 688 est
1629 631 1929 686 secundum

331 731 625 804 quemdam
657 737 867 786 motum
934 747 1112 798 suum,
1156 747 1263 787 non
1304 741 1484 787 tamen
1563 729 1710 785 omni
1767 728 1930 784 modo

330 820 470 875 sicut
493 821 662 886 Deus,
698 820 768 875 de
807 835 916 892 quo
955 820 1160 878 dictum
1226 829 1326 887 est,
1370 820 1493 893 quia
1532 819 1679 875 solus
1726 819 1926 874 habeat

325 907 798 964 immortalitatem
865 909 916 979 (I
949 910 1086 964 Tim.
1156 911 1261 979 vi).
1319 910 1454 964 Vam
1517 908 1714 964 animae
1770 923 1925 962 mor-

326 1005 478 1062 tibus
509 1022 665 1063 sacra
696 1007 977 1078 Scriptura
1009 1007 1173 1062 multa
1203 1000 1622 1064 commemorat.
1661 1005 1815 1062 Unde
1874 1011 1928 1060 et

330 1095 465 1151 illud
496 1105 582 1152 est
625 1116 636 1152 :
685 1118 706 1147 ι
752 1097 879 1153 Siue
950 1105 1193 1152 mortuos
1231 1097 1464 1168 sepelire
1527 1105 1768 1152 mortuos
1800 1112 1928 1152 suos

329 1187 557 1255 (Matth.
598 1186 738 1255 νιιι).
779 1209 799 1232 ι
835 1187 909 1240 Ita
937 1203 1070 1242 vero
1100 1187 1330 1242 moritur
1361 1187 1596 1242 alienata
1620 1203 1648 1240 a
1672 1186 1778 1241 vita
1800 1187 1924 1254 Dei,

325 1283 385 1331 ut
417 1283 596 1330 tamen
628 1275 681 1330 in
712 1284 908 1331 natura
940 1291 1038 1330 sua
1068 1275 1254 1332 vivere
1283 1291 1392 1331 non
1423 1275 1644 1331 omnino
1666 1275 1924 1341 desistat;

326 1373 404 1428 ita
438 1373 691 1430 mortalis
714 1392 777 1430 ex
810 1375 991 1446 aliqua
1021 1391 1186 1432 causa
1217 1375 1505 1441 invenitur,
1541 1382 1595 1429 ut
1625 1373 1785 1430 etiam
1822 1375 1927 1429 im—

330 1463 572 1518 mortalis
605 1480 718 1519 non
746 1463 864 1519 sine
892 1463 1101 1520 ratione
1128 1465 1363 1520 dicatur.
1403 1466 1525 1520 Non
1555 1472 1637 1519 est
1674 1481 1800 1535 pars
1831 1465 1930 1520 Dei

320 1553 521 1608 anima.
565 1553 621 1607 Si
653 1553 796 1608 enim
849 1554 951 1610 hoc
997 1561 1161 1620 esset,
1194 1553 1414 1609 omnino
1471 1553 1927 1610 incommutabilis

324 1657 378 1706 et
416 1650 850 1722 incorruptibilis
871 1659 1038 1706 esset.
1071 1651 1219 1706 Idem
1253 1650 1300 1704 si
1329 1659 1493 1717 esset,
1526 1665 1629 1706 nec
1667 1649 1926 1706 deficeret

2035 453 2336 519 collocavit,
2370 470 2568 526 corpus
2618 455 2670 510 in
2737 456 3001 529 sepulcro
3031 454 3286 522 visitavit,
3363 453 3506 524 quod
3563 452 3632 506 de

2035 543 2264 598 mortuis
2293 545 2572 601 excitavit.
2640 544 2874 614 Quidam
2931 547 3165 601 sentiunt
3203 543 3345 615 quod
3399 542 3467 598 ab
3499 542 3634 596 hora

2034 633 2224 688 mortis
2292 651 2462 706 usque
2493 635 2562 688 ad
2618 636 2810 690 horam
2859 635 3278 690 resurrectionis
3329 632 3385 686 in
3413 630 3629 686 inferno

2035 737 2158 779 eum
2215 722 2400 777 electis
2458 723 2634 789 fuerit,
2699 733 2748 780 et
2805 725 2930 780 inde
2960 740 3084 780 cum
3115 724 3194 778 eis
3221 723 3409 777 abiens
3444 737 3629 776 resur-

2034 811 2250 867 rexerit.
2284 811 2468 881 Quare
2491 821 2673 868 autem
2728 830 2838 868 non
2868 814 3046 868 statim
3079 819 3202 885 post
3258 819 3488 866 mortem
3531 825 3627 865 re-

2034 901 2336 958 surrexerit
2367 902 2482 958 haec
2511 917 2672 958 causa
2703 903 2803 958 fuit
2836 903 3044 960 scilicet
3091 919 3159 958 ne
3189 902 3351 974 aliqui
3382 901 3628 956 dicerent

2032 1017 2157 1058 eum
2186 1016 2294 1056 non
2334 1005 2615 1056 mortuum
2647 1001 2833 1067 fuisse,
2869 1003 2966 1057 sed
3021 1001 3072 1056 in
3117 1000 3402 1057 tormentis
3433 999 3613 1054 obstu-

2032 1090 2237 1162 puisse.
2273 1089 2334 1144 Si
2355 1098 2534 1146 autem
2565 1091 2930 1160 postmullum
2955 1100 3165 1162 tempus
3215 1089 3621 1158 resurrexisset,

2035 1189 2179 1237 esset
2200 1180 2422 1234 dubium
2449 1196 2514 1234 an
2545 1179 2660 1250 ipse
2691 1189 2856 1236 esset.
2901 1181 3007 1235 Cur
3061 1196 3194 1252 ergo
3225 1189 3332 1235 tam
3363 1179 3469 1236 cito
3501 1195 3626 1233 sur-

2035 1278 2214 1334 rexit?
2246 1279 2314 1335 Ut
2344 1279 2502 1334 citius
2529 1294 2661 1333 suos
2692 1279 3087 1348 consolaretur,
3122 1278 3207 1350 qui
3240 1278 3307 1333 de
3325 1293 3421 1332 sua
3450 1284 3626 1332 morte

2034 1378 2404 1432 tristabantur.
2431 1377 2611 1446 Quare
2637 1384 2816 1432 autem
2840 1378 2892 1431 in
2914 1379 3091 1449 prima
3119 1378 3204 1432 die
3223 1375 3579 1432 hebdomadi}!
3601 1375 3628 1429 ?

2036 1467 2105 1522 Ut
2135 1483 2197 1522 ea
2228 1466 2315 1521 die
2346 1467 2604 1520 mundum
2664 1467 2948 1523 innovaret
3003 1484 3105 1536 qua
3149 1483 3269 1521 eum
3310 1472 3618 1521 creaverat.

2036 1552 2146 1608 Cur
2176 1551 2331 1607 tertia
2359 1551 2446 1606 die
2475 1550 2744 1623 passionis
2771 1554 2797 1606 ‘?
2842 1554 2909 1608 Ut
2942 1569 3036 1608 eos
3067 1552 3159 1624 qui
3211 1551 3385 1605 tribus
3410 1558 3624 1620 tempo-

2033 1651 2190 1706 ribus
2211 1660 2333 1707 ante
2371 1651 2572 1724 legem,
2616 1652 2716 1706 sub
2759 1651 2900 1725 lege,
2936 1653 3035 1706 sub
3066 1651 3262 1724 gratia,
3297 1652 3353 1704 in
3385 1648 3624 1720 peccatis

319 1739 379 1796 in
416 1719 682 1806 deterius,
723 1755 826 1798 nec
867 1740 1155 1810 proficeret
1218 1740 1272 1794 in
1312 1741 1534 1808 melius,
1573 1757 1672 1796 nec
1711 1740 1918 1812 aliquid
1947 1719 2001 1780 B
2029 1741 2229 1796 mortui
2260 1719 2768 1807 erantvsublevaret,
2803 1719 2854 1796 et
2885 1749 2941 1796 ut
2971 1719 3095 1796 nos"
3114 1740 3203 1812 qui
3233 1719 3409 1803 factis,
3443 1737 3621 1803 dictis,

321 1827 379 1884 in
418 1830 709 1900 semeptisa
772 1830 1039 1902 inciperet
1068 1830 1272 1885 habere
1313 1830 1456 1902 quod
1521 1845 1628 1885 non
1658 1830 1914 1898 habebat,

321 1926 580 1991 quantum
613 1918 683 1973 ad
719 1918 892 1990 ipsius
948 1917 1263 1975 affectiones
1295 1918 1552 1990 pertinet.
1629 1921 1743 1975 Hac
1783 1920 1916 1975 bea-

319 2023 408 2071 tus
439 2018 796 2088 Augustinus.
864 2019 1222 2074 Cassiodorus
1261 2035 1392 2075 vero
1431 2019 1508 2076 sic
1546 2019 1619 2074 ait
1663 2038 1674 2073 :
1718 2021 1916 2093 Singu-

319 2103 514 2161 lariter
543 2114 720 2162 autem
752 2108 900 2162 Deus
930 2107 1248 2163 immortalis
1314 2115 1416 2175 est,
1449 2108 1800 2180 singulariter
1824 2111 1916 2178 ju-

319 2202 459 2262 stus,
495 2195 844 2270 singulariter
892 2205 1108 2268 potens,
1165 2197 1524 2269 singulariter
1561 2199 1758 2266 bonus,
1805 2199 1916 2253 sin-

323 2300 592 2374 gulariter
621 2309 862 2369 sanctus,
905 2302 1161 2373 quoniam
1193 2302 1319 2358 licet
1356 2303 1455 2358 ista
1485 2303 1569 2359 vel
1600 2305 1801 2360 similia
1832 2305 1917 2360 his

331 2390 644 2446 hominibus
671 2390 756 2446 vel
787 2392 996 2462 angelis
1025 2392 1208 2447 inesse
1252 2392 1523 2460 dicantur,
1560 2393 1705 2450 nulla
1736 2403 1917 2450 tamen

327 2479 398 2536 ad
425 2479 765 2535 altitudinem
795 2481 911 2549 ejus
976 2481 1289 2536 reverendae
1326 2483 1606 2552 potestatis
1635 2484 1915 2556 attingun-

329 2576 443 2626 tur.
491 2569 652 2624 Solus
682 2569 1029 2641 omnipotens
1093 2571 1242 2626 Deus
1280 2578 1380 2640 est,
1423 2573 1514 2628 cui
1543 2572 1647 2628 hoc
1676 2581 1758 2628 est
1795 2589 1917 2629 esse

322 2666 469 2738 quod
501 2683 710 2737 sapere,
742 2668 846 2724 hoc
874 2683 1038 2738 posse
1068 2668 1214 2740 quod
1243 2668 1448 2736 vivere,
1477 2670 1582 2726 hoc
1601 2670 1743 2726 velle
1773 2671 1918 2742 quod

327 2755 531 2812 facere.
561 2757 630 2812 Et
668 2758 864 2812 merito
904 2757 1124 2830 quando
1159 2757 1440 2824 universa,
1464 2776 1586 2831 quae
1615 2776 1744 2816 vere
1776 2761 1919 2816 bona

322 2853 471 2912 sunt,
505 2860 615 2900 non
673 2847 741 2901 ad
771 2846 923 2901 illum
973 2847 1196 2903 veniunt
1261 2854 1318 2902 ut
1347 2847 1475 2903 inde
1503 2847 1922 2919 proﬁciant,sed

323 2943 398 2999 ab
429 2942 550 3014 ipso
580 2943 907 3014 procedunt.
969 2943 1322 3015 Quapropter
1376 2944 1492 3001 haec
1517 2945 1714 3013 anima,
1755 2962 1918 3018 quam

317 3031 577 3098 diximus,
609 3047 723 3088 non
750 3031 1103 3106 intelligenda
1131 3041 1216 3089 est
1242 3049 1370 3105 pars
1391 3035 1500 3101 dei,
1533 3036 1662 3107 quia
1689 3051 1919 3092 conver-

299 3121 487 3178 tibilis
517 3130 635 3188 est;
673 3137 852 3194 neque
879 3121 1222 3194 angelorum,
1293 3123 1420 3195 quia
1450 3125 1598 3180 carni
1630 3125 1911 3182 sociabilis

319 3229 404 3275 est
438 3237 451 3284 ;
482 3236 661 3292 neque
686 3237 757 3275 ex
777 3236 924 3286 aere,
958 3237 1138 3293 neque
1167 3237 1231 3276 ex
1261 3237 1416 3294 aqua,
1449 3239 1627 3295 neque
1657 3240 1722 3280 ex
1744 3232 1909 3293 terra,

293 3324 498 3381 .neque
525 3325 592 3364 ex
622 3309 702 3366 eis
740 3326 860 3382 quae
888 3317 1076 3366 mutua
1124 3310 1229 3365 sibi
1258 3311 1634 3382 complexione
1669 3314 1912 3386 jungun-

323 3402 431 3467 tur,
465 3399 563 3454 sed
595 3398 850 3470 simplex,
882 3407 935 3454 et
994 3414 1066 3455 ex
1095 3401 1316 3471 pr0pria
1371 3409 1565 3457 natura
1593 3411 1645 3458 et
1675 3403 1744 3458 ab
1791 3404 1914 3459 aliis

320 3495 608 3566 spiritibus
653 3495 918 3552 discreta.
969 3497 1194 3552 Constat
1251 3513 1386 3570 ergo
1417 3499 1655 3554 animam
1715 3500 1772 3554 in
1815 3501 1918 3556 hoc

325 3588 531 3644 mundo
569 3589 748 3644 stabili
781 3597 834 3645 et
864 3591 1114 3645 variabili
1145 3591 1424 3647 voluntate
1445 3593 1690 3648 converti
1745 3593 1918 3649 bona-

323 3694 554 3750 rumque
607 3694 793 3736 rerum
846 3696 968 3736 esse
1007 3681 1308 3736 amissibile
1338 3697 1400 3738 ac
1438 3683 1785 3754 receptibile;
1819 3700 1921 3740 nec

317 3783 433 3822 uno
473 3767 763 3824 voluntatis
802 3785 916 3824 suae
981 3769 1170 3842 rigore
1225 3771 1548 3842 subsistere,
1615 3773 1713 3828 sed
1751 3773 1921 3829 etiam

314 3859 509 3908 contra
539 3853 863 3926 dispositum
905 3871 1063 3910 suum
1104 3854 1396 3927 muitiplici
1445 3873 1504 3912 se
1558 3859 1922 3914 conversione

314 3956 558 4005 mutare.
596 3950 755 4006 Nunc
785 3950 1070 4007 sciendum
1100 3959 1203 4019 est,
1238 3952 1357 4009 haec
1384 3953 1710 4010 immortalis
1740 3956 1924 4013 anima

325 4039 789 4110 quemadmodum
843 4041 1046 4112 degere
1105 4041 1395 4096 sentiatur.
1435 4043 1576 4100 Vivit
1620 4044 1672 4098 in
1713 4061 1772 4101 se
1798 4040 1925 4118 post

311 4138 476 4228 hujus
505 4138 690 4195 saeculi
723 4138 1100 4208 amissionem,
1132 4155 1241 4194 non
1273 4140 1501 4197 reflante
1532 4141 1746 4213 spiritu,
1787 4144 1927 4200 sicut

313 4243 564 4300 corpus;
607 4228 706 4284 sed
746 4229 940 4299 aequali
1007 4229 1331 4298 mobilitate,
1374 4248 1493 4302 qum
1557 4231 1635 4286 illi
1663 4233 1928 4290 attributa

316 4325 422 4384 est,
462 4332 619 4388 pura,
661 4316 894 4386 subtilis,
929 4317 1113 4384 velox,
1147 4319 1272 4385 cita,
1305 4327 1524 4388 aeterna,
1557 4320 1722 4391 videt,
1754 4323 1922 4385 audit,

2025 1829 2447 1903 cogitationibus
2478 1830 2726 1896 labimur,
2777 1847 2874 1901 per
2924 1830 3082 1885 fidem
3139 1838 3338 1884 sanctae
3385 1827 3620 1882 Trinita-

2026 1928 2092 1984 tis
2141 1943 2526 2000 resurgamus.
2577 1928 2822 1982 Surrexit
2867 1927 3050 1999 itaque
3108 1926 3354 1981 Christus
3385 1923 3544 1978 tertia
3588 1937 3619 1978 a

2025 2016 2252 2072 mortuis
2281 2017 2396 2082 die,
2439 2024 2494 2070 ut
2535 2015 2690 2071 nobis
2729 2016 3039 2086 exemplum
3088 2022 3234 2070 esset
3283 2013 3474 2068 futura:
3524 2028 3620 2066 re-

2025 2105 2401 2174 surrectionis,
2435 2123 2556 2178 quae
2588 2105 2686 2160 erit
2712 2121 2830 2160 cum
2863 2104 3159 2160 novissima
3190 2103 3320 2158 tuba
3350 2103 3617 2157 insonue-

2024 2195 2091 2250 rit
2123 2196 2171 2266 (Ι
2202 2197 2326 2251 Cor.
2368 2197 2482 2266 xv).
2517 2194 2656 2265 Quid
2688 2202 2769 2249 est
2800 2194 3100 2249 novissima
3153 2193 3321 2246 tuba?
3345 2192 3477 2246 Cum
3509 2191 3620 2246 Do~

2025 2294 2206 2348 minus
2236 2294 2390 2348 daret
2420 2293 2602 2365 legem
2647 2292 2704 2346 in
2747 2301 2952 2357 monte,
2985 2291 3167 2346 audita
3196 2296 3278 2345 est
3307 2305 3411 2345 vox
3441 2287 3609 2342 tubae.

2025 2385 2106 2438 Ita
2131 2382 2333 2455 angeli,
2375 2382 2445 2436 ad
2476 2383 2584 2438 hoc
2621 2381 2894 2438 constituti
2924 2380 3242 2452 corporibus
3273 2387 3325 2434 et
3373 2377 3514 2432 tubis
3554 2376 3622 2432 de

2029 2489 2156 2529 aere
2188 2471 2434 2543 sumptis,
2497 2471 2740 2526 terribile
2773 2471 3039 2541 judicium
3104 2469 3224 2536 Dei,
3268 2467 3446 2524 sonitu
3477 2465 3620 2521 tuba:

2028 2571 2240 2626 mundo
2298 2570 2561 2635 intonant,
2596 2577 2654 2624 ut
2707 2569 2940 2625 dicitur:
2975 2593 2996 2617 α
3047 2570 3213 2624 Canet
3245 2568 3389 2624 enim
3421 2566 3547 2621 tuba
3577 2565 3629 2637 (Ι

2033 2660 2164 2718 Cor.
2199 2677 2292 2725 xv,
2353 2667 2406 2715 et
2435 2659 2668 2714 iterum:
2709 2677 2727 2711 ι
2768 2659 2931 2714 Periit
2991 2657 3252 2713 memoria
3285 2672 3468 2712 eorum
3498 2671 3620 2712 cum

2028 2750 2206 2805 sonitu
2244 2750 2418 2817 (Psal.
2487 2749 2582 2818 lx).
2620 2773 2640 2796 »
2676 2749 2745 2803 Et
2791 2747 3022 2802 altisona
3051 2763 3186 2802 voce
3215 2745 3444 2801 mortuis
3499 2745 3617 2800 cla-

2028 2847 2142 2894 mat
2171 2858 2182 2894 :
2209 2838 2446 2909 Surgite,
2478 2844 2535 2892 ut
2562 2837 2756 2893 dicitur
2786 2855 2798 2892 :
2839 2861 2859 2885 α
2894 2836 3068 2892 Media
3099 2844 3257 2892 nocte
3296 2835 3505 2891 clamor
3534 2832 3617 2888 fa-

2029 2945 2144 2992 ctus
2184 2943 2265 2991 est
2332 2936 2557 3005 (Matth.
2622 2935 2768 3004 xxv).
2807 2958 2827 2982 ι»
2862 2933 2944 2990 Ad
2974 2949 3136 3005 quam
3181 2947 3372 2988 vocem
3429 2946 3619 2986 omnes

2029 3034 2244 3102 mortui,
2278 3034 2411 3089 boni
2444 3038 2496 3089 et
2525 3033 2658 3088 mali
2687 3033 2742 3088 in
2771 3033 2875 3088 ictu
2906 3031 3072 3099 oculi,
3121 3031 3176 3086 id
3206 3038 3288 3086 est
3319 3045 3474 3101 quam
3513 3029 3620 3084 cito

2025 3124 2244 3180 oculum
2302 3124 2484 3195 possis
2549 3123 2787 3195 aperire,
2872 3127 3186 3195 resurgunt,
3243 3119 3352 3177 imo
3428 3125 3619 3190 aperto

2021 3213 2181 3270 oculo
2203 3213 2381 3268 lucem
2409 3213 2616 3268 videre.

2094 3311 2228 3382 Quae
2258 3321 2338 3367 est
2373 3311 2708 3368 resurrectio
2737 3311 2914 3382 prima
2938 3311 2965 3364 ‘2
2987 3309 3134 3365 Sicut
3165 3314 3288 3364 sunt
3317 3307 3436 3363 dua:
3466 3322 3622 3362 mor-

2021 3409 2125 3468 tes,
2167 3402 2242 3456 ita
2297 3409 2422 3455 sunt
2460 3401 2582 3457 duae
2648 3399 3082 3456 resurrectiones
3109 3417 3120 3452 :
3152 3413 3261 3453 una
3291 3397 3616 3464 animarum,

2023 3491 2195 3547 altera
2225 3506 2539 3563 corporum.
2574 3491 2708 3546 Cum
2762 3491 2926 3545 homo
2955 3495 3167 3560 peccat,
3226 3488 3410 3542 anima
3457 3486 3622 3541 mori-

2028 3590 2130 3650 tur,
2164 3581 2289 3653 quia
2320 3596 2353 3636 a
2374 3581 2502 3647 vita,
2527 3579 2576 3634 id
2597 3588 2679 3634 est
2709 3595 2742 3634 a
2770 3580 2890 3635 Deo
2919 3577 3205 3644 deseritur,
3231 3584 3282 3632 et
3309 3577 3363 3632 in
3386 3593 3622 3647 corpore

2028 3679 2185 3750 quasi
2216 3679 2268 3732 in
2299 3678 2554 3750 sepulcro
2585 3677 2865 3748 sepelitur.
2899 3678 3030 3738 Cum
3061 3692 3190 3732 vero
3219 3692 3321 3747 per
3350 3675 3622 3747 poeniten-

2027 3770 2157 3824 tiam
2187 3769 2254 3823 ad
2294 3769 2455 3824 vitam
2488 3767 2707 3824 Domini
2761 3767 2920 3835 redit,
2982 3766 3138 3838 quasi
3170 3781 3199 3819 a
3228 3774 3403 3820 morte
3436 3781 3622 3820 resur-

2030 3859 2127 3931 git.
2161 3857 2282 3914 Alia
2308 3864 2493 3912 autem
2524 3857 2856 3913 resurrectio
2879 3855 2981 3911 erit
2997 3871 3309 3926 corporum.
3349 3853 3468 3924 Qua
3489 3855 3576 3910 die
3595 3857 3623 3907 ἢ

2033 3957 2092 4010 In
2137 3955 2226 4011 die
2289 3955 2528 4024 Paschte,
2571 3971 2634 4010 ea
2678 3955 2812 4010 hora
2844 3969 2951 4026 qua
3006 3954 3249 4009 Christus
3304 3952 3623 4009 resurrexit.

2032 4044 2146 4100 Erit
2166 4043 2358 4117 aliquis
2388 4052 2517 4099 tunc
2545 4043 2602 4098 in
2633 4042 2838 4098 mundo
2868 4044 2895 4098 ξ)
2927 4044 3002 4096 Ita
3036 4041 3231 4114 plenus
3260 4041 3358 4096 erit
3389 4040 3622 4095 homini-

2033 4134 2135 4189 bus
2166 4141 2223 4188 ut
2253 4141 2335 4189 est
2363 4133 2544 4199 hodie,
2578 4132 2671 4204 qui
2725 4132 2800 4186 ita
2829 4139 2955 4186 sunt
3011 4139 3308 4203 operantes
3337 4138 3394 4185 ut
3424 4130 3612 4187 hodie.

2035 4224 2266 4294 Quidam
2300 4229 2474 4294 arant,
2506 4221 2719 4294 quidam
2752 4219 3037 4293 navigant,
3087 4220 3307 4293 quidam
3334 4219 3620 4287 aedificant,

2034 4321 2255 4394 quidam
2315 4319 2462 4396 aliud
2492 4326 2552 4377 et
2580 4319 2726 4375 aliud
2782 4317 2998 4374 faciunt.
3058 4317 3201 4388 Quid
3230 4319 3298 4374 de
3328 4319 3431 4374 illis
3471 4317 3561 4374 fiet
3596 4319 3624 4372 ?

311 4405 507 4480 tangit,
533 4421 596 4462 ac
626 4405 854 4478 reliquis
884 4407 1134 4462 sensibus
1166 4407 1436 4466 efficacius
1465 4409 1642 4480 valet;
1673 4427 1779 4466 non
1797 4413 1908 4482 jam
1938 4435 1997 4500 D
2031 4410 2166 4466 Justi
2191 4427 2311 4467 cum
2362 4418 2668 4483 resurgunt,
2731 4425 2861 4464 mox
2893 4409 2961 4464 ab
3017 4408 3230 4480 angelis
3277 4408 3332 4464 in
3362 4423 3492 4464 aera
3519 4409 3623 4464 ob-

312 4522 381 4562 ex
411 4504 663 4577 partibus
693 4505 807 4560 suis
848 4505 964 4562 haec
1021 4506 1356 4580 intelligens,
1389 4508 1489 4564 sed
1545 4509 1727 4564 omnia
1749 4511 1913 4581 spiri-

309 4593 530 4650 tualiter
553 4609 625 4650 ex
657 4601 768 4651 toto
798 4610 1161 4668 cognoscens.
1197 4597 1326 4654 Haec
1341 4597 1408 4653 de
1437 4598 1621 4654 anima
1643 4598 1912 4656 sufficiant

308 4683 472 4739 dicta.

984 4797 1216 4838 DIVISIO.

380 4877 538 4933 Venit
573 4879 839 4934 Dominus
865 4879 934 4934 ad
957 4879 1229 4936 infernum
1251 4881 1589 4954 superiorem
1608 4886 1905 4951 nascendo,

310 4973 370 5022 ut
397 4965 654 5023 liberaret
681 4984 978 5039 oppressos
1007 4985 1037 5024 a
1067 4970 1285 5026 diabolo
1321 4989 1333 5034 ;
1367 4971 1648 5028 descendit
1678 4974 1748 5028 ad
1779 4975 1910 5030 infe-

307 5055 508 5111 riorem
542 5057 850 5122 moriendo,
892 5068 949 5113 ut
980 5059 1274 5114 redimeret
1299 5061 1548 5130 captivos
1578 5077 1610 5117 a
1651 5070 1903 5134 tyranno,

304 5153 364 5200 ut
393 5144 599 5201 dicitur
630 5164 642 5200 :
680 5170 702 5195 α
739 5147 941 5203 Dicens
971 5147 1058 5202 his
1105 5149 1202 5220 qui
1235 5149 1400 5205 vincti
1431 5159 1557 5205 sunt
1590 5169 1602 5204 :
1637 5149 1826 5220 Exite;
1855 5163 1905 5208 et

303 5233 390 5289 his
423 5235 514 5306 qui
537 5235 590 5290 in
622 5236 864 5291 tenebris
896 5256 913 5292 :
942 5237 1288 5293 Revelamini
1322 5240 1457 5306 (Isa.
1497 5241 1670 5310 xux).
1716 5262 1737 5291 ιδ
1772 5241 1903 5296 Vin-

303 5340 422 5388 ctos
452 5343 613 5388 vocat
645 5332 738 5405 qui
780 5342 934 5389 erant
963 5335 1018 5388 in
1067 5336 1244 5406 poenis
1279 5354 1291 5399 ;
1325 5336 1460 5392 alios
1491 5353 1620 5394 vero
1669 5340 1726 5392 in
1755 5347 1904 5394 tene-

303 5419 446 5476 bris.
513 5421 665 5490 Quos
687 5438 878 5480 omnes
909 5440 970 5478 ea
1000 5425 1136 5480 hora
1193 5441 1300 5495 qua
1331 5427 1558 5497 angelus
1589 5429 1898 5500 Aigyptum

302 5517 626 5588 devastavit,
660 5529 713 5576 et
744 5537 808 5576 ea
829 5522 962 5578 hora
994 5540 1100 5595 qua
1127 5524 1332 5580 electos
1363 5540 1491 5580 suos
1522 5525 1574 5579 in
1600 5525 1812 5596 judicio
1833 5527 1900 5582 de

300 5615 406 5672 hoe
435 5618 642 5674 mundo
675 5619 928 5676 liberabit
961 5635 973 5675 :
1008 5636 1074 5677 ea
1103 5623 1240 5678 hora
1271 5622 1478 5678 scilicet
1527 5623 1708 5679 media
1739 5633 1898 5682 nocte

297 5716 729 5789 resurrectionis,
803 5719 1052 5776 Christus
1117 5720 1390 5779 infernum
1449 5720 1796 5793 deSpoliavit,
1845 5733 1899 5782 et

2028 4501 2175 4555 viam
2206 4499 2417 4555 Christo
2447 4499 2734 4570 rapiuntur
2764 4499 2812 4564 (Ι
2833 4500 2951 4556 Cor.
2994 4498 3119 4568 xv),
3153 4506 3206 4554 et
3234 4499 3288 4553 in
3316 4499 3436 4570 ipso
3465 4505 3621 4570 raptu

2023 4585 2350 4653 moriuntur,
2385 4593 2440 4639 et
2467 4585 2824 4640 reviviscunt.
2857 4583 3095 4656 Reprobi
3119 4599 3246 4639 vero
3275 4583 3344 4638 de
3373 4585 3492 4654 ipso
3517 4592 3621 4638 ter-

2019 4699 2144 4738 rore
2182 4683 2506 4750 moriuntur,
2539 4691 2590 4738 et
2610 4682 2898 4738 confestim
2957 4681 3288 4737 reviviscent
3317 4691 3369 4736 et
3399 4683 3504 4736 hoc
3533 4689 3616 4736 est

2011 4771 2264 4843 judicare
2295 4773 2446 4828 vivos
2477 4780 2529 4826 et
2561 4780 2826 4827 mortuos.
2862 4773 3169 4842 Resurgent
3215 4771 3306 4842 qui
3333 4771 3386 4824 in
3418 4771 3614 4825 matri-

2016 4860 2117 4916 bus
2157 4860 2551 4916 suntmortui?
2582 4861 2866 4932 Quotquot
2928 4860 3146 4915 vitalem
3177 4859 3422 4930 spiritum
3452 4875 3612 4915 recc-

2013 4967 2226 5030 perunt,
2284 4963 2607 5030 resurgant.
2666 4957 2780 5026 Qua
2811 4965 2986 5024 aetate,
3050 4956 3134 5012 vel
3166 4972 3274 5029 qua
3302 4973 3554 5011 mensura
3584 4957 3611 5011 ?

2016 5048 2137 5117 Qua
2170 5057 2352 5102 erant.
2403 5048 2536 5102 Cum
2595 5054 2779 5102 essent
2834 5063 2940 5100 xxx
2989 5061 3255 5100 annorum
3306 5045 3392 5102 vel
3449 5044 3612 5101 futuri

2014 5141 2187 5199 erant,
2222 5133 2268 5187 si
2333 5141 2458 5186 ante
2488 5147 2595 5186 non
2661 5129 3055 5185 moriebantur.
3089 5130 3394 5202 Aliquando
3448 5131 3607 5203 lupus

2011 5231 2240 5286 devorat
2269 5231 2562 5294 hominem,
2629 5238 2680 5285 et
2710 5245 2840 5285 caro
2873 5229 3106 5284 hominis
3126 5229 3352 5285 vertitur
3379 5230 3433 5284 in
3456 5248 3604 5286 suam

2011 5344 2255 5394 carnem,
2290 5329 2473 5398 lupum
2508 5343 2636 5384 vero
2668 5344 2848 5393 ursus,
2882 5344 3072 5382 ursum
3101 5327 3206 5393 leo,
3232 5329 3508 5400 quomodo
3541 5347 3605 5384 ex

2006 5425 2091 5478 his
2123 5425 2359 5496 resurgit
2394 5426 2558 5480 homo
2589 5427 2615 5478 ‘l
2645 5424 2804 5494 Quod
2835 5424 2931 5480 fuit
2987 5441 3115 5480 caro
3145 5427 3380 5482 hominis
3410 5443 3601 5482 resur—

2008 5541 2118 5605 get,
2181 5533 2323 5605 quod
2357 5532 2654 5588 bestiarum
2717 5540 2986 5588 remanet.
3027 5533 3136 5588 Scit
3166 5534 3307 5589 enim
3338 5533 3478 5591 bene
3509 5551 3601 5591 se-

2007 5644 2237 5685 cernere
2268 5629 2360 5700 qui
2391 5629 2545 5686 scivit
2593 5638 2789 5686 cuncta
2841 5647 2913 5686 ex
2969 5631 3135 5686 nihilo
3163 5633 3418 5688 condere.
3474 5633 3597 5688 Sive

2007 5743 2144 5802 ergo
2177 5727 2518 5784 membratim
2548 5744 2579 5784 a
2603 5728 2811 5797 bestiis,
2846 5729 2960 5786 sive
2990 5745 3022 5786 a
3038 5730 3413 5801 piscibus,seu
3441 5746 3470 5784 a
3502 5745 3600 5786 vos
