4062 6074
491 240 600 296 927

1588 241 1935 300 WERNERI
1970 239 2261 299 ABBATIS
2299 238 2363 296 S.
2408 237 2627 295 BLASII

3682 237 3793 291 928

488 372 732 428 lucribus
761 371 1112 438 devorentur,
1154 387 1346 427 omnes
1376 371 1429 425 in
1478 368 1873 425 resurrectione
1904 365 2079 422 refor-
2109 362 2173 429 Α
2202 363 2404 419 tionem
2434 365 2505 419 ab
2530 364 2651 419 aliis
2687 370 3038 437 segregatus,
3069 361 3124 417 in
3147 359 3363 416 ﬂetibus
3392 358 3792 430 permanebat;

490 461 780 516 mabuntur
811 475 823 513 :
856 460 909 514 in
935 465 1139 515 tantum
1173 469 1231 516 ut
1296 476 1397 517 nec
1425 460 1653 531 capillus
1684 459 1751 512 de
1789 457 1869 512 eis
1901 466 2090 527 pereat

503 552 662 618 (Luc.
702 550 822 619 xu).
862 548 918 604 Si
943 550 1124 620 capilli
1174 557 1227 604 et
1289 566 1499 622 ungues
1536 547 1748 619 praecisi
1805 546 1856 599 in
1887 546 2085 600 locum.

498 653 654 693 suum
686 638 935 705 redeunt,
968 654 1148 694 nonne
1178 639 1450 694 deformes
1507 644 1665 692 erunt
1688 638 1715 689 ἱ)
1743 636 1866 689 Non
1898 643 1979 689 est
2008 636 2089 689 in-

490 734 844 806 telligendum
875 736 1021 807 quod
1090 736 1194 791 sint
1222 736 1449 791 redituri
1478 735 1532 789 in
1590 735 1829 805 priorem
1886 733 2085 789 locum.

494 823 602 879 Sed
634 824 769 880 sicut
802 823 1003 896 ﬁgulus
1033 825 1079 879 si
1111 842 1203 879 vas
1234 827 1448 880 noverit
1502 824 1723 890 factum,
1759 823 2000 893 frangat,
2036 830 2087 877 et

494 912 563 967 de
594 913 786 968 eodem
810 913 920 968 luto
950 913 1098 969 aliud
1124 915 1304 977 faciat,
1338 930 1444 968 non
1463 914 1751 969 attendens
1773 912 1918 982 quod
1940 911 2089 982 prius

491 1018 625 1057 ansa
656 1003 739 1057 vel
771 1002 969 1057 fundus
1001 1002 1180 1070 fuerit,
1223 1004 1296 1057 ita
1329 1003 1587 1058 formator
1617 1004 1763 1057 Deus
1791 1002 1860 1056 de
1891 1002 2088 1056 eadem

492 1099 721 1154 materia
750 1100 895 1155 aliud
923 1116 1122 1169 corpus
1154 1100 1278 1158 huic
1339 1100 1497 1155 valde
1537 1100 1710 1155 simile
1744 1098 2084 1165 reformabit,

492 1188 578 1243 cui
609 1189 786 1243 omnis
816 1189 1135 1245 deformitas
1175 1198 1223 1245 et
1281 1189 1576 1243 infirmitas
1607 1190 1769 1252 absit,
1822 1195 1875 1242 et
1909 1188 2087 1242 omnis

492 1277 778 1350 integritas
836 1287 889 1335 et
918 1279 1083 1335 decor
1138 1279 1297 1345 adsit,
1360 1278 1606 1351 quamvis
1664 1277 2088 1349 unumquodque

496 1375 802 1430 membrum
838 1378 980 1432 Deus
1009 1377 1063 1431 in
1096 1394 1250 1432 suum
1283 1378 1462 1433 locum
1494 1378 1754 1432 decenter
1783 1383 2090 1431 restaurare

496 1464 688 1535 possit.
736 1463 841 1534 Qui
884 1465 971 1521 hic
1028 1466 1334 1521 habuerunt
1383 1466 1507 1520 bina
1566 1466 1743 1536 capita
1793 1465 1881 1520 vel
1937 1466 2090 1536 plura

497 1553 764 1619 membra,
800 1554 887 1609 vel
926 1555 1121 1627 quibus
1168 1554 1453 1610 defuerunt
1474 1555 1677 1625 aliqua,
1708 1563 1799 1608 aut
1855 1554 2090 1627 pingues

494 1640 582 1696 vel
612 1642 777 1698 macri
812 1641 1049 1713 fuerunt,
1081 1654 1367 1717 resurgcnt
1398 1644 1529 1700 tales
1559 1646 1587 1699 ?
1618 1644 1721 1713 Qui
1749 1643 1836 1699 hic
1862 1645 1971 1698 duo
2001 1659 2089 1699 ca-

495 1738 603 1808 pita
660 1739 965 1794 habuerunt
1022 1741 1130 1796 duo
1177 1743 1339 1797 etiam
1396 1756 1627 1812 corpora
1678 1749 1983 1813 resurgant,
2027 1748 2084 1794 ut
2114 1719 2168 1781 Β

498 1844 836 1900 unaquaeque
873 1831 1053 1884 anima
1088 1831 1285 1885 habeat
1344 1848 1544 1902 corpus
1594 1848 1768 1895 suum,
1820 1830 1907 1885 cui
1961 1830 2096 1902 nihil

492 1898 774 1977 indecens,
812 1914 944 1968 nihil
976 1915 1216 1971 deforme
1244 1898 1534 1985 adlimreat,
1558 1924 1609 1970 et
1641 1915 1823 1970 omnia
1854 1898 2094 1969 membra

492 2025 629 2066 sana
684 2018 737 2066 et
794 2012 1006 2081 integra
1036 2014 1185 2068 omni
1235 2014 1639 2084 pulchritudine
1670 2013 1829 2084 plena
1868 2013 2088 2068 habeat.

488 2097 649 2168 Quod
679 2100 908 2156 sentitur
938 2103 1004 2156 de
1034 2103 1294 2158 abortivis
1323 2103 1350 2156 ‘?
1380 2106 1436 2157 In
1473 2111 1730 2173 quantum
1776 2110 1859 2157 est
1905 2117 2093 2155 semen

494 2198 753 2260 resurget
782 2189 835 2243 in
892 2198 1084 2261 patre;
1118 2192 1170 2245 in
1226 2195 1485 2262 quantum
1533 2191 1755 2262 sanguis
1786 2191 1978 2245 matris
2002 2206 2093 2245 re-

492 2288 682 2349 surget
711 2278 764 2332 in
797 2286 993 2334 matre-
1025 2278 1222 2348 Qualia
1241 2296 1475 2351 corpora
1505 2280 1783 2335 habebunt
1811 2281 1838 2332 ‘2
1868 2282 2097 2334 Immor-

497 2374 628 2428 talia
658 2383 708 2429 et
741 2375 1190 2447 incorruptibilia,
1216 2377 1501 2447 splendida
1532 2382 1591 2431 ut
1619 2378 1818 2433 vitrum
1849 2377 2095 2448 praeluci-

493 2462 623 2518 dum
638 2504 650 2517 .
682 2463 917 2533 Reprobi
939 2465 1185 2536 quamvis
1207 2466 1451 2521 similiter
1470 2467 1817 2533 immortalia,
1843 2466 2094 2538 quamvis

493 2551 613 2606 sine
656 2552 764 2607 fine
818 2552 1075 2620 dolentia,
1143 2554 1421 2609 habebunt
1459 2555 1621 2610 etiam
1661 2556 2094 2626 incorruptibilia

495 2639 552 2695 in
582 2641 703 2707 hoc,
746 2641 995 2712 quamvis
1052 2643 1309 2698 omnibus
1361 2644 1538 2714 pcrnis
1584 2644 1902 2711 afﬁciantur,
1980 2662 2091 2700 non

498 2737 926 2796 consumuntur;
987 2738 1037 2786 et
1095 2732 1232 2787 sicut
1260 2731 1471 2788 illorum
1501 2748 1737 2804 corpora
1770 2733 2093 2789 immortalia

493 2824 927 2897 incorruptibilia
960 2836 1012 2884 et
1042 2828 1347 2900 splendida,
1390 2830 1461 2885 ita
1501 2838 1552 2885 et
1590 2830 1811 2886 istorum
1865 2831 2093 2886 immor-

491 2914 639 2982 talia,
670 2915 1113 2987 incorruptibilia
1143 2927 1193 2974 et
1234 2920 1542 2975 tenebrosa.
1587 2921 1696 2975 Has
1730 2919 1862 2975 duas
1903 2936 2093 2975 resur-

492 3003 783 3072 rectiones,
822 3006 1147 3073 animarum,
1190 3008 1399 3065 scilicet
1429 3016 1479 3064 et
1543 3024 1859 3078 corporum,
1925 3010 2089 3065 Chri-

489 3108 574 3156 tus
605 3117 705 3156 sua
733 3102 891 3157 nobis
922 3104 1321 3160 resurrectione
1352 3106 1779 3162 commendavit.

564 3218 662 3275 Ubi
690 3222 883 3273 autem
903 3223 1182 3276 manserit
1203 3222 1328 3277 illos
1351 3237 1418 3275 XL
1448 3222 1565 3278 dies
1579 3226 1702 3294 post
1724 3226 2089 3280 resurrectio-

492 3319 644 3369 nem,
677 3305 743 3359 de
773 3304 874 3360 hoc
912 3307 1213 3376 quwritur.
1247 3307 1501 3361 Creditur
1541 3308 1682 3361 enim
1715 3308 1857 3380 quod
1896 3309 1950 3363 in
1992 3317 2093 3363 ter-

495 3408 632 3447 reno
662 3392 918 3463 paradiso
982 3410 1103 3449 cum
1138 3393 1258 3449 Elia
1314 3404 1370 3449 et
1419 3397 1629 3462 Enoch,
1663 3404 1715 3451 et
1741 3413 1863 3452 cum
1887 3397 1970 3451 his
2003 3399 2097 3469 qui

488 3503 613 3544 cum
646 3505 712 3544 eo
743 3500 1115 3556 surrexerunt,
1171 3510 1292 3565 quae
1337 3493 1588 3549 dicuntur
1617 3496 1861 3551 suscitati
1894 3501 1953 3551 ut
1987 3497 2095 3551 La-

488 3593 669 3641 zarus,
705 3580 1043 3635 mansitaret.
1070 3582 1404 3637 Christianus
1425 3583 1614 3638 doctor
1629 3585 1867 3640 eximius
1899 3585 2095 3657 (Chry-

491 3670 789 3730 sostomus)
840 3667 989 3731 dicit,
1043 3669 1168 3723 licet
1203 3681 1551 3726 monumenta
1581 3682 1772 3744 aperta
1820 3675 1875 3730 in
1918 3682 2095 3734 morte

491 3762 691 3819 Christi
723 3763 956 3818 fuissent
985 3766 1208 3831 (Matth.
1257 3769 1452 3837 xxv"),
1485 3776 1666 3824 tamen
1704 3773 1895 3826 mortui
1926 3790 1990 3828 ex
2011 3775 2093 3830 eis

492 3868 602 3906 non
632 3853 1049 3922 resurrexerint,
1080 3856 1182 3910 nisi
1213 3865 1339 3926 post
1370 3859 1658 3913 Dominum
1691 3871 2091 3935 resurgentem,

489 3944 549 3991 ut
578 3936 647 3991 sit
677 3937 1078 4009 primogenitus
1109 3956 1178 3994 ex
1238 3942 1461 3996 mortuis
1498 3946 1675 4011 (Rom.
1729 3948 1869 4015 vni).
1902 3948 2098 4003 Nullus

492 4027 637 4083 enim
667 4035 793 4082 ante
824 4027 1096 4084 Christum
1129 4031 1449 4086 immortalis
1480 4034 1806 4100 resurrexit,
1841 4037 1938 4091 sed
1970 4053 2087 4092 om-

494 4140 594 4179 nes
623 4123 816 4179 iterum
847 4126 1048 4181 mortui
1077 4136 1200 4182 sunt
1231 4136 1288 4182 ut
1344 4130 1608 4185 Lazarus.
1662 4130 1757 4186 Isti
1788 4143 1969 4188 autem
2003 4137 2100 4206 qui

490 4229 610 4268 cum
661 4214 875 4270 Christo
935 4225 1303 4288 surrexerunt,
1372 4218 1712 4276 immortales
1768 4238 2095 4280 rcsurrexe-

492 4310 631 4368 runt,
674 4310 746 4367 et,
789 4319 855 4358 eo
938 4306 1286 4372 ascendente,
1331 4322 1454 4362 cum
1535 4309 1656 4381 ipso
1695 4313 2087 4369 ascenderunt.

492 4386 734 4488 Qualeonti‘
788 4386 1027 4488 formam
1079 4390 1262 4488 habuit
1294 4390 1538 4447 Christus
1578 4403 1703 4465 post
1732 4399 2091 4455 resurrectio-
2121 4426 2175 4488 D

496 4484 622 4523 nem
653 4469 911 4540 ?Septies
943 4472 1368 4542 splendidiorem
1401 4493 1559 4547 quam
1592 4478 1697 4532 sol.
1731 4479 1887 4549 Quali
1922 4481 2095 4538 forma

492 4565 745 4621 viderunt
775 4568 921 4623 enim
951 4569 1036 4625 sui
1065 4570 1229 4624 ?Tali
1256 4579 1310 4625 ut
1340 4580 1463 4628 ante
1494 4589 1620 4628 eum
1651 4576 1833 4631 videre
1866 4594 2099 4635 consue-

486 4663 712 4710 verant.
754 4657 1013 4728 Apparuit
1041 4659 1261 4713 vestitus
1280 4661 1307 4713 ?
1332 4660 1523 4716 Vestes
1541 4678 1610 4716 ex
1638 4679 1766 4720 aere
1787 4681 2098 4739 assumpse-

492 4757 599 4821 ral,
633 4770 755 4825 quae
786 4769 849 4808 eo
880 4753 1234 4821 ascendente,
1268 4755 1321 4810 in
1352 4773 1530 4813 aerem
1568 4771 1924 4817 evanuerunt.
1952 4763 2099 4833 Quo-

492 4843 594 4897 ties
651 4843 955 4914 apparuit?
1020 4844 1369 4913 Duodecies;
1421 4855 1473 4902 et
1504 4847 1676 4919 prima
1740 4850 1827 4907 die
1870 4854 2038 4909 octies
2080 4873 2093 4908 :

491 4933 691 4999 Primo,
725 4932 929 5004 Joseph
956 4933 1025 4988 ab
1057 4933 1369 4990 Arimathea
1400 4952 1624 4992 carcere
1656 4938 1707 4992 in
1737 4956 1846 5010 quo
1876 4943 2094 5012 positus

492 5040 626 5099 erat,
672 5049 737 5089 eo
777 5032 919 5105 quod
986 5049 1111 5088 eum
1151 5034 1495 5104 sepeliverat,
1540 5044 1597 5090 ut
1662 5037 1943 5110 Scriptura
1995 5041 2098 5096 Ni-

494 5121 706 5177 codemi
734 5122 1019 5188 declarat;
1054 5124 1317 5190 secundo,
1370 5126 1528 5180 matri
1559 5143 1694 5192 suae,
1749 5137 1805 5184 ut
1838 5130 2097 5186 Sedulius

494 5210 842 5276 manifestat;
876 5211 1053 5277 tertio,
1115 5214 1301 5268 Mariae
1366 5215 1726 5286 Magdelenre,
1787 5227 1845 5273 ut
1883 5221 2099 5277 Marcus

491 5307 684 5361 asserit
710 5325 723 5371 ;
751 5317 963 5378 quarto,
997 5310 1210 5364 duobus
1240 5327 1269 5364 a
1316 5312 1564 5383 sepulcro
1596 5317 2009 5385 revertentibus,
2044 5328 2101 5375 ut

498 5396 785 5451 Matthmus
808 5398 998 5468 pandit
1031 5417 1044 5462 ;
1080 5400 1284 5469 quinto,
1320 5402 1547 5469 Jacobo,
1600 5413 1653 5458 ut
1682 5405 1876 5461 Paulus
1923 5415 2100 5463 testa-

497 5501 602 5562 tur,
647 5494 738 5566 qui
796 5511 855 5550 se
895 5497 949 5549 in
989 5507 1148 5552 sexta
1190 5496 1325 5552 feria
1374 5501 1673 5555 devoverat
1729 5518 1835 5557 non
1865 5506 2098 5560 mandu-

495 5604 769 5660 caturum,
830 5597 1007 5656 donec
1046 5600 1263 5656 videret
1302 5602 1580 5657 Christum
1649 5604 1832 5660 vivum
1867 5624 1881 5670 ;
1924 5612 2099 5672 sexto,

494 5711 717 5769 quoque
758 5697 935 5765 Petro,
977 5705 1032 5752 ut
1070 5700 1242 5754 Lucas
1283 5698 1490 5769 fatetur,
1526 5700 1618 5772 qui
1657 5712 1883 5775 propter
1913 5721 2100 5780 nega-

2199 454 2451 524 septimo,
2484 454 2699 509 duobus
2729 454 2783 508 in
2815 454 2902 510 via
2959 450 3242 516 Emmaus,
3282 454 3340 504 ut
3391 449 3583 503 iterum
3619 449 3796 504 Lucas

2197 543 2476 613 loquitur;
2519 553 2726 608 octavo,
2779 539 3248 612 omnibusjanuis
3296 536 3500 595 clausis
3528 537 3586 591 in
3643 550 3794 603 sero,

2198 640 2255 687 ut
2280 630 2521 687 Joannes
2552 631 2810 688 describit
2843 651 2856 696 ;
2898 646 3044 686 nono
3074 629 3129 683 in
3202 636 3394 683 octava
3420 626 3531 691 die,
3572 624 3798 696 quando

2197 745 2321 784 eum
2350 729 2587 783 Thomas
2619 729 2859 799 palpavit
2893 747 2906 789 ;
2932 726 3146 783 decimo
3176 726 3243 780 ad
3265 741 3412 779 mare
3449 720 3796 789 Tiberiadis;

2198 817 2488 872 undecimo
2514 817 2567 871 in
2600 827 2784 872 monte
2816 815 3094 881 Galilaeae;
3128 813 3448 870 duodecimo
3478 811 3803 868 recumben-

2198 901 2337 957 tibus
2365 918 2419 956 χι
2449 902 2750 972 discipulis.

2269 1019 2395 1074 Haac
2424 1026 2548 1072 sunt
2575 1018 2779 1089 gaudia
2809 1025 3007 1073 nostrae
3035 1015 3339 1072 festivitatis
3373 1030 3497 1086 quae
3542 1012 3798 1067 Christus

2197 1123 2294 1162 sua
2324 1108 2725 1163 resurrectione
2744 1107 2972 1163 contulit
3002 1105 3181 1161 nobis.
3205 1105 3377 1177 Igitur
3393 1103 3514 1173 (sic)
3534 1102 3801 1157 siverum

2197 1197 2411 1251 Pascha
2441 1196 2718 1252 celebrare
2749 1196 3019 1262 volumus,
3062 1195 3107 1249 si
3146 1193 3293 1266 quod
3328 1208 3511 1247 rerum
3562 1199 3616 1246 et
3651 1197 3805 1245 tem-

2196 1302 2386 1357 porum
2418 1285 2691 1356 mysteriis
2741 1283 3137 1358 significamus,
3180 1282 3295 1338 vita
3330 1287 3386 1337 et
3423 1280 3669 1335 moribus
3714 1286 3798 1334 te-

2197 1399 2423 1439 neamus
2455 1398 2692 1453 semper.
2718 1381 2930 1438 Idcirco
2977 1381 3118 1435 enim
3151 1387 3399 1435 sanctum
3429 1378 3637 1434 Pascha
3659 1376 3801 1432 albis

2198 1483 2271 1523 vu
2299 1468 2493 1522 diebus
2542 1466 2910 1532 celebramus,
2961 1474 3019 1520 ut
3047 1464 3373 1520 munditiam
3402 1463 3678 1533 corporis,
3746 1468 3803 1517 et

2197 1557 2436 1613 laetitiam
2477 1555 2895 1612 resurrectionis
2954 1571 3171 1626 semper
3211 1555 3414 1609 habere
3452 1568 3793 1607 mereamur.

2199 1654 2355 1710 Unde
2385 1670 2486 1725 per
2524 1653 2859 1723 Sapientiam
2882 1652 3084 1709 dicitur
3114 1669 3127 1706 :
3156 1674 3178 1700 α
3216 1649 3379 1707 Omni
3407 1657 3657 1720 tempore
3695 1649 3806 1703 sint

2203 1751 2293 1798 tua
2326 1742 2653 1798 vestimenta
2681 1742 2824 1808 alba,
2867 1749 2920 1797 et
2986 1741 3166 1796 oleum
3225 1740 3295 1795 de
3325 1739 3499 1808 capite
3527 1747 3621 1794 tuo
3655 1753 3806 1793 nun-

2202 1848 2365 1905 quam
2396 1830 2615 1887 deﬁciat
2649 1832 2863 1899 (Eccle.
2901 1829 3003 1900 ιχ).
3070 1828 3228 1896 Quod
3274 1828 3562 1883 estdicere
3595 1845 3610 1882 :
3642 1827 3807 1881 Nun-

2202 1937 2367 1993 quam
2426 1919 2693 1974 munditia
2748 1934 2781 1973 a
2821 1933 3080 1989 corpore,
3115 1932 3393 1987 nunquam
3441 1915 3627 1972 laetitia
3654 1914 3810 1986 spiri-

2200 2006 2321 2060 talis
2351 2004 2495 2059 absit
2523 2020 2553 2058 a
2583 2004 2771 2060 corde.
2805 2004 2922 2059 Hoc
2951 2003 3097 2057 idem
3151 1999 3519 2074 signiﬁcabat,
3550 2017 3674 2057 cum
3705 2000 3810 2055 Ju-

2201 2105 2387 2161 daicus
2417 2104 2656 2175 populus
2686 2111 2814 2173 post
2844 2118 2997 2156 esum
3029 2100 3159 2172 agni
3215 2109 3426 2173 septem
3449 2100 3646 2155 diebus
3672 2115 3808 2171 azy-

2200 2190 2304 2245 mis
2350 2189 2587 2245 vcscitur
2619 2206 2633 2242 :
2685 2188 2833 2259 quod
2890 2186 3190 2257 Apostolus
3218 2185 3274 2240 in
3305 2201 3362 2241 re
3391 2183 3703 2256 signiﬁcata
3731 2186 3811 2241 ita

2200 2287 2586 2356 interpretatur
2618 2299 2630 2338 :
2662 2308 2684 2331 «
2718 2284 3038 2354 Expurgate
3093 2291 3252 2338 vetus
3311 2280 3657 2350 fermentum,
3690 2290 3800 2338 etc.

2199 2374 2249 2437 (I
2277 2375 2399 2429 Cor.
2433 2373 2517 2444 ν.)
2554 2396 2576 2421 η
2610 2375 2689 2428 Ac
2721 2373 2766 2427 si
2795 2372 2940 2428 dicat
2973 2388 2985 2425 :
3023 2373 3093 2428 Ut
3154 2371 3224 2427 ad
3278 2370 3671 2426 celebrandum
3702 2386 3810 2427 ve-

2198 2479 2323 2518 rum
2355 2463 2564 2517 Pascha
2597 2469 2653 2516 et
2680 2461 2962 2517 edendum
2986 2476 3206 2516 carnem
3234 2460 3348 2515 veri
3366 2459 3509 2532 Λευὶ
3539 2467 3593 2515 et
3621 2460 3812 2515 imma-

2199 2550 2365 2607 culati
2397 2550 2515 2605 sitis
2542 2549 2748 2616 idonei,
2781 2559 3080 2621 expurgate
3127 2557 3283 2605 vetus
3310 2548 3661 2616 fermentum,
3683 2552 3797 2606 etc.

2198 2648 2352 2703 Tolle
2406 2655 2561 2702 vetus
2607 2653 2916 2718 peccatum,
2981 2653 3040 2700 ut
3097 2644 3215 2700 sitis
3278 2660 3423 2701 nova
3473 2644 3808 2717 conspersio

2199 2736 2407 2805 (ibid.),
2439 2735 2496 2790 id
2553 2743 2636 2791 est
2691 2735 2990 2789 novitatem
3037 2734 3161 2789 vitae
3216 2732 3582 2804 recuperatis,
3641 2748 3811 2806 quam

2199 2825 2255 2879 in
2299 2823 2516 2880 lavacro
2574 2822 2830 2894 baptismi
2876 2822 3189 2894 accepistis.
3254 2821 3388 2877 Cum
3435 2821 3581 2877 enim
3622 2836 3811 2894 popu-

2199 2921 2282 2977 lus
2312 2921 2378 2976 ad
2409 2919 2574 2977 ﬁdem
2619 2920 2845 2995 veniens
2904 2920 3319 2977 cathechizatur
3348 2920 3503 2991 quasi
3545 2919 3801 2976 molitur.

2196 3012 2265 3066 Et
2294 3010 2431 3066 sicut
2476 3010 2763 3067 diversitas
2794 3024 3091 3083 granorum
3122 3025 3223 3081 per
3250 3009 3453 3064 molam
3492 3008 3563 3064 ad
3594 3008 3804 3065 unani-

2118 3070 2169 3134 δ
2194 3100 2437 3155 mitatem
2465 3100 2695 3173 cogitur,
2713 3070 3110 3155 sicvdiversitas
3123 3070 3456 3170 populorum
3477 3113 3579 3169 per
3596 3098 3809 3153 instrn-

2194 3188 2431 3245 ctionem
2459 3189 2513 3243 in
2544 3187 2839 3260 quamdam
2894 3186 3303 3243 unanimitatem
3333 3186 3630 3244 adunatur.
3694 3186 3812 3244 Sed

2199 3286 2442 3340 nondum
2473 3293 2556 3340 est
2585 3284 2896 3341 conversio.
2946 3284 3175 3341 Accedit
3211 3299 3348 3356 aqua
3405 3293 3458 3340 et
3500 3283 3561 3338 ﬁt
3615 3283 3806 3356 panis,

2199 3376 2338 3429 sicut
2391 3373 2497 3428 alio
2556 3373 2678 3429 loco
2753 3372 2884 3429 dicit
2931 3371 3227 3443 Apostolus
3285 3389 3300 3427 :
3371 3395 3393 3421 α
3429 3373 3582 3429 Unus
3627 3372 3808 3444 panis,

2198 3478 2365 3518 unum
2395 3477 2596 3533 corpus
2626 3477 2824 3516 sumus
2854 3461 2910 3516 in
2941 3460 3154 3517 Christo
3213 3460 3523 3534 quicunque
3563 3460 3634 3518 de
3662 3476 3813 3534 pane

2202 3561 2321 3632 ejus
2349 3560 2582 3626 edimus,
2616 3567 2670 3614 et
2700 3558 2869 3616 calice
2900 3559 3140 3614 bibimus
3171 3560 3226 3629 (I
3254 3561 3377 3616 Cor.
3406 3562 3483 3630 χ).
3520 3580 3544 3612 ι

2275 3667 2424 3723 Sicut
2480 3666 2609 3722 olim
2668 3665 3018 3722 circumcisio
3115 3674 3373 3738 quantum
3432 3666 3504 3723 ad
3558 3665 3811 3724 eﬂ'eetum

2204 3755 2546 3810 remissionis
2605 3762 2957 3825 peccatorum
3028 3754 3284 3827 baptismi
3330 3755 3504 3812 vicem
3559 3755 3811 3827 gerebat,

2204 3860 2354 3899 mare
2389 3853 2566 3900 autem
2592 3845 2816 3898 rubrum
2847 3843 3095 3913 ejusdem
3114 3844 3371 3916 baptismi
3399 3844 3815 3902 similitudinem

2206 3952 2258 3996 et
2288 3939 2520 4011 ﬁguram
2568 3940 2908 4012 prmfcrebat,
2945 3941 3020 3995 ita
3076 3956 3263 4013 agnus
3319 3942 3616 4014 paschalis,
3649 3943 3809 4013 cujus

2205 4046 2395 4086 carnes
2415 4045 2448 4084 a
2476 4028 2681 4100 papulo
2706 4029 3034 4097 edebantur,
3056 4037 3108 4085 et
3129 4031 3399 4104 sanguine
3417 4040 3606 4103 postes
3621 4031 3815 4089 domo-

2206 4136 2331 4175 rum
2361 4119 2723 4192 signabantur
2744 4119 2953 4189 (Exod.
3007 4134 3127 4189 xu),
3160 4119 3215 4174 in
3274 4120 3453 4193 figura
3480 4120 3813 4178 sacramenti

2207 4215 2456 4288 corporis
2488 4215 2685 4270 Christi
2719 4216 3016 4287 praecessit.
3050 4217 3345 4290 Postquam
3394 4226 3578 4274 autem
3608 4219 3817 4275 veritas

2204 4306 2372 4371 venit,
2406 4306 2624 4378 signum
2654 4320 2684 4361 e
2713 4305 2894 4361 medio
2955 4304 3227 4361 sublatum
3258 4314 3340 4362 est
3372 4325 3385 4362 :
3428 4324 3502 4363 ex
3531 4323 3640 4380 quo
3692 4308 3811 4378 jam

2204 4411 2313 4451 non
2344 4401 2459 4450 erat
2515 4409 2605 4449 res
2671 4410 2791 4465 qua:
2844 4393 3027 4449 futura
3069 4393 3487 4467 signiﬁcaretur,
3536 4396 3636 4452 sed
3689 4412 3813 4470 qua

2206 4499 2454 4556 praesens
2482 4482 2880 4554 perciperetur.
2916 4482 3112 4538 Mansit
3140 4492 3317 4540 tamen
3343 4483 3519 4558 ﬁgura
3548 4484 3813 4558 quamdiu

2205 4600 2292 4638 res
2322 4582 2562 4638 nondum
2594 4580 2691 4637 fuit
2724 4597 2736 4652 ;
2769 4590 2821 4637 et
2852 4582 3168 4638 exhibitium
3191 4583 3346 4655 prius
3376 4592 3460 4639 est
3489 4583 3543 4638 in
3572 4583 3817 4641 similitu-

2206 4671 2333 4727 dine
2365 4670 2508 4743 quod
2538 4671 2884 4741 postmodum
2919 4671 3303 4743 complendum
3335 4671 3524 4729 eratin
3554 4672 3811 4729 veritate.

2206 4762 2471 4833 Egyptus
2528 4760 2787 4827 mundus,
2847 4761 3237 4817 exterminator
3286 4762 3558 4829 diabolus,
3616 4764 3810 4835 Agnus

2208 4858 2473 4917 Christus.
2509 4857 2735 4929 sanguis
2763 4858 2893 4929 agni
2932 4858 3120 4929 passio
3174 4858 3397 4926 Christi,
3456 4858 3655 4915 domus
3683 4858 3811 4915 ani-

2206 4962 2423 5002 marum
2456 4961 2711 5017 corpora,
2772 4947 2970 5002 domus
3024 4948 3414 5020 cogitationum
3439 4948 3636 5004 corda.
3682 4949 3812 5004 Haec

2207 5035 2478 5103 sanguine
2508 5035 2772 5107 tingimus
2802 5051 2901 5107 per
2959 5036 3234 5107 passionis
3284 5035 3450 5093 ﬁdem
3507 5036 3602 5093 illa
3674 5052 3812 5093 san-

2209 5124 2373 5195 guine
2405 5124 2665 5195 tingimus
2715 5140 2816 5194 per
2874 5125 3147 5196 passionis
3185 5124 3544 5182 imitationem
3607 5126 3811 5193 crucis,

2209 5222 2426 5296 signum
2458 5221 2602 5276 intus
2631 5230 2683 5277 et
2704 5221 2836 5277 foris
2866 5230 3215 5293 opponentes
3237 5231 3435 5279 contra
3463 5222 3814 5279 adversarias

2211 5314 2529 5378 potestates.
2549 5307 2797 5378 Denique
2818 5322 3012 5362 carnes
3039 5306 3167 5380 agni
3196 5307 3814 5380 comedimus,qnando,

2210 5396 2264 5450 in
2319 5404 2664 5451 sacramento
2718 5412 2904 5451 verum
2929 5411 3126 5467 corpus
3192 5396 3309 5464 ejus
3372 5396 3658 5463 sumendo,
3716 5411 3818 5466 per

2209 5494 2374 5550 ﬁdem
2406 5501 2459 5549 et
2487 5493 2833 5550 dilectionem
2865 5493 3081 5550 Christo
3134 5494 3577 5566 incorporamur.
3642 5492 3815 5548 Alibi.

2214 5600 2372 5669 Quod
2396 5600 2757 5658 manducatur
2777 5601 3179 5673 incorporatur.
3200 5600 3432 5671 Quando
3451 5607 3628 5656 autem
3650 5598 3819 5656 Chri-

2213 5708 2282 5764 sti
2312 5723 2438 5765 caro
2470 5708 2846 5778 manducatur,
2913 5723 3024 5764 non
3055 5707 3150 5782 qui
3175 5708 3564 5778 manducatur,
3594 5705 3694 5765 sed
3722 5707 3819 5782 qui
