4062 6074
342 200 451 261 929

1257 189 1841 253 DEFLORATIONES
1878 186 1987 256 SS.
2026 184 2329 246 PATRUM.
2369 219 2437 232 —-
2475 182 2603 243 LIB.
2643 187 2699 246 Ι.

3548 185 3652 238 930

338 328 631 384 manducat
659 326 707 383 ei
737 342 898 396 quem
930 323 1217 380 manducat
1246 322 1636 392 incorporatur.
1668 319 1874 374 Idcirco
1904 336 1937 374 a
1963 316 2020 377 A
2054 316 2226 389 tingit,
2260 331 2374 370 rem
2403 313 2721 369 sacramenti
2752 310 2933 377 habet,
2965 308 3212 380 quamvis
3252 315 3645 363 sacramentum

345 417 519 473 voluit
564 416 804 471 Christus
851 430 883 469 a
924 413 1082 469 nobis
1126 411 1459 477 manducari,
1509 418 1566 465 ut
1596 426 1696 465 nos
1723 409 1825 463 sibi
1857 408 1946 462 in-

341 511 673 575 corporaret,
707 506 810 559 hoc
867 509 946 558 est
1007 508 1402 557 sacramentum
1454 498 1697 568 corporis
1730 496 1943 566 Christi,

345 610 401 658 et
426 618 513 657 res
540 599 862 657 sacramenti
893 598 1137 670 corporis
1182 597 1402 653 Christi.
1443 595 1548 665 Qui
1578 594 1868 650 manducat
1896 601 1949 648 et

346 690 721 761 incorporatur
794 694 1190 743 sacramentum
1246 685 1427 754 habet,
1486 692 1539 739 et
1591 700 1704 738 rem
1763 699 1946 738 sacra—

350 779 546 836 menti.
585 777 690 848 Qui
747 777 1037 833 manducat
1075 784 1259 832 etnon
1317 776 1705 846 incorporatur,
1763 789 1948 828 sacra-

349 886 591 934 mentum
639 876 822 945 habet,
884 875 978 931 scd
1033 891 1147 929 rem
1218 872 1537 929 sacramenti
1590 888 1701 927 non
1751 870 1939 925 habet.

349 965 441 1023 Sic
469 964 560 1037 qui
609 964 1003 1037 incorporatur,
1055 963 1216 1019 etiam
1247 962 1291 1017 si
1320 961 1647 1018 manducare
1675 974 1783 1015 non
1811 974 1947 1015 con-

2055 421 2162 461 non
2219 405 2438 460 habeat.
2506 402 2610 471 Qui
2666 401 2846 468 sumit,
2896 405 3289 454 sai-ramentum
3332 396 3513 451 habet.
3546 395 3650 465 Qui

2054 503 2221 560 credit
2247 510 2299 557 et
2326 501 2521 573 diligit,
2552 516 2668 554 rem
2697 496 3018 553 sacramenti
3068 494 3256 551 habet.
3290 493 3482 548 Melius
3517 509 3649 565 ergo

2056 600 2136 648 est
2191 591 2288 654 illi,
2349 590 2439 660 qui
2496 588 2667 644 credit
2721 595 2774 641 et
2829 585 3025 657 diligit,
3078 585 3240 638 etiam
3270 584 3315 637 si
3359 599 3571 637 sumere
3601 590 3652 637 et

2055 681 2381 736 manducare
2412 694 2519 734 non
2550 677 2738 748 possit,
2768 691 2929 745 quam
2981 674 3069 728 ille
3102 673 3192 742 qui
3220 673 3381 726 sumit
3408 680 3463 727 et
3489 688 3648 726 man-

2056 780 2232 846 ducat,
2262 785 2315 834 et
2343 794 2451 834 non
2481 776 2667 842 credit,
2722 790 2822 830 nec
2878 772 3089 845 diligit;
3122 771 3208 828 vel
3236 771 3280 825 si
3326 770 3510 840 credit,
3543 786 3652 825 non

2056 869 2251 941 diligit.

1282 1268 1660 1373 FERIA
1738 1261 2321 1371 SECUNDA
2409 1255 2980 1361 PASCHE.

1650 1509 2042 1579 Secundum
2082 1507 2363 1571 Lucam.

422 1705 542 1762 Duo
574 1720 642 1760 ex
666 1704 943 1777 discipulis
970 1706 1095 1762 Jesu
1124 1704 1271 1761 ibant
1300 1705 1417 1776 ipsa
1445 1704 1533 1760 die
1564 1701 1618 1755 in
1648 1700 1943 1767 castellum,
1976 1698 2031 1759 B
2062 1711 2160 1749 nus
2188 1700 2309 1764 post
2337 1689 2777 1746 resurrectionem
2822 1687 3140 1759 quibusdam
3190 1690 3470 1761 utriusque
3497 1708 3657 1749 sexus

350 1794 497 1867 quod
553 1802 667 1849 erat
722 1794 775 1848 in
831 1795 1006 1865 spatio
1063 1794 1359 1850 stadiorum
1389 1810 1461 1848 1.x
1491 1789 1943 1855 abHierusalem,

347 1882 587 1939 nominee
634 1883 915 1938 Emmaus.
985 1884 1048 1938 Et
1097 1883 1199 1953 ipsi
1247 1882 1602 1952 loquebantur
1644 1879 1946 1935 adinvicem

348 1979 416 2036 de
442 1980 526 2035 his
553 1980 803 2035 omnibus
833 1996 953 2050 quae
982 1981 1287 2035 acciderant
1314 1981 1467 2051 (Luc.
1504 1980 1678 2037 xxtvl.

421 2069 654 2124 Narrant
682 2069 846 2140 grumi
877 2068 1164 2140 scriptores
1207 2069 1485 2141 gigantem
1528 2066 1807 2122 Herculem
1839 2079 1947 2119 uno

350 2157 590 2214 anhelitu
620 2172 763 2211 cxxv
788 2172 975 2227 passus
1031 2157 1343 2212 cucurrisse.
1397 2156 1604 2225 Quibus
1650 2152 1950 2209 constiterit

348 2254 596 2326 expletis,
657 2262 709 2309 et
765 2253 989 2310 astando
1045 2254 1354 2323 hujusmodi
1401 2253 1654 2325 spatium,
1715 2251 1943 2306 stadium

349 2343 582 2401 vocavit.
640 2343 729 2397 Est
785 2351 962 2398 autem
1020 2343 1251 2398 stadium
1309 2350 1500 2397 octava
1542 2358 1667 2411 pars
1703 2339 1940 2408 miliarii,

350 2438 403 2486 et
431 2447 500 2485 ιχ
547 2431 719 2486 stadia
764 2448 839 2486 vn
885 2430 1174 2487 conficiunt
1220 2431 1489 2497 milliaria,
1522 2438 1575 2485 et
1602 2429 1943 2485 medietatem

342 2527 546 2585 octavi.
613 2527 746 2597 Quae
774 2528 830 2582 in
858 2545 1070 2584 summa
1117 2528 1353 2597 redacta,
1398 2528 1585 2601 leugas
1636 2535 1739 2581 tres
1768 2525 1941 2582 conﬁ-

348 2616 516 2683 ciunt,
549 2624 603 2672 et
630 2617 835 2672 dodran
866 2626 1087 2688 quartae.
1129 2620 1314 2688 Itaque
1345 2634 1412 2671 1.x
1443 2617 1614 2671 stadia
1654 2631 1731 2671 vn
1760 2632 1945 2686 passus

350 2713 404 2762 et
432 2706 755 2779 quingentos
787 2705 1109 2780 signiﬁcant.
1143 2706 1301 2777 Quod
1328 2707 1558 2778 spatium
1580 2705 1782 2759 itineris
1806 2705 1944 2759 bene

350 2805 603 2878 congruit
636 2805 714 2859 eis
759 2806 847 2876 qui
894 2805 961 2862 de
1020 2814 1192 2861 morte
1243 2823 1305 2861 ac
1349 2806 1620 2875 sepultura
1654 2803 1947 2859 Salvatoris

350 2893 499 2959 certi,
530 2893 678 2948 dubii
710 2893 777 2949 de
800 2894 1189 2950 resurrectione
1236 2894 1638 2966 gradiebantur.
1680 2894 1817 2947 Nam
1852 2910 1942 2947 re-

351 2981 738 3037 surrectionem
787 2998 907 3052 qua)
956 2990 1075 3053 post
1118 2982 1402 3053 septimam
1435 2981 1644 3037 sabbati
1677 2979 1815 3035 facta
1844 2988 1941 3049 est,

351 3079 544 3127 octavo
586 3087 811 3126 numero
868 3071 1127 3127 contineri
1185 3071 1303 3141 quis
1359 3070 1643 3143 ambigit‘?
1691 3069 1949 3139 Discipuli

355 3184 488 3241 ergo
526 3168 615 3238 qui
646 3169 712 3223 de
742 3169 974 3224 Domino
1030 3169 1309 3239 loquentes
1364 3168 1685 3224 incedebant
1738 3175 1948 3222 sextum

353 3256 553 3329 incepti
613 3258 816 3313 itineris
872 3258 1164 3313 milliarum
1222 3257 1648 3329 compleverunt,
1681 3257 1770 3327 qui
1799 3257 1949 3310 illum

351 3346 468 3402 sine
493 3348 709 3418 querela
736 3348 1009 3403 viventem
1029 3365 1196 3417 usque
1228 3347 1295 3402 ad
1328 3355 1572 3413 mortem,
1609 3363 1769 3417 quam
1799 3353 1952 3401 sexta

355 3435 578 3492 Sabbati
609 3436 790 3505 subiit,
836 3437 1143 3507 pervenisse
1198 3436 1470 3491 delebant.
1533 3436 1952 3507 Compleverunt

354 3532 409 3580 et
438 3525 747 3596 septimum,
781 3526 906 3596 quia
952 3527 1093 3581 hunc
1154 3524 1208 3579 in
1264 3525 1509 3596 sepulcro
1550 3524 1816 3595 quievisse
1843 3540 1951 3579 non

353 3612 696 3669 dubitabant.
755 3614 954 3670 Verum
1014 3622 1265 3671 octavum
1322 3614 1546 3668 minime
1604 3619 1947 3685 peregerunt,

358 3712 483 3784 quia
510 3712 914 3768 resurrectionis
941 3712 1171 3785 gloriam
1203 3728 1311 3767 non
1357 3712 1591 3784 perfecte
1642 3711 1948 3766 credebant.

355 3797 619 3852 Emmaus
670 3805 749 3852 est
800 3797 1078 3868 Nicopolis
1124 3797 1312 3853 civitas
1366 3797 1593 3869 insignis
1648 3797 1949 3864 Palestina),

358 3903 480 3957 qua?
508 3893 629 3957 post
656 3888 1112 3958 expugnationem
1162 3887 1364 3942 Iudaeae
1393 3886 1492 3941 sub
1520 3887 1700 3942 Marco
1740 3886 1952 3941 Aurelio

355 3985 588 4041 Antonio
641 3985 883 4058 principe
942 3994 1254 4054 restaurata,
1313 4002 1435 4041 cum
1480 3993 1619 4040 statu
1648 3985 1875 4040 mutavit
1903 3993 1955 4039 et

356 4090 556 4131 nomen
569 4116 583 4129 .

432 4187 455 4214 α
490 4164 556 4218 Et
584 4163 784 4219 factum
817 4171 895 4218 est
923 4163 1051 4218 dum
1083 4164 1469 4229 fabularentur,
1504 4171 1556 4218 ct
1585 4180 1766 4219 secum
1798 4176 1954 4233 quaa-

356 4260 555 4321 rerent,
589 4253 1029 4324 appropinquans
1084 4253 1197 4307 ibat
1249 4269 1370 4308 cum
1428 4253 1549 4307 illis.
1586 4252 1739 4308 Oculi
1768 4266 1954 4306 eorum

356 4341 694 4409 tenebantur,
726 4358 795 4398 ne
824 4358 944 4398 eum
990 4350 1361 4414 agnoscerent.
1388 4365 1411 4390 η
1458 4342 1843 4397 Fabularentur
1871 4356 1958 4395 ac-

2056 1781 2367 1839 hominibus
2414 1788 2467 1834 et
2506 1779 2719 1851 agnitus
2775 1793 2883 1832 non
2933 1778 3017 1845 sit,
3080 1786 3133 1832 et
3189 1780 3403 1851 agnitus
3430 1781 3515 1835 sit.
3549 1782 3653 1838 Ubi

2057 1871 2290 1942 primum
2322 1868 2511 1939 quaerit
2539 1867 2673 1921 solet
2703 1874 2876 1921 utrum
2908 1866 2959 1920 in
2991 1865 3108 1936 ejus
3123 1883 3351 1939 corpore
3378 1885 3447 1925 an
3476 1871 3655 1942 potius

2056 1967 2112 2020 in
2139 1967 2351 2020 illorum
2380 1965 2549 2021 oculis
2606 1964 2809 2033 aliquid
2868 1962 3065 2018 factum
3096 1964 3163 2018 sit
3197 1981 3303 2035 quo
3340 1983 3449 2021 non
3481 1968 3657 2038 possit

2057 2055 2298 2127 agnosci.
2361 2054 2579 2125 Legitur
2632 2053 2776 2108 enim
2812 2069 2824 2106 :
2863 2074 2884 2100 α
2921 2052 3264 2109 Tenebantur
3299 2055 3440 2110 oculi
3465 2072 3652 2112 eorum

2055 2160 2125 2200 ne
2169 2150 2524 2215 agnoscerent
2551 2158 2694 2196 cum.
2729 2163 2751 2188 »ι
2787 2141 2926 2195 Alibi
2958 2149 3140 2211 aperte
3169 2142 3401 2200 dicitur:
3439 2168 3461 2195 «ι
3490 2161 3654 2219 appa-

2055 2233 2161 2288 ruit
2188 2232 2294 2286 illis
2323 2231 2378 2285 in
2409 2230 2513 2285 alia
2543 2229 2722 2303 effigie
2751 2230 2942 2301 (Marc.
2975 2233 3111 2301 XVI).
3151 2254 3172 2280 υ

2127 2329 2234 2385 Sed
2264 2346 2358 2385 cur
2385 2345 2493 2384 non
2520 2336 2702 2384 movet
2731 2328 2874 2398 quod
2922 2328 2978 2382 in
3026 2327 3490 2401 transﬁguratione
3533 2339 3654 2389 ante

2056 2418 2361 2490 passionem
2393 2418 2567 2472 vultus
2614 2417 2731 2486 ejus
2768 2416 3082 2487 splendibus
3110 2417 3210 2471 fuit
3236 2425 3294 2472 ut
3321 2420 3422 2487 sol,
3456 2428 3508 2475 et
3533 2429 3656 2490 post

2054 2507 2503 2562 resurrectionem
2560 2513 2744 2561 movet
2785 2506 3122 2575 aliquatenus
3167 2506 3492 2563 lineamenta
3527 2526 3654 2565 mu-

2057 2603 2165 2651 tata
2196 2612 2331 2660 esse,
2364 2603 2421 2650 ut
2453 2611 2559 2649 non
2588 2602 2769 2663 posset
2806 2595 3049 2665 agnosci.
3083 2593 3155 2649 Et
3184 2611 3394 2650 rursum
3424 2597 3502 2651 sic
3531 2606 3655 2654 tunc

2056 2684 2337 2755 pristinum
2394 2683 2652 2750 colorem,
2685 2683 2761 2736 sic
2790 2690 2843 2736 et
2871 2690 2992 2753 post
3044 2684 3490 2739 resurrectionem
3537 2686 3656 2754 pri-

2056 2774 2194 2827 stina
2222 2772 2552 2827 lineamenta
2611 2786 2910 2824 revocasse.
2975 2771 3058 2825 Illi
3109 2778 3215 2825 tres
3251 2771 3500 2841 discipuli
3530 2781 3653 2830 ante

2056 2885 2282 2940 quorum
2310 2869 2493 2923 oculos
2522 2867 2925 2939 transﬁguratus
2955 2874 3035 2922 est
3079 2866 3133 2921 in
3163 2876 3364 2937 monte,
3397 2885 3506 2925 non
3536 2888 3658 2927 eum

2057 2964 2410 3029 agnoscerent
2463 2957 2505 3010 si
2556 2957 2675 3011 talis
2732 2956 2801 3011 ad
2874 2972 2967 3010 eos
3018 2956 3235 3011 aliunde
3282 2959 3532 3015 venisset.
3597 2960 3657 3017 Si

1981 3050 2031 3114 Ο
2063 3047 2181 3117 quis
2232 3046 2491 3115 juvenem
2549 3045 2755 3099 videret
2809 3060 2969 3113 quem
3027 3060 3133 3099 non
3192 3045 3292 3100 nisi
3331 3046 3655 3104 infantulum

2055 3145 2294 3210 vidisset,
2344 3159 2453 3198 non
2500 3143 2683 3211 utique
2725 3149 3059 3213 agnosceret.
3103 3145 3184 3197 An
3230 3143 3297 3197 ad
3330 3144 3656 3203 lineamenta

2057 3232 2315 3288 mutanda
2343 3248 2451 3287 non
2490 3239 2665 3301 potest
2712 3231 2956 3285 celeriter
3002 3231 3217 3286 Domini
3249 3240 3482 3304 potestas
3511 3237 3655 3306 quod

2057 3329 2233 3395 potest
2262 3337 2359 3393 per
2386 3337 2651 3377 annorum
2680 3335 2860 3375 moras
2887 3321 3122 3375 hominis
3149 3327 3278 3376 aetas
3306 3323 3334 3375 ε)

2136 3444 2157 3471 ‹‹
2192 3420 2260 3475 Et
2312 3420 2385 3474 ait
2440 3419 2507 3474 ad
2565 3419 2686 3474 illos
2737 3438 2749 3473 :
2808 3417 2912 3487 Qui
2959 3426 3083 3473 sunt
3120 3420 3173 3472 lii
3219 3436 3494 3477 sermones
3521 3439 3656 3494 quos

2058 3510 2314 3566 confertis
2342 3509 2409 3564 ad
2440 3508 2670 3563 invicem
2715 3508 3053 3563 ambulantes
3081 3516 3135 3562 et
3163 3509 3288 3564 estis
3336 3511 3511 3567 tristes
3530 3514 3558 3567 ί.)
3589 3515 3657 3569 Et

2058 3598 2391 3669 respondens
2418 3614 2575 3665 unus,
2609 3597 2694 3651 cui
2724 3613 2922 3652 nomen
2953 3597 3238 3668 Cleophas,
3281 3599 3418 3655 dixit
3446 3602 3494 3656 ei
3521 3621 3533 3657 :
3577 3603 3655 3658 Tu

2058 3688 2205 3742 solus
2234 3687 2548 3759 peregrinus
2592 3703 2649 3742 es
2696 3686 2751 3739 in
2796 3686 3149 3752 Hierusalem,
3184 3694 3237 3742 et
3291 3704 3398 3743 non
3441 3706 3653 3761 cogno-

2058 3787 2181 3843 visti
2228 3802 2348 3856 quas
2386 3786 2527 3840 facta
2584 3794 2706 3839 sunt
2780 3785 2834 3838 in
2878 3785 2970 3839 illa
3025 3786 3108 3840 his
3153 3786 3343 3841 diebus
3374 3787 3405 3839 ‘?
3451 3787 3658 3857 Quibus

2060 3877 2150 3930 ille
2199 3876 2336 3929 dixit
2368 3894 2379 3929 :
2412 3873 2595 3943 Quae?
2643 3882 2697 3928 et
2737 3874 2988 3929 dixerunt
3022 3892 3034 3928 :
3084 3875 3165 3929 De
3191 3875 3316 3929 Jesu
3353 3876 3653 3947 Nazarene,

2063 3964 2153 4035 qui
2185 3964 2284 4018 fuit
2335 3964 2418 4018 vir
2470 3965 2733 4034 propheta
2781 3971 2973 4031 potens
3026 3963 3083 4016 in
3139 3978 3302 4033 Opere
3331 3972 3384 4019 et
3410 3982 3659 4023 sermone

2061 4079 2243 4118 coram
2274 4063 2388 4116 Deo
2418 4071 2470 4116 et
2498 4062 2645 4117 omni
2677 4061 2877 4132 pepulo
2902 4075 2914 4127 ;
2948 4067 3000 4114 et
3028 4062 3300 4129 quomodo
3330 4063 3661 4121 tradiderunt

2062 4168 2182 4207 eum
2229 4152 2426 4205 summi
2466 4150 2770 4205 sacerdotes
2816 4157 2869 4203 et
2916 4148 3183 4219 principes
3228 4151 3393 4205 nostri
3424 4152 3478 4206 in
3508 4154 3661 4209 dam-

2062 4240 2335 4295 nationem
2388 4239 2592 4306 mortis,
2640 4246 2693 4294 et
2738 4236 3115 4293 cruciﬁxerunt
3160 4255 3305 4294 eum.
3338 4242 3452 4297 Nos
3479 4251 3656 4299 autem

2059 4338 2408 4410 sperabamus
2456 4337 2581 4407 quia
2638 4344 2775 4392 esset
2802 4336 3175 4408 redempturus
3203 4340 3385 4393 Israel.
3414 4363 3435 4389 υ
3473 4342 3662 4397 Socius

359 4431 480 4503 cipe
510 4446 607 4502 pro
638 4432 1000 4501 loquerentur.
1034 4430 1347 4500 Quaererem
1389 4431 1576 4500 verbo,
1628 4433 1729 4486 hoc
1759 4437 1840 4485 est
1866 4430 1953 4483 in-
1983 4414 2036 4475 D
2067 4429 2323 4498 CleOpha.
2391 4427 2685 4483 vocabatur
2747 4427 2989 4496 Amaon,
3066 4434 3196 4483 teste
3260 4429 3544 4486 Ambrosio
3606 4431 3663 4485 in

362 4519 635 4591 quirerent
692 4519 994 4591 Scripturas
1042 4520 1108 4575 de
1162 4520 1389 4576 Christo.
1438 4521 1741 4591 Loquentes
1786 4520 1853 4574 de
1899 4535 1956 4573 se

361 4617 627 4673 Dominus
671 4618 1112 4689 appropinquans
1149 4620 1450 4685 comitatur,
1503 4627 1561 4674 ut
1598 4626 1650 4673 et
1674 4617 1835 4672 ﬁdem
1866 4633 1956 4671 re-

362 4706 706 4761 surrectionis
733 4707 1004 4761 mentibus
1040 4724 1224 4763 eorum
1284 4708 1549 4771 incendat,
1610 4715 1663 4762 et
1711 4707 1855 4777 quod
1900 4723 1957 4760 se

362 4794 683 4866 promiserat
711 4795 973 4850 facturum
1009 4796 1266 4866 impleat:
1300 4821 1321 4845 ‹‹
1347 4797 1452 4853 Ubi
1474 4797 1718 4851 suntduo
1748 4796 1833 4850 vel
1853 4804 1959 4850 tres

363 4892 678 4963 congregati
711 4891 763 4945 in
796 4891 1014 4947 nomine
1045 4909 1186 4959 meo,
1221 4893 1293 4948 ibi
1333 4910 1450 4947 sum
1482 4894 1534 4947 in
1564 4892 1742 4947 medio
1773 4908 1957 4948 eorum

364 4980 587 5052 (Matth.
645 4982 826 5050 xvm).
864 5002 885 5027 η
948 4982 1208 5052 Apparuit
1275 4982 1512 5051 quidem,
1572 4980 1666 5036 sed
1722 4982 1957 5053 speciem

365 5084 527 5139 quam
582 5077 1032 5140 recognoscerent
1085 5085 1194 5125 non
1248 5070 1497 5125 ostendit.
1549 5070 1696 5125 Sicut
1751 5069 1852 5141 ipsi
1908 5077 1962 5124 et

364 5156 509 5212 intus
564 5157 837 5225 amabant,
899 5165 953 5213 et
1006 5166 1186 5214 tamen
1240 5159 1574 5225 dubitabant,
1633 5159 1709 5214 sic
1765 5166 1818 5213 et
1845 5159 1958 5228 ipse

363 5244 497 5301 foris
524 5253 576 5301 et
600 5262 836 5317 praesens
862 5246 1030 5313 adest,
1056 5255 1109 5302 et
1136 5249 1255 5318 quis
1282 5248 1350 5301 sit
1377 5263 1484 5303 non
1513 5245 1759 5303 ostendit.
1792 5247 1873 5302 De
1899 5263 1959 5301 se

363 5349 497 5407 ergo
525 5335 866 5405 loquentibus
895 5337 1233 5407 praesentiam
1286 5336 1523 5402 exhibet,
1574 5337 1669 5391 sed
1698 5336 1766 5391 de
1795 5335 1959 5389 dubi-

368 5422 604 5479 tantibus
630 5424 866 5495 speciem
895 5425 1219 5497 cognitionis
1246 5426 1437 5481 aufert.
1472 5426 1608 5481 Hinc
1638 5424 1963 5497 Augustinus

370 5511 596 5568 Paulino
627 5513 885 5585 episcopo
914 5513 968 5567 in
1012 5514 1237 5585 epistola
1276 5514 1395 5581 illa,
1436 5514 1589 5582 Quod
1630 5514 1696 5570 de
1724 5530 1960 5586 perven-

375 5611 530 5668 tiono
550 5614 668 5666 tam
687 5626 958 5683 prospera
980 5614 1185 5683 fratris
1206 5616 1262 5669 et
1284 5613 1717 5684 compresbyteri
1736 5612 1921 5669 nostri
1945 5630 1956 5667 :

352 5714 403 5758 ἰι
437 5707 717 5780 Inquisitio
746 5710 992 5783 tuasolct
1008 5711 1207 5768 multos
1225 5727 1464 5781 movere,
1487 5710 1760 5782 quomodo
1775 5711 1964 5768 Domi-

2064 4519 2284 4573 Lucam.
2345 4517 2694 4589 Peregrinum
2744 4524 2933 4587 putant
2984 4533 3144 4586 quem
3177 4533 3284 4572 non
3312 4528 3650 4590 agnoscunt.

2063 4608 2134 4662 Et
2161 4623 2285 4661 vere
2318 4608 2633 4679 peregrinus
2676 4613 2788 4660 erat
2817 4606 2895 4661 eis
2925 4622 2957 4661 a
2986 4621 3214 4675 quorum
3246 4606 3533 4679 fragilitate
3564 4623 3660 4678 per

2064 4706 2295 4777 gloriam
2345 4704 2749 4759 resurrectionis
2790 4704 2904 4774 jam
2951 4704 3114 4775 longe
3147 4705 3340 4771 stabat,
3372 4719 3405 4759 a
3434 4720 3659 4774 quorum

2063 4792 2169 4848 ﬁde
2202 4793 2605 4848 resurrectionis
2660 4792 2778 4861 ejus
2825 4792 3005 4847 nescia
3063 4800 3348 4847 extraneus
3378 4809 3660 4862 permane-

2065 4883 2177 4938 bat.
2234 4884 2552 4952 Prophetam
2594 4881 2810 4951 quidem
2869 4890 2921 4935 et
2973 4898 3232 4953 magnum
3284 4881 3534 4949 fatentur,
3566 4882 3661 4937 sed

2068 4981 2259 5037 Filium
2293 4981 2389 5036 Dei
2422 4987 2614 5045 tacent,
2650 4980 2733 5034 vel
2780 4980 2905 5049 quia
2936 4979 2989 5033 id
3016 4980 3253 5034 nondum
3287 4980 3526 5052 perfecte
3553 4997 3663 5038 cre-

2066 5071 2218 5135 dunt,
2264 5070 2349 5123 vel
2397 5077 2451 5124 et
2498 5070 2539 5123 si
2591 5069 2830 5135 credunt,
2866 5069 3054 5124 timent
3085 5068 3220 5123 tradi
3250 5069 3305 5123 in
3341 5087 3533 5126 manus
3560 5072 3659 5126 Ju-

2066 5159 2328 5222 dieorum,
2380 5158 2678 5213 nescientes
2719 5174 2839 5213 cum
2887 5174 2992 5228 quo
3032 5158 3337 5228 loquuntur.
3389 5158 3664 5229 Quodam-

2066 5245 2229 5302 modo
2261 5245 2422 5300 etiam
2452 5247 2780 5320 redarguunt
2828 5246 3035 5317 seipsos
3065 5248 3209 5316 quod
3241 5248 3294 5302 in
3323 5248 3416 5304 illo
3445 5249 3662 5305 redem-

2067 5336 2306 5407 ptionem
2336 5344 2699 5406 speraverant,
2734 5353 2894 5406 quem
2944 5345 3210 5391 mortuum
3258 5337 3522 5405 viderant,
3564 5355 3666 5397 nec

2065 5432 2486 5480 resurrecturum
2539 5424 2813 5481 videbant.
2864 5426 2930 5481 Et
2958 5426 3194 5481 maxime
3251 5427 3506 5484 dolebant
3535 5446 3659 5484 eum

2066 5515 2180 5569 sine
2208 5515 2368 5584 culpa
2415 5514 2651 5569 occisum
2708 5532 2868 5585 quem
2920 5515 3258 5572 innocentem
3288 5526 3581 5587 noverant,
3614 5526 3669 5573 et

2068 5627 2135 5669 ex
2164 5614 2268 5668 hoc
2296 5612 2471 5667 tristes
2502 5612 2848 5668 incedebant.

2144 5734 2168 5763 α
2197 5712 2271 5769 Et
2297 5727 2441 5769 nunc
2467 5727 2629 5784 super
2655 5712 2837 5770 omnia
2865 5711 3020 5772 tertia
3056 5712 3171 5770 dies
3198 5718 3282 5770 est
3308 5712 3489 5785 hodie,
3521 5712 3666 5787 quod
