3986 6070
471 220 573 274 931

1617 204 1960 264 WERNERI
2319 202 2385 260 S.
2428 201 2651 260 BLASII

3662 199 3771 285 93a

468 344 585 397 haec
612 338 754 394 facta
780 341 920 391 sunt.
954 332 1063 390 Sed
1109 340 1163 388 et
1201 330 1452 388 mulieres
1488 329 1735 403 quaedam
1768 348 1836 386 ex
1864 329 2058 387 nostris
2084 332 2138 392 Α
2166 329 2234 383 Et
2261 327 2430 398 aperti
2458 334 2582 382 sunt
2621 324 2763 382 oculi
2818 340 3026 391 eorum,
3086 330 3140 380 et
3194 329 3569 397 cognoverunt
3613 337 3758 391 eum,

468 432 768 485 terruerunt
795 440 912 493 nos,
944 439 1064 493 quae
1089 430 1211 477 ante
1259 422 1435 477 lucem
1476 427 1733 477 venerant
1778 419 1846 475 ad
1872 435 2063 475 monu-

471 523 734 582 mentum,
794 520 848 569 et
901 528 1011 567 non
1066 512 1285 567 invento
1334 526 1558 582 corpore
1615 510 1732 580 ejus
1777 516 2055 578 venerunt,

465 617 707 672 dicentes
732 630 791 670 se
820 612 983 669 etiam
1021 610 1257 668 visiones
1309 610 1624 683 angelorum
1665 608 1880 677 vidisse,
1938 624 2060 678 quae

465 706 647 761 dicunt
674 698 798 759 eum
828 702 1029 759 vivere.
1065 702 1131 757 Et
1182 701 1429 757 abierunt
1481 699 1700 769 quidam
1747 714 1816 753 ex
1866 696 2060 753 nostris

469 795 537 850 ad
584 800 1013 859 monumentum,
1074 798 1129 846 et
1173 790 1247 845 ita
1273 788 1593 845 invenerunt
1634 788 1768 843 sicut
1809 786 2060 841 mulieres

465 893 715 948 dixerunt
736 906 749 960 ;
770 891 945 962 ipsum
967 904 1096 945 vero
1128 904 1236 944 non
1267 887 1603 941 invenerunt.
1631 908 1653 934 υ
1682 886 1762 939 Ex
1783 886 1885 939 hac
1922 884 2059 939 serie

466 980 786 1037 narrationis
859 977 1073 1034 attende
1114 976 1399 1031 ‘mulieres
1453 975 1687 1031 visiones
1741 973 2057 1045 angelorum

464 1072 612 1143 prius
640 1070 837 1127 vidisse
862 1083 875 1140 ;
909 1066 1103 1122 deinde
1146 1067 1358 1120 Petrum
1388 1072 1440 1119 et
1467 1065 1729 1118 Joannem
1760 1062 1827 1118 ad
1857 1078 2057 1117 monu-

462 1177 701 1225 mentum
758 1166 1072 1224 cucurrisse.
1124 1167 1168 1219 A
1212 1162 1526 1218 mulieribus
1568 1161 1748 1232 itaque
1792 1161 2059 1216 visionem

462 1256 820 1314 referentibus
860 1254 1022 1310 territi
1082 1253 1354 1325 fugerunt,
1411 1250 1502 1321 qui
1555 1250 1624 1305 de
1673 1266 1781 1305 non
1840 1248 2059 1304 invento

464 1363 691 1419 corpore
722 1346 840 1417 plus
884 1342 1194 1398 maestitiam
1241 1347 1588 1411 susceperunt
1629 1356 1789 1409 quam
1818 1338 1885 1394 de
1914 1353 2059 1394 nun-

465 1437 595 1493 tiata
617 1433 1002 1490 resurrectione
1030 1430 1230 1504 gaudio
1258 1436 1642 1485 recrearentur.

541 1556 563 1584 α
598 1533 663 1587 Et
688 1531 806 1602 ipse
832 1529 967 1583 dixit
1014 1527 1082 1583 ad
1128 1544 1256 1584 eos:
1290 1526 1337 1582 Ο
1386 1525 1529 1580 stulti
1576 1532 1627 1580 et
1674 1523 1811 1581 tardi
1839 1523 1908 1580 ad
1935 1540 2059 1582 cre-

467 1622 703 1678 dendum
763 1620 820 1673 in
879 1616 1131 1673 omnibus
1185 1631 1305 1686 quae
1354 1614 1513 1670 locuti
1569 1622 1692 1669 sunt
1744 1616 2050 1685 prophetae.

462 1712 655 1768 Nonne
682 1712 799 1766 haec
826 1706 1063 1778 oportuit
1086 1706 1199 1776 pati
1243 1704 1509 1762 Christum
1540 1711 1592 1760 et
1618 1704 1814 1759 intrare
1845 1703 1900 1758 in
1927 1704 2057 1775 glo-
2084 1692 2137 1754 B

458 1809 598 1865 riam
624 1822 775 1862 suam
798 1806 826 1859 εν
856 1805 922 1860 Et
948 1802 1211 1874 incipiens
1256 1818 1289 1858 a
1335 1802 1518 1872 Moyse
1563 1807 1615 1855 et
1651 1799 1902 1856 omnibus
1931 1816 2056 1872 pro-

464 1898 639 1973 phetis
688 1893 1137 1965 interpretabatur
1187 1890 1293 1946 illis
1328 1890 1384 1945 in
1424 1889 1676 1946 omnibus
1732 1890 2051 1961 Scripturas,

464 2003 585 2060 qua:
634 1986 701 2041 de
743 1985 861 2054 ipso
910 1989 1081 2039 erant.
1117 2003 1139 2030 υ
1191 1981 1291 2035 Hic
1345 1979 1567 2053 gemina
1588 1994 1686 2034 nos
1733 1976 2054 2033 humiliandi

461 2084 749 2143 necessitas
774 2081 1057 2149 incumbit,
1090 2080 1182 2152 qui
1224 2095 1325 2135 nec
1351 2078 1408 2133 in
1463 2077 1749 2150 Scripturis
1796 2084 2054 2148 quantum

462 2182 674 2248 oportet
702 2172 894 2241 edocti,
926 2185 1029 2227 nec
1060 2168 1407 2238 adimplenda
1436 2184 1557 2238 qua:
1586 2166 1854 2233 novimus,
1888 2182 2055 2236 quan-

461 2274 575 2321 tum
602 2264 779 2332 decet,
811 2277 996 2316 sumus
1014 2258 1222 2314 intenti.
1253 2258 1392 2312 Nam
1414 2256 1458 2311 si
1478 2257 1687 2326 Moyses
1706 2264 1759 2310 et
1776 2256 2055 2327 propheta:

461 2354 530 2410 de
560 2351 769 2408 Christo
797 2348 962 2405 locuti
989 2356 1130 2415 sunt,
1180 2352 1235 2401 et
1289 2361 1413 2401 eum
1459 2361 1554 2416 per
1609 2344 1914 2415 passionem
1944 2342 2057 2415 gloo

458 2451 598 2508 riam
654 2448 970 2502 intraturum
1028 2443 1409 2516 praedixerunt,
1467 2442 1741 2513 quomodo
1796 2442 2057 2513 gloriatur

463 2556 520 2596 se
550 2536 910 2596 Christianum
948 2551 1083 2601 esse,
1108 2533 1200 2604 qui
1220 2548 1393 2603 neque
1433 2531 1752 2603 Scripturas,
1795 2537 2053 2601 quantum

462 2630 531 2686 ad
587 2626 855 2685 Christum
909 2624 1176 2696 pertinent
1225 2620 1534 2694 investigat,
1592 2636 1768 2691 neque
1821 2620 2054 2692 gloriam

462 2742 624 2798 quam
652 2741 775 2781 cum
805 2722 1013 2780 Christo
1069 2721 1267 2777 habere
1322 2720 1486 2792 cupit,
1534 2735 1634 2789 per
1662 2718 1938 2791 passiones
1966 2725 2054 2773 at-

460 2818 669 2889 tingere
696 2813 982 2869 desiderat.

537 2938 559 2965 “
596 2914 661 2969 Et
715 2910 1282 2983 apprOpinquaverunt
1339 2907 1558 2964 castello
1606 2922 1712 2976 quo
1750 2906 1943 2974 ibant;
2002 2911 2056 2960 et

458 3005 574 3077 ipse
604 3019 662 3059 se
690 3001 844 3056 ﬁnxit
872 3000 1087 3072 longius
1128 2999 1224 3053 ire.
1258 2997 1325 3052 Et
1351 3004 1645 3069 coegerunt
1681 2996 1830 3051 illum
1861 2995 2053 3049 dicen-

2169 424 2222 471 et
2249 416 2364 488 ipse
2392 416 2609 471 evanuit
2655 432 2724 470 ex
2781 414 2949 470 oculis
3003 429 3211 469 eorum.
3247 434 3271 461 ι»
3304 413 3479 467 Deum
3512 426 3680 481 quem
3710 411 3763 465 in

2168 505 2504 576 expositione
2551 504 2840 575 Scriptura:
2886 519 2996 559 non
3048 507 3419 575 cognoverunt
3484 499 3543 554 in
3614 499 3767 571 panis

2168 599 2429 656 fractione
2457 605 2808 672 cognoscunt.
2839 596 3120 654 Audienda
3149 595 3435 652 illuminati
3468 610 3583 650 non
3624 602 3765 662 sunt,

2166 698 2260 753 sed
2303 698 2570 769 faciendo,
2613 698 2741 770 quia
2784 698 3039 769 scriptum
3085 705 3206 754 est:
3247 719 3269 746 «
3301 695 3426 752 Non
3494 693 3769 750 auditores

2167 788 2303 860 legis
2325 787 2455 859 justi
2482 794 2605 842 sunt
2624 787 2769 859 apud
2788 789 2982 856 Deum,
3015 785 3111 842 sed
3139 786 3370 842 factores
3398 786 3583 857 (Rom.
3616 786 3710 855 ιῐ.)
3742 804 3764 832 ι

2167 876 2270 946 Qui
2299 893 2429 948 ergo
2457 877 2572 934 vult
2598 876 2782 931 audita
2809 877 3131 950 intelligere,
3166 875 3381 931 festinet
3402 874 3523 945 jam
3556 874 3768 930 intelle-

2166 986 2251 1032 cta
2296 993 2462 1048 opere
2508 976 2760 1049 implere.
2817 976 3159 1033 Subtrahitur
3185 992 3218 1031 a
3245 974 3554 1031 carnalibus
3605 974 3769 1031 oculis

2166 1066 2373 1137 species
2428 1065 2769 1133 inﬁrmitatis,
2819 1074 2876 1121 ut
2918 1065 3188 1121 mentibus
3240 1064 3463 1137 incipiat
3502 1079 3769 1136 apparere

2166 1155 2341 1228 gloria
2367 1155 2787 1211 resurrectionis.
2817 1155 2971 1212 Unde
3000 1155 3244 1210 subditur
3274 1173 3287 1210 :

2244 1276 2265 1302 (ι
2304 1253 2367 1307 Et
2410 1252 2665 1308 dixerunt
2718 1253 3069 1310 adinvicem:
3127 1254 3320 1308 Nonne
3375 1267 3472 1308 cor
3523 1260 3770 1309 nostrum

2168 1342 2361 1398 ardens
2388 1352 2503 1397 erat
2530 1342 2586 1397 in
2617 1342 2793 1412 nobis,
2824 1342 2953 1398 dum
2982 1342 3290 1413 loqueretur
3315 1342 3371 1396 in
3399 1342 3510 1409 via,
3543 1350 3602 1398 et
3636 1358 3771 1413 ape-

2165 1431 2294 1487 riret
2322 1432 2480 1488 nobis
2510 1432 2856 1502 Scripturas?
2883 1454 2905 1482 υ
2948 1432 3029 1487 Ex
3059 1431 3241 1487 audito
3268 1447 3519 1487 sermone
3549 1432 3771 1487 Domini

2167 1537 2262 1577 cor
2288 1522 2436 1591 prius
2484 1528 2696 1593 torpore
2730 1521 3116 1577 incredulitatis
3143 1527 3197 1577 et
3244 1520 3451 1577 timoris
3480 1520 3768 1592 frigidum,

2168 1618 2296 1691 igne
2324 1618 2553 1690 Spiritus
2586 1619 2756 1675 sancti
2796 1627 2877 1675 est
2922 1635 3207 1676 accensum
3251 1626 3311 1674 ut
3350 1634 3592 1689 superno
3623 1619 3773 1676 desi-

2163 1707 2314 1764 derio
2334 1708 2537 1775 ardeat,
2571 1716 2625 1763 et
2653 1709 2720 1763 ad
2745 1707 3070 1765 credendam
3090 1708 3371 1765 veritatem
3404 1726 3463 1764 se
3490 1709 3770 1765 extendat.

2163 1795 2307 1866 Quot
2352 1797 2634 1870 praeceptis
2687 1796 2963 1854 instruitur
3014 1799 3178 1854 homo
3230 1796 3383 1869 quasi
3428 1804 3510 1854 tot
3558 1797 3774 1854 facibus

2161 1885 2541 1941 inﬂammatur.
2602 1887 2965 1942 Verumtatem
3005 1902 3116 1942 non
3166 1894 3546 1960 cognoverunt
3619 1904 3766 1952 eum,

2162 1985 2336 2041 donec
2376 1984 2431 2038 in
2480 1983 2741 2041 fractione
2785 1984 2960 2056 panis.
3010 1983 3165 2040 Certe
3215 1985 3454 2056 mysterii
3485 2001 3653 2041 causa
3684 1987 3769 2041 fa-

2162 2091 2305 2138 ctum
2350 2089 2447 2153 est,
2506 2089 2563 2137 ut
2616 2082 2694 2138 eis
2722 2082 2778 2137 in
2803 2083 2897 2139 illo
2954 2081 3161 2156 eﬂigies
3189 2083 3562 2139 ostenderetur
3604 2100 3767 2155 quam

2161 2186 2273 2227 non
2301 2179 2688 2244 cognoscerent
2715 2172 2817 2227 nisi
2874 2171 2930 2226 in
2988 2171 3245 2227 fractione
3303 2172 3478 2244 panis,
3508 2190 3579 2228 ne
3612 2174 3767 2244 quis-

2163 2276 2324 2331 quam
2353 2278 2410 2314 se
2441 2260 2708 2316 Christum
2747 2260 3034 2333 agnovisse
3081 2260 3385 2330 arbitretur,
3410 2261 3458 2315 si
3486 2261 3612 2331 ejus
3640 2278 3766 2319 cor-

2160 2349 2309 2419 poris
2332 2350 2602 2423 particeps
2656 2366 2765 2405 non
2810 2357 2934 2405 est:
2987 2349 3131 2421 quod
3179 2358 3262 2405 est
3308 2350 3573 2416 Ecclesia,
3615 2351 3769 2421 cujus

2162 2447 2419 2503 unitatem
2447 2447 2503 2503 in
2533 2456 2869 2505 sacramento
2911 2449 3067 2521 panis
3102 2448 3451 2504 commendat
3475 2449 3770 2521 Apostolus

2161 2536 2390 2593 dicens:
2436 2561 2457 2586 α
2492 2554 2628 2593 unus
2683 2537 2857 2610 panis,
2916 2553 3083 2593 unum
3139 2553 3333 2610 corpus
3380 2538 3537 2593 multi
3582 2555 3771 2595 sumus

2163 2625 2221 2699 (Ι
2249 2627 2375 2683 Cor.
2415 2626 2498 2697 χ).
2535 2649 2557 2676 υ
2593 2626 2742 2683 Tunc
2771 2626 2916 2682 enim
2945 2643 3072 2685 vere
3102 2626 3488 2701 cognoscimus
3515 2643 3647 2683 cum
3676 2644 3771 2701 per

2161 2730 2554 2779 sacramentum
2613 2723 2865 2780 Ecclesia:
2939 2740 3064 2779 eum
3119 2739 3218 2794 pro
3276 2724 3433 2780 nobis
3490 2733 3770 2781 mortuum

2163 2828 2277 2867 esse
2321 2821 2376 2868 et
2418 2812 2679 2869 revixisse
2726 2812 2955 2869 ﬁdeliter
3001 2813 3385 2886 intelligamus.
3422 2815 3549 2870 Non
3581 2816 3773 2870 incon-

2161 2909 2417 2974 gruenter
2468 2901 2763 2974 accipimus
2818 2904 2922 2958 hoc
2977 2902 3426 2972 impedimentum
3486 2903 3546 2958 in
3597 2904 3773 2960 oculis

2161 3015 2349 3055 eorum
2387 3016 2420 3055 a
2474 2999 2675 3056 Satana
2738 2999 2970 3069 venisse,
3024 3017 3092 3056 ne
3132 3010 3530 3074 agnosceretur
3566 3002 3754 3058 Iesus.

460 3056 771 3150 ίὲἐέ
807 3056 1111 3157 nobisin").
1171 3087 1409 3153 domine.
1450 3056 1727 3156 “quoniam
1783 3084 2053 3153 advespe-
2081 3056 2130 3121 c
2163 3088 2270 3144 scd
2318 3097 2499 3144 ιαωρη
2525 3105 2558 3145 ε.
2604 3089 2814 3145 cmi...
2858 3056 3000 3145 me.
3048 3098 3128 3145 εει
3165 3056 3461 3161 ῑποιηίεείο
3494 3056 3771 3163 usa...

453 3183 637 3251 rascit,
668 3187 721 3236 et
749 3178 1002 3234 inclinata
1056 3184 1135 3232 est
1185 3176 1302 3246 jam
1357 3174 1493 3230 dies.
1555 3175 1621 3228 Et
1667 3173 1883 3228 intravit
1927 3189 2051 3228 cum

456 3273 586 3328 illis.
629 3293 652 3320 υ
689 3268 979 3339 Scriptura
1035 3282 1202 3322 sacra:
1243 3264 1498 3335 mysteria
1545 3280 1666 3334 qum
1694 3263 1763 3319 de
1789 3278 1849 3318 se
1878 3270 2048 3333 erant,

455 3372 560 3426 illis
586 3368 797 3425 duobus
823 3366 1087 3422 Dominus
1114 3365 1341 3437 aperuit,
1390 3372 1443 3420 et
1491 3372 1690 3431 tamen,
1722 3361 1849 3434 quia
1875 3362 2052 3419 adhuc

454 3460 511 3514 in
538 3474 727 3514 eorum
755 3456 1006 3513 cordibus
1034 3454 1349 3527 peregrinus
1376 3460 1491 3510 erat
1519 3470 1551 3508 a
1578 3452 1704 3522 ﬁde,
1735 3452 1812 3507 ire
1842 3469 1898 3507 se
1927 3453 2051 3508 lon-

454 3550 577 3622 gius
624 3546 803 3601 ﬁnxit.
867 3545 1095 3616 Fingere
1147 3560 1381 3613 namque
1435 3558 1760 3614 componere
1799 3541 2047 3597 dicimus.

454 3644 611 3702 Unde
657 3651 711 3699 et
756 3641 1143 3711 compositores
1188 3638 1283 3693 luti
1340 3637 1537 3710 ﬁgulos
1578 3655 1854 3696 vocamus.
1899 3639 2050 3693 Nihil

455 3735 601 3791 enim
657 3732 889 3803 simplex
944 3728 1141 3785 veritas
1195 3743 1293 3799 per
1334 3727 1700 3798 duplicitatem
1748 3728 1895 3795 fecit,
1954 3728 2049 3783 sed

455 3824 615 3881 talem
645 3838 702 3877 se
730 3820 808 3875 eis
840 3818 1083 3876 exhibuit
1136 3817 1193 3872 in
1229 3832 1455 3888 corpore
1510 3816 1684 3886 qualis
1739 3817 1881 3888 apud
1930 3815 2050 3872 illos

449 3929 565 3979 erat
590 3921 645 3975 in
675 3927 873 3975 mente.
905 3914 1176 3972 Probandi
1204 3926 1393 3970 erant:
1421 3914 1466 3969 si
1512 3916 1655 3969 hunc
1702 3930 1863 3984 quem
1904 3930 2046 3970 non-

449 4012 579 4067 dum
608 4018 665 4065 ut
694 4010 867 4065 Deum
898 4005 1217 4079 diligebant,
1249 4005 1438 4060 saltem
1469 4011 1526 4059 ut
1554 4004 1898 4077 peregrinum
1927 4004 2048 4059 dili-

447 4109 655 4176 gerent.
715 4101 781 4155 Et
835 4097 963 4168 quia
1012 4094 1252 4152 extranei
1298 4111 1331 4150 a
1367 4094 1623 4150 charitate
1662 4110 1772 4150 non
1798 4102 2049 4164 poterant

447 4208 564 4249 esse
619 4189 674 4246 hi
722 4204 845 4245 cum
902 4185 1096 4257 quibus
1152 4184 1361 4241 Veritas
1413 4184 1781 4258 gradiebatur,
1822 4200 1947 4238 eum
1976 4183 2045 4240 ad

443 4279 736 4351 hospitium
790 4285 849 4332 ut
902 4274 1247 4347 peregrinum
1302 4282 1515 4343 vocant,
1584 4274 1695 4329 imo
1752 4280 2047 4345 coegerunt

443 4386 589 4426 eum.
622 4369 703 4422 Ex
732 4382 838 4437 quo
892 4364 1181 4436 colligitur,
1214 4363 1340 4434 quia
1384 4363 1655 4436 peregrini
1711 4379 1822 4419 non
1856 4363 2032 4419 solum

437 4462 699 4523 invitandi
726 4469 866 4529 sunt,
899 4460 994 4515 sed
1022 4459 1184 4516 etiam
1213 4458 1283 4514 ad
1311 4459 1601 4528 hospitium
1631 4457 1895 4513 trahendi.

521 4575 543 4605 (ι
578 4553 645 4608 Et
674 4551 872 4608 factum
893 4556 990 4614 est,
1021 4548 1150 4604 dum
1196 4547 1534 4603 recumberet
1562 4564 1685 4602 cum
1725 4547 1854 4616 illis,
1885 4563 2037 4604 acce-

441 4644 525 4719 pit
549 4658 747 4717 panem
776 4647 831 4698 et
854 4638 1151 4708 benedixit,
1183 4653 1246 4694 ac
1266 4636 1449 4709 fregit,
1486 4643 1540 4693 et
1574 4636 1890 4709 porrigebat
1909 4637 2033 4693 iUis.

2160 3194 2378 3250 panem,
2407 3186 2465 3233 ut
2506 3195 2646 3234 nunc
2676 3178 3003 3251 intelligatur
3032 3196 3065 3235 a
3092 3180 3249 3235 nobis
3278 3181 3550 3238 removeri
3583 3182 3767 3254 impe—

2160 3267 2457 3322 dimentum
2488 3267 2785 3337 inimicum,
2818 3284 2938 3324 cum
2978 3267 3033 3323 in
3077 3269 3315 3325 Ecclesia
3357 3269 3526 3343 digne
3558 3270 3768 3326 intelli-

2159 3366 2339 3440 gimus
2375 3367 2688 3439 mysterium
2735 3367 3057 3424 sacramenti
3106 3368 3346 3440 corporis
3381 3376 3435 3425 et
3481 3368 3769 3442 sanguinis

2157 3454 2396 3511 Domini.

2236 3575 2258 3601 α
2293 3554 2359 3608 Et
2385 3560 2666 3626 surgentes
2692 3554 2884 3611 eadem
2914 3555 3048 3612 hora
3081 3556 3312 3629 regressi
3339 3564 3466 3612 sunt
3492 3557 3766 3614 Hierusa-

2160 3641 2296 3711 lem;
2332 3650 2386 3698 et
2410 3642 2730 3700 invenerunt
2754 3652 3114 3719 congregatos
3149 3645 3423 3715 undecim,
3459 3654 3516 3702 et
3544 3663 3644 3704 eos
3675 3648 3767 3719 qui

2156 3747 2279 3787 cum
2310 3731 2439 3803 ipsis
2468 3740 2636 3801 erant,
2686 3734 2966 3790 dicentes:
3013 3734 3171 3804 Quod
3218 3736 3450 3792 surrexit
3496 3736 3769 3792 Dominus

2156 3845 2302 3897 vere,
2352 3837 2406 3885 et
2468 3830 2717 3903 apparuit
2763 3832 2993 3888 Simoni.
3040 3832 3105 3887 Et
3150 3832 3253 3905 ipsi
3298 3834 3601 3891 narrabant
3642 3851 3764 3907 quae

2155 3926 2309 3990 gesta
2354 3927 2506 3975 erant
2560 3920 2617 3974 in
2664 3921 2771 3988 via,
2822 3929 2875 3976 et
2916 3921 3189 3992 quomodo
3227 3932 3611 3995 cognoverunt
3639 3941 3763 3981 eum

2154 4007 2209 4061 in
2239 4008 2499 4066 fractione
2525 4009 2700 4079 panis.
2732 4011 2845 4066 Nec
2864 4010 2971 4066 illis
2990 4010 3350 4067 crediderunt.
3387 4035 3409 4061 υ
3444 4014 3763 4072 Notandum

2155 4096 2281 4166 quia
2306 4097 2470 4167 aliqui
2499 4097 2713 4153 fuerunt
2745 4098 2816 4153 ibi
2849 4099 2941 4169 qui
2972 4115 3082 4155 non
3111 4100 3455 4157 crediderunt
3486 4103 3599 4158 illis
3629 4103 3765 4160 duo-

2153 4185 2272 4256 bus,
2305 4186 2400 4241 sed
2425 4187 2480 4241 hi
2511 4186 2704 4258 quibus
2732 4187 2851 4257 jam
2890 4188 3161 4244 Dominus
3189 4200 3520 4263 apparuerat
3569 4194 3763 4264 profe-

2152 4293 2238 4341 cto
2268 4285 2609 4341 crediderunt
2653 4286 2750 4341 eis.
2783 4286 2932 4343 Sicut
2976 4304 3045 4344 ex
3071 4289 3389 4345 mulieribus
3416 4291 3610 4349 Mariae
3639 4293 3763 4348 Ma-

2063 4426 2121 4490 D
2151 4374 2399 4447 gdalenae
2448 4375 2524 4431 ita
2570 4392 2638 4431 ex
2666 4376 2796 4434 viris
2849 4376 3006 4433 Petro
3053 4378 3199 4435 visus
3225 4386 3307 4435 est
3351 4380 3563 4451 primo.
3601 4380 3764 4452 Quod

2153 4464 2192 4490 ,ε
2225 4479 2329 4490 _-_
2365 4464 2501 4490 λε--.
2537 4466 2859 4490 --.----ιε-ι,
2928 4467 3135 4490 ----.1-
3168 4468 3251 4490 ---ι
3283 4468 3375 4490 --ιε
3423 4469 3621 4490 .__.__-

2151 4464 2196 4520 si
2225 4479 2334 4521 non
2362 4464 2506 4522 dicat
2534 4466 2885 4538 evangelista,
2924 4467 3140 4539 quando
3168 4468 3256 4529 vel
3283 4468 3380 4526 ubi
3420 4469 3631 4528 factum
3660 4479 3760 4542 est,

2146 4560 2328 4611 tamen
2355 4554 2482 4625 quia
2509 4555 2597 4626 sit,
2629 4569 2739 4612 non
2768 4562 2925 4613 tacet.

1520 4996 1955 5109 FERIA
2034 4999 2641 5107 TERTIA.

1731 5265 2129 5334 Secundum
2168 5266 2447 5334 Lucam.

512 5498 535 5530 α
591 5470 747 5534 Stetit
795 5475 947 5532 Iesus
976 5468 1032 5529 in
1079 5467 1260 5529 medio
1333 5467 1719 5544 discipulorum
1786 5486 2025 5543 suorum,

432 5581 486 5629 et
509 5568 647 5627 dixit
672 5566 792 5622 eis:
854 5566 973 5619 Pax
1026 5562 1201 5619 vobis.
1258 5563 1378 5635 Ego
1409 5577 1567 5631 sum;
1627 5561 1792 5618 nolite
1840 5564 2025 5619 timere

435 5664 591 5736 (Luc.
642 5656 817 5726 xxxv).
872 5674 894 5701 »
946 5651 1074 5707 Moli
1119 5651 1376 5719 corporis,
1441 5650 1537 5706 ubi
1592 5649 1846 5708 divinitas
1890 5661 2023 5722 erat,

430 5752 566 5811 ostia
612 5747 794 5805 clausa
835 5757 948 5798 non
992 5738 1328 5797 obstiterunt.
1361 5738 1427 5795 Et
1453 5739 1641 5811 procul
1669 5740 1833 5798 dubio
1860 5742 2025 5798 intel-

2134 5471 2414 5546 ligendum
2443 5472 2589 5544 quod
2616 5472 2742 5530 inde
2770 5473 3007 5532 Thomas
3034 5472 3260 5546 exierat,
3292 5482 3588 5548 antequam
3628 5477 3742 5537 Do-

2135 5562 2314 5618 minus
2339 5563 2675 5636 apparuisset
2695 5565 2834 5621 aliis.

2215 5675 2236 5703 «
2269 5654 2581 5713 Conturbati
2654 5671 2784 5713 vero
2841 5662 2895 5712 et
2941 5654 3180 5713 exterriti
3225 5656 3612 5715 existimabant
3678 5674 3738 5715 se

2133 5743 2308 5803 visum
2335 5744 2545 5803 videre.
2585 5768 2607 5798 υ
2646 5746 2953 5805 Credebant
2999 5747 3251 5820 apostoli,
3279 5748 3378 5805 sed
3404 5764 3520 5806 non
3547 5749 3735 5806 tudin-
