3986 6070
185 219 290 274 933

187 429 261 485 tia
291 428 513 498 majoris
554 430 722 499 partis
770 429 1056 491 excludit;
1109 427 1343 498 denique
1390 429 1518 499 quia
1567 429 1781 493 Petrus,

186 527 241 574 et
268 519 314 573 si
337 517 510 576 credit
539 518 932 586 resuscitatum,
965 515 1176 572 turbari
1222 520 1416 586 potuit,
1451 517 1595 588 quod
1625 517 1785 572 clau-

187 609 263 663 sis
289 607 448 664 ostiis
479 606 747 663 Dominus
785 624 910 664 cum
960 622 1195 677 corpore
1233 622 1293 661 se
1342 606 1671 677 improvisus
1700 606 1786 660 in-

186 697 388 754 fuderit
405 737 419 751 .
445 698 640 752 Putant
655 713 792 769 ergo
814 713 874 752 se
892 697 1144 767 spiritum
1165 695 1353 751 videre
1374 711 1388 763 ;
1411 711 1520 750 non
1541 711 1782 764 carnem,

185 787 309 859 quia
359 801 466 842 non
513 787 760 851 credunt,
818 787 910 842 vel
959 785 1122 840 tertio
1169 785 1257 841 die
1309 785 1552 855 potuisse
1595 800 1785 839 veram

185 891 415 932 carnem
473 876 542 930 de
600 875 851 945 sepulcro
906 891 1219 946 resurgere,
1270 875 1357 930 vel
1403 874 1785 930 resuscitatum

184 965 386 1022 clausis
410 964 592 1033 januis
617 963 685 1018 ad
718 981 817 1020 eos
847 980 1012 1035 posse
1044 972 1354 1035 penetrare.

265 1096 288 1122 (ι
324 1071 389 1126 Et
411 1071 552 1126 dixit
580 1071 695 1126 eis:
727 1070 867 1141 Quid
897 1071 1098 1126 turbati
1139 1072 1291 1139 estis,
1325 1080 1376 1127 et
1423 1072 1787 1144 cogitationes

186 1161 489 1218 ascendunt
519 1160 574 1214 in
603 1161 769 1217 corda
799 1169 984 1216 vestra
1009 1161 1036 1217 τ
1071 1183 1092 1209 »
1129 1162 1498 1233 Cogitationes
1540 1161 1650 1217 illae
1678 1177 1788 1216 non

187 1251 432 1322 desuper
459 1249 882 1316 descenderunt,
919 1251 1014 1306 sed
1046 1250 1115 1305 de
1165 1251 1278 1305 imo
1310 1251 1493 1308 cordis
1521 1251 1790 1306 ascende-

185 1348 336 1404 runt,
369 1339 508 1396 sicut
547 1339 720 1394 herba
765 1339 912 1394 mala
962 1340 1033 1394 de
1077 1347 1250 1395 terra.
1309 1340 1497 1395 Fidem
1543 1356 1701 1411 quam
1731 1340 1786 1394 in

186 1429 348 1488 vobis
382 1428 625 1500 plantavi
663 1428 849 1500 exigo,
907 1429 1051 1501 quod
1099 1445 1171 1485 ex
1211 1429 1364 1485 vobis
1412 1437 1657 1485 exortum
1707 1436 1788 1485 est

187 1518 516 1576 condemno.
551 1517 608 1574 Si
635 1534 744 1573 non
787 1525 868 1574 est
917 1519 1134 1589 veritas,
1184 1519 1619 1587 resurrectionis,
1654 1535 1788 1592 per-

187 1608 333 1664 ditus
364 1616 446 1663 est
476 1613 689 1664 fructus
716 1607 1010 1679 passionis.

265 1738 288 1764 α
325 1715 518 1773 Videte
538 1731 733 1771 manus
762 1730 913 1771 meas
945 1724 997 1771 et
1025 1716 1194 1787 pedes
1225 1716 1350 1789 quia
1367 1733 1470 1790 ego
1491 1717 1611 1789 ipse
1644 1734 1783 1773 sum.
1817 1702 1871 1764 B

190 1805 413 1877 Palpate
444 1812 495 1860 et
524 1805 728 1870 videte,
760 1806 889 1878 quia
919 1806 1145 1876 spiritus
1188 1822 1404 1862 carnem
1441 1815 1494 1863 et
1523 1823 1649 1863 ossa
1680 1824 1789 1863 non

185 1895 373 1962 habet,
406 1894 544 1951 sicut
573 1911 661 1950 me
689 1894 884 1950 videtis
915 1895 1145 1950 habere.
1188 1897 1252 1950 Et
1289 1912 1412 1951 cum
1452 1897 1570 1952 hac
1615 1897 1789 1952 dixis-

190 1991 296 2051 set,
329 1983 566 2039 ostendit
595 1983 674 2038 eis
705 1999 920 2051 manus,
955 1992 1008 2039 et
1035 1985 1205 2055 pedes
1234 1993 1288 2040 et
1313 1985 1480 2040 latus.
1525 2009 1545 2032 η
1571 1986 1648 2040 Ad
1681 1986 1791 2040 du-

189 2072 480 2128 bitantium
536 2072 702 2128 corda
757 2073 1000 2128 sananda
1043 2073 1331 2129 vulnerum
1388 2081 1515 2129 sunt
1579 2083 1790 2130 servata

186 2161 449 2234 vestigia.
504 2161 686 2217 Multis
732 2162 918 2234 itaque
965 2162 1303 2219 documentis
1347 2164 1637 2234 persuadet
1693 2181 1791 2220 re—-

187 2251 605 2316 surrectionem,
637 2252 934 2322 praebendo
979 2268 1039 2306 se
1088 2260 1140 2307 et
1183 2252 1356 2308 oculis
1413 2253 1706 2308 videndum
1738 2261 1790 2308 et

189 2339 446 2395 manibus
499 2341 970 2396 contrectandum.
1041 2339 1146 2409 Qui
1195 2341 1324 2396 dum
1366 2342 1631 2413 palpanda
1661 2357 1789 2397 ossa

187 2445 526 2502 carnemque
552 2437 839 2496 monstrat,
875 2437 1069 2484 statum
1104 2447 1218 2486 811$
1249 2431 1332 2485 vel
1363 2439 1568 2487 DOSU‘EB
1598 2447 1791 2486 resur-

187 2518 452 2575 rectionis
481 2517 772 2591 signiﬁcat,
806 2519 858 2573 in
883 2535 991 2590 qua
1012 2535 1212 2590 corpus
1235 2520 1488 2574 nimirum
1520 2527 1573 2576 et
1591 2520 1790 2577 subtile

191 2607 296 2664 erit
337 2624 438 2678 per
486 2605 738 2664 effectum
793 2607 1056 2679 spiritalis
1114 2609 1387 2679 potentiae,
1435 2617 1487 2665 et
1515 2609 1790 2680 palpabile

189 2714 294 2770 per
323 2697 600 2753 veritatem
632 2705 867 2752 naturae.
908 2698 1062 2753 Unde
1105 2697 1299 2753 beatus
1326 2698 1429 2752 Job
1463 2716 1476 2752 :
1513 2721 1532 2746 ι
1571 2700 1637 2753 Et
1666 2715 1792 2753 rur-

191 2802 316 2842 sum
353 2785 730 2842 circumdabor
777 2786 919 2857 pelle
966 2803 1107 2852 mea,
1142 2793 1196 2841 et
1235 2786 1290 2840 in
1339 2801 1506 2843 carne
1552 2803 1673 2842 mea
1702 2787 1787 2843 vi-

191 2875 341 2931 debo
396 2877 570 2930 Deum
610 2875 730 2944 (Job
786 2878 922 2944 xu).
957 2898 978 2922 υ
1038 2876 1105 2929 Ει
1153 2876 1436 2931 sciendum
1485 2875 1608 2948 quia
1652 2876 1791 2932 sicut

192 2963 480 3035 discipulis
508 2964 760 3036 dignatus
791 2972 873 3020 est
914 2963 1179 3019 Dominus
1226 2965 1469 3034 pandere
1518 2965 1640 3020 loca
1669 2965 1788 3021 cla-

1132 211 1718 269 DEFLORATIONES
1756 212 1856 274 SS.
1900 211 2199 268 PATRUM.
2241 244 2310 254 —
2349 213 2476 269 LIB.
2522 215 2569 269 I.

184 341 387 396 bantur
417 357 430 394 :
465 339 662 411 primo,
715 340 838 412 quia
885 353 1178 409 paucorum
1223 339 1532 408 opinionem
1565 346 1782 392 senten-
1811 341 1865 398 A

3377 218 3482 274 934

1971 361 1991 386 ‹‹
2027 339 2212 394 Adhuc
2240 348 2418 394 autem
2450 339 2555 393 illis
2584 355 2691 393 non
2717 339 3062 394 credentibus
3084 348 3133 396 et
3163 342 3484 399 mirantibus

1892 443 2005 496 prae
2035 427 2237 498 gaudio
2267 428 2405 482 dixit
2439 446 2452 481 :
2486 429 2710 482 Habetis
2743 429 2831 483 hic
2851 430 3054 500 aliquid
3083 432 3228 500 quod
3258 433 3485 488 mandu-

1893 525 2046 571 cetur
2069 518 2096 570 ‘2
2118 520 2184 571 At
2213 517 2290 571 illi
2321 518 2627 572 obtulerunt
2655 518 2704 572 ei
2734 526 2938 587 partem
2971 519 3134 590 piscis
3165 520 3274 575 assi
3307 529 3359 576 et
3395 521 3484 576 fa-

1893 621 2020 659 vum
2054 605 2246 660 mellis.
2302 607 2369 661 Et
2414 623 2539 662 cum
2591 607 2974 663 manducasset
3029 624 3207 664 coram
3252 610 3350 677 eis,
3385 627 3483 666 su-

1893 709 2051 748 mens
2083 694 2340 765 reliquias
2360 695 2511 750 dedit
2542 695 2667 764 illis,
2704 720 2725 745 »
2765 697 2854 751 Pie
2885 697 3166 752 sciendum
3197 707 3278 754 est
3311 717 3323 753 :
3360 703 3486 756 Post

1893 784 2349 838 resurrectionem
2389 785 2606 838 Domini
2662 785 2769 840 cibi
2817 802 2953 857 quos
3001 789 3233 858 sumpsit
3280 789 3486 845 nullum

1895 872 2105 943 saginae
2159 873 2528 940 adjumentum
2575 875 2626 928 ei
2665 875 3026 944 praebuerunt,
3069 878 3167 932 sed
3215 879 3486 949 quomodo

1892 959 1948 1014 in
1990 961 2174 1032 ignem
2209 961 2376 1016 missa
2422 978 2566 1033 aqua
2619 963 2938 1030 absumitur,
2983 965 3053 1019 ita
3094 982 3220 1021 mox
3258 968 3486 1023 comesti

1895 1049 2123 1119 spiritali
2145 1050 2266 1118 ejus
2288 1053 2485 1106 virtute
2512 1060 2634 1106 sunt
2651 1054 2934 1123 assumpti.
2955 1054 3199 1110 Profecto
3219 1055 3357 1112 sicut
3378 1073 3486 1113 non

1894 1137 2128 1210 indiguit
2148 1139 2270 1194 cibo
2301 1148 2424 1210 post
2466 1141 2950 1210 resurrectionem,
2992 1143 3075 1199 sic
3122 1160 3224 1201 nec
3253 1162 3352 1202 nos
3396 1147 3484 1202 in-

1895 1227 2209 1296 digebimus
2241 1246 2255 1291 ;
2286 1229 2380 1282 sed
2413 1245 2597 1284 veram
2626 1229 2792 1285 vitam
2821 1231 3002 1286 voluit
3029 1235 3340 1302 ostendere,
3374 1252 3484 1292 non

1893 1316 2292 1387 imaginariam.
2349 1318 2517 1373 Aliter
2571 1319 2716 1373 enim
2773 1320 3033 1375 absorbet
3083 1338 3278 1392 aquam
3338 1333 3487 1381 terra

1896 1406 2105 1475 sitiens,
2159 1406 2317 1461 aliter
2365 1407 2613 1463 exsiccat
2662 1408 2795 1463 solis
2853 1409 3040 1465 radius
3082 1413 3341 1468 candens.
3389 1415 3486 1472 illa

1896 1495 2158 1550 absorbet
2202 1495 2505 1568 indigentia
2541 1514 2555 1560 ;
2607 1497 2710 1552 iste
2741 1498 2980 1554 exsiccet
3026 1501 3281 1570 potentia.
3316 1503 3488 1560 Piscis

1895 1599 2052 1638 assus
2111 1583 2375 1655 signiﬁcat
2428 1587 2802 1654 mediatorem,
2862 1587 3119 1643 nimirum
3175 1590 3266 1662 qui
3321 1592 3489 1650 latere

1898 1673 2157 1745 dignatus
2187 1682 2269 1729 est
2295 1673 2351 1727 in
2372 1675 2530 1745 aquis
2560 1674 2787 1730 humani
2815 1677 3056 1747 generis,
3092 1686 3144 1734 et
3172 1680 3293 1750 capi
3322 1681 3492 1738 voluit

1898 1763 2097 1834 laqueo
2135 1762 2344 1829 mortis,
2378 1778 2433 1818 et
2459 1764 2632 1819 assari
2662 1765 3009 1821 tribulatione
3040 1769 3340 1838 passionis.
3379 1773 3490 1829 Sed

1898 1852 1988 1923 qui
2014 1851 2186 1923 piscis
2216 1866 2376 1906 assus
2404 1851 2502 1906 fuit
2529 1852 2580 1906 in
2611 1854 2884 1923 passione,
2918 1854 3070 1910 favus
3108 1857 3286 1913 mellis
3316 1861 3488 1916 exsti-

1897 1941 1959 1995 tit
1989 1942 2043 1994 in
2074 1941 2500 1997 resurrectione.
2553 1943 2730 1996 Favus
2773 1950 2857 1998 est
2897 1943 3004 1999 mel
3044 1945 3099 1999 in
3145 1962 3288 2017 cera,
3322 1949 3377 2004 id
3406 1959 3488 2007 est

1897 2030 2131 2086 dulcedo
2162 2030 2458 2086 divinitatis
2488 2031 2540 2084 in
2589 2032 2942 2088 humanitate.
2978 2035 3038 2087 In
3068 2034 3190 2090 cibo
3219 2053 3318 2092 suo
3351 2038 3488 2109 pisci

1897 2135 2026 2176 asso
2059 2119 2395 2191 conjungere
2426 2119 2608 2176 favum
2638 2121 2824 2188 voluit,
2850 2121 2976 2193 quia
3004 2123 3128 2178 illus
3157 2124 3211 2179 in
3241 2142 3340 2182 suo
3368 2144 3488 2184 cor-

1897 2225 2036 2280 pore
2093 2209 2162 2264 ad
2209 2215 2471 2264 aeternam
2522 2211 2764 2281 requiem
2811 2212 3075 2281 suscipit:
3109 2213 3202 2285 qui
3246 2230 3370 2271 cum
3402 2218 3490 2275 hic

1899 2297 2271 2354 tribulationes
2298 2299 2556 2365 sentiunt,
2583 2299 2654 2354 ab
2695 2315 2883 2355 amore
2929 2300 3158 2357 internae
3188 2303 3491 2364 dulcedinis

1897 2408 2008 2446 non
2042 2392 2323 2447 recedunt.
2358 2391 2461 2460 Qui
2492 2393 2580 2448 hic
2609 2409 2708 2464 pro
2751 2395 2868 2449 Deo
2897 2395 3053 2466 quasi
3093 2396 3261 2466 piscis
3291 2414 3487 2456 assau-

1898 2488 2006 2548 tur,
2037 2480 2148 2537 illic
2177 2481 2331 2553 quasi
2360 2480 2484 2537 favo
2515 2498 2645 2537 vera
2673 2483 2961 2540 dulcedine
2989 2484 3350 2543 satiabuntur.

1975 2627 1996 2652 u
2032 2605 2101 2658 Et
2129 2604 2264 2659 dixit
2292 2604 2362 2659 ad
2383 2619 2478 2660 eos
2511 2622 2524 2659 :
2558 2606 2684 2662 Haac
2727 2614 2850 2661 sunt
2897 2608 3064 2663 verba
3108 2626 3229 2681 qua:
3276 2612 3490 2671 locutus

1844 2754 1847 2756 _
1899 2710 2014 2748 sum
2047 2695 2117 2749 ad
2147 2710 2244 2749 vos
2275 2709 2396 2750 cum
2450 2694 2626 2750 adhuc
2677 2711 2854 2750 essem
2901 2698 3203 2766 vobiscum,
3237 2703 3491 2772 quoniam

1897 2799 2130 2839 necesse
2160 2791 2245 2838 est
2269 2783 2483 2854 impleri
2515 2784 2695 2838 omnia
2733 2802 2854 2856 quae
2901 2787 3100 2857 scripta
3131 2798 3256 2843 sunt
3283 2790 3338 2844 in
3366 2792 3490 2863 lege

1899 2872 2091 2943 Moysi,
2125 2880 2177 2927 et
2206 2872 2506 2943 prophetis,
2538 2881 2591 2928 et
2618 2873 2843 2944 psalmis
2865 2875 2932 2930 de
2963 2893 3066 2932 me.
3097 2899 3119 2924 η
3155 2879 3284 2932 Cum
3315 2880 3492 2938 adhuc

1899 2978 2078 3017 essem
2111 2962 2418 3029 vobiscum,
2453 2962 2710 3017 subaudis
2738 2963 2793 3017 in
2822 2980 2980 3019 carne
3011 2966 3245 3038 mortali,
3278 2968 3490 3026 locutus

190 3068 383 3108 vorum
416 3059 468 3106 et
508 3051 735 3118 lanceae,
782 3051 856 3106 ita
899 3052 955 3106 in
1002 3051 1090 3106 die
1131 3051 1325 3120 judicii
1368 3053 1692 3108 monstrabit
1739 3060 1866 3129 etC
1899 3067 2020 3105 sum
2049 3051 2218 3106 verba
2249 3053 2386 3118 hac,
2433 3052 2640 3107 scilicet
2691 3055 2948 3124 quoniam
2990 3071 3222 3111 necesse
3267 3066 3354 3112 est
3381 3059 3488 3114 im-

193 3140 390 3198 eadem
415 3140 617 3209 judicia
647 3158 761 3196 suae
790 3140 1069 3212 passionis
1100 3148 1153 3196 et
1199 3141 1374 3211 ipsam
1423 3143 1629 3212 pariter
1659 3158 1792 3199 cru-

193 3246 338 3297 cem,
372 3237 430 3284 ut
484 3228 781 3286 confundat
823 3230 1184 3301 superborum
1229 3230 1650 3286 inﬁdelitatem.
1710 3231 1794 3288 Ob

191 3318 393 3374 multas
423 3318 624 3390 quippe
673 3334 867 3375 causas
926 3318 1094 3374 voluit
1149 3319 1427 3376 cicatrices
1474 3320 1529 3374 in
1563 3337 1796 3391 corpore

192 3424 297 3464 suo
327 3424 614 3464 remanere
645 3426 659 3464 :
691 3409 876 3462 Prima
909 3423 1071 3463 causa
1104 3407 1202 3463 fuit
1231 3417 1289 3464 ut
1329 3417 1596 3464 astrueret
1625 3411 1797 3466 disci-

192 3497 339 3571 pulis
379 3497 541 3552 fidem
571 3497 993 3552 resurrectionis
1042 3516 1056 3564 ;
1106 3499 1366 3564 secunda,
1410 3507 1467 3552 ut
1505 3499 1648 3552 Patri
1673 3515 1800 3570 pro—

193 3587 358 3644 nobis
388 3585 721 3659 supplicans,
771 3585 936 3658 quale
985 3603 1164 3658 genus
1214 3587 1402 3642 mortis
1442 3589 1662 3658 pertulit
1698 3604 1800 3659 pro

192 3677 420 3732 homine
484 3691 703 3746 semper
756 3674 1008 3731 ostendat
1059 3693 1073 3743 ;
1131 3675 1311 3742 tertia,
1371 3683 1428 3730 ut
1483 3676 1801 3732 misericor-

195 3774 346 3830 diam
377 3789 526 3828 suam
559 3773 714 3828 nobis
745 3773 1034 3828 innovaret
1060 3772 1256 3826 talibus
1305 3771 1558 3837 indiciis;
1591 3780 1798 3844 quarta,

197 3869 264 3919 ut
291 3863 348 3917 in
378 3863 465 3918 dic
488 3862 681 3932 judicii
710 3863 962 3917 ostendat
982 3859 1203 3932 perfidis
1221 3876 1382 3933 quam
1400 3862 1547 3931 juste
1571 3863 1804 3917 debeant

201 3951 454 4009 damnari
483 3951 699 4022 ignibus
729 3951 968 4006 aeternis.
1002 3950 1056 4005 Si
1108 3951 1229 4022 quis
1266 3951 1426 4006 miles
1455 3951 1800 4019 fortissimus,

193 4042 432 4114 jubente
463 4056 562 4096 suo
590 4056 742 4112 rege,
779 4056 883 4110 pro
912 4039 1087 4095 salute
1112 4056 1225 4095 suae
1253 4040 1433 4113 gentis
1479 4042 1698 4096 hostem
1728 4041 1807 4095 in-

199 4134 478 4193 terficeret
507 4133 689 4190 multis
719 4134 1034 4190 vulneribus
1079 4135 1341 4205 acceptis,
1391 4142 1445 4190 et
1491 4135 1666 4206 spolia
1693 4153 1806 4191 sum

201 4225 356 4298 genti
386 4231 680 4295 reportaret
709 4224 778 4278 ab
814 4225 970 4279 hoste
1014 4231 1292 4294 superato,
1343 4231 1397 4279 et
1442 4225 1807 4298 interrogaret

200 4332 235 4371 a
264 4313 477 4370 medico
506 4327 576 4368 an
606 4313 684 4368 ita
730 4311 896 4370 vellet
925 4313 1107 4369 curari
1156 4321 1214 4368 ut
1258 4312 1487 4385 vestigia
1522 4313 1804 4368 vulnerum

1902 3141 2041 3210 pleri
2072 3157 2192 3210 quae
2223 3142 2427 3211 scripta
2457 3147 2582 3194 sunt
2619 3141 2686 3196 de
2735 3159 2845 3197 me.
2901 3143 3031 3198 Vide
3069 3147 3343 3214 quomodo
3373 3149 3492 3205 tulit

1903 3229 2166 3284 Dominus
2215 3245 2405 3284 omnes
2460 3230 2742 3302 ambages.
2807 3231 2966 3286 Visus
3019 3241 3122 3300 est,
3175 3240 3348 3291 tactus
3386 3245 3489 3307 est,

1904 3314 2271 3381 manducavit,
2304 3315 2612 3385 Scripturas
2643 3316 2936 3386 proposuit
2966 3324 3016 3371 et
3045 3321 3312 3390 exposuit.
3345 3322 3496 3380 Tunc

1908 3403 2117 3474 aperuit
2145 3403 2252 3457 illis
2285 3420 2505 3459 sensum
2536 3411 2591 3458 ut
2620 3404 2986 3478 intelligerent
3016 3406 3351 3479 Scripturas.

1984 3549 2006 3579 α
2033 3529 2101 3583 Et
2132 3529 2266 3584 dixit
2298 3528 2376 3583 eis
2411 3546 2423 3582 :
2459 3529 2746 3597 Quomodo
2789 3529 2869 3586 sic
2914 3531 3172 3602 scripturn
3200 3543 3301 3602 est,
3337 3543 3389 3593 et
3417 3536 3503 3594 sic

1908 3619 2192 3689 oportebat
2249 3619 2520 3673 Christum
2573 3619 2704 3689 pati,
2763 3627 2817 3674 et
2858 3637 3152 3694 resurgere
3196 3641 3225 3678 a
3273 3627 3505 3682 mortuis

1910 3709 2067 3764 tertia
2097 3709 2206 3774 die,
2240 3716 2291 3764 et
2329 3708 2617 3778 praedicari
2648 3709 2700 3763 in
2731 3710 2948 3766 nomine
2980 3714 3097 3781 ejus
3128 3715 3508 3784 paenitentiam

1911 3812 1968 3862 et
1997 3806 2383 3863 remissionem
2430 3815 2781 3878 peccatorum
2827 3808 2881 3862 in
2923 3824 3114 3866 omnes
3162 3816 3384 3884 gentes,
3417 3815 3508 3870 in-

1911 3897 2121 3968 cipiens
2151 3896 2217 3950 ab
2241 3896 2616 3952 Hierusalem.
2653 3921 2676 3945 n
2713 3897 3105 3954 Commendata
3153 3901 3235 3954 sui
3265 3903 3510 3973 corporis

1915 3993 2140 4050 veritate
2169 3994 2522 4051 commendat
2549 3994 2812 4050 unitatem
2845 3995 3131 4060 Ecclesiae,
3166 3998 3286 4053 vult
3313 4000 3512 4069 praedi-

1916 4093 2028 4149 cari
2083 4093 2458 4164 pocnitentiam
2515 4099 2567 4147 et
2613 4091 2993 4148 remissionem
3050 4103 3398 4165 peccatorum
3455 4099 3512 4153 in

1914 4207 2106 4248 omnes
2161 4198 2374 4264 gentes,
2432 4189 2506 4245 ita
2560 4197 2618 4244 ut
2671 4189 3020 4260 praedicaturi
3075 4191 3378 4264 inciperent
3441 4197 3510 4251 ab

1917 4287 2307 4360 Hierosolymis
2332 4306 2344 4343 :
2380 4303 2489 4343 non
2519 4287 2864 4344 solummodo
2894 4289 3256 4360 praedicantes
3284 4293 3506 4364 Iudaeis,

206 4413 356 4469 nulla
385 4417 734 4482 apparerent,
775 4427 846 4466 an
874 4410 951 4466 ita
996 4411 1177 4483 potius
1225 4419 1282 4465 ut
1311 4411 1591 4467 cicatrices
1623 4427 1804 4467 rema_
1831 4431 1883 4492 Ι)
1918 4389 2015 4444 sed
2046 4389 2211 4443 etiam
2240 4387 2555 4460 praedicatio
2600 4387 2987 4445 extenderetur
3015 4388 3082 4444 ad
3131 4391 3374 4464 gentium
3416 4409 3510 4451 er-

202 4518 398 4568 nerent
429 4509 547 4565 sine
576 4509 762 4581 aliqua
789 4507 1157 4577 deformitate,
1189 4509 1309 4580 ipse
1356 4511 1714 4580 responderet
1740 4525 1804 4566 se

204 4607 350 4668 velle
379 4606 580 4673 sanari,
616 4606 688 4662 ita
718 4614 777 4662 ut
807 4606 859 4662 in
891 4623 956 4662 eo
1000 4615 1288 4664 manerent
1335 4607 1492 4679 signa
1520 4606 1800 4679 triumphi,

205 4712 252 4768 si
282 4712 386 4766 hoc
415 4708 623 4780 absque
645 4708 896 4780 corporis
940 4708 1286 4765 deformitate
1316 4717 1508 4782 posset
1535 4708 1676 4766 fieri.
1714 4709 1804 4768 Sic

201 4809 454 4883 profecto
486 4807 610 4864 fecit
666 4807 949 4863 Dominus.
1010 4809 1132 4863 Non
1189 4823 1320 4879 ergo
1378 4823 1440 4862 ex
1485 4807 1804 4878 impotentia

201 4906 434 4965 curandi
483 4905 764 4962 cicatrices
806 4904 1062 4973 servavit,
1105 4905 1204 4961 sed
1243 4913 1299 4961 ut
1353 4913 1676 4978 perpetuum
1721 4907 1801 4964 vi-

201 5005 390 5065 ctoria:
418 5020 532 5061 sum
560 5002 932 5061 circumferret
964 5003 1314 5075 triumphum.

1914 4502 2089 4543 rores.

1990 4628 2012 4654 »
2046 4604 2158 4662 Vos
2187 4611 2368 4658 autem
2418 4611 2583 4660 testes
2641 4603 2772 4660 estis
2828 4605 3050 4675 horum,
3085 4614 3138 4664 et
3191 4623 3297 4683 ego
3349 4611 3504 4670 mitto

1912 4703 2242 4776 promissum
2271 4701 2443 4757 Patris
2474 4702 2580 4757 mei
2611 4703 2666 4756 in
2705 4719 2820 4759 vos.
2858 4722 2882 4754 ι
2937 4707 3045 4761 Vos
3092 4706 3184 4778 qui
3213 4707 3424 4765 vidistis
3453 4716 3506 4769 et

1911 4803 2158 4873 audistis,
2189 4802 2384 4858 horum
2428 4818 2556 4873 quae
2602 4801 2947 4872 praedicanda
2986 4813 3109 4858 sunt
3153 4812 3318 4861 testes
3349 4808 3498 4877 estis,

1909 4911 1966 4959 ut
1999 4901 2274 4958 sufficiatis
2311 4900 2381 4955 ad
2415 4899 2747 4966 testandum,
2796 4901 3004 4955 mittam
3053 4902 3208 4957 vobis
3257 4900 3499 4976 promiss

1910 5018 2028 5058 sum
2065 4999 2265 5069 Patris,
2301 4998 2354 5054 id
2386 5005 2469 5054 est
2495 4997 2727 5071 gratiam
2759 4997 2989 5070 Spiritus
3020 4999 3223 5057 sancti.

837 5363 1448 5474 DOMINICA
1523 5365 1652 5470 IN
1730 5362 2246 5467 OCTAVA
2320 5360 2891 5469 PASCHzE.

1488 5557 1891 5626 Secundum
1923 5557 2202 5621 Lucam.

272 5800 300 5830 ε
333 5777 470 5835 Cum
493 5783 649 5836 esset
699 5793 828 5836 sero
884 5777 973 5835 die
1028 5777 1122 5836 illo
1165 5791 1274 5835 una
1314 5775 1698 5847 Sabbatorum,
1747 5778 1803 5832 et

1909 5773 2055 5833 fores
2076 5777 2264 5828 essent
2291 5767 2488 5827 clausae
2533 5771 2624 5828 ubi
2667 5783 2824 5832 erant
2866 5775 3119 5853 discipuli
3159 5768 3508 5853 congregati,
