3986 6070
489 228 597 283 935

1599 219 1944 277 WERNERI
1981 218 2268 276 ABBATIS
2309 220 2373 277 S.
2422 221 2647 278 BLASII

3703 229 3806 285 936

488 359 713 426 propter
735 357 938 404 metum
983 347 1312 416 Iudaeorum,
1361 347 1512 402 venit
1556 350 1735 416 Jesus,
1778 355 1832 402 et
1862 346 2006 402 stetit
2037 346 2091 399 in
2117 342 2173 402 A
2200 345 2270 400 Et
2301 346 2443 402 sicut
2472 363 2578 402 una
2609 355 2692 404 est
2722 347 2959 405 charitas
2989 356 3042 406 et
3081 350 3187 408 duo
3233 358 3524 424 praecepta,
3555 353 3632 408 ita
3663 370 3808 409 unus

489 442 672 498 medio
702 455 886 496 eorum
929 439 1118 507 (Joan.
1155 440 1277 504 xx).
1318 461 1338 485 η
1391 436 1532 504 Quid
1591 436 1786 491 mirum
1818 437 1886 504 si,
1915 434 2094 505 januis

487 529 711 596 clausis,
743 536 866 598 post
893 525 1352 581 resurrectionem
1400 541 1552 579 suam
1602 526 1657 579 in
1689 533 1953 580 aeternum
1975 525 2093 592 jam

489 622 731 676 victurus
759 616 993 677 intravit,
1027 615 1116 686 qui
1157 615 1452 669 moriturus
1506 615 1733 669 veniens
1762 630 1872 668 non
1901 621 2092 684 aperto

487 717 644 764 utero
675 705 915 776 Virginis
944 703 1113 759 exivit
1140 705 1167 756 ‘2
1196 703 1304 758 Sed
1325 703 1450 774 quia
1471 703 1540 757 ad
1569 703 1703 756 illud
1726 717 1926 772 corpus
1947 701 2093 773 quod

487 797 659 854 videri
688 802 896 866 poterat
925 791 1062 847 fides
1117 792 1439 847 intuentium
1489 791 1791 856 dubitabat,
1853 790 2094 845 ostendit

490 888 569 943 eis
613 885 860 957 protinus
893 898 1090 936 manus
1133 889 1186 936 et
1233 881 1404 935 latus.
1476 880 1814 950 Palpandam
1867 894 2092 934 carnem

491 975 738 1048 prmbuit,
771 988 935 1044 quam
966 971 1164 1027 clausis
1196 969 1378 1039 januis
1431 968 1745 1023 introduxit.
1797 967 2002 1022 Clavus
2041 967 2091 1022 ei

490 1081 686 1122 manus
714 1062 923 1128 ﬁxerat,
947 1061 1137 1115 lancea
1185 1059 1321 1112 latus
1365 1065 1657 1128 aperuerat
1685 1057 1776 1112 ubi
1817 1057 1887 1112 ad
1926 1056 2090 1111 dubi-

489 1157 717 1212 tantium
747 1151 914 1207 corda
943 1149 1186 1204 sananda
1234 1147 1526 1202 vulnerum
1573 1153 1787 1201 servata
1835 1154 1959 1199 sunt
1995 1161 2092 1200 ve-

490 1243 670 1317 stigia.
704 1240 829 1303 Qua
869 1240 922 1292 in
949 1255 1010 1292 re
1039 1237 1148 1291 duo
1177 1237 1334 1303 mira,
1370 1244 1442 1300 et,
1470 1235 1624 1306 juxta
1675 1243 1964 1289 humanam
1997 1249 2088 1288 ra-

489 1336 694 1390 tionem
731 1329 833 1384 sibi
863 1327 1022 1383 valde
1066 1324 1354 1391 contraria,
1403 1325 1670 1391 ostendit,
1696 1323 1822 1377 dum
1855 1330 1977 1393 post
2007 1339 2091 1378 re-

489 1421 884 1480 surrectionem
943 1432 1096 1470 suam
1147 1430 1345 1484 corpus
1402 1430 1557 1467 suum
1587 1421 1640 1467 et
1677 1411 2089 1483 incorruptibile

490 1521 542 1570 et
573 1521 753 1568 tamen
781 1505 1060 1579 palpabile
1099 1502 1510 1559 demonstravit.
1543 1503 1680 1557 Nam
1733 1509 1785 1556 et
1815 1501 2090 1572 corrumpi

490 1617 720 1659 necesse
747 1605 830 1653 est
878 1595 1024 1666 quod
1069 1593 1346 1664 palpatur,
1398 1599 1449 1646 et
1495 1591 1707 1662 palpari
1753 1607 1861 1645 non
1910 1597 2089 1661 potest

2202 435 2438 504 Spiritus
2469 444 2518 491 et
2550 436 2659 492 duo
2688 437 2832 492 data.
2865 441 3004 494 Ante
3033 448 3210 496 tamen
3229 441 3628 513 discipulorum
3653 459 3808 498 men-

2200 525 2346 579 tibus
2399 527 2574 581 inerat
2623 527 2860 598 Spiritus
2920 537 3139 586 sanctus
3181 531 3251 586 ad
3291 531 3498 602 fidem;
3547 532 3650 588 sed
3702 547 3812 586 non

2199 613 2272 666 ita
2300 614 2609 680 manifeste,
2633 623 2690 670 ut
2717 625 2842 687 post
2887 619 3367 676 resurrectionem.
3414 621 3574 677 Unde
3619 620 3764 675 illud
3795 635 3808 686 ;

2206 725 2228 748 α
2262 703 2517 757 Nondum
2572 712 2692 759 erat
2749 704 2981 776 Spiritus
3019 708 3201 776 datus,
3264 710 3392 780 quia
3445 711 3607 766 Jesus
3670 724 3813 764 non-

2199 786 2328 845 dum
2386 792 2560 847 fuerat
2617 793 2953 866 glorificatus
3009 797 3191 867 (Joan.
3253 799 3372 859 vn).
3437 822 3458 848 υ
3539 799 3709 855 Unde
3760 806 3812 853 et

2199 897 2297 950 per
2357 883 2584 952 Moysen
2639 883 2882 939 dicitur:
2936 909 2958 934 α
3007 886 3280 942 Suxerunt
3333 888 3444 944 mel
3497 889 3572 943 de
3626 895 3807 959 petra,

2199 970 2490 1042 oleumque
2519 972 2587 1027 de
2617 971 2781 1028 ﬁrma
2807 982 2959 1044 petra
2989 977 3152 1032 Deut.
3206 977 3404 1048 xxx").
3442 998 3465 1027 ι
3515 977 3672 1032 Nihil
3703 978 3808 1033 tale

2192 1059 2344 1127 juxta
2374 1059 2658 1115 historiam
2687 1061 2907 1132 legitur,
2941 1064 2987 1119 si
3019 1072 3132 1120 tota
3157 1066 3328 1121 series
3370 1066 3588 1122 Veteris
3615 1067 3808 1122 Testa-

2196 1148 2366 1202 menti
2422 1159 2792 1206 recenseatur.
2850 1152 2960 1208 Sed
3019 1153 3146 1222 quia
3218 1154 3519 1210 secundum
3574 1154 3808 1210 Paulum

2197 1239 2353 1302 petra
2383 1243 2499 1288 erat
2528 1234 2790 1303 Christus,
2823 1235 2933 1290 mel
2975 1237 3044 1292 de
3091 1246 3246 1307 petra
3279 1247 3539 1294 suxerunt
3564 1239 3663 1310 qui
3694 1240 3809 1294 Re-

2197 1321 2496 1393 demptoris
2526 1324 2782 1378 miracula
2811 1323 3091 1381 viderunt.
3130 1325 3324 1381 Oleum
3369 1344 3501 1384 vero
3551 1328 3623 1383 de
3649 1327 3807 1382 ﬁrma

2196 1418 2349 1479 petra
2382 1420 2666 1480 suxerunt,
2697 1412 2788 1483 qui
2817 1421 2942 1483 post
2990 1415 3447 1472 resurrectionem
3493 1418 3619 1486 ejus
3661 1416 3806 1472 eﬂ'u-

2197 1498 2351 1554 sione
2383 1501 2552 1556 sancti
2608 1500 2842 1571 Spiritus
2902 1503 3032 1574 ungi
3088 1514 3422 1560 meruerunt.
3456 1504 3684 1560 Inﬁrma
3713 1523 3805 1577 pe-

2198 1595 2283 1642 tra
2311 1588 2458 1643 dedit
2487 1590 2614 1655 mel,
2647 1605 2773 1645 cum
2802 1589 2980 1646 adhuc
3009 1601 3156 1648 esset
3185 1594 3452 1662 mortalis,
3479 1610 3616 1650 vera
3650 1603 3805 1666 petra

491 1691 637 1766 quod
669 1704 776 1743 non
824 1682 1214 1753 corrumpitur.
1284 1681 1392 1736 Sed
1425 1680 1565 1734 miro
1613 1680 1775 1734 modo
1804 1688 1968 1750 atque
1996 1679 2085 1734 in-
2116 1695 2168 1754 Β
2199 1677 2378 1732 oleum
2410 1677 2547 1734 fudit
2574 1695 2696 1735 cum
2728 1688 2854 1750 post
2908 1682 3361 1739 resurrectionem
3410 1682 3508 1738 fuit
3539 1683 3805 1756 impassi-

490 1775 796 1838 restimabili
828 1774 1159 1844 Redemptor
1203 1778 1387 1826 noster
1429 1779 1480 1826 et
1510 1768 1920 1839 incorruptibile
1967 1775 2090 1839 post

489 1865 949 1928 resurrectionem
1007 1870 1060 1916 et
1114 1860 1383 1932 palpabile
1438 1874 1639 1930 corpus
1696 1857 1963 1926 exhibuit,
2009 1865 2084 1922 ut,

489 1951 838 2012 monstrando
895 1944 1303 2016 incorruptibile
1364 1944 1620 1999 invitaret
1683 1944 1749 1997 ad
1781 1943 2085 2013 praemium,

487 2041 786 2118 praebendo
837 2035 1111 2108 palpabile
1160 2034 1412 2089 formaret
1459 2033 1529 2086 ad
1570 2031 1754 2086 ﬁdem.
1788 2032 1857 2086 Et
1899 2031 2086 2087 incor-

487 2130 797 2205 ruptibilem
829 2143 888 2182 se
920 2140 1050 2196 ergo
1095 2131 1147 2178 et
1201 2120 1531 2195 palpabilem
1571 2119 1983 2185 demonstravit,
2030 2127 2087 2173 ut

487 2221 736 2296 profecto
767 2232 888 2272 esse
939 2221 1062 2284 post
1104 2210 1562 2266 resurrectionem
1606 2209 1922 2264 ostenderet
1966 2223 2084 2263 cor-

487 2327 590 2384 pus
621 2321 776 2363 suum
807 2311 858 2359 et
888 2302 1132 2372 ejusdem
1160 2307 1384 2364 natura-3,
1418 2306 1471 2354 et
1501 2298 1722 2352 alterius
1749 2296 1967 2370 gloriae.

565 2457 586 2482 υ
619 2434 686 2487 Et
716 2428 847 2485 dixit
873 2427 951 2482 eis
984 2445 995 2480 :
1026 2427 1134 2479 Pax
1164 2423 1341 2478 vobis.
1380 2444 1402 2473 ι
1457 2423 1653 2477 Pacem
1698 2419 1964 2476 oﬂ'erebat
1993 2421 2083 2492 qui

486 2530 710 2598 pr0pter
736 2532 926 2590 pacem
959 2513 1124 2570 venit.
1149 2514 1214 2567 Et
1235 2512 1432 2583 quibus
1453 2519 1609 2566 antea
1631 2509 1761 2564 dixit
1795 2528 1807 2563 :
1837 2532 1858 2558 α
1883 2511 2082 2566 Pacem

487 2613 731 2682 relinquo
764 2606 941 2671 vobis,
974 2617 1164 2674 pacem
1194 2617 1370 2656 meam
1403 2600 1474 2656 do
1507 2600 1661 2655 vobis
1683 2601 1862 2670 (Joan.
1882 2599 2024 2664 xw),
2055 2619 2075 2648 ι

483 2701 647 2758 modo
677 2697 807 2754 dicit
839 2713 851 2749 :
891 2718 912 2742 α
958 2695 1065 2748 Pax
1095 2691 1250 2747 vobis
1285 2715 1306 2739 ι
1343 2689 1467 2762 quia
1501 2705 1698 2760 pacem
1732 2689 1785 2744 in
1815 2697 2080 2744 nascente

484 2791 700 2848 Christo
719 2785 907 2858 angeli
936 2781 1368 2855 praedicaverunt
1399 2778 1631 2834 mundo.

561 2940 582 2964 α
606 2915 674 2969 Et
704 2927 826 2968 cum
857 2909 959 2964 hoc
981 2905 1226 2969 dixisset,
1250 2902 1490 2959 ostendit
1509 2902 1588 2957 eis
1611 2917 1804 2956 manus
1835 2909 1887 2956 et
1915 2901 2074 2967 latus,

486 3003 674 3062 Gavisi
711 3007 835 3055 sunt
887 3012 1021 3067 ergo
1078 2993 1327 3063 discipuli
1373 2991 1489 3046 viso
1539 2991 1793 3046 Domino.
1823 2990 1968 3045 Dixit
1997 2991 2076 3045 eis

483 3097 676 3151 iterum
710 3109 723 3144 :
756 3091 874 3142 Pax
903 3085 1076 3141 vobis.
1116 3107 1137 3132 η

481 3198 673 3256 pacem
705 3179 851 3234 enim
900 3188 1058 3245 super
1109 3187 1324 3243 pacem,
1367 3170 1510 3225 sicut
1559 3170 1805 3240 promisit
1837 3185 1931 3239 per
1959 3184 2082 3238 pro-

481 3274 728 3346 phetam.
771 3263 870 3320 Vel
902 3264 1024 3318 ideo
1081 3263 1330 3324 iteratur,
1391 3267 1448 3313 ut
1495 3266 1765 3313 monstret
1796 3256 2083 3328 pacificata

480 3378 580 3434 per
609 3373 766 3414 suum
798 3352 1118 3425 sanguinem
1148 3366 1270 3420 quae
1301 3347 1356 3401 in
1394 3346 1536 3403 caelo
1581 3355 1633 3402 et
1661 3364 1784 3419 quae
1815 3347 1868 3400 in
1903 3355 2072 3402 terra.

561 3509 580 3532 ιι
619 3483 766 3538 Sicut
791 3478 935 3533 misit
967 3492 1054 3530 me
1084 3477 1259 3540 Pater,
1297 3481 1348 3528 et
1385 3490 1490 3546 ego
1522 3474 1675 3529 mitto
1705 3489 1829 3529 vos.
1875 3496 1895 3520 υ
1934 3473 2081 3529 Sicut

481 3573 627 3630 misit
655 3587 742 3623 me
769 3571 927 3622 Pater
955 3567 1101 3620 Deus
1136 3565 1322 3626 Deum,
1356 3570 1407 3615 et
1452 3578 1556 3634 ego
1585 3562 1738 3616 mitto
1789 3578 1886 3617 vos
1916 3563 2080 3617 homo

480 3661 760 3718 homines.
804 3658 961 3710 Pater
1011 3652 1247 3707 amando
1292 3650 1486 3705 Filium
1538 3651 1682 3705 misit
1713 3668 1832 3706 eum
1863 3652 1994 3721 pati,
2028 3659 2080 3706 et

479 3749 750 3807 Dominus
778 3759 968 3799 amans
998 3739 1277 3812 apostolos
1318 3739 1459 3793 misit
1493 3755 1607 3804 eos,
1641 3755 1747 3794 non
1795 3740 1863 3794 ad
1893 3741 2078 3794 mundi

481 3839 758 3913 gaudium,
793 3833 889 3889 sed
922 3832 988 3886 ad
1021 3831 1360 3900 passionem.
1419 3827 1553 3881 Mitti
1597 3829 1761 3883 etiam
1810 3828 2012 3882 Filium
2047 3845 2078 3883 a

479 3932 636 3986 Patre
680 3926 837 3995 juxta
889 3929 1139 3975 naturam
1190 3917 1433 3972 divinam
1491 3925 1668 3987 potest
1706 3917 1962 3990 intelligi.
1998 3919 2077 3973 Eo

479 4020 625 4077 enim
657 4015 820 4070 modo
851 4028 881 4066 a
916 4012 1070 4065 Patre
1104 4007 1273 4062 Filius
1323 4006 1552 4061 mittitur
1596 4023 1704 4077 quo
1744 4015 2066 4078 generatur.

479 4111 536 4166 Si
590 4107 734 4162 enim
797 4100 1008 4164 missio,
1076 4095 1422 4152 solummodo
1476 4095 1782 4150 incarnatio
1852 4096 2076 4152 deberet

475 4195 724 4266 intelligi,
756 4191 909 4247 nullo
935 4187 1101 4243 modo
1134 4184 1363 4256 Spiritus
1393 4193 1612 4240 sanctus
1643 4185 1916 4240 diceretur
1943 4185 2072 4239 mit-

475 4288 534 4351 ti,
561 4284 649 4356 qui
695 4293 1040 4352 nequaquam
1091 4275 1402 4330 incarnatus
1448 4282 1555 4330 est.
1596 4274 1704 4329 Sed
1735 4274 1854 4342 ejus
1884 4273 2072 4329 missio

474 4377 595 4445 ipsa
623 4368 902 4442 processio
950 4369 1034 4420 est
1089 4380 1121 4418 a
1171 4366 1335 4417 Patre
1382 4371 1435 4417 et
1487 4363 1647 4418 Filio.
1707 4363 1854 4418 Sicut
1892 4363 2068 4435 itaque

477 4461 712 4533 Spiritus
761 4455 897 4510 mitti
953 4453 1150 4509 dicitur
1207 4450 1301 4522 qui
1355 4452 1620 4521 procedit,
1659 4453 1732 4506 ita
1781 4451 1945 4506 Filius
1977 4452 2069 4524 qui

472 4555 791 4625 generatur.

546 4699 568 4722 «ι
603 4674 718 4727 Hoc
748 4685 868 4726 cum
898 4665 1149 4734 dixisset,
1180 4664 1475 4721 insufﬂavit
1512 4673 1565 4720 et
1612 4664 1746 4720 dixit
1791 4664 1870 4720 eis
1909 4682 1920 4720 :
1953 4668 2064 4722 Ac-

468 4772 632 4846 cipite
663 4769 930 4840 Spiritum
961 4774 1228 4821 sanctum.
1273 4764 1518 4832 Quorum
1564 4763 1884 4819 remiseritis
1930 4782 2062 4836 pec-

466 4873 590 4922 cata
619 4859 964 4916 remittuntur
995 4853 1096 4923 eis,
1130 4862 1182 4910 et
1212 4870 1443 4925 quorum
1477 4853 1808 4908 retinueritis
1849 4863 2063 4910 retenta

467 4978 611 5028 sunt.
643 4989 665 5019 ι
718 4963 1056 5022 lnsufflando
1115 4960 1444 5036 significavit
1500 4961 1752 5031 Spiritum
1813 4972 2059 5018 sanctum

464 5077 574 5116 non
605 5057 780 5112 Patris
826 5052 994 5109 solius
1039 5068 1163 5108 esse
1211 5050 1470 5120 Spiritum
1516 5050 1611 5104 sed
1661 5057 1712 5104 et
1743 5067 1922 5106 suum.
1963 5054 2060 5108 Ec-

463 5147 642 5204 clesiae
671 5145 910 5202 charitas
939 5159 1061 5214 quas
1091 5158 1188 5213 per
1231 5140 1492 5212 Spiritum
1537 5147 1786 5194 sanctum
1819 5140 1976 5195 datur
2004 5142 2057 5196 in

464 5243 716 5301 cordibus
747 5240 945 5295 nostris
973 5239 1298 5310 participum
1345 5253 1564 5292 suorum
1608 5245 1827 5308 peccata
1873 5240 2055 5294 dimit-

461 5343 542 5411 tit,
575 5355 763 5396 eorum
793 5345 990 5405 autem,
1015 5338 1102 5408 qui
1132 5352 1242 5393 non
1271 5343 1394 5392 sunt
1415 5335 1533 5405 ejus
1555 5336 1867 5408 participes,
1888 5345 2054 5395 tenet.

461 5433 531 5488 Et
559 5429 684 5484 ideo
713 5434 903 5497 postea
934 5441 1094 5497 quam
1143 5426 1295 5492 dixit,
1338 5426 1581 5496 Accipite
1622 5425 1875 5496 Spiritum
1924 5444 2055 5483 san-

461 5537 628 5596 ctum,
661 5521 926 5580 continuo
955 5522 1023 5576 de
1053 5532 1397 5592 peccatorum
1431 5523 1751 5580 remissione
1774 5541 1839 5581 ac
1870 5534 2053 5583 reten-

459 5625 664 5682 tatione
697 5617 951 5685 subjecit.
989 5619 1050 5671 In
1079 5627 1226 5673 terra
1274 5620 1472 5690 quippe
1505 5621 1666 5676 datur
1715 5623 1967 5693 Spiritus,
2001 5634 2058 5680 ut

457 5719 720 5792 diligatur
748 5709 1029 5784 proximus
1053 5729 1068 5778 ;
1095 5726 1126 5766 e
1156 5710 1294 5766 coelo
1323 5719 1503 5768 autem
1523 5723 1580 5770 ut
1607 5715 1865 5789 diligatur
1884 5719 2052 5776 Deus.

1193 3055 1413 3137 Iteratio
1455 3080 1796 3136 conﬁrmatio
1826 3087 1927 3135 est.
1977 3081 2080 3133 Dat
2111 3055 2158 3120 Ο

2202 1766 2346 1822 bilis.

2274 1916 2296 1940 α
2333 1893 2574 1950 Thomas
2605 1895 2783 1950 aulem
2810 1913 2953 1952 unus
3008 1913 3074 1953 ex
3129 1897 3444 1964 duodecim,
3478 1899 3576 1970 qui
3604 1899 3805 1956 dicitur

2198 1981 2479 2052 Didymus,
2516 1999 2622 2038 non
2672 1993 2784 2040 erat
2839 2001 2960 2042 cum
3019 1985 3099 2041 eis
3155 1986 3379 2057 quando
3420 1987 3573 2043 venit
3619 1990 3799 2045 Iesus.

2196 2070 2461 2125 Dixerunt
2493 2088 2630 2145 ergo
2652 2073 2701 2129 ei
2730 2074 2825 2128 alii
2855 2074 3109 2146 discipuli
3143 2093 3156 2129 :
3199 2075 3445 2130 Vidimus
3475 2076 3797 2134 Dominum.

2195 2158 2290 2213 Ille
2321 2168 2501 2214 autem
2533 2162 2667 2216 dixit
2715 2163 2794 2218 eis
2828 2180 2840 2218 :
2874 2163 2993 2218 Nisi
3043 2164 3236 2219 videro
3279 2164 3334 2218 in
3374 2166 3634 2222 manibus
3681 2168 3800 2237 ejus

2193 2245 2418 2302 fixuram
2477 2249 2779 2318 clavorum,
2839 2260 2894 2307 et
2950 2252 3157 2307 mittam
3218 2253 3446 2325 digitum
3504 2271 3696 2311 meum
3745 2257 3799 2312 in

2191 2337 2377 2392 locum
2408 2339 2706 2408 clavorum,
2742 2349 2794 2397 et
2834 2341 3043 2396 mittam
3083 2357 3302 2397 manum
3349 2358 3531 2398 meam
3571 2345 3798 2401 inlatus

2191 2426 2327 2494 ejus,
2361 2443 2470 2482 non
2498 2430 2741 2485 credam.
2772 2455 2793 2479 ι»
2826 2432 2948 2486 Non
2978 2447 3112 2487 casu
3149 2431 3250 2486 sed
3291 2431 3479 2486 divina
3507 2432 3798 2504 dispensa-

2191 2514 2336 2570 tione
2367 2525 2584 2587 gestum
2616 2527 2716 2584 est,
2751 2525 2811 2575 ut
2863 2519 2956 2575 ille
3013 2519 3319 2593 discipulus
3372 2528 3503 2577 tunc
3547 2523 3793 2590 deesset,

2189 2613 2310 2674 post
2340 2615 2517 2661 autem
2547 2607 2807 2664 dubitans
2840 2609 3107 2679 palparet,
3137 2617 3194 2664 et
3239 2611 3470 2680 palpans
3517 2612 3792 2668 crederet.

2190 2693 2312 2748 Plus
2339 2695 2480 2749 enim
2515 2695 2807 2753 infidelitas
2838 2699 3059 2754 Thomas
3089 2699 3161 2753 ad
3205 2696 3368 2753 ﬁdem
3398 2699 3562 2754 nobis
3593 2701 3796 2772 profuit

2187 2798 2354 2852 quam
2386 2784 2526 2840 ﬁdes
2556 2786 2913 2854 credentium,
2934 2787 3060 2856 quia
3081 2788 3209 2842 dum
3231 2788 3300 2842 ad
3323 2788 3491 2844 fidem
3513 2790 3795 2862 palpando

2187 2871 2418 2940 ducitur,
2449 2883 2638 2930 nostra
2668 2891 2825 2931 mens
2853 2876 2906 2930 in
2939 2874 3044 2932 fide
3076 2876 3365 2932 solidatur.

2257 3023 2278 3048 α
2310 3001 2372 3053 Et
2392 3007 2515 3070 post
2559 3000 2675 3056 dies
2698 3007 2822 3058 octo
2841 3001 3034 3057 iterum
3059 3010 3213 3058 erant
3235 3003 3485 3076 discipuli
3505 3005 3627 3074 ejus
3650 3006 3795 3063 intus

2190 3095 2242 3143 et
2272 3090 2506 3145 Thomas
2537 3105 2660 3145 cum
2693 3092 2790 3158 eis,
2825 3091 2972 3147 venit
2999 3094 3161 3148 Jesus
3189 3093 3376 3164 januis
3406 3095 3634 3163 clausis,
3651 3098 3799 3154 stetit

2188 3178 2243 3232 in
2275 3179 2476 3244 medio,
2509 3187 2561 3235 et
2591 3180 2724 3234 dixit
2753 3199 2766 3236 :
2807 3183 2912 3236 Pax
2936 3182 3337 3238 vobis.Deinde
3368 3183 3501 3238 dixit
3527 3184 3793 3242 Thomas:

2189 3267 2336 3322 Infer
2365 3268 2597 3339 digitum
2621 3277 2764 3324 tuum
2796 3271 2921 3337 huc,
2956 3280 3008 3326 et
3038 3271 3161 3327 vide
3187 3288 3377 3326 manus
3407 3288 3601 3338 meas;
3635 3283 3687 3330 et
3717 3275 3796 3330 af-

2189 3355 2274 3410 fer
2325 3371 2542 3411 manum
2576 3365 2745 3425 tuam,
2780 3367 2834 3413 et
2873 3359 3024 3415 mitte
3055 3360 3109 3415 in
3152 3361 3292 3415 latus
3339 3377 3542 3430 meum,
3600 3371 3652 3418 et
3681 3363 3791 3419 noli

2187 3461 2310 3500 esse
2340 3446 2654 3502 incredulus
2687 3448 2784 3502 sed
2814 3447 3015 3506 fidelis.
3059 3471 3080 3500 ι
3119 3451 3329 3521 Corpus
3358 3450 3586 3506 Domini
3617 3453 3790 3507 intra-

2188 3533 2267 3587 vit
2297 3535 2363 3588 ad
2388 3535 2686 3604 discipulos
2711 3537 2900 3604 januis
2945 3539 3170 3605 clausis,
3218 3540 3360 3611 quod
3409 3555 3510 3611 per
3538 3542 3793 3598 nativita-

2187 3631 2292 3678 tem
2326 3623 2513 3679 clauso
2545 3624 2675 3678 exiit
2705 3633 2859 3680 utero
2907 3626 3148 3697 Virginis
3196 3644 3209 3680 :
3247 3628 3365 3684 Nec
3406 3628 3610 3684 mirum
3660 3631 3708 3684 si
3737 3631 3790 3685 in

2184 3721 2447 3768 aeternum
2477 3713 2715 3768 victurus
2745 3714 2812 3769 ad
2856 3714 3152 3784 discipulos
3202 3716 3442 3783 intravit,
3476 3718 3570 3790 qui
3619 3720 3790 3776 mori-

2185 3809 2338 3856 turus
2366 3802 2548 3858 clauso
2580 3803 2820 3874 Virginis
2865 3811 3019 3858 utero
3059 3804 3248 3860 exivit.
3302 3806 3417 3862 Duo
3457 3807 3598 3862 mira
3638 3812 3788 3875 juxta

2183 3892 2477 3960 humanam
2523 3893 2780 3948 rationem
2827 3893 2929 3948 sibi
2979 3894 3139 3950 valde
3195 3897 3471 3951 contraria
3518 3897 3790 3953 Dominus

2182 3982 2433 4048 ostendit,
2468 3983 2596 4037 dum
2626 3989 2748 4053 post
2774 3983 3236 4039 resurrectionem
3266 4001 3466 4056 corpus
3515 4004 3678 4041 suum
3711 3987 3787 4041 in-

2181 4071 2536 4141 corruptibile
2565 4080 2616 4126 et
2637 4072 2906 4142 palpabile
2938 4073 3345 4129 demonstravit.
3394 4076 3535 4129 Nam
3572 4085 3632 4131 et
3660 4092 3785 4133 cor-

2179 4160 2358 4231 rumpi
2385 4176 2611 4216 necesse
2669 4169 2752 4215 est
2803 4163 2948 4232 quod
2995 4163 3268 4234 palpatur,
3320 4172 3373 4218 et
3412 4165 3629 4235 palpari
3675 4183 3785 4221 non

2178 4257 2374 4319 potest,
2410 4250 2553 4321 quod
2586 4267 2694 4305 non
2726 4252 3112 4322 corrumpitur.
3159 4252 3267 4307 Sed
3314 4253 3450 4308 miro
3481 4255 3653 4310 modo
3683 4256 3786 4311 Re-

2179 4338 2430 4409 demptor
2463 4348 2646 4395 noster
2678 4357 2735 4395 se
2765 4341 3120 4396 monstrando
3156 4341 3630 4414 incorruptibilem
3680 4359 3783 4414 ap-

2181 4444 2370 4514 paruit,
2404 4453 2460 4498 ut
2492 4462 2591 4500 nos
2622 4445 2871 4501 invitaret
2903 4446 2972 4502 ad
3013 4447 3316 4517 praemium,
3352 4456 3406 4502 et
3442 4449 3782 4520 palpabilem

2175 4549 2234 4588 se
2264 4533 2496 4603 praebuit
2527 4542 2580 4588 ut
2632 4534 2894 4590 formaret
2941 4537 3011 4590 ad
3051 4536 3236 4592 fidem.
3273 4537 3526 4592 Divinum
3572 4537 3782 4595 factum

2172 4646 2280 4685 non
2331 4639 2414 4686 est
2458 4631 2706 4688 mirabile
2753 4633 3002 4702 multum,
3054 4634 3099 4688 si
3155 4634 3367 4690 ratione
3415 4636 3543 4708 capi
3587 4641 3779 4710 queat,

2172 4737 2259 4784 aut
2289 4730 2501 4787 ratione
2532 4732 2776 4802 probari.
2817 4734 2944 4791 Haec
2980 4733 3106 4790 fidei
3153 4735 3362 4792 meritis
3409 4742 3495 4794 est
3524 4752 3780 4811 congrua

2169 4827 2252 4884 vis
2281 4828 2523 4884 rationis.

2246 4961 2265 4983 ιι
2303 4936 2606 5009 Respondit
2634 4940 2875 4995 Thomas
2903 4947 2957 4997 et
2985 4939 3123 4997 dixit
3153 4941 3203 4997 ei
3247 4958 3259 4996 :
3311 4940 3586 5000 Dominus
3619 4960 3778 5003 meus

2168 5041 2221 5089 et
2251 5035 2398 5090 Deus
2419 5054 2595 5093 meus.
2636 5062 2656 5086 υ
2712 5039 2941 5095 Videbat
2982 5041 3257 5098 hominem
3307 5049 3361 5098 et
3408 5045 3678 5117 tangebat
3721 5053 3779 5102 et

2167 5134 2529 5192 confitebatur
2561 5138 2754 5208 Deum,
2791 5155 2950 5211 quem
2980 5156 3088 5195 non
3117 5141 3334 5198 videbat
3357 5158 3544 5216 neque
3569 5152 3774 5218 tange-

2165 5231 2286 5289 bat.
2325 5234 2467 5290 Dicit
2495 5235 2543 5290 ei
2571 5237 2742 5291 Iesus
2775 5255 2788 5291 :
2821 5260 2842 5286 ιι
2879 5237 3019 5307 Quia
3053 5239 3232 5295 vidisti
3277 5255 3364 5296 me
3395 5241 3704 5298 credidisti.
3745 5267 3768 5291 ι

2165 5329 2327 5385 Aliud
2375 5332 2508 5388 vidit
2554 5342 2607 5389 et
2646 5333 2792 5389 aliud
2839 5335 3075 5392 credidit
3122 5355 3135 5391 :
3180 5337 3460 5394 hominem
3508 5339 3668 5405 vidit,
3717 5349 3774 5397 et

2165 5429 2334 5484 Deum
2368 5430 2654 5488 confessus
2684 5439 2789 5490 est.
2821 5435 2946 5490 Non
2978 5436 3054 5490 ait
3076 5436 3318 5508 tetigisti,
3343 5438 3443 5493 sed
3463 5459 3488 5489 ι
3511 5438 3714 5506 vidisti,
3741 5461 3766 5491 ι

2164 5528 2289 5600 quia
2335 5531 2610 5601 generalis
2652 5533 2895 5604 quodam
2940 5533 3103 5590 modo
3159 5551 3353 5591 sensus
3413 5544 3499 5593 est
3560 5537 3713 5593 visus
3750 5553 3767 5606 ;

2162 5641 2284 5680 nam
2329 5643 2428 5698 per
2481 5628 2617 5685 alios
2667 5637 2894 5700 quatuor
2933 5631 3200 5687 nominari
3243 5633 3383 5688 solet
3430 5641 3491 5691 ut
3520 5651 3647 5691 cum
3676 5635 3770 5690 di-

2158 5723 2331 5779 cimus
2362 5742 2378 5780 :
2411 5725 2552 5784 Audi
2580 5736 2632 5784 et
2678 5727 2822 5800 vide,
2869 5745 3032 5802 quam
3069 5730 3212 5788 bene
3256 5737 3440 5800 sonet,
3494 5729 3676 5800 Olfac,
3708 5739 3767 5788 et
