4062 6074
311 288 420 343 937

1237 287 1816 346 DEFLORATIONES
1847 290 1945 345 SS.
1998 292 2312 350 PATRUM.
2351 325 2420 336 —
2448 296 2583 351 LIB.
2625 295 2673 350 Ι.

3509 309 3612 360 938

310 409 435 466 vide
464 424 634 483 quam
663 410 804 468 bene
829 409 995 467 oleat.
1035 409 1208 466 Gusta
1257 419 1309 466 et
1359 411 1488 467 vide
1544 429 1711 484 quam
1769 414 1908 470 bene
1941 416 1995 480 Α
2023 424 2268 473 nostram
2297 419 2354 474 in
2383 419 2540 476 nobis
2569 437 2668 491 per
2698 421 2875 490 ipsum
2908 423 3134 480 salutem
3161 442 3474 496 operemur,
3504 439 3611 486 tres

312 499 508 568 sapiat,
542 508 706 568 tange
736 509 790 555 et
821 499 944 554 vide
975 516 1136 572 quam
1167 501 1304 556 bene
1336 502 1528 558 caleat.
1566 503 1720 559 Unde
1745 515 1792 558 et
1824 505 1910 560 hic

316 586 582 642 Dominus
613 587 786 660 inquit
820 606 833 643 :

395 725 416 752 «
452 703 598 760 Infer
626 705 863 776 digitum
899 713 1049 760 tuum
1078 707 1202 771 huc,
1236 715 1290 763 et
1319 708 1442 764 vide
1472 724 1665 764 manus
1687 725 1858 773 meas,
1882 730 1904 756 ιι

317 789 423 858 hoc
453 797 536 844 est
567 798 729 861 tange
759 799 810 845 et
862 791 1001 846 vide.
1054 792 1195 847 Vidit
1243 809 1379 862 ergo
1428 794 1773 849 solummodo
1821 795 1908 847 in—

316 879 543 946 tuendo,
579 878 695 934 sive
725 878 889 935 etiam
924 881 1217 953 tangendo.
1253 882 1369 938 Dici
1400 883 1544 937 enim
1577 891 1756 952 potest
1802 899 1911 937 non

317 981 513 1022 ausum
545 978 672 1022 tunc
719 968 887 1023 fuisse
935 969 1265 1040 discipulum
1313 979 1536 1042 tangere
1583 971 1900 1026 Dominum.

314 1055 440 1111 Non
469 1056 614 1111 enim
645 1057 912 1126 scriptum
942 1065 1026 1113 est
1057 1076 1072 1112 :
1105 1058 1301 1130 Tetigit
1332 1058 1590 1126 Thomas,
1637 1059 1736 1115 sed
1784 1059 1912 1130 quia

315 1144 450 1200 vidit
478 1153 531 1200 et
561 1144 811 1202 credidit.

362 1265 385 1290 α
413 1243 560 1298 Beati
581 1244 674 1316 qui
696 1259 802 1298 non
832 1245 1153 1300 videruntet
1178 1244 1548 1301 crediderunt.
1577 1267 1598 1295 ι
1624 1245 1912 1300 Commen—

316 1329 408 1386 dat
437 1330 600 1387 ﬁdem
631 1333 905 1405 gentium,
938 1334 1036 1389 sed
1068 1334 1329 1405 praeteriti
1361 1334 1623 1405 temporis
1654 1350 1782 1388 usus
1828 1342 1911 1388 est

314 1421 505 1475 verbis
535 1430 590 1476 ut
620 1421 712 1477 ille
742 1423 832 1493 qui
864 1422 918 1476 id
951 1422 1096 1494 quod
1125 1432 1243 1478 erat
1276 1423 1522 1478 futurum
1556 1423 1608 1476 in
1655 1439 1755 1477 sua
1805 1439 1910 1477 no-

316 1517 473 1564 verat
511 1509 988 1581 praedestinatione
1032 1513 1148 1580 jam
1197 1511 1425 1568 factum.
1484 1511 1780 1566 Sciendum
1828 1518 1912 1565 est

315 1595 472 1652 illum
503 1614 630 1654 vere
659 1599 889 1654 credere
920 1600 1010 1670 qui
1040 1597 1202 1656 fidem
1233 1600 1468 1672 complet
1496 1616 1687 1670 opere.
1725 1600 1806 1654 De
1827 1599 1910 1654 bis

315 1694 502 1742 autem
533 1686 625 1759 qui
685 1686 847 1743 fidem
905 1688 1129 1744 nomine
1184 1696 1341 1751 tenus
1396 1691 1650 1754 retinent,
1710 1688 1908 1743 Paulus

2021 516 2138 570 dies
2167 518 2340 572 dedit.
2382 519 2485 586 Qui
2518 528 2632 573 tres
2658 521 2796 583 dies,
2831 522 2997 576 etiam
3042 523 3093 576 in
3155 525 3247 578 illa
3303 543 3428 593 ave,
3487 546 3608 600 qua:

2021 607 2238 675 phmnix
2261 608 2985 679 appellatur,designantur.
3013 614 3090 668 De
3113 630 3222 683 qua
3243 615 3372 670 dicit
3392 618 3611 688 physio-

2019 701 2180 771 logus
2211 705 2358 773 quia,
2391 720 2515 758 cum
2553 705 2866 774 impleverit
2906 707 3096 762 decem
3129 726 3298 764 annos
3323 712 3444 766 vitae
3474 730 3608 780 suae,

2019 791 2184 844 intrat
2214 793 2268 845 in
2300 792 2449 863 ligna
2479 794 2688 862 Libani,
2731 804 2782 849 et
2837 797 3008 865 replet
3065 799 3256 852 ambas
3312 801 3426 854 alas
3484 819 3612 856 suas

2019 880 2257 933 diversis
2285 882 2621 936 aromatibus
2649 882 2896 951 ejusdem
2928 886 3081 956 ligni,
3117 886 3429 961 faciensque
3454 892 3615 945 Variis

2019 976 2087 1029 de
2118 977 2411 1048 pigmentis
2442 979 2647 1045 nidum,
2673 989 2980 1053 congregat
3012 994 3417 1040 sarmentorum
3450 1003 3612 1042 acer-

2019 1081 2144 1119 vum
2179 1066 2495 1133 maximnm,
2529 1067 2628 1121 sub
2679 1069 2904 1124 domum
2952 1087 3182 1141 ponens,
3237 1075 3610 1147 accedensque

2018 1155 2089 1209 ad
2121 1169 2330 1220 aerem,
2364 1155 2496 1210 solis
2524 1156 2708 1228 ignem
2738 1160 2954 1213 attrahit
3010 1177 3196 1216 secum
3253 1170 3306 1217 et
3364 1163 3604 1220 incendit

2019 1258 2309 1315 sarmenta,
2336 1265 2400 1305 ac
2430 1250 2735 1322 ingreditur
2764 1252 2946 1307 nidum
2992 1270 3150 1308 suum
3197 1273 3384 1312 mense
3414 1261 3609 1316 Martio

2017 1345 2071 1392 et
2099 1339 2368 1393 comburit
2396 1355 2455 1394 se
2486 1339 2682 1408 ipsum,
2713 1349 2766 1395 et
2791 1341 2932 1396 cinis
2961 1344 3137 1412 primo
3167 1345 3259 1400 die
3290 1347 3520 1402 vertitur
3550 1349 3605 1404 in

2019 1441 2278 1492 vermem,
2313 1429 2552 1484 secunda
2582 1429 2670 1483 die
2727 1429 2782 1483 in
2838 1429 3139 1499 volucrem,
3201 1435 3355 1488 tertia
3412 1436 3501 1492 die
3557 1439 3610 1493 in

2017 1514 2302 1585 pristinum
2333 1525 2554 1572 statum.
2587 1517 2683 1573 Hic
2707 1519 2894 1589 itaque
2926 1521 3164 1590 phoenix,
3198 1523 3289 1593 qui
3329 1534 3452 1594 post
3485 1527 3606 1580 lon-

2017 1626 2146 1685 gam
2176 1621 2392 1668 aetatem
2423 1615 2609 1669 decem
2641 1630 2904 1670 annorum
2929 1617 3057 1688 igne
3086 1621 3426 1676 consumitur
3454 1624 3506 1676 in
3539 1626 3612 1680 ci-

2019 1715 2226 1768 nerem,
2251 1717 2316 1756 ac
2335 1701 2534 1758 deinde
2557 1703 2780 1758 vertitur
2802 1703 2856 1758 in
2880 1721 3144 1772 vermem,
3185 1715 3238 1762 et
3271 1720 3607 1778 postremum

315 1775 490 1831 dicit:
531 1798 552 1825 ‹ι
586 1775 930 1832 Confitentur
959 1793 1019 1832 se
1065 1793 1229 1833 nosse
1277 1777 1473 1844 Deum,
1525 1776 1676 1832 factis
1725 1785 1908 1832 autem

2023 1796 2359 1844 restauratur
2385 1790 2442 1844 in
2483 1799 2681 1846 statum
2729 1793 2988 1862 priorem,
3035 1775 3289 1867 designat
3342 1798 3495 1854 illum
3543 1803 3612 1858 de

315 1872 522 1936 negant
552 1867 687 1935 (Tit.
720 1867 788 1934 ι).
830 1889 850 1913 ιι
879 1865 1226 1922 EtJacobus:
1255 1889 1277 1913 «
1303 1865 1462 1921 Fides
1486 1865 1629 1922 mine
1651 1865 1912 1936 operibus

318 1961 535 2009 mortua
565 1962 648 2009 est
681 1955 823 2025 (Jac.
860 1955 948 2026 Il).
995 1977 1016 2001 η

396 2073 418 2100 (ι
452 2051 615 2107 Multa
647 2053 866 2124 quidem
900 2060 952 2108 et
981 2051 1091 2107 alia
1121 2051 1276 2125 signa
1311 2050 1439 2107 fecit
1468 2053 1625 2107 Jesus
1669 2051 1725 2106 in
1775 2067 1913 2108 con-

320 2149 510 2213 spectu
541 2141 934 2212 discipulorum
963 2157 1206 2205 suorum,
1242 2157 1363 2212 qua:
1393 2157 1502 2196 non
1532 2140 1733 2211 scripta
1781 2143 1916 2194 sunt

319 2229 377 2284 in
403 2229 539 2285 libro
570 2231 693 2286 hoc.
728 2231 854 2286 Haec
884 2239 1065 2284 autem
1123 2229 1329 2300 scripta
1384 2236 1510 2284 sunt
1567 2237 1619 2283 ut
1673 2227 1916 2284 credatis

320 2319 442 2390 quia
472 2319 629 2374 Jesus
658 2325 741 2373 est
772 2319 1021 2374 Christus
1053 2318 1224 2373 Filius
1253 2318 1372 2384 Dei,
1419 2327 1468 2373 et
1519 2327 1573 2372 ut
1621 2317 1918 2373 credentes

321 2407 482 2463 vitam
511 2407 759 2462 habeatis
789 2407 844 2461 in
875 2407 1094 2463 nomine
1125 2407 1265 2475 ejus.
1307 2432 1326 2454 »
1361 2405 1535 2469 Quasi
1579 2406 1742 2460 linem
1792 2405 1918 2460 libri

318 2495 472 2568 ponit
503 2496 840 2567 evangelista
871 2496 938 2551 ad
970 2511 1230 2566 magnam
1259 2495 1790 2551 commendationem
1823 2510 1917 2548 sa-

319 2584 585 2639 cramenti
616 2591 888 2640 secutura:
921 2584 1275 2652 narrationis,
1309 2584 1516 2640 faciens
1548 2585 1596 2640 ei
1641 2583 1917 2656 quodam-

317 2673 484 2729 modo
513 2671 930 2729 eminentiorem
962 2673 1170 2729 locum.

604 2839 843 2898 SERMO
883 2841 960 2897 IN
999 2841 1280 2897 OCTAVA
1323 2841 1630 2898 PASCHE.

390 2984 526 3040 Tres
553 2983 673 3040 dies
703 2991 831 3040 sunt
859 2982 1150 3039 invisibilis
1179 2983 1337 3050 lucis,
1373 2983 1572 3056 quibus
1617 2983 1921 3039 illustratur

319 3073 552 3130 interius
609 3061 872 3144 spiritalis
928 3072 1052 3129 vitae
1106 3089 1324 3129 cursus.
1384 3073 1592 3128 Primus
1647 3073 1766 3129 dies
1836 3079 1922 3126 est

317 3162 501 3229 timor,
535 3161 814 3218 secundus
841 3161 962 3216 dies
1008 3170 1092 3217 est
1138 3161 1362 3225 veritas,
1418 3162 1606 3217 tertius
1659 3162 1779 3217 dies
1836 3168 1920 3216 cst

317 3252 585 3308 Charitas.
625 3251 840 3306 Primus
872 3251 992 3306 dies
1023 3250 1195 3306 solem
1211 3267 1376 3306 suum
1389 3251 1549 3305 habet
1569 3251 1872 3321 potentiam
1901 3268 1915 3314 ;

314 3340 589 3397 secundus
609 3340 780 3397 solem
802 3356 961 3396 suum
985 3339 1151 3394 habet
1167 3339 1490 3410 sapientiam
1507 3358 1520 3405 ;
1536 3339 1723 3396 tertius
1745 3339 1918 3394 solem

314 3454 476 3493 suum
510 3438 676 3492 habet
706 3437 1123 3509 benignitatem.
1158 3437 1405 3492 Potentia
1433 3437 1502 3490 ad
1535 3438 1770 3501 Patrem,
1824 3451 1919 3490 sa-

315 3527 518 3599 pientia
552 3527 622 3582 ad
655 3527 870 3589 Filium,
903 3526 1216 3598 benignitas
1247 3525 1318 3580 ad
1359 3525 1618 3595 Spiritum
1669 3533 1924 3579 sanctum

315 3617 575 3688 pertinet.
604 3615 711 3670 Alii
743 3623 868 3669 sunt
897 3614 1018 3670 dies
1047 3614 1240 3677 nostri.
1273 3629 1413 3685 quos
1457 3614 1718 3668 habemus
1767 3621 1919 3669 exte-

315 3705 482 3774 rius;
533 3704 642 3772 alii,
699 3719 838 3775 quos
884 3703 1138 3758 interius.
1191 3703 1323 3757 Dies
1371 3703 1542 3758 nostri
1587 3703 1912 3767 exteriores,

313 3794 480 3870 etiam
509 3809 632 3850 cum
663 3791 932 3860 nolumus,
968 3799 1280 3847 transeunt.
1309 3791 1434 3846 Dies
1454 3791 1912 3857 verointeriores,

314 3891 364 3946 si
392 3890 659 3954 volumus,
692 3889 745 3942 in
775 3897 1039 3943 aeternum
1084 3903 1413 3958 permanere
1461 3895 1716 3957 possunt.
1771 3888 1914 3943 Ecce

315 3988 434 4035 tres
463 3979 581 4033 dies
607 3985 764 4033 sunt:
788 3977 906 4031 dies
928 3977 1160 4041 timoris,
1210 3975 1299 4046 qui
1327 3976 1634 4031 manifestat
1673 3976 1871 4030 malum
1898 3995 1912 4041 ;

315 4068 438 4123 dies
466 4066 726 4132 veritatis,
759 4065 850 4135 qui
879 4066 1058 4120 aufert
1084 4064 1286 4118 malum
1312 4083 1327 4130 ;
1351 4065 1469 4118 dies
1501 4065 1802 4129 charitatis,
1823 4065 1912 4135 qui

316 4155 559 4212 restituit
587 4155 808 4210 bonum.
841 4153 971 4208 Dies
1003 4152 1240 4209 veritatis
1269 4151 1529 4208 clariﬁcat
1559 4154 1702 4208 diem
1744 4155 1912 4208 timo-

317 4245 426 4308 ris;
458 4245 580 4300 dies
621 4241 910 4298 charitatis
959 4240 1230 4298 clarificat
1278 4248 1331 4296 et
1385 4240 1530 4296 diem
1587 4241 1804 4297 timoris
1861 4248 1916 4296 et

318 4333 467 4391 diem
499 4331 767 4399 veritatis,
801 4331 980 4387 donec
1027 4329 1277 4403 perfecta
1323 4329 1490 4384 fuerit
1543 4329 1800 4396 charitas,
1861 4337 1915 4385 et

317 4432 563 4505 perfecte
592 4429 970 4486 manifestatur
998 4428 1176 4484 omnis
1209 4427 1432 4495 veritas,
1464 4435 1516 4483 et
1547 4428 1707 4484 timor
1737 4444 1914 4498 pinna)

317 4529 631 4578 transeatur
659 4520 715 4574 in
755 4519 1002 4574 timorem
1051 4517 1393 4573 reverentiae.
1444 4518 1525 4572 De
1578 4517 1663 4572 his
1718 4517 1911 4573 diebus

319 4612 532 4667 locutus
562 4617 647 4665 est
662 4606 807 4663 Osee
827 4606 1113 4677 propheta,
1137 4604 1361 4660 dicens:
1399 4626 1422 4658 ι
1461 4603 1771 4662 Viviﬁcabit
1817 4622 1918 4662 nos

322 4699 475 4773 prius
503 4698 642 4753 duos
672 4696 811 4762 dies,
845 4695 900 4749 in
949 4694 1037 4750 die
1088 4693 1248 4751 tertia
1293 4693 1573 4750 suscitabit
1610 4711 1712 4750 nos
1755 4696 1908 4764 (088.

323 4790 426 4859 v1).
465 4811 487 4836 η
517 4787 659 4842 Nam
690 4783 924 4856 qualiter
953 4781 1218 4837 Dominus
1247 4789 1436 4838 noster
1462 4785 1623 4839 Jesus
1668 4783 1917 4838 Christus

322 4893 422 4950 per
448 4873 838 4929 humanitatem
870 4886 1032 4943 quam
1061 4879 1456 4941 assumpserat,
1487 4877 1644 4927 tertia
1685 4872 1774 4926 die
1825 4889 1916 4927 re-

326 4980 560 5037 surgens
589 4979 618 5018 a
649 4960 870 5016 mortuis
901 4960 956 5014 in
983 4975 1041 5014 se
1074 4975 1172 5014 nos
1204 4959 1559 5015 vivificaverit
1591 4968 1642 5015 et
1687 4960 1916 5016 suscita-

323 5053 484 5122 verit,
516 5051 822 5107 audivimus
851 5057 902 5104 et
931 5047 1112 5120 gavisi
1142 5064 1347 5102 sumus.
1382 5048 1488 5102 Sed
1509 5048 1734 5121 dignum
1756 5050 1916 5105 valde

327 5150 504 5200 estut
543 5153 1020 5210 recompensemus
1085 5136 1136 5192 ei
1201 5134 1523 5192 beneﬁcium
1588 5154 1745 5192 suum
1777 5179 1791 5206 ,
1861 5147 1916 5194 et

328 5229 790 5304 quemadmodum
830 5243 932 5282 nos
971 5225 1024 5280 in
1065 5225 1183 5295 ipso
1241 5224 1400 5280 tertia
1450 5224 1538 5280 die
1596 5236 1917 5292 resurgente

324 5326 819 5395 resurrexerimus,
851 5325 922 5378 ita
951 5331 1004 5378 et
1021 5339 1122 5378 nos
1151 5338 1251 5393 pro
1283 5322 1404 5393 ipso
1425 5331 1477 5377 et
1497 5339 1596 5393 per
1617 5323 1919 5394 ipsumter-

327 5419 405 5473 tia
433 5416 522 5472 die
548 5421 922 5486 resurgentes,
956 5427 1080 5466 eum
1110 5410 1164 5465 in
1196 5411 1356 5466 nobis
1403 5428 1703 5485 resurgere
1751 5412 1921 5469 facia-

329 5522 478 5562 mus.
527 5505 644 5559 Nec
681 5501 1022 5559 credendum
1058 5507 1138 5554 est
1177 5500 1308 5572 quin
1345 5515 1378 5554 a
1428 5501 1585 5556 nobis
1643 5501 1746 5555 sibi
1803 5503 1921 5572 ipse

330 5588 463 5652 velit
493 5591 720 5649 retribui
749 5589 892 5663 quod
911 5587 1063 5660 prior
1082 5588 1201 5659 ipse
1235 5589 1400 5643 voluit
1436 5589 1722 5660 impertiri.
1775 5591 1924 5647 Sicut

332 5699 467 5758 ergo
496 5681 634 5756 ipse,
669 5685 728 5735 ut
757 5687 1000 5736 nostram
1028 5677 1084 5732 in
1115 5693 1174 5734 se
1203 5685 1255 5733 et
1284 5694 1385 5749 per
1413 5693 1472 5734 se
1492 5680 1721 5735 salutem
1735 5696 1929 5752 opera-

333 5789 502 5849 retur,
543 5786 656 5836 tres
698 5777 817 5833 dies
874 5775 1077 5832 habere
1128 5775 1316 5845 voluit,
1379 5775 1455 5832 ita
1507 5784 1560 5832 at
1597 5778 1757 5834 nobis
1789 5820 1803 5846 ,
1868 5785 1927 5834 ut

650 5903 911 5967 Par-non.
943 5900 1158 5967 CLVII
1171 5944 1187 5961 .

2024 1901 2131 1956 quo
2163 1887 2436 1957 PrOpheta
2468 1903 2480 1939 :
2520 1912 2541 1936 α
2577 1889 2720 1961 Ego,
2756 1889 2950 1960 inquit,
2981 1907 3102 1946 sum
3147 1895 3350 1949 vermis
3398 1905 3452 1952 et
3499 1915 3613 1954 non

2024 1973 2186 2028 homo
2215 1976 2394 2044 (Pani.
2435 1979 2568 2046 xxi).
2607 2000 2630 2024 ι
2663 1978 2768 2032 Cur
2820 1978 2982 2032 totius
3030 1981 3293 2036 Dominus
3346 1995 3614 2044 creatura:

2023 2063 2318 2119 vermiculo
2347 2080 2407 2119 se
2437 2065 2668 2120 voluerit
2696 2067 3004 2136 comparari
3050 2068 3104 2122 in
3151 2071 3406 2140 passione
3453 2084 3507 2130 et
3553 2077 3610 2131 in

2025 2159 2302 2229 sepultura
2359 2177 2484 2227 sua,
2543 2178 2836 2232 possumus
2894 2165 2996 2219 hoc
3051 2167 3270 2235 quidem
3326 2170 3616 2229 humilitati

2025 2247 2276 2316 primitus
2304 2249 2607 2321 assignare,
2642 2266 2763 2321 quae
2785 2257 3101 2306 sanctorum
3133 2253 3298 2308 virtus
3327 2262 3411 2311 est
3442 2262 3617 2315 maxi-

2026 2351 2136 2402 ma,
2170 2337 2308 2392 sicut
2339 2345 2566 2392 sanctus
2586 2339 2802 2410 Moyses
2823 2343 2950 2395 ante
2970 2341 3140 2395 Deum
3162 2343 3363 2398 animal
3394 2362 3454 2402 se
3475 2349 3617 2404 irra-

2026 2432 2230 2488 tionale
2259 2433 2583 2505 proﬁtetur;
2609 2435 2780 2490 David
2815 2453 2874 2490 se
2903 2437 3138 2506 pulicem
3187 2455 3333 2510 saepe
3384 2458 3621 2502 comme-

2028 2533 2205 2579 morat
2231 2540 2244 2576 :
2267 2524 2364 2577 sed
2384 2524 2560 2596 magis
2587 2525 2721 2579 illud
2740 2525 3120 2595 accipiendum
3165 2537 3312 2597 puto,
3364 2535 3621 2602 quoniam

2028 2612 2232 2668 vermis
2253 2612 2403 2667 nulla
2433 2613 2769 2668 extrinsecus
2799 2614 3124 2670 admistione
3153 2617 3316 2672 alieni
3344 2627 3618 2694 corporis,

2029 2709 2126 2764 sed
2157 2709 2225 2764 de
2256 2709 2374 2764 sola
2404 2717 2458 2764 et
2513 2725 2649 2779 pura
2681 2717 2830 2764 terra
2874 2720 3201 2781 procreatur
3233 2732 3246 2768 :
3293 2716 3417 2772 ideo
3463 2720 3620 2776 illum

2029 2806 2398 2867 comparatum
2431 2798 2681 2863 Domino,
2715 2798 2971 2870 quoniam
3001 2807 3054 2855 et
3092 2799 3211 2871 ipse
3259 2803 3510 2863 Salvator
3551 2811 3619 2866 de

2031 2887 2148 2942 sola
2179 2894 2233 2941 et
2259 2903 2395 2957 pura
2415 2886 2580 2941 Maria
2608 2895 2928 2959 generatur.

2102 3009 2359 3082 Legimus
2390 3019 2442 3065 et
2471 3009 2525 3063 in
2559 3009 2714 3064 libris
2746 3011 2918 3082 Moysi
2949 3013 3017 3068 de
3046 3031 3244 3071 manna
3293 3020 3622 3078 vermiculos

2032 3115 2354 3176 procreatos
2384 3107 2586 3177 (Exod.
2620 3109 2753 3178 xvr).
2786 3109 2964 3183 Digna
2995 3111 3154 3182 plane
3185 3123 3234 3168 et
3275 3115 3422 3184 justa
3471 3134 3622 3176 com-

2026 3196 2260 3267 paratio.
2297 3196 2582 3267 Siquidem
2616 3197 2683 3252 de
2712 3214 2913 3253 manna
2946 3201 3274 3258 vermiculus
3305 3208 3549 3263 nascitur
3569 3219 3621 3266 et

2026 3284 2290 3338 Dominus
2322 3284 2570 3339 Christus
2601 3285 2671 3341 de
2701 3287 2923 3359 Virgine
2956 3299 3304 3359 procreatur;
3345 3294 3472 3364 quin
3521 3314 3617 3367 po-

2026 3380 2317 3451 tiusipsam
2339 3381 2563 3435 Mariam
2588 3398 2840 3436 mannam
2865 3384 3114 3451 dixerim,
3141 3388 3267 3459 quia
3285 3399 3364 3443 est
3383 3391 3613 3461 subtilis,

2027 3469 2329 3539 splendida,
2365 3470 2550 3525 suavis
2582 3479 2632 3525 et
2661 3473 2837 3544 virgo.
2896 3472 3028 3541 Qua:
3069 3476 3215 3529 velut
3260 3478 3472 3535 coalitus
3518 3499 3618 3538 ve-

2025 3557 2199 3622 niens,
2234 3558 2442 3612 cunctis
2472 3559 2847 3614 Ecclesiarum
2878 3563 3087 3632 poeulis
3117 3565 3298 3619 cibum
3321 3568 3617 3626 dulciorem

2025 3655 2188 3710 mele
2217 3654 2464 3710 defluxit.
2507 3656 2610 3725 Qui
2643 3657 2797 3713 cibus
2829 3667 2948 3713 erat
2979 3660 3243 3729 Christus,
3279 3665 3371 3736 qui
3400 3667 3452 3720 in
3493 3686 3621 3739 paS-

2025 3744 2178 3798 sione
2207 3743 2277 3797 ita
2308 3745 2616 3815 opprobriis
2646 3746 2925 3816 decoctus,
2962 3749 3114 3819 quasi
3144 3751 3197 3804 in
3247 3769 3486 3810 vermem
3537 3768 3622 3814 est

2022 3832 2302 3888 redactus.
2343 3834 2451 3888 Sed
2483 3850 2628 3890 nunc
2675 3835 2741 3889 ad
2792 3836 3068 3891 historiam
3115 3839 3403 3897 redeamus
3462 3847 3606 3902 avis.

2023 3921 2318 4005 Quingenti
2347 3934 2526 4003 itaque
2558 3935 2602 3988 si
2633 3953 2732 4006 per
2779 3937 3044 3992 decenum
3095 3940 3532 4013 multiplicantur,
3584 3966 3618 4002 ν

2020 4022 2190 4075 millia
2221 4021 2446 4077 faciunt.
2491 4022 2730 4078 Fuerunt
2769 4034 2950 4079 autem
2983 4026 3054 4080 ab
3093 4027 3272 4081 Adam
3314 4047 3486 4102 usque
3542 4037 3613 4090 ad

2021 4111 2357 4165 Christumv
2387 4111 2556 4164 millia
2586 4127 2876 4167 annorum.
2941 4112 3062 4182 Quo
3119 4114 3284 4188 longo
3342 4127 3609 4195 tempore,

2019 4222 2140 4262 cum
2171 4221 2270 4276 per
2299 4207 2810 4276 praevaricationem
2840 4209 2970 4263 Adae
2993 4226 3131 4280 pene
3155 4213 3390 4270 mundus
3412 4217 3610 4290 deper-

2019 4294 2123 4349 iret
2152 4299 2314 4360 totus,
2358 4294 2426 4349 de
2474 4295 2704 4368 Virgine
2752 4297 2996 4352 nascitur
3050 4299 3296 4356 Christus
3343 4306 3434 4376 qui
3482 4308 3614 4366 dum

2020 4382 2238 4438 duabus
2268 4383 2385 4448 alis,
2416 4383 2515 4438 Dei
2546 4384 2752 4440 scilicet
2780 4385 3068 4444 dilectione
3098 4403 3162 4446 ac
3193 4392 3448 4464 proximi,
3492 4400 3608 4455 col.

1939 4491 1992 4550 D
2023 4481 2479 4553 legissetdiversa
2493 4490 2737 4537 aromata
2753 4492 3066 4540 sanctarum
3086 4488 3358 4560 virtutum,
3381 4510 3613 4569 compo-

2024 4572 2128 4624 suit
2156 4571 2263 4624 sibi
2289 4585 2362 4626 ex
2392 4571 2472 4626 eis
2489 4571 2540 4625 in
2562 4572 2820 4627 cordibus
2840 4574 3118 4630 hominum
3142 4578 3297 4649 quasi
3320 4581 3528 4653 nidum,
3555 4588 3610 4644 id

2024 4667 2106 4714 est
2135 4659 2584 4726 mansiunculam.
2637 4660 2734 4716 Cui
2789 4662 2918 4717 dum
2973 4679 3189 4720 sacram
3255 4684 3606 4744 supponeret,

2024 4754 2127 4823 hoc
2157 4762 2236 4808 est
2266 4753 2481 4807 aridam
2512 4752 2595 4808 vel
2626 4754 2934 4809 mordacem
2969 4755 3338 4814 infidelitatem
3385 4765 3612 4824 ιιιιάωο-

2025 4858 2167 4910 rum,
2200 4858 2364 4913 quam
2391 4841 2442 4895 in
2476 4857 2535 4896 se
2565 4842 2835 4898 excitabat
2864 4858 2929 4898 ex
2960 4845 3154 4914 Opibus
3195 4848 3422 4916 justitiae
3471 4874 3608 4926 quas

2024 4929 2241 4996 fecerat,
2267 4931 2316 4984 in
2337 4939 2539 4985 tantam
2564 4941 2883 4986 exarserunt
2902 4934 3216 5005 nequitiam,
3243 4945 3316 5006 ut,
3340 4940 3394 4993 in
3423 4960 3610 5004 mense

2024 5028 2219 5083 Martio
2251 5029 2385 5083 feria
2414 5045 2489 5092 v1,
2523 5029 2648 5098 igne
2680 5027 2950 5098 passionis
2981 5046 3105 5084 eum
3137 5047 3539 5109 consumerent,
3559 5054 3610 5100 et

2027 5118 2180 5187 quasi
2211 5118 2262 5170 in
2294 5118 2536 5172 cinerem
2568 5124 2830 5182 veterent,
2882 5118 3011 5171 dum
3061 5135 3158 5190 pro
3205 5126 3391 5180 mundi
3440 5131 3614 5191 salute

2026 5207 2175 5260 illum
2206 5205 2611 5277 crucifigerent.
2647 5205 2854 5260 Deinde
2883 5206 2938 5259 in
2969 5209 3224 5278 sepulcro
3265 5216 3510 5288 ponitur,
3562 5231 3617 5279 et

2027 5303 2181 5374 quasi
2213 5303 2422 5358 vermis
2451 5303 2699 5371 interra,
2733 5302 2810 5357 sic
2851 5303 2938 5358 die
2995 5307 3240 5362 secundo
3296 5311 3351 5366 in
3405 5319 3614 5378 tumulo

2029 5393 2351 5448 occultatur.
2384 5391 2562 5445 Tertia
2592 5407 2724 5446 vero
2755 5391 2862 5455 die,
2888 5392 3028 5446 sicut
3050 5396 3268 5463 phoenix
3301 5401 3355 5454 in
3375 5407 3615 5473 priorem

2029 5497 2224 5545 statum
2255 5495 2566 5553 renovatur,
2598 5487 2672 5540 ita
2698 5493 2753 5541 et
2793 5489 3039 5543 Christus
3076 5492 3148 5547 de
3186 5499 3512 5559 mortalitate
3544 5507 3616 5562 ad

2031 5585 2482 5641 immortalitatem
2512 5584 2891 5638 resuscitatur.
2928 5587 3130 5642 Aliter:
3167 5591 3390 5650 Phoenix
3422 5600 3620 5658 dicitur

2036 5687 2259 5752 rubetis,
2292 5691 2344 5739 et
2373 5690 2456 5738 est
2485 5681 2737 5737 Christus
2766 5682 2954 5754 dequo
2975 5684 3170 5741 dicitur
3194 5708 3206 5743 :
3231 5712 3251 5737 ι
3277 5690 3624 5758 ρυίεεειίειθ

2037 5776 2130 5848 qui
2175 5773 2315 5832 venit
2351 5773 2420 5829 de
2476 5772 2686 5836 Edom,
2747 5771 2926 5827 tinctis
2984 5774 3222 5831 vestibus
3278 5779 3347 5836 de
3404 5785 3624 5842 Bosra?

3171 5897 3250 5956 3O
