3986 6070
416 291 519 347 939

1552 283 1894 342 VVERNERI
1935 284 2218 340 ABBATIS
2248 285 2314 340 S.
2358 286 2578 342 BLASII

3614 295 3722 350 950

417 418 527 473 Isa.
559 413 746 483 LXIII.)
779 434 803 461 η
839 412 1030 476 Edom,
1065 412 1207 482 quod
1246 411 1440 468 dicitur
1500 414 1667 482 rufus
1717 419 1800 465 est
1859 411 2001 464 Esau
2031 412 2087 472 Α
2115 410 2358 464 Christus
2390 411 2561 466 voluit
2583 410 2768 483 ligari,
2798 412 3064 485 cruciﬁgi,
3093 430 3193 484 per
3216 415 3451 470 triduum
3477 417 3725 488 quiesce-

417 512 750 584 appellatus,
783 517 1004 580 propter
1034 509 1212 564 refum
1242 510 1577 580 pulmentum
1610 524 1720 580 quo
1771 525 1800 561 a
1844 507 2012 562 fratre

415 617 514 657 suo
541 600 707 656 Jacob
738 607 821 654 est
849 598 1082 655 cibatus.
1117 599 1172 652 A
1204 614 1311 668 quo
1332 599 1475 654 dicta
1497 605 1584 653 est
1600 597 1754 669 regio
1773 597 2015 652 Idumaea

415 691 470 746 in
503 706 608 761 qua
637 696 796 760 caput
824 687 980 760 regni
1011 694 1130 742 erat
1157 687 1345 743 civitas
1395 688 1593 742 Bosra.
1649 688 1708 740 In
1756 686 1856 740 hac
1910 684 2013 741 Job

419 779 692 852 regnavit,
751 778 846 849 qui
903 793 1002 832 sua
1060 776 1369 832 infirmitate
1427 775 1627 830 Christi
1701 774 2014 845 passionem

417 877 801 951 praefiguravit.
838 876 1082 932 Christus
1105 876 1173 931 de
1197 877 1367 930 Edom
1389 875 1555 942 venit,
1587 875 1718 930 dum
1753 891 1783 928 a
1840 872 2018 944 genti-

416 969 518 1024 bus
542 983 759 1038 passus.
791 981 922 1022 caro
954 965 1074 1035 ejus
1104 965 1373 1037 sanguine
1405 963 1612 1019 rubuit.
1667 963 1846 1018 Vestis
1890 962 2014 1031 ejus

416 1066 473 1114 tu
497 1059 666 1113 Bosra
695 1056 945 1128 tingitur,
970 1055 1099 1109 dum
1121 1054 1175 1108 in
1201 1054 1649 1123 Hierosolymam,
1687 1068 1806 1124 quae
1854 1057 2016 1121 caput

420 1146 577 1218 regni
602 1145 717 1211 fuit,
747 1144 922 1199 vestis
955 1144 1074 1211 ejus
1117 1141 1386 1214 sanguine
1427 1141 1758 1213 aspergitur.
1811 1140 1910 1196 Hic
1958 1146 2016 1194 ut

417 1245 636 1317 pliaanix
670 1251 940 1299 sarmenta
968 1241 1370 1296 odoriferarum
1413 1240 1672 1294 arborum
1723 1239 1774 1292 in
1825 1238 2014 1292 nidum

418 1333 662 1406 collegit,
708 1333 835 1386 dum
884 1332 1102 1401 scriptis
1152 1331 1538 1400 prOphetarum
1579 1327 2014 1397 Hierosolymam

417 1422 668 1492 replevit.
699 1420 920 1474 Eisdem
967 1435 1096 1474 vero
1142 1417 1442 1472 sarmentis
1487 1417 1828 1480 conburitur,
1885 1415 2013 1468 dum

417 1510 716 1567 secundum
744 1509 890 1564 dicta
917 1509 1308 1578 prophetarum
1342 1507 1394 1560 in
1427 1506 1863 1576 Hierosolymam
1886 1504 2013 1574 igne

417 1608 694 1680 passionis
733 1606 1090 1661 consumitur.
1144 1605 1328 1660 Tertia
1370 1604 1459 1658 die
1516 1603 1634 1657 avis
1700 1609 2008 1672 reparatur,

420 1698 547 1770 quia
577 1695 829 1752 Christus
861 1696 1020 1749 tertia
1066 1695 1160 1749 die
1210 1710 1245 1748 a
1297 1695 1450 1747 Patre
1498 1692 1814 1747 suscitatur.
1873 1691 2012 1744 Illud

2121 523 2202 575 re,
2240 507 2323 563 sic
2357 524 2454 562 nos
2486 510 2748 564 debemus
2778 526 2972 565 sensus
3002 521 3236 576 nostros,
3282 529 3351 583 qu
3391 522 3518 566 sunt
3568 513 3730 581 pueri

2121 596 2240 652 sine
2269 597 2596 670 paedagogo,
2629 615 2804 668 equus
2834 615 3069 654 currens
3094 600 3210 655 sine
3241 601 3434 672 auriga
3457 610 3509 656 et
3533 601 3718 668 freno,

2122 701 2150 739 a
2181 694 2434 742 veterana
2449 688 2843 744 consuetudine
2871 688 3186 758 prohibere,
3219 697 3269 744 et
3299 691 3469 746 clavis
3492 691 3723 760 justitia:

2121 781 2176 836 in
2206 799 2367 839 cruce
2398 784 2750 854 paenitentiae,
2793 785 3100 840 immobiles
3155 786 3315 841 valde
3371 795 3423 842 et
3480 789 3725 844 insensi-

2123 872 2258 926 biles
2287 888 2352 927 ac
2383 881 2627 954 mortuos
2657 873 2874 929 efﬁcere
2903 882 2962 928 ut
2992 875 3195 929 mundo
3243 875 3635 950 cruciﬁgamur
3665 879 3724 934 in

2123 961 2301 1016 nobis.
2362 961 2514 1015 Multi
2571 961 2961 1033 cruciﬁguntur
3016 963 3224 1018 mundo
3297 980 3408 1019 non
3478 965 3722 1023 mundus

2122 1049 2255 1121 ipsis
2291 1067 2303 1103 :
2337 1049 2472 1104 tales
2501 1057 2554 1104 et
2583 1050 2827 1120 despecti
2852 1059 2977 1105 sunt
3003 1052 3226 1117 mundo,
3259 1052 3355 1108 sed
3386 1054 3491 1125 ipsi
3534 1063 3728 1111 amant

2123 1147 2410 1202 mundum.
2452 1148 2515 1201 Hi
2547 1149 2750 1203 mundo
2780 1150 2977 1204 mortui
3009 1158 3153 1216 sunt,
3187 1150 3286 1205 sed
3317 1167 3426 1207 non
3475 1155 3726 1209 mundus

2122 1238 2278 1307 ipsis.
2315 1236 2511 1291 Paulus
2540 1246 2596 1291 ut
2629 1248 3039 1308 purgamentum
3073 1240 3259 1293 mundi
3306 1249 3444 1306 erat,
3497 1259 3602 1300 nec
3648 1243 3724 1300 de

2123 1330 2324 1380 mundo
2347 1327 2590 1381 curabat.
2627 1327 2788 1381 Unde
2819 1327 2936 1380 ait:
2997 1350 3016 1373 ε
3071 1328 3199 1382 Mihi
3248 1331 3484 1385 mundus
3539 1333 3727 1388 cruci-

2121 1414 2268 1468 ﬁxus
2299 1423 2380 1469 est
2411 1423 2464 1469 et
2494 1431 2598 1486 ego
2628 1417 2831 1470 mundo
2860 1416 3074 1482 (Galat.
3116 1419 3214 1480 vi).
3250 1442 3273 1466 ιι
3318 1417 3423 1487 Qui
3470 1421 3549 1476 sic
3596 1438 3724 1477 cum

2123 1512 2334 1566 Christo
2380 1511 2728 1583 cruciﬁgitur,
2781 1512 2998 1567 Christo
3045 1515 3431 1585 consepelitur,
3483 1525 3542 1572 ut
3590 1527 3726 1591 agat

2123 1600 2418 1669 spiritalem
2449 1601 2866 1654 sabbatismum.
2922 1603 3050 1658 Haec
3111 1611 3193 1657 est
3256 1614 3439 1660 sancta
3495 1611 3726 1678 requies

2121 1705 2281 1759 quam
2315 1689 2572 1759 praecepit
2601 1690 2865 1744 Dominus
2895 1691 3205 1748 observari.
3240 1694 3365 1749 Hazc
3400 1702 3481 1749 est
3538 1698 3729 1766 prima

418 1767 602 1842 autem
627 1785 772 1857 quod
806 1793 1020 1856 gestum
1053 1792 1136 1838 est
1166 1783 1222 1836 in
1261 1782 1491 1846 Christo,
1528 1796 1633 1836 non
1665 1789 1873 1834 tantum
1920 1797 2009 1834 re-
2037 1767 2088 1826 Β
2120 1777 2295 1840 diaeta,
2321 1777 2818 1833 scilicetdeclinare
2838 1796 2866 1832 a
2889 1779 3049 1834 malo.
3073 1780 3373 1836 Tristitiam
3416 1784 3728 1841 Dominicae

413 1875 675 1942 medium,
709 1874 806 1929 sed
837 1873 998 1928 etiam
1030 1872 1124 1926 fuit
1155 1879 1577 1928 sacramentum.
1616 1869 1872 1940 Oportuit
1902 1868 2012 1939 igi-

421 1981 502 2029 tur
529 1980 586 2028 ut
613 1971 898 2026 visibiliter
946 1970 1081 2025 foris
1123 1968 1294 2033 ﬁeret,
1345 1976 1615 2040 quatenus
1673 1967 1806 2021 illud
1865 1965 2012 2038 quod

414 2063 470 2117 in
504 2061 661 2116 nobis
687 2059 1040 2116 invisibiliter
1071 2058 1189 2113 ﬁeri
1219 2057 1424 2123 debuit,
1471 2054 1828 2126 signiﬁcaret.
1882 2056 2012 2110 Dies

416 2153 534 2222 ejus
564 2149 897 2204 intrinsecus
955 2148 1168 2202 fuerunt
1227 2145 1448 2201 nostri:
1509 2145 1626 2198 dies
1681 2143 2011 2198 intrinsecus

419 2239 702 2312 quaerendi
731 2246 871 2292 sunt.
908 2238 1041 2291 Tres
1090 2251 1225 2305 ergo
1267 2235 1390 2288 dies
1436 2233 1703 2287 habemus
1751 2232 2012 2288 intrinse-

418 2354 537 2404 cus,
570 2337 768 2408 quibus
797 2334 1131 2389 illuminatur
1159 2331 1342 2388 anima
1382 2339 1586 2386 nostra.
1638 2331 1731 2384 Ad
1773 2329 2010 2398 primum

417 2427 563 2482 diem
590 2440 740 2480 mors
769 2423 1026 2494 pertinet,
1059 2421 1130 2478 ad
1161 2419 1458 2476 secundum
1481 2419 1783 2489 sepultura,
1803 2419 1874 2473 ad
1897 2427 2008 2473 ter-

418 2514 555 2569 tium
587 2510 942 2568 resurrectio.

490 2610 661 2683 Igitur
688 2609 741 2662 in
771 2608 856 2662 his
887 2606 1066 2661 tribus
1125 2605 1317 2661 diebus
1372 2611 1627 2660 notantur
1683 2603 1841 2658 etiam
1899 2610 2009 2658 tres

412 2700 595 2756 diaetae
626 2696 1001 2762 medicinales,
1037 2712 1156 2766 quae
1187 2702 1311 2748 sunt
1340 2702 1529 2749 contra
1558 2693 1780 2748 morbos
1823 2700 2008 2747 veter-

414 2804 585 2844 nosos
626 2787 843 2842 salubre
906 2784 1229 2848 antidotum,
1299 2788 1491 2838 contra
1556 2781 2005 2852 quadriduanum

411 2878 680 2933 Lazarum
713 2874 1107 2946 supercreleste
1139 2872 1474 2926 balsamum.
1534 2871 1646 2925 Has
1702 2870 1828 2924 ituri
1885 2878 2009 2924 sunt

411 2976 503 3050 qui
533 2974 767 3030 Domino
799 2979 923 3027 sunt
948 2969 1326 3026 sacriﬁcaturi.
1357 2970 1470 3024 Hoc
1518 2969 1624 3023 iter
1671 2976 2006 3038 prteceptum

411 3073 494 3121 est
525 3064 649 3118 ﬁliis
679 3063 848 3117 Israel
879 3062 955 3117 ire
1015 3069 1072 3115 ut
1127 3058 1503 3114 sacriﬁcarent
1562 3057 1819 3123 Domino,
1881 3073 2006 3112 cum

2118 1874 2392 1944 passionis
2421 1884 2609 1930 secuta
2641 1883 2722 1930 est
2753 1875 2931 1947 gloria
2965 1884 3017 1931 et
3048 1877 3310 1948 gaudium
3351 1883 3727 1938 resurrectio-

2118 1964 2204 2018 nis
2230 1979 2242 2017 :
2276 1963 2362 2018 cui
2393 1973 2445 2018 et
2475 1980 2575 2018 nos
2605 1979 3083 2036 conresurgamus.
3116 1975 3172 2020 ut
3201 1966 3254 2020 in
3283 1990 3300 2015 κ
3327 1969 3570 2026 novitate
3595 1972 3730 2027 vita“:

2117 2053 2457 2107 ambulemus
2488 2055 2662 2121 (Rom.
2697 2054 2794 2124 v1).
2834 2078 2856 2102 η
2892 2055 3019 2110 Haec
3051 2063 3133 2110 est
3154 2057 3390 2111 secunda
3411 2057 3730 2128 diaeta,hoc

2119 2149 2199 2196 est
2224 2140 2404 2197 facere
2419 2145 2636 2198 bonum.
2658 2144 2841 2197 Tertia
2863 2143 3020 2198 diaeta
3034 2153 3252 2199 estcum
3272 2146 3504 2203 Domino
3525 2165 3730 2204 ascen-

2117 2239 2266 2304 dere,
2298 2247 2354 2292 ut
2383 2254 2488 2310 quo
2514 2240 2799 2309 praecessit
2832 2249 3012 2310 caput,
3038 2250 3339 2310 sequantur
3367 2253 3419 2298 et
3449 2246 3725 2314 membra,

2118 2345 2238 2400 quae
2260 2344 2482 2382 sursum
2501 2336 2625 2382 sunt
2646 2329 2939 2400 quaerendo
2961 2339 3011 2384 et
3034 2332 3312 2401 sapiendo.
3333 2333 3484 2390 Hanc
3503 2334 3728 2392 diaetam

2121 2417 2245 2472 facit
2272 2417 2450 2485 justus
2483 2418 2697 2488 quando
2728 2435 2956 2488 superna
2987 2421 3429 2490 contemplando,
3465 2424 3732 2494 exprimit

2117 2505 2349 2561 alterum
2395 2506 2618 2560 Paulum
2678 2507 2765 2562 vel
2813 2507 3044 2562 alterum
3106 2510 3410 2577 Martinum,
3471 2513 3723 2569 dicens:

2120 2626 2140 2649 ιι
2177 2601 2347 2671 Cupio
2386 2602 2630 2669 dissolvi,
2663 2611 2713 2658 et
2743 2620 2866 2658 esse
2888 2619 3008 2660 curn
3040 2605 3262 2663 Christo
3294 2608 3570 2682 \Philipp.
3596 2614 3656 2676 1).
3691 2635 3714 2659 ι

2117 2689 2274 2758 Quod
2307 2700 2389 2745 est
2422 2711 2443 2741 ι
2483 2701 2534 2746 et
2563 2691 2803 2746 inhabita
2859 2693 2913 2746 in
2967 2695 3227 2750 saeculum
3285 2699 3469 2752 saeculi
3520 2688 3722 2768 (Psal.

2117 2781 2342 2850 xxxvr).
2387 2799 2408 2827 ιι
2445 2780 2502 2836 Si
2534 2781 2630 2834 has
2662 2781 2849 2836 dimtas
2881 2799 3013 2852 quas
3048 2785 3220 2840 David
3252 2784 3306 2840 in
3357 2787 3461 2842 hoc
3505 2804 3670 2843 versu
3706 2805 3722 2841 :

2121 2890 2143 2916 ιι
2178 2869 2403 2924 Declina
2442 2885 2474 2922 a
2512 2870 2664 2925 malo
2704 2879 2756 2924 et
2798 2872 2882 2926 fac
2940 2871 3162 2936 bonum,
3233 2881 3284 2928 et
3350 2874 3595 2931 inbabita
3663 2878 3727 2932 in

2116 2958 2376 3013 saeculum
2431 2959 2614 3013 saeculi
2681 2960 2887 3030 (ibid.),
2927 2984 2949 3008 ιι
3011 2970 3425 3030 commemorat,
3485 2981 3728 3035 proces-

2117 3055 2274 3119 seris,
2308 3053 2630 3110 sacriﬁcium
2661 3056 2900 3111 Domino
2921 3056 3106 3125 offers,
3142 3059 3234 3129 qui
3263 3075 3373 3114 non
3405 3059 3554 3115 aliud
3585 3077 3620 3116 a
3665 3069 3725 3118 te

411 3161 734 3211 eruerentur
765 3167 830 3207 ex
860 3151 1118 3222 Egypto.
1152 3148 1385 3202 Mundus
1415 3147 1515 3202 iste
1558 3155 1641 3201 est
1683 3146 2004 3216 relinqueu-
2036 3137 2082 3201 C
2116 3143 2217 3197 nisi
2241 3153 2309 3210 te,
2335 3145 2427 3215 qui
2448 3160 2554 3198 non
2576 3144 2722 3199 aliud
2745 3145 2847 3199 nisi
2870 3161 2929 3200 se
2952 3146 3100 3201 dedit
3120 3163 3220 3218 pro
3239 3156 3318 3203 te.
3357 3150 3456 3204 Vel
3481 3149 3569 3205 hae
3603 3159 3723 3206 tres

410 3243 514 3298 dus
543 3259 650 3298 non
680 3242 824 3306 loco,
850 3239 948 3293 sed
969 3238 1286 3304 animo,non
1310 3237 1568 3307 passibus
1585 3233 2005 3305 proﬁciscendo,

412 3339 510 3396 sed
549 3338 766 3395 actibus
813 3333 1182 3406 proﬁciendo.
1247 3335 1447 3388 Harum
1505 3333 1668 3388 trium
1729 3331 2011 3387 diaetarum

411 3427 749 3484 mentionem
781 3424 907 3479 facit
936 3422 1198 3479 sacerdos
1227 3438 1391 3477 orans
1417 3437 1518 3492 pro
1549 3437 1608 3476 se
1657 3428 1710 3476 et
1755 3436 1853 3490 pro
1901 3435 2008 3491 po-

411 3515 563 3588 pulo,
597 3515 688 3569 ubi
719 3513 848 3568 dicit
879 3528 894 3566 :
932 3535 954 3560 α
991 3512 1262 3565 Memores
1311 3510 1512 3565 divinae
1556 3507 1834 3580 passionis
1879 3515 2004 3576 tuae,

410 3619 517 3660 nec
545 3618 655 3658 non
684 3600 943 3674 gloriosa:
974 3598 1392 3655 resurrectionis
1415 3599 1485 3652 ab
1514 3597 1723 3664 inferis,
1747 3606 2006 3652 etascen-

409 3690 580 3748 sionis
607 3691 662 3744 in
691 3688 913 3745 caelum.
952 3707 975 3738 r
1027 3687 1167 3743 Sane
1217 3687 1469 3742 ducatum
1520 3686 1681 3754 hujus
1720 3684 2005 3757 religionis

407 3780 752 3838 consecravit
783 3777 1029 3833 Christus
1076 3783 1246 3846 caput
1285 3784 1526 3830 nostrum
1581 3774 1754 3829 tribus
1809 3773 2005 3829 diebus

407 3868 623 3938 mortis,
655 3865 1094 3932 resurrectionis,
1126 3863 1487 3920 ascensionis.
1521 3862 1729 3929 Passio,
1780 3862 2004 3918 cruciﬁ-

409 3958 518 4029 xio,
547 3956 845 4031 sepultura,
879 3963 1048 4012 totum
1088 3961 1172 4009 cst
1226 3967 1335 4008 una
1391 3951 1574 4008 diaeta.
1645 3951 1798 4008 Sicut
1857 3951 2004 4008 enim

2117 3231 2294 3286 diaetae
2315 3240 2440 3286 sunt
2462 3241 2574 3286 tres
2591 3249 2888 3303 processus
2918 3250 3145 3306 quorum
3174 3237 3382 3307 primus
3421 3247 3502 3292 est
3541 3238 3722 3294 relin-

2118 3336 2292 3391 quere
2321 3321 2585 3390 peccandi
2615 3323 3067 3379 consuetudinem
3101 3342 3114 3378 :
3148 3325 3288 3381 hanc
3309 3327 3563 3382 concedit
3605 3345 3722 3391 non

2119 3417 2347 3472 multum
2379 3418 2575 3474 timens
2605 3419 2740 3490 parti
2778 3437 2913 3476 suae.
2946 3421 3197 3477 Secunda
3227 3423 3489 3480 deserere
3536 3435 3724 3481 actum

2117 3515 2422 3578 peccatum,
2457 3515 2512 3562 et
2544 3507 2685 3564 hanc
2713 3509 2962 3564 concedit
3014 3511 3225 3566 Pharao
3273 3513 3371 3568 sed
3419 3513 3620 3569 invitus
3667 3524 3727 3571 et

2117 3595 2336 3650 timens.
2359 3597 2546 3651 Restat
2567 3597 2727 3651 tertia
2754 3596 3096 3666 difﬁcillima,
3129 3599 3304 3671 ipsam
3337 3618 3557 3674 quoque
3594 3606 3726 3678 cogi

2115 3685 2390 3755 expellere
2421 3701 2544 3756 quae
2573 3692 2656 3741 est
2715 3687 3019 3743 recordatio
3067 3687 3393 3745 affectuose.
3460 3691 3518 3746 Si
3575 3693 3726 3752 hanc

2113 3773 2325 3828 diaetam
2387 3773 2557 3830 invito
2625 3774 2944 3832 adversario
3000 3787 3193 3834 nostro
3249 3781 3718 3856 processerimus,

2111 3861 2290 3934 ipsum
2321 3877 2446 3920 cum
2467 3861 2618 3920 omni
2651 3863 2849 3920 militia
2879 3864 2937 3920 in
2965 3866 3196 3923 nihilum
3223 3868 3569 3941 redigemus.

829 4400 1452 4505 DOMINICA
1523 4401 1567 4502 Ι
1643 4397 1978 4503 POST
2061 4397 2656 4506 OCTAVAS
2728 4400 3309 4508 PASCHAE.

498 4701 518 4727 ιι
551 4674 673 4750 Ego
703 4691 822 4732 sum
851 4682 1034 4747 pastor
1061 4673 1262 4730 bonus.
1301 4675 1480 4730 Bonus
1525 4681 1716 4746 pastor
1763 4673 2008 4728 animam

421 4784 575 4824 suam
609 4767 701 4821 dat
722 4782 821 4836 pro
851 4764 1046 4820 ovibus
1077 4763 1189 4818 suis
1220 4765 1403 4831 (Joan.
1438 4763 1514 4835 χ).
1550 4786 1570 4812 η
1606 4765 1726 4819 Νοη
1757 4778 1819 4817 ex
1873 4761 2024 4817 acci-

421 4857 569 4913 denti
600 4856 695 4912 sed
723 4853 1083 4910 essentialiter
1115 4859 1196 4907 est
1225 4853 1423 4918 bonus,
1457 4852 1549 4922 qui
1593 4852 1820 4907 formam
1867 4850 2028 4905 boni-

423 4957 544 5009 tatis
566 4970 727 5026 quam
749 4953 1020 5008 imitemur
1036 4950 1310 5022 adjungit,
1331 4951 1518 5004 dicens
1544 4966 1555 5001 :
1590 4971 1611 5000 ci
1637 4951 1818 5004 Bonus
1837 4955 2026 5019 pastor

427 5045 664 5100 animam
695 5060 844 5097 suam
877 5041 970 5096 dat
1001 5057 1098 5110 pro
1153 5040 1352 5094 ovibus
1410 5039 1547 5093 suis.
1593 5063 1615 5088 ι»
1676 5039 1827 5094 Fecit
1881 5037 2023 5108 quod

428 5133 654 5194 monuit,
689 5131 928 5186 ostendit
961 5129 1105 5201 quod
1129 5128 1331 5197 jussit;
1362 5128 1608 5181 animam
1637 5127 1839 5197 posuit,
1874 5133 1929 5179 ut
1970 5125 2022 5179 in

429 5230 671 5284 sacrario
697 5236 882 5282 nostro
903 5243 1103 5298 corpus
1127 5243 1282 5280 suum
1308 5234 1359 5280 et
1397 5225 1720 5296 sanguinem
1765 5230 2023 5290 verteret,

429 5326 482 5374 et
511 5333 641 5371 oves
672 5333 804 5388 quas
834 5316 1124 5370 redimeret
1161 5315 1339 5370 carnis
1360 5329 1468 5369 sua:
1490 5314 1747 5368 alimento
1771 5313 2016 5367 satiaret.

432 5407 671 5461 Primum
703 5414 784 5460 est
816 5404 1088 5458 exteriora
1115 5413 1304 5458 nostra
1353 5402 1782 5458 misericorditer
1830 5401 2025 5457 ovibus

432 5502 1147 5572 impendere-,postrenum,
1182 5501 1226 5553 si
1257 5516 1485 5555 necesse
1529 5499 1621 5566 sit,
1673 5515 1771 5569 pro
1815 5499 2024 5554 eisdem

432 5590 590 5646 mori.
610 5588 1017 5644 UndeJoannes
1039 5587 1091 5639 in
1110 5586 1354 5655 Epistola
1377 5604 1504 5641 sua:
1522 5609 1543 5636 ι
1596 5589 1742 5642 Sicut
1771 5587 2024 5642 Christus

433 5679 668 5736 animam
700 5690 857 5731 suam
886 5688 982 5744 pro
1014 5674 1171 5727 nobis
1200 5675 1384 5743 posuit
1437 5675 1518 5730 sic
1546 5684 1600 5730 et
1626 5692 1729 5731 nos
1757 5676 2025 5731 debemus

428 5791 530 5849 pro
562 5773 810 5830 fratribus
839 5769 1104 5842 ponere(l
1125 5770 1406 5839 101112.111).
1438 5790 1460 5821 ι
1489 5767 1618 5828 Hoc
1639 5780 1722 5828 est
1743 5773 2024 5845 proprium

2122 4673 2358 4744 pastoris
2385 4674 2454 4730 ad
2483 4673 2853 4732 differentiam
2882 4677 3209 4734 mercenarii
3240 4678 3328 4736 vel
3372 4678 3544 4738 furis.
3589 4683 3732 4754 Qui-

2131 4778 2365 4835 cumque
2392 4765 2668 4835 praepositi
2688 4765 2952 4822 Ecclesiae
2973 4775 3099 4823 sunt
3119 4767 3215 4823 ﬁlii
3235 4776 3360 4824 sunt
3381 4779 3658 4842 pastores.
3677 4773 3735 4831 Si

2132 4868 2376 4929 pastores
2407 4862 2679 4932 quomodo
2709 4880 2850 4918 unus
2881 4872 3089 4934 pastor.
3115 4865 3219 4919 nisi
3243 4867 3367 4937 quia
3389 4877 3516 4923 sunt
3537 4885 3735 4927 omnes

2130 4950 2377 5005 membra
2403 4951 2561 5005 unius
2581 4952 2838 5022 pastoris,
2877 4952 3033 5022 cujus
3083 4961 3209 5009 sunt
3248 4971 3381 5011 oves
3440 4959 3683 5028 propriae
3716 4958 3732 5014 Ι

2209 5070 2230 5096 α
2276 5049 2650 5105 Mercenarius
2690 5058 2892 5115 autem,
2936 5059 2988 5106 et
3047 5052 3139 5123 qui
3196 5069 3304 5107 non
3369 5063 3451 5110 est
3520 5066 3732 5126 pastor,

2132 5136 2290 5206 cujus
2321 5155 2428 5192 non
2462 5147 2736 5195 suntoves
2754 5141 3008 5211 propriae,
3034 5141 3166 5196 vidit
3190 5141 3374 5212 lupum
3394 5145 3734 5217 venientem,

2133 5235 2183 5281 et
2215 5227 2433 5281 dimittit
2464 5243 2596 5282 oves
2628 5236 2681 5282 et
2713 5227 2864 5300 fugit,
2899 5237 2952 5283 et
2991 5229 3150 5300 lupus
3199 5231 3335 5301 rapit
3369 5241 3424 5287 et
3463 5233 3738 5309 dispergit

2132 5330 2289 5370 oves.
2364 5317 2738 5372 Mercenarius
2777 5326 2959 5373 autem
3025 5317 3184 5390 fugit,
3255 5319 3380 5390 quia
3443 5338 3736 5380 mercena-

2131 5411 2244 5466 rius
2274 5419 2374 5475 est,
2412 5421 2464 5468 et
2505 5430 2614 5468 non
2643 5416 2881 5484 pertinet
2908 5416 2976 5469 ad
3009 5432 3134 5471 eum
3162 5415 3231 5472 de
3261 5417 3477 5474 ovibus.
3530 5441 3550 5470 ι
3599 5421 3738 5491 Qui-

2132 5517 2365 5572 cumque
2390 5502 2713 5573 prmpositus
2744 5503 3008 5560 Ecclesiae
3036 5504 3561 5578 qurerittemporalia
3574 5525 3735 5566 com-

2133 5591 2313 5654 moda,
2349 5599 2402 5644 et
2449 5607 2558 5645 non
2618 5607 2679 5646 ea
2728 5609 2848 5664 qum
2905 5604 3028 5648 sunt
3082 5593 3305 5661 Christi,
3357 5601 3738 5658 mercenarius

2132 5685 2232 5734 est.
2255 5677 2334 5734 De
2347 5678 2544 5734 talibus
2557 5679 2685 5736 dicit
2710 5682 3008 5738 Dominus:
3043 5707 3066 5732 α
3087 5685 3264 5739 Amen
3275 5683 3398 5742 dico
3420 5687 3597 5760 vobis,
3634 5705 3736 5748 re-

2130 5783 2395 5848 ceperunt
2419 5777 2734 5835 mercedem
2768 5795 2924 5837 suam
2953 5781 3182 5853 (Matth.
3235 5781 3333 5854 v1).
3372 5806 3394 5834 τ
3445 5785 3734 5846 Mercenn-
