4062 6074
249 295 347 351 941

1158 291 1738 355 DEFLORATIONES
1779 293 1881 349 SS.
1933 295 2242 351 PATRUM.
2289 325 2356 336 -ο
2395 295 2529 350 LIB.
2576 296 2624 348 Ι.

3445 297 3548 351 9ίὲ

257 419 322 473 rii
389 425 576 474 autem
644 417 950 474 necessarii
1016 426 1162 484 sunt,
1239 419 1516 502 quia’per
1592 435 1687 475 eos
1754 434 1854 474 vox
1886 420 2070 481 Ased
2099 420 2292 491 Spiritu
2345 421 2627 477 vobiscum
2672 437 2792 476 sum
2838 422 3065 491 (Coloss.
3113 422 3194 492 ιι).
3229 447 3249 470 ι
3306 425 3555 479 Pastores

255 508 461 564 Christi
492 505 743 562 auditur.
778 507 970 563 Audite
991 507 1282 563 Dominum
1305 515 1702 564 monstrantem
1721 523 1861 564 mer-

257 612 507 654 οεηειιοε
520 636 534 649 .

332 735 355 762 α
391 711 618 776 Scribae,
667 709 864 782 inquit,
915 719 968 767 et
1015 712 1280 770 Pharisaei
1334 729 1499 784 super
1545 713 1859 768 cathedram

257 801 430 874 Moysi
461 801 758 869 sederunt;
794 817 915 871 quze
949 801 1139 857 dicunt
1171 801 1331 858 facite
1367 819 1378 856 :
1414 818 1535 872 qute
1564 811 1744 856 autem
1783 802 1862 856 fa-

263 893 415 946 ciunt
444 890 628 944 facere
651 889 816 944 nolite
836 891 1056 958 (Matth.
1083 894 1270 960 χχιιι).
1313 913 1335 939 υ
1363 889 1504 955 Quid
1527 891 1672 946 aliud
1703 891 1862 961 dixit,

259 980 367 1034 nisi
397 980 500 1056 Per
527 979 901 1033 mercenarios
934 993 1127 1035 vocem
1156 980 1389 1050 pastoris
1418 979 1646 1035 audite?
1666 980 1864 1034 Nullus

260 1076 406 1147 enim
438 1073 817 1131 mercenarius
851 1089 1020 1128 ausus
1054 1082 1137 1129 est
1167 1075 1351 1129 dicere
1381 1075 1585 1146 populo
1614 1073 1817 1130 Christi
1852 1092 1864 1129 :

259 1165 377 1220 Tua
404 1179 607 1236 quaere,
636 1179 743 1218 non
777 1179 898 1235 quae
927 1164 1056 1218 Jesu
1087 1163 1313 1219 Christi.
1368 1163 1500 1218 Inde
1532 1179 1663 1236 ergo
1694 1164 1857 1234 laedit,

259 1262 406 1319 unde
431 1261 578 1317 mala
608 1260 756 1322 facit.
790 1276 898 1315 non
928 1261 1074 1316 unde
1126 1261 1266 1316 bona
1299 1260 1450 1318 dicit.
1482 1263 1701 1316 Botrum
1742 1277 1866 1317 car-

259 1369 349 1424 pe,
389 1349 606 1422 spinam
635 1365 790 1405 cave.
824 1350 1025 1405 Botrus
1075 1349 1372 1422 aliquando
1403 1349 1715 1406 conseritur
1746 1349 1863 1421 spi-

261 1440 368 1508 nis,
400 1447 454 1496 et
495 1445 682 1511 portat
729 1437 885 1509 spina
942 1454 1050 1492 non
1110 1454 1268 1492 suurn
1325 1437 1583 1504 fructum,
1643 1439 1865 1510 quando

263 1529 438 1602 spinis
467 1527 680 1599 palmes
708 1526 998 1582 incumbit.
1056 1525 1329 1582 Cathedra
1358 1528 1530 1599 Moysi
1571 1527 1693 1582 vitis
1724 1535 1862 1596 erat,

267 1617 664 1674 Pharisworum
697 1606 876 1671 mores
905 1615 1096 1686 spina},
1120 1615 1370 1671 doctrina
1391 1633 1518 1671 vera
1550 1633 1649 1687 per
1669 1616 1862 1682 malos,

265 1717 472 1789 palmes
493 1715 546 1770 in
570 1730 728 1786 sepe,
753 1721 806 1768 et
823 1713 1170 1768 botrusinter
1189 1713 1395 1784 spinas.
1419 1715 1585 1769 Caute
1607 1715 1768 1787 elige,
1794 1729 1864 1769 ne

265 1779 395 1862 dum
427 1804 627 1877 quaeris
658 1803 889 1860 fructum
923 1803 1129 1858 laceres
1157 1803 1422 1858 mundum
1449 1779 1788 1876 [manumv‘I],
1812 1810 1866 1858 et
1893 1779 1945 1838 Β

267 1911 392 1952 cum
419 1895 573 1948 audis
605 1893 748 1948 bona
777 1892 1071 1961 dicentem,
1122 1908 1191 1946 ne
1235 1891 1465 1947 imiteris
1496 1892 1636 1947 mala
1668 1892 1871 1948 facien-

267 1990 404 2046 tem.
431 1991 566 2060 Quae
586 1989 773 2045 dicunt
806 1987 986 2056 facite,
1024 1987 1208 2058 eligite
1237 2005 1370 2044 uvas
1394 2007 1409 2055 ;
1432 2006 1550 2061 qua:
1572 1997 1752 2044 autem
1784 1989 1870 2044 fa-

266 2080 416 2136 ciunt
447 2081 633 2134 facere
663 2077 851 2144 nolite,
876 2085 1065 2132 cavete
1085 2078 1292 2148 spinas.
1318 2077 1523 2133 Audite
1543 2078 1871 2148 Apostolum

269 2170 339 2226 dc
370 2167 727 2225 mercenariis
758 2166 1104 2238 loquentem:
1144 2189 1164 2214 τι
1206 2165 1348 2234 Quid
1379 2167 1525 2221 enim
1556 2171 1687 2221 dum
1720 2166 1870 2222 omni

280 2259 446 2316 modo
477 2257 592 2312 sive
629 2255 946 2320 occasione,
999 2256 1118 2310 sive
1166 2257 1390 2310 veritate
1435 2256 1636 2310 Christi
1664 2272 1876 2311 annun-

278 2348 445 2404 tietur
468 2347 496 2399 ἱ)
521 2346 752 2416 (Philip.
782 2349 840 2408 1.)
881 2367 904 2391 η
943 2344 1178 2409 Veritas,
1204 2343 1256 2398 id
1279 2352 1360 2398 est
1390 2344 1639 2399 Christus
1662 2360 1694 2399 a
1725 2361 1874 2400 mer-

273 2434 512 2494 cenariis
569 2433 881 2501 occasione,
915 2447 948 2487 a
995 2431 1118 2487 ﬁliis
1188 2433 1413 2488 veritate
1490 2433 1866 2489 annuntiatur.

275 2534 396 2590 Filii
429 2540 692 2588 aeternam
737 2529 1111 2586 haereditatem
1161 2530 1316 2600 prius
1370 2530 1639 2600 patienter
1673 2546 1876 2600 exspe-

273 2611 442 2688 olant,
468 2620 790 2677 mercenarii
845 2618 1204 2690 temporalem
1261 2620 1574 2674 mercedem
1621 2619 1879 2674 festinan-

276 2720 367 2768 ter
395 2717 672 2782 ex0ptant.
708 2709 1079 2764 Mercenarius
1111 2709 1292 2778 itaque
1323 2717 1405 2763 est
1444 2709 1534 2778 qui
1569 2708 1747 2763 locum
1775 2723 1880 2779 pa-

171 2803 173 2805 ’
271 2799 454 2857 storis
484 2806 652 2864 tenet,
685 2797 782 2852 sed
813 2797 1020 2852 lucrum
1053 2795 1354 2851 animarum
1373 2812 1480 2850 non
1513 2796 1720 2868 quaerit,
1752 2796 1881 2868 quia

283 2896 524 2955 terrenis
575 2895 883 2952 commodis
940 2894 1129 2960 inhiat,
1179 2903 1233 2949 et
1288 2896 1497 2950 honore
1550 2894 1882 2966 praelationis

276 2987 501 3060 gaudet.
563 2986 755 3042 Utrum
805 2993 989 3038 tamen
1045 2983 1428 3039 mercenarius
1461 2984 1546 3046 sit,
1601 2999 1706 3038 non
1741 2984 1882 3038 bene

276 3074 640 3149 dignoscitur,
673 3073 776 3128 nisi
807 3089 930 3128 cum
962 3073 1119 3142 lupus
1149 3071 1385 3138 accedit,
1419 3072 1511 3143 qui
1542 3072 1742 3127 indicat
1772 3086 1882 3143 quo

1966 509 2132 581 igitur
2185 525 2291 564 non
2342 510 2444 564 sibi
2487 509 2700 582 fugiunt
2730 512 2774 565 si
2804 512 3001 567 cedunt
3058 511 3440 582 persccutioni,
3503 520 3561 566 ut

1967 597 2085 668 ipse
2145 599 2433 668 Apostolus
2493 600 2797 654 submissus
2829 600 2882 653 in
2914 608 3097 671 sporta
3152 617 3247 670 per
3305 617 3546 655 murum.

1968 694 2114 750 Oves
2162 712 2397 767 namque
2455 697 2660 767 pastori
2689 697 2743 751 in
2775 697 2913 752 coelo
2958 698 3172 752 sedenti
3223 698 3555 753 orationibus

1968 784 2408 852 commendabat,
2471 801 2528 840 se
2585 795 2762 840 autem
2822 787 3036 841 utilitati
3067 802 3258 841 earum
3295 787 3556 859 fugiendo

1970 873 2238 936 servabat,
2273 874 2413 927 sicut
2442 875 2676 945 quodam
2708 875 2830 930 loco
2860 876 2931 929 ait
2961 890 2973 930 :
3014 898 3034 924 «
3061 877 3273 930 Manere
3303 875 3358 928 in
3385 891 3560 930 carne

1971 961 2340 1018 necessarium
2364 971 2590 1033 propter
2615 979 2712 1018 vos
2736 965 2970 1035 (Philip.
3005 967 3042 1032 ι)
3065 1011 3070 1016 .
3104 989 3124 1012 η
3152 965 3245 1019 Ab
3268 966 3386 1035 ipso
3409 980 3563 1018 nam-

1971 1067 2076 1122 que
2103 1066 2296 1105 omnes
2326 1051 2610 1106 audierant
2642 1070 2654 1106 :
2694 1074 2715 1100 α
2752 1052 2808 1107 Si
2838 1069 2936 1108 vos
2977 1054 3246 1122 persecuti
3280 1053 3475 1108 fuerint
3506 1053 3558 1106 in

1971 1161 2079 1200 una
2107 1146 2343 1212 civitate,
2377 1146 2549 1219 fugite
2579 1147 2630 1201 in
2683 1147 2844 1202 aliam
2898 1150 3116 1218 (Matth.
3151 1156 3223 1220 x).
3261 1170 3282 1199 ιι
3318 1151 3378 1202 In
3408 1165 3558 1204 mer-

1968 1234 2188 1290 cenario
2245 1251 2380 1307 ergo
2440 1236 2879 1306 reprehenditur,
2942 1254 3052 1291 non
3109 1238 3358 1308 corporis
3407 1236 3558 1309 fuga,

1969 1324 2068 1379 sed
2099 1324 2314 1392 mentis,
2349 1332 2400 1381 et
2431 1325 2573 1397 quod
2607 1341 2706 1382 sua
2739 1325 2949 1397 quaerit,
2982 1342 3090 1382 non
3114 1343 3232 1397 quae
3258 1328 3388 1381 Jesu
3415 1326 3565 1382 Chri-

1970 1412 2060 1468 sti.

2047 1542 2068 1567 α
2102 1519 2221 1590 Ego
2252 1535 2370 1574 sum
2400 1527 2584 1591 pastor
2601 1519 2796 1587 bonus,
2830 1529 2883 1576 et
2911 1537 3187 1592 cognosco
3214 1537 3364 1575 meas
3386 1529 3441 1576 et
3469 1537 3566 1576 co-

1970 1615 2242 1678 gnoscunt
2264 1625 2348 1664 me
2369 1625 2526 1665 meae.
2551 1635 2572 1658 ι»
2599 1611 2888 1680 Cognosco
2913 1627 3083 1678 meas,
3110 1611 3163 1665 id
3184 1619 3263 1666 est
3285 1610 3454 1680 diligo
3481 1624 3493 1677 ;
3517 1615 3570 1664 et

1971 1721 2108 1760 meae
2137 1705 2371 1778 diligunt
2399 1723 2505 1763 me.
2539 1708 2596 1760 In
2631 1707 2797 1762 bonis
2828 1715 2911 1762 est
2940 1708 3156 1777 ostium,
3183 1707 3459 1774 ostiarius,
3485 1722 3576 1778 pa.

1978 1803 2110 1862 stor,
2145 1811 2301 1851 oves.
2343 1798 2402 1850 In
2433 1795 2592 1851 malis
2637 1796 2826 1863 fures;
2869 1799 3130 1863 latrones,
3172 1797 3568 1864 mercenarius,

1977 1883 2153 1953 lupus.
2186 1884 2453 1940 Dominus
2497 1885 2628 1941 dicit
2676 1901 2735 1940 se
2775 1901 2902 1941 esse
2947 1886 3143 1940 ostium
3181 1895 3230 1941 et
3263 1893 3563 1956 pastorem.

1979 1981 2087 2036 Sed
2117 1981 2161 2034 si
2192 1982 2604 2037 consideremus
2635 1982 3018 2052 proprietates,
3066 1982 3312 2036 Christus
3340 1999 3443 2037 nec
3471 1999 3575 2053 pa-

1980 2076 2096 2123 stor
2127 2077 2231 2133 est,
2278 2086 2378 2126 nec
2410 2070 2638 2135 ostium,
2685 2071 3038 2125 similitudine
3071 2079 3252 2125 autem
3282 2079 3336 2126 et
3365 2079 3572 2141 pastor,

1983 2166 2037 2212 et
2065 2157 2280 2226 ostium,
2315 2167 2366 2213 et
2396 2160 2544 2214 ovis.
2584 2160 2867 2230 Tanquam
2917 2159 3060 2214 enim
3109 2159 3226 2214 ovis
3274 2160 3345 2214 ad
3374 2160 3575 2216 immo-

1983 2246 2204 2301 landum
2237 2247 2434 2302 ductus
2465 2255 2566 2302 est.
2600 2249 2786 2303 Janua
2821 2256 2904 2303 est
2959 2249 3015 2303 in
3062 2249 3266 2319 capite,
3307 2257 3492 2320 pastor
3521 2249 3578 2303 in

1982 2352 2240 2406 corpore.
2296 2337 2440 2391 Dixit
2498 2338 2700 2392 Petro:
2739 2360 2761 2384 κ
2816 2339 2986 2393 Pasce
3027 2354 3159 2393 oves
3206 2355 3358 2393 meas
3390 2340 3578 2408 (Joa-n.

1983 2426 2121 2493 XXI).
2161 2447 2181 2474 ι)
2211 2424 2381 2493 Quasi
2410 2424 2654 2480 diceret:
2687 2424 2831 2494 Quid
2870 2426 3002 2480 mihi
3043 2425 3221 2492 dabis,
3267 2427 3390 2497 quia
3430 2443 3582 2480 amas

1986 2537 2072 2576 me
2103 2522 2132 2574 ?
2159 2523 2273 2576 Hoc
2303 2522 2374 2576 da
2403 2522 2536 2576 mihi
2569 2541 2580 2576 :
2615 2522 2672 2576 Si
2701 2537 2854 2577 amas
2883 2539 2990 2589 me,
3025 2539 3188 2592 pasce
3227 2539 3362 2579 oves
3393 2539 3574 2578 meas.

1987 2611 2090 2665 Per
2113 2611 2332 2678 januam
2363 2610 2538 2679 intra;
2571 2627 2698 2665 nam
2749 2611 2841 2682 qui
2871 2627 2944 2665 ex
2990 2611 3096 2665 alia
3128 2621 3283 2682 parte
3312 2612 3582 2679 ascendit,

1986 2699 2077 2754 ille
2108 2699 2194 2753 fur
2223 2707 2305 2753 est
2327 2707 2377 2754 et
2400 2699 2558 2754 latro.
2594 2701 2653 2753 In
2701 2700 2786 2753 his
2835 2700 3088 2770 personis
3136 2701 3393 2756 invenies
3443 2718 3585 2772 quos

1987 2793 2208 2866 diligas,
2243 2810 2385 2866 quos
2416 2794 2637 2864 toleres,
2683 2811 2819 2866 quos
2867 2811 3089 2851 caveas.
3149 2797 3474 2863 Diligendus
3505 2804 3589 2852 est

1987 2890 2193 2952 pastor,
2253 2883 2569 2938 tolerandos
2632 2893 2716 2938 est
2758 2885 3158 2949 mercenarius,
3191 2885 3473 2940 cavendus
3503 2892 3590 2940 est

1988 2971 2154 3026 latro.
2193 2972 2562 3028 Mercenarius
2611 2972 2753 3027 enim
2805 2973 3070 3029 canonice
3102 2974 3289 3040 intrat,
3323 2990 3449 3028 vera
3480 2973 3586 3029 do-

1990 3067 2093 3115 cet.
2125 3059 2377 3131 quamvis
2415 3059 2709 3115 intentione
2739 3060 2980 3116 sinistra.
3029 3061 3140 3115 Fur
3168 3077 3300 3116 vero
3329 3061 3474 3117 male
3502 3061 3590 3115 in-

281 3133 462 3220 animo
484 3133 679 3237 grex'a
711 3178 927 3235 quoque
974 3133 1327 3218 custodiatur.
1373 3133 1536 3216 venit
1585 3170 1762 3215 autem
1792 3133 1876 3215 lu-
1913 3133 1964 3196 Ο
1991 3156 2119 3215 παι,
2148 3148 2280 3203 ἷειεε
2309 3149 2490 3215 docet.
2524 3157 2577 3204 ei
2607 3148 2732 3204 ideo
2762 3157 2845 3205 εει
2873 3149 3104 3204 alienus-

277 3271 388 3327 pus
418 3269 539 3309 cum
570 3251 802 3325 quilibet
858 3249 1095 3321 injustus
1127 3259 1180 3306 et
1210 3258 1400 3323 raptor
1451 3249 1641 3306 fideles
1689 3249 1885 3321 Oppri-

279 3351 393 3406 mit.
425 3350 584 3422 Fugit
613 3364 747 3421 ergo
774 3348 865 3420 qui
909 3357 1094 3418 pastor
1137 3364 1260 3404 esse
1320 3347 1627 3414 videbatur,
1672 3356 1725 3402 et
1773 3361 1882 3401 non

278 3447 416 3506 erat,
447 3455 555 3493 non
603 3437 863 3492 mutando
913 3437 1111 3502 locum,
1171 3437 1268 3491 sed
1322 3437 1692 3491 subtrahendo
1723 3436 1877 3490 sola-

276 3529 433 3582 tium.
465 3527 630 3581 Tacet
661 3530 825 3592 enim,
860 3532 911 3579 et
943 3540 1049 3578 non
1082 3525 1250 3579 audet
1282 3524 1544 3580 resistere
1576 3524 1872 3594 iujustitiae.

279 3619 360 3673 De
391 3633 500 3688 quo
529 3632 629 3686 per
681 3614 1001 3684 prophetam
1047 3614 1248 3668 dicitur
1282 3629 1294 3668 :
1335 3636 1356 3663 (ι
1399 3615 1520 3669 Non
1549 3601 1877 3669 ascendistis

281 3724 346 3764 ex
378 3707 636 3772 adverso,
694 3720 873 3775 neque
930 3703 1268 3774 opposuistis
1323 3720 1537 3758 murum
1579 3719 1683 3775 pro
1717 3704 1882 3760 domo

279 3802 470 3869 Israel,
503 3810 556 3857 ut
590 3801 810 3856 staretis
860 3800 916 3854 in
965 3800 1157 3871 praelio
1188 3799 1242 3854 in
1275 3800 1362 3855 die
1415 3801 1630 3856 Domini
1659 3801 1880 3871 (Ezech-

278 3894 429 3963 χιιι).
467 3915 489 3941 ιν
525 3891 604 3945 Ex
634 3890 871 3945 adverso
902 3890 1210 3944 ascendere
1258 3897 1341 3944 est
1386 3889 1569 3960 pravis
1601 3890 1769 3944 libera
1800 3905 1886 3943 ra-

277 3985 427 4043 tione
458 3985 750 4041 contraire.
787 3985 999 4038 Murum
1031 3999 1315 4053 opponere
1347 3991 1399 4038 et
1429 3993 1573 4038 stare
1613 3984 1666 4038 in
1697 3985 1884 4055 przelio

278 4077 334 4130 in
368 4076 455 4130 die
484 4073 699 4128 Domini
731 4089 830 4142 pro
860 4072 1028 4127 domo
1062 4073 1235 4127 Israel
1267 4081 1370 4138 est,
1404 4089 1526 4127 cum
1553 4081 1605 4128 et
1638 4074 1882 4128 auctori-

278 4172 387 4220 tate
412 4162 637 4236 justitite
666 4160 858 4216 fideles
903 4169 1094 4216 contra
1153 4177 1534 4232 pervcrsorum
1566 4162 1880 4231 injustitiam

277 4261 638 4320 vindicamus.
724 4260 823 4314 Est
876 4259 1039 4314 etiam
1097 4259 1370 4332 malignus
1444 4259 1665 4330 spiritus
1719 4260 1881 4331 lupus

277 4359 490 4407 mentes
518 4365 628 4404 non
658 4363 890 4419 corpora
921 4348 1206 4418 dilanians,
1240 4347 1431 4404 caulas
1471 4346 1704 4403 ﬁdelium
1736 4348 1880 4403 assi-

279 4441 386 4495 due
416 4438 703 4514 circuiens.
765 4439 844 4492 De
905 4453 1012 4508 quo
1055 4437 1283 4493 dicitur:
1320 4438 1384 4491 Et
1413 4437 1680 4510 dispergit
1709 4455 1866 4494 oves.

275 4529 431 4584 Tunc
459 4526 604 4582 enim
633 4525 907 4598 dispergit
929 4541 1051 4581 cum
1081 4525 1244 4580 alium
1275 4525 1344 4579 ad
1373 4525 1644 4580 luxuriam
1674 4534 1875 4597 pertra-

279 4617 375 4684 hit,
402 4615 566 4671 alium
592 4615 646 4669 in
675 4616 964 4670 avaritiam
995 4613 1439 4680 accendit,alium
1479 4615 1533 4668 in
1562 4615 1874 4686 snperbiam

280 4715 443 4788 erigit
475 4735 486 4771 :
518 4715 663 4770 hunc
691 4713 898 4768 invidia
955 4711 1218 4779 stimulat,
1273 4709 1424 4767 illum
1486 4710 1705 4768 fallacia
1756 4731 1877 4784 sup-

279 4813 506 4884 plantat.
539 4810 710 4881 Quasi
740 4827 875 4884 ergo
902 4809 1060 4882 lupus
1107 4825 1336 4882 gregem
1364 4809 1614 4881 dissipat,
1661 4827 1790 4865 cum
1822 4808 1877 4864 fi-

281 4908 434 4964 deles
481 4907 731 4962 diabolus
781 4923 882 4978 per
928 4906 1254 4961 tentationes
1283 4913 1462 4961 necat.
1502 4906 1876 4962 Mercenarius

281 5014 461 5062 autem
500 5005 703 5061 videns
731 5005 916 5075 lupum
951 5003 1106 5076 fugit,
1141 5004 1266 5073 quia
1296 5004 1668 5060 mercenarius
1713 5011 1794 5059 est
1823 5010 1878 5058 et

282 5121 392 5162 non
421 5104 599 5177 diligit
646 5103 702 5158 in
744 5103 936 5160 ovibus
987 5101 1278 5167 Christum,
1325 5103 1424 5157 sed
1453 5102 1534 5158 lac
1566 5110 1618 5156 et
1646 5101 1825 5156 lanam
1859 5119 1873 5156 :

281 5202 602 5270 peccantem
629 5207 736 5248 non
766 5192 941 5246 litera
997 5190 1161 5246 audet
1205 5205 1462 5261 arguere,
1507 5191 1877 5246 excommuni-

282 5291 513 5370 candum
527 5306 637 5345 non
653 5289 820 5344 audet
839 5287 1415 5354 excommunicare,ne
1435 5290 1625 5360 perdat
1639 5305 1880 5346 commo-

281 5390 505 5447 ditatem
532 5389 784 5444 humanae
813 5385 1084 5454 amicitiae,
1116 5393 1170 5441 et
1199 5402 1267 5442 ne
1298 5387 1539 5443 incurrat
1567 5387 1877 5444 molestiam

281 5497 642 5554 humanarum
699 5492 1080 5549 amicitiarum.
1142 5491 1300 5563 Fugit
1358 5509 1492 5566 ergo
1551 5494 1674 5567 quia
1715 5502 1876 5563 tacet,

281 5601 424 5652 tacet
453 5593 575 5664 quia
613 5593 802 5659 timet;
835 5588 965 5662 fuga
1019 5589 1185 5646 animi
1243 5591 1406 5647 timor
1435 5601 1533 5660 est,
1589 5609 1657 5648 ne
1685 5593 1877 5664 perdat

284 5708 448 5765 quem
463 5690 658 5762 diligit.
678 5691 918 5762 Corpore
930 5695 1036 5745 stat
1057 5706 1071 5744 :
1091 5689 1283 5761 spiritu
1304 5689 1460 5762 fugit.
1482 5689 1642 5759 Quod
1654 5690 1746 5746 ille
1768 5707 1880 5748 non

287 5779 517 5848 faciebat
543 5779 650 5856 qui.
679 5778 934 5837 dicebat:
969 5799 993 5828 «ι
1027 5778 1097 5834 Et
1125 5777 1173 5835 si
1217 5795 1451 5852 corpore
1480 5779 1686 5837 absens
1733 5796 1874 5849 sum,

2067 3278 2088 3303 α
2123 3254 2272 3311 Sicut
2301 3255 2450 3310 novit
2473 3271 2561 3310 me
2591 3256 2771 3325 Pater,
2805 3263 2856 3311 et
2887 3272 2991 3328 ego
3021 3272 3264 3329 agnosco
3293 3257 3528 3312 Patrem.
3559 3276 3581 3305 η

1991 3344 2147 3414 Quod
2179 3344 2346 3398 Filius
2373 3344 2627 3414 agnoscit
2659 3346 2872 3400 Patrem
2905 3361 3004 3415 per
3035 3361 3114 3409 se,
3149 3354 3200 3400 et
3230 3347 3402 3400 Deum
3424 3360 3588 3401 nemo

1991 3434 2140 3490 videt
2168 3433 2276 3486 nisi
2315 3448 2414 3504 per
2445 3433 2660 3498 Filium,
2713 3433 3055 3488 manifestum
3089 3442 3174 3488 est
3202 3451 3269 3490 ex
3300 3436 3403 3491 hoc
3433 3435 3587 3506 capi-

1992 3522 2104 3578 tulo
2133 3529 2186 3577 et
2216 3538 2281 3577 ex
2309 3523 2426 3590 ejus
2454 3520 2734 3577 canonicis
2766 3523 3035 3593 capitulis.

2067 3647 2089 3674 α
2124 3625 2191 3679 Et
2221 3623 2461 3679 animam
2495 3639 2674 3679 meam
2697 3640 2840 3695 pono
2872 3640 2973 3695 pro
3003 3625 3195 3680 ovibus
3220 3624 3376 3680 meis.
3398 3646 3420 3674 ι
3459 3625 3587 3682 Hinc

1992 3723 2073 3769 est
2102 3713 2345 3783 probatio
2391 3713 2700 3769 dilectionis
2747 3714 2816 3768 ad
2865 3715 3086 3768 Patrem
3118 3721 3169 3768 ct
3209 3714 3276 3768 ad
3309 3729 3460 3770 oves.
3494 3715 3585 3771 Sic

1993 3811 2046 3858 et
2087 3803 2274 3857 Petrus
2323 3803 2482 3857 tertio
2513 3802 2780 3858 confitens
2827 3818 3066 3858 amorem
3105 3803 3325 3872 jubetur
3355 3819 3584 3875 pascere

1991 3915 2144 3961 oves,
2165 3907 2217 3954 et
2237 3915 2336 3970 pro
2357 3899 2435 3954 eis
2462 3899 2616 3954 mori.
2641 3900 2865 3965 Tenete,
2908 3899 3036 3971 quia
3078 3899 3324 3956 Christus
3349 3909 3431 3955 est
3451 3918 3582 3956 ver-

1990 3988 2138 4054 bum,
2173 3989 2372 4057 anima,
2405 4003 2555 4043 caro.
2589 3989 2709 4042 Non
2741 3988 3032 4042 defuerunt
3060 3988 3302 4042 haeretici
3330 3990 3579 4058 Appolli-

1990 4077 2213 4132 naristaa
2241 4077 2388 4142 dicti,
2419 4076 2509 4147 qui
2538 4076 2662 4129 ausi
2693 4084 2813 4129 sunt
2844 4077 3216 4146 dogmatizare
3247 4078 3394 4147 quod
3425 4076 3582 4132 Chri-

1987 4175 2102 4222 stus
2130 4181 2238 4221 non
2268 4173 2412 4220 esset
2442 4163 2544 4218 nisi
2582 4164 2836 4228 Verbum,
2872 4171 2924 4219 et
2953 4180 3082 4219 caro
3114 4164 3239 4220 sine
3270 4165 3466 4220 anima.

2065 4301 2087 4332 ε
2121 4281 2191 4334 Et
2217 4280 2352 4334 alias
2382 4294 2512 4334 oves
2537 4278 2714 4333 habeo
2745 4295 2866 4350 qua:
2897 4295 3004 4335 non
3037 4287 3160 4334 sunt
3203 4297 3266 4335 ex
3297 4282 3400 4336 hoc
3430 4278 3578 4352 ovili,

1991 4376 2043 4425 et
2066 4368 2186 4423 illas
2212 4375 2426 4440 Oportet
2474 4383 2558 4422 me
2615 4367 2909 4436 adducere,
2960 4376 3014 4423 ct
3052 4385 3241 4424 vocem
3273 4386 3452 4426 meam
3483 4387 3583 4426 au-

1903 4490 1957 4552 D
1989 4459 2156 4526 dicnt,
2190 4465 2244 4512 et
2273 4457 2363 4513 fiet
2388 4473 2552 4512 unum
2597 4457 2738 4512 ovile
2796 4465 2849 4513 et
2901 4475 3038 4512 unus
3085 4467 3298 4529 pastor.
3341 4484 3362 4508 »ν
3400 4461 3579 4516 Unum

1959 4555 2125 4612 ovile
2155 4563 2236 4610 est
2257 4555 2433 4610 unitas
2463 4555 2517 4609 in
2547 4554 2788 4610 Christo.
2820 4555 2979 4610 Unde
3009 4556 3207 4611 Paulus
3241 4575 3253 4611 :
3292 4580 3314 4606 α
3351 4556 3474 4628 Ipse
3497 4566 3581 4613 est

1983 4661 2087 4716 pax
2118 4649 2324 4710 nostra,
2378 4644 2468 4714 qui
2503 4643 2629 4700 fecit
2676 4651 2906 4715 utraque
2954 4661 3123 4699 unum
3161 4645 3382 4717 (Ephes.
3419 4648 3506 4717 ιι).
3550 4671 3572 4694 η

1980 4735 2060 4788 Ex
2090 4733 2197 4789 hoc
2233 4732 2364 4788 ovili
2408 4733 2608 4787 dictum
2641 4740 2727 4787 est
2756 4734 2825 4787 de
2874 4732 2984 4787 illis
3014 4733 3107 4806 qui
3141 4733 3399 4788 salvandi
3423 4742 3575 4788 erant

1983 4818 2040 4873 in
2079 4817 2268 4884 Israel,
2319 4818 2387 4873 de
2435 4818 2629 4889 quibus
2677 4818 2950 4873 Dominus
3007 4819 3187 4873 dixit:
3229 4840 3249 4869 α
3282 4819 3408 4873 Non
3455 4834 3581 4873 sum

1984 4916 2184 4971 missus
2213 4915 2317 4970 nisi
2355 4915 2426 4971 ad
2485 4931 2617 4971 oves
2674 4931 2794 4986 quae
2832 4915 3110 4985 perierunt
3162 4915 3354 4970 domus
3410 4916 3580 4972 lsrael

1984 5004 2204 5075 (Matth.
2239 5005 2352 5074 xv).
2391 5025 2413 5054 ι
2450 5005 2562 5060 Hoc
2591 5003 2716 5058 ideo
2746 5003 2898 5068 dixit,
2932 5004 3059 5074 quia
3076 5004 3417 5074 prmsentiam
3449 5021 3578 5062 cor-

1984 5093 2224 5165 poralem
2257 5108 2364 5148 non
2395 5092 2654 5162 exhibuit,
2715 5091 2822 5146 nisi
2877 5091 3080 5162 p0pulo
3112 5091 3226 5159 illi;
3269 5092 3341 5148 ad
3385 5103 3581 5166 gentes

1985 5183 2130 5238 enim
2167 5198 2276 5238 non
2307 5183 2560 5253 perrexit,
2616 5181 2714 5237 sed
2764 5181 2910 5236 misit
2951 5197 3079 5236 suos
3127 5181 3187 5236 in
3237 5183 3433 5252 quibus
3462 5184 3584 5257 ipse

1985 5271 2203 5328 locutus
2235 5275 2345 5327 est.

1988 5396 2224 5455 SERMO
2288 5395 2386 5453 DE
2455 5394 2889 5452 PASTORIBUS
2954 5395 3045 5450 ET
3100 5395 3582 5454 MERCENARIIS

2447 5493 2680 5564 ATQUE
2719 5493 3109 5550 SUBJECTIS.

2063 5623 2086 5651 α
2124 5603 2310 5657 Pastor
2352 5601 2529 5658 bonus
2579 5601 2824 5656 animam
2870 5617 3025 5655 suam
3058 5600 3214 5672 ponit
3263 5618 3364 5672 pro
3395 5601 3589 5658 ovibus

1988 5689 2103 5748 suis
2133 5693 2318 5761 (Joan.
2351 5699 2434 5756 χ).
2471 5712 2493 5739 υ
2530 5690 2681 5746 Sicut
2725 5688 3015 5762 pervigilat
3061 5697 3253 5761 pastor
3281 5691 3374 5762 qui
3397 5699 3591 5748 contra

1988 5779 2196 5837 bestias
2226 5794 2358 5837 oves
2386 5779 2664 5837 custodire
2693 5779 2854 5849 solet,
2887 5778 2960 5834 ita
2989 5786 3043 5836 et
3071 5779 3174 5836 Dei
3203 5779 3464 5835 sacerdos
3491 5794 3590 5834 su-
