3986 6070
432 281 532 334 943

1583 271 1925 327 VVERNERI
1967 272 2255 329 ARBATIS
2295 273 2351 328 S.
2396 273 2622 328 BLASII

3641 268 3745 322 9H

438 418 535 473 pra
554 415 783 473 gregem
814 396 1020 454 Christi
1045 396 1309 452 sollicitus
1355 411 1480 452 esse
1517 395 1699 465 debet,
1746 411 1814 450 ne
1844 395 2028 450 inimi-
2060 397 2112 458 A
2144 414 2251 452 non
2283 398 2600 454 emendare.
2635 394 2996 452 Dormitando
3015 413 3147 453 vero
3165 395 3354 452 oculus
3384 394 3454 450 ad
3484 393 3748 467 plenissi-

437 505 536 546 cus
561 495 760 554 vastet,
818 502 887 542 ne
947 494 1268 558 persecutor
1320 484 1566 556 impetat,
1613 499 1682 539 ne
1711 484 2035 554 potentioris

437 588 705 659 cujusque
736 585 1007 656 cupiditas
1028 584 1193 639 vitam
1224 599 1526 654 pauperum
1557 582 1841 654 inquietet.
1876 582 2034 636 Pravi

433 683 684 748 pastores
713 689 822 730 non
855 674 1056 729 habent
1085 689 1270 730 curam
1294 673 1363 728 de
1385 673 1579 728 ovibus
1603 689 1618 740 ;
1652 672 1770 737 sed,
1800 671 1943 726 sicut
1961 671 2040 725 le-

434 764 582 838 gitur
609 764 665 818 in
697 762 1002 836 Evangelia
1059 762 1128 818 de
1187 761 1564 824 mercenariis,
1622 760 1808 816 vident
1852 761 2041 830 lupum

435 853 747 909 venientem
775 861 828 907 et
856 851 1089 920 fugiunt.
1137 852 1288 907 Tunc
1336 851 1482 906 enim
1543 849 1776 921 fugiunt,
1821 848 2042 920 quando

436 941 750 1014 potentibus
779 948 978 1006 tacent,
1013 945 1065 996 et
1098 940 1256 995 malis
1286 938 1547 995 resistere
1589 945 1855 993 metuunt.
1891 936 2043 993 Scire

437 1039 633 1095 etenim
666 1037 875 1109 praelati
933 1037 1154 1102 debent,
1214 1037 1364 1108 quia,
1397 1036 1444 1090 si
1494 1050 1758 1107 perversa
1806 1049 2043 1105 unquam

436 1135 762 1200 perpetrant,
797 1134 875 1181 tot
905 1125 1174 1182 mortibus
1205 1125 1361 1196 digni
1393 1133 1538 1190 sunt,
1587 1131 1717 1196 quot
1748 1123 1814 1177 ad
1849 1123 2044 1178 subdi-

439 1225 524 1271 tos
555 1232 682 1271 suos
712 1215 1034 1286 perditionis
1061 1214 1318 1285 exempla
1350 1212 1740 1268 transmittunt.
1764 1213 1922 1268 Unde
1944 1227 2045 1266 ne-

444 1321 603 1363 cesse
645 1312 728 1360 est
785 1312 844 1358 ut
898 1311 1048 1357 tanto
1109 1319 1168 1358 se
1227 1303 1435 1358 cautius
1466 1317 1498 1356 a
1528 1302 1686 1372 culpa
1716 1301 2042 1365 custodiant,

442 1403 646 1466 quanto
678 1409 774 1464 per
815 1407 988 1464 prava
1032 1409 1152 1463 qua:
1202 1391 1404 1446 faciunt
1433 1407 1541 1447 non
1573 1391 1674 1445 soli
1718 1390 2044 1458 moriuntur.

445 1489 786 1546 Admonendi
805 1497 926 1544 sunt
941 1488 1036 1557 illi,
1063 1489 1270 1545 scilicet
1293 1489 1545 1556 subjecti,
1565 1504 1633 1544 ne
1653 1487 1946 1543 districtius
1960 1504 2050 1557 pu-

443 1579 676 1646 niantur,
710 1578 755 1632 si
787 1577 1018 1632 absoluti
1068 1577 1304 1648 reperiri
1353 1576 1709 1649 nequiverint
1752 1576 1947 1630 saltem
1979 1576 2049 1631 de

447 1684 540 1738 se;
593 1667 680 1722 isti
738 1667 947 1722 scilicet
1003 1666 1233 1736 praelati,
1285 1682 1354 1720 ne
1385 1665 1728 1720 subditorum
1781 1665 2050 1719 erratibus

2150 503 2296 541 mum
2345 487 2543 542 dicitur
2590 502 2866 553 somnum,
2901 486 3040 557 quia,
3104 487 3232 542 dum
3281 485 3600 559 plerumque
3659 482 3749 554 qui

2147 585 2365 648 praeest,
2397 577 2599 630 malum
2629 574 2772 647 quod
2803 575 3090 647 cognoscit
3129 591 3238 630 non
3268 582 3500 639 resecat,
3543 573 3610 626 ad
3642 572 3749 627 hoc

2149 673 2473 744 quandoque
2525 671 2873 743 negligentiae
2929 688 3042 728 sua
3109 672 3305 728 merito
3363 670 3632 743 pervenit,
3691 676 3749 724 ut

2150 763 2295 834 quod
2325 777 2358 816 a
2383 760 2644 830 subjectis
2673 760 3008 832 delinquitur
3037 777 3138 818 nec
3169 768 3494 834 cognoscat.

2221 857 2564 914 Admonendi
2600 865 2725 913 sunt
2763 857 2949 929 itaque
2990 859 3082 929 qui
3115 848 3377 930 praesunt,
3417 865 3473 912 ut
3506 873 3608 928 per
3635 855 3748 912 cir-

2151 947 2572 1018 eumspectionis
2619 947 2857 1002 studium
2890 947 3014 1002 caeli
3064 947 3322 1002 animalia
3371 944 3488 1002 ﬁeri
3517 954 3743 1001 conten-

2153 1036 2311 1102 dant;
2345 1035 2530 1092 oculos
2553 1035 2854 1106 pervigiles
2883 1036 3028 1090 intus
3057 1045 3110 1092 et
3141 1035 3193 1091 in
3226 1035 3457 1092 circuitu
3488 1037 3747 1090 habeant.

2152 1134 2569 1205 (GREGORIUS.)
2599 1132 2836 1190 Ostensa
2879 1134 3080 1205 quippe
3109 1133 3234 1190 caeli
3263 1133 3516 1188 animalia
3558 1132 3616 1187 in
3644 1131 3754 1188 cir-

2154 1222 2297 1279 cuitu
2327 1231 2381 1278 et
2407 1223 2551 1278 intus
2571 1223 2747 1279 oculis
2793 1223 2950 1294 plena
3000 1223 3385 1279 describuntur
3412 1223 3641 1292 (Ezech.
3674 1222 3752 1291 v),

2155 1313 2487 1384 dignumque
2526 1320 2608 1368 est
2649 1322 2704 1366 ut
2753 1311 2932 1368 cuncti
2971 1312 3065 1384 qui
3110 1319 3352 1383 praesunt
3398 1312 3544 1366 intus
3593 1318 3760 1382 atque

2155 1401 2210 1454 in
2241 1401 2466 1457 circuitu
2497 1401 2690 1457 oculos
2729 1401 2986 1468 habeant,
3020 1410 3292 1472 quatenus
3317 1410 3370 1456 et
3400 1401 3623 1455 interno
3646 1401 3752 1468 ju-‘

2155 1491 2260 1546 dici
2292 1489 2344 1544 in
2375 1490 2682 1561 semetipsis
2713 1489 2932 1561 placere
2961 1490 3234 1555 studeant,
3268 1498 3319 1546 et
3349 1488 3607 1560 exempla
3632 1487 3759 1544 vita

2157 1589 2396 1643 exterius
2427 1589 2747 1659 prmhentes,
2789 1605 2851 1644 ea
2879 1605 2999 1660 quae
3028 1588 3086 1641 in
3117 1587 3236 1643 aliis
3269 1596 3394 1642 sunt
3419 1567 3761 1659 corrigenda

2157 1677 2595 1748 deprehendant.
2628 1677 2969 1732 Admonendi
3018 1686 3140 1732 sunt
3188 1675 3408 1743 subditi,
3441 1693 3510 1731 ne
3545 1692 3764 1747 praepo-

441 1757 774 1827 ,ἱυάῖοθῐιῑυνν
807 1756 972 1810 Euam
1003 1755 1048 1809 Si
1079 1772 1138 1810 se
1163 1755 1275 1825 iam
1307 1755 1376 1810 de
1407 1771 1464 1808 se
1486 1770 1711 1810 Securos
1734 1753 2044 1836 inveniam;
2076 1760 2128 1820 Β
2161 1769 2387 1822 sitorum
2421 1783 2642 1821 suorum
2679 1767 2838 1821 vitam
2877 1775 3081 1821 temere
3112 1765 3380 1836 judicent,
3422 1765 3470 1819 si
3502 1766 3635 1837 quid
3663 1781 3762 1820 eos

448 1855 527 1910 illi
556 1862 614 1908 ut
645 1861 792 1908 tanto
823 1854 963 1908 circa
1023 1868 1082 1906 se
1142 1851 1426 1907 sollicitius
1481 1851 1681 1918 vivant,
1713 1856 1917 1923 quanto
1947 1867 2046 1905 eos

451 1944 631 1999 aliena
661 1958 788 1998 cura
842 1957 950 1996 non
1009 1941 1283 2012 implicat;
1317 1941 1404 1994 isti
1455 1956 1592 1996 vero
1623 1948 1678 1995 ut
1701 1940 1780 1995 sic
1815 1939 2046 1995 aliorum

445 2047 609 2090 curas
639 2031 912 2100 expleant,
972 2039 1240 2102 quatenus
1272 2037 1322 2083 et
1352 2044 1483 2083 suas
1544 2044 1711 2099 agere
1751 2045 1860 2082 non
1891 2028 2043 2082 desi-

442 2126 609 2187 stant,
642 2128 695 2174 et
721 2119 802 2173 sic
849 2119 902 2171 in
936 2117 1158 2188 propria
1201 2117 1571 2172 sollicitudine
1624 2116 1893 2184 ferveant,
1927 2125 1981 2170 ut
2016 2131 2047 2170 a

449 2209 863 2265 commissorum
894 2206 1152 2262 custodia
1173 2205 1396 2259 minime
1418 2210 1753 2275 torpescent.
1787 2205 1873 2258 Illi
1903 2204 2046 2258 enim

454 2297 672 2352 sibimet
702 2294 916 2350 vacanti
937 2293 1168 2349 dicitur:
1198 2314 1219 2344 ι
1257 2293 1403 2348 Vade
1428 2293 1494 2346 ad
1522 2293 1829 2360 formicam,
1855 2301 1907 2347 et
1926 2309 2047 2348 con-

447 2385 632 2441 sidera
660 2385 780 2438 vias
819 2385 956 2452 ejus,
988 2383 1164 2452 piger,
1197 2389 1252 2436 et
1293 2381 1444 2437 disce
1471 2381 1795 2452 sapientiam
1857 2382 2041 2448 (Prov,

449 2481 548 2551 vn).
578 2503 600 2528 ιι
635 2482 744 2535 Iste
766 2487 947 2534 autem
971 2477 1291 2533 terribiliter
1306 2478 1644 2544 admonetur,
1669 2491 1793 2534 cum
1814 2477 2041 2533 dicitur:

451 2593 474 2620 α
514 2569 610 2624 Fili
665 2569 762 2632 mi,
794 2567 839 2621 si
871 2566 1233 2638 spoponderis
1285 2582 1385 2637 pro
1428 2567 1608 2623 amico
1656 2575 1764 2630 tuo,
1813 2565 2045 2621 deﬁxisti

448 2658 594 2730 apud
668 2663 988 2713 extraneum
1060 2671 1281 2710 manum
1347 2663 1536 2721 tuam,
1607 2662 1662 2710 et
1717 2655 2045 2726 illaqueatus

447 2772 506 2812 es
535 2754 720 2812 verbis
773 2753 888 2810 oris
944 2752 1041 2822 tui,
1088 2759 1146 2808 et
1199 2760 1392 2823 captus
1421 2750 1658 2824 propriis
1698 2752 2044 2808 sermonibus

444 2843 665 2917 (ibid.).
704 2866 725 2892 ι»
759 2841 1041 2914 Spondere
1097 2856 1334 2914 namque
1390 2857 1492 2912 pro
1549 2841 1725 2896 amico
1771 2849 1858 2896 est
1905 2840 2043 2896 alie-

445 2949 572 2988 nam
627 2931 868 2988 animam
912 2929 967 2984 in
1001 2929 1248 3002 periculo
1297 2946 1411 2985 suae
1465 2929 1898 2986 conversationis
1943 2944 2042 2986 ac-

447 3022 658 3094 cipere.
728 3019 1144 3090 (GREGORIUS.)
1201 3018 1358 3075 Unde
1411 3025 1466 3074 et
1517 3019 1665 3089 apud
1721 3026 2042 3074 extraneum

451 3109 722 3181 deﬁgitur,
757 3108 882 3180 quia
913 3107 1057 3179 apud
1088 3123 1274 3163 curam
1337 3106 1716 3163 sollicitudinis
1765 3124 1888 3179 quae
1916 3114 2042 3162 ante
2072 3113 2122 3178 α

452 3200 863 3260 deceratmens
893 3196 1125 3269 ligatur.
1164 3195 1361 3252 Verbis
1417 3195 1529 3252 oris
1585 3197 1668 3251 sui
1723 3195 2047 3268 illaqueatus

447 3296 549 3354 est,
582 3303 647 3343 ac
676 3285 913 3358 propriis
943 3285 1290 3340 sermonibus
1317 3292 1528 3355 captus,
1563 3285 1710 3356 quia,
1742 3285 1869 3339 dum
1900 3300 2048 3341 com-

448 3376 632 3432 missis
657 3375 767 3430 sibi
795 3373 1016 3444 cogitur
1072 3373 1217 3428 bona
1272 3373 1478 3440 dicere,
1540 3373 1718 3444 ipsum
1766 3374 1913 3444 prius
1944 3389 2046 3428 ne-

451 3488 609 3528 cesse
637 3478 720 3525 est
749 3486 871 3541 quae
899 3469 1096 3524 dixerit
1143 3469 1446 3524 custodire.
1505 3470 1835 3542 lllaqueatur
1881 3470 2049 3541 igitur

451 3559 638 3616 verbis
667 3558 784 3613 oris
814 3557 916 3622 sui,
955 3557 1084 3611 dum
1116 3557 1328 3612 ratione
1349 3558 1602 3629 exigente
1628 3559 2044 3630 constringitur,

449 3664 518 3703 ne
552 3647 670 3716 ejus
700 3645 806 3700 vita
836 3646 906 3700 ad
937 3645 1082 3699 aliud
1115 3661 1278 3717 quam
1295 3647 1550 3702 admonet
1575 3647 1870 3703 relaxetur.
1893 3648 2048 3704 Unde

449 3743 591 3816 apud
621 3742 927 3799 districtum
953 3741 1196 3812 judicem
1226 3743 1445 3814 cogitur
1485 3752 1629 3798 tanta
1661 3745 1715 3798 in
1744 3761 1911 3816 Opere
1941 3761 2047 3801 ex-

448 3843 686 3907 solvere,
721 3850 920 3914 quanta
953 3857 1077 3896 eum
1117 3845 1334 3896 constat
1363 3841 1487 3896 aliis
1519 3859 1652 3899 voce
1684 3843 2038 3915 praecepisse.

450 3933 555 3990 Ubi
584 3940 637 3988 ct
663 3931 804 3987 bene
853 3945 983 3986 mox
1031 3930 1338 3986 exhortatio
1381 3932 1653 4001 subditur,
1704 3941 1762 3988 ut
1789 3934 2043 3989 dicatur:

455 4054 477 4083 «
514 4031 621 4087 Fac
641 4045 776 4101 ergo
805 4029 952 4101 quod
981 4029 1125 4095 dico,
1159 4027 1232 4083 fili
1264 4029 1336 4084 mi
1362 4047 1375 4093 ;
1408 4038 1461 4084 et
1483 4030 1827 4101 temetipsum
1855 4031 2046 4102 libera,

449 4121 574 4194 quia
602 4118 840 4176 incidisti
869 4118 924 4172 in
954 4135 1178 4173 manum
1227 4119 1466 4190 proximi
1515 4120 1610 4174 tui.
1651 4119 1934 4188 Discurre,
1964 4119 2048 4176 fe-

453 4211 633 4279 stina;
666 4207 870 4263 suscita
899 4207 1137 4262 amicum
1181 4212 1357 4274 tuum,
1390 4224 1458 4263 ne
1486 4208 1703 4264 dederis
1743 4208 1914 4265 oculis
1945 4208 2049 4264 tuis

450 4323 728 4374 somnum,
789 4321 890 4362 nec
932 4305 1224 4361 dormitent
1281 4306 1562 4377 palpebrae
1608 4315 1718 4363 tua:
1767 4308 1976 4378 (ibid.).
2021 4331 2042 4358 υ

455 4402 715 4474 Quisquis
759 4402 907 4457 enim
958 4402 1080 4457 aliis
1117 4403 1170 4456 in
1202 4403 1458 4474 exemplo
1489 4404 1556 4458 ad
1589 4405 1880 4461 vivendum
1909 4421 2050 4476 prae-

452 4491 692 4566 ponitur,
723 4506 832 4545 non
863 4491 1038 4546 solum
1085 4499 1143 4545 ut
1200 4491 1318 4562 ipse
1377 4492 1616 4564 evigilet,
1665 4494 1763 4550 sed
1794 4475 1955 4550 etiam
1989 4503 2046 4551 ut
2077 4475 2129 4536 D

457 4589 693 4647 amicum
751 4587 982 4643 suscitet
1036 4588 1376 4644 admonetur.
1426 4590 1488 4644 Ei
1533 4607 1769 4662 namque
1820 4593 2049 4663 vigilare

452 4681 595 4736 bene
627 4677 859 4735 vivendo
888 4692 994 4732 non
1047 4675 1264 4744 sufficit,
1298 4678 1345 4732 si
1376 4694 1483 4734 non
1515 4687 1569 4734 et
1600 4680 1749 4735 illum
1783 4681 1870 4736 cui
1901 4698 2050 4752 prae-

455 4788 536 4836 est
564 4794 594 4833 a
625 4775 836 4849 peccati
867 4783 1090 4846 torpore
1121 4773 1404 4848 disjungit.
1447 4777 1592 4832 Bene
1613 4787 1794 4834 autem
1816 4778 2048 4834 dicitur:

457 4901 480 4926 υ
512 4877 596 4932 Ne
625 4874 845 4931 dederis
900 4888 1152 4929 somnum
1210 4873 1311 4928 tuis
1367 4874 1564 4942 oculis,
1625 4891 1726 4932 nec
1756 4877 2056 4932 dormitent

456 4969 735 5041 palpebrae
766 4975 892 5022 tua).
930 4987 952 5016 ι
999 4965 1267 5021 Somnum
1315 4967 1517 5038 quippe
1575 4968 1751 5024 oculis
1799 4969 1932 5024 dare
1964 4977 2057 5025 est

457 5057 756 5112 intentione
812 5063 1083 5120 cessante,
1163 5056 1514 5111 subditorum
1585 5072 1771 5113 curam
1829 5059 2056 5115 omnino

459 5155 766 5227 negligere.
808 5154 1085 5225 Palpebra:
1109 5169 1238 5210 vero
1259 5154 1573 5222 dormitant,
1599 5172 1721 5212 cum
1761 5157 2054 5230 cogitatio-

460 5268 559 5307 nes
588 5261 784 5306 nostrze
814 5267 879 5307 ea
911 5267 1033 5323 qum
1060 5251 1116 5305 in
1146 5252 1376 5307 subditis
1397 5255 1677 5325 arguenda
1694 5265 2053 5324 cognoscunt,

459 5348 790 5422 pinguedine
843 5347 1185 5417 deprimente
1249 5349 1622 5406 dissimulant.
1704 5352 1868 5407 Plene
1909 5354 2050 5408 enim

459 5455 703 5512 dormire
745 5459 830 5508 est
877 5451 1295 5508 commissorum
1343 5464 1466 5511 acta
1495 5457 1710 5512 nescire
1748 5474 1849 5514 nec
1878 5460 2054 5515 corri-

457 5572 614 5630 gere.
650 5553 775 5610 Non
803 5558 981 5606 autem
1013 5548 1273 5618 dormire,
1326 5555 1424 5608 sed
1471 5555 1772 5612 dormitare
1799 5567 1901 5625 est,
1936 5576 2057 5631 quae

455 5653 677 5729 quidem
706 5646 1162 5721 reprehendenda
1183 5656 1312 5703 sunt
1341 5665 1702 5724 cognoscere,
1747 5657 1845 5711 sed
1875 5663 2057 5714 tamen

457 5759 690 5826 propter
743 5745 942 5804 mentis
989 5743 1208 5800 taedium
1255 5745 1436 5818 dignis
1484 5765 1550 5806 ea
1591 5751 2054 5825 increpationibus

2158 1865 2392 1921 fortasse
2441 1881 2637 1936 gerere
2693 1863 3197 1935 reprehensibiliter
3247 1864 3456 1931 vident,
3511 1881 3583 1918 ne
3615 1864 3762 1918 unde

2157 1969 2302 2019 recte
2326 1963 2468 2017 mala
2498 1963 2856 2034 redarguunt,
2885 1962 3012 2016 inde
3044 1980 3141 2032 per
3171 1961 3422 2016 elationis
3453 1961 3760 2032 impulsum

2156 2055 2209 2108 in
2241 2051 2598 2123 profundiore
2621 2060 2963 2124 mergantur.
2997 2051 3336 2105 Admonendi
3362 2058 3488 2105 sunt
3519 2068 3610 2119 ne,
3637 2067 3762 2106 cum

2156 2143 2345 2212 culpas
2401 2140 2820 2212 praepositorum
2864 2139 3231 2203 considerant,
3284 2148 3472 2194 contra
3524 2156 3624 2194 eos
3655 2155 3762 2194 au-

2156 2231 2406 2286 daciores
2449 2230 2599 2296 (iant,
2647 2228 2746 2283 sed
2792 2228 2871 2284 sic
2915 2229 2961 2281 si
3013 2243 3120 2298 qua
3181 2227 3336 2282 valde
3399 2236 3525 2283 sunt
3569 2243 3762 2283 eorum

2155 2335 2321 2390 prava
2351 2318 2492 2389 apud
2524 2317 2849 2387 semetipsos
2878 2333 3048 2387 opera
3094 2316 3515 2388 praepositorum
3549 2315 3762 2386 dijudi-

2155 2422 2298 2484 cent,
2331 2425 2386 2472 ut
2414 2426 2594 2472 tamen
2653 2416 2836 2470 divino
2877 2415 3154 2472 constricti
3211 2414 3410 2470 timore
3455 2413 3603 2469 ferre
3654 2413 3761 2468 sub

2154 2508 2233 2562 eis
2266 2509 2458 2578 jugum
2511 2505 2831 2560 reverentiae
2873 2520 2980 2559 non
3030 2511 3309 2560 recusent.
3358 2502 3518 2572 Quod
3555 2502 3762 2558 melius

2155 2595 2516 2661 ostendimus,
2573 2594 2618 2648 si
2670 2593 2841 2648 David
2886 2593 3084 2649 factum
3115 2591 3183 2648 ad
3215 2591 3452 2648 medium
3504 2592 3757 2648 deduca-

2153 2709 2288 2747 mus.
2336 2691 2462 2747 Saul
2511 2690 2710 2763 quippe
2766 2697 3084 2760 persecutor
3128 2705 3253 2745 cum
3291 2689 3357 2743 ad
3400 2688 3752 2761 purgandum

2155 2789 2403 2838 ventrem
2457 2779 2778 2851 speluncam
2827 2777 3017 2833 fuisset
3063 2778 3368 2848 ingressus,
3414 2777 3526 2833 illic
3576 2776 3756 2832 David

2151 2887 2276 2927 cum
2317 2869 2445 2926 viris
2499 2868 2613 2923 suis
2651 2867 2824 2923 inerat
2850 2867 2906 2937 (Ι
2931 2869 3058 2939 Reg.
3119 2868 3302 2937 xxxv),
3343 2865 3436 2939 qui
3473 2867 3590 2936 jam
3644 2873 3758 2920 tam

2149 2969 2318 3041 longo
2350 2977 2596 3039 tempore
2648 2965 3046 3037 persecutionis
3101 2964 3223 3034 ejus
3273 2963 3413 3020 mala
3442 2964 3751 3020 tolerabat.

2153 3059 2395 3130 Cumque
2413 3073 2541 3113 eum
2565 3055 2663 3112 viri
2683 3055 2754 3110 ad
2783 3055 3087 3110 feriendum
3111 3053 3334 3110 Saulem
3363 3053 3756 3122 accenderent,

2154 3147 2318 3219 fregit
2357 3163 2449 3203 eos
2481 3143 2954 3217 responsionibus,
3013 3143 3136 3215 quia
3177 3159 3404 3198 munum
3448 3143 3672 3198 mittere
3704 3142 3760 3196 in

2154 3236 2425 3292 Christum
2466 3233 2684 3290 Domini
2726 3247 2834 3288 non
2883 3231 3166 3288 deberent.
3199 3230 3304 3300 Qui
3329 3240 3508 3286 tamen
3539 3231 3761 3288 occulte

2155 3324 2415 3391 surrexit,
2436 3332 2487 3379 et
2502 3338 2653 3379 oram
2685 3321 2975 3378 chlamidis
3005 3319 3125 3392 ejus
3152 3319 3403 3376 abscidit.
3428 3318 3576 3389 Quid
3607 3321 3758 3376 enim

2155 3439 2253 3494 per
2279 3422 2518 3490 Saulem,
2551 3420 2654 3475 nisi
2696 3419 2824 3474 mali
2855 3426 3136 3482 rectores;
3176 3417 3304 3489 quid
3333 3433 3464 3473 vero
3503 3434 3607 3489 per
3638 3419 3755 3472 Da-

2158 3512 2266 3577 vid,
2303 3511 2409 3566 nisi
2462 3510 2587 3565 boni
2631 3507 2832 3563 subditi
2883 3506 3299 3579 designantur?
3328 3506 3546 3562 Saulem
3581 3506 3759 3578 igitur

2157 3609 2406 3657 ventrem
2463 3614 2702 3671 purgare
2749 3605 2831 3651 est
2884 3611 3080 3667 pravos
3139 3595 3485 3666 prepositos,
3535 3595 3647 3651 hoc
3677 3603 3761 3651 est

2155 3688 2533 3746 mercenarios
2589 3695 2906 3756 conceptam
2966 3686 3020 3738 in
3079 3685 3243 3740 corde
3283 3683 3544 3739 malitiam
3583 3701 3762 3755 usque

2155 3788 2224 3843 ad
2253 3801 2428 3858 Opera
2459 3784 2646 3840 miseri
2677 3783 2863 3838 odoris
2913 3783 3230 3848 extendere,
3263 3791 3317 3837 et
3343 3783 3591 3851 cogitata
3617 3781 3760 3852 apud

2157 3893 2217 3932 se
2247 3876 2409 3931 noxia
2440 3874 2592 3929 factis
2622 3872 2987 3928 exterioribus
3029 3871 3382 3942 exsequendo
3414 3881 3760 3926 monstrare.

2157 3972 2331 4041 Quem
2354 3979 2534 4026 tamen
2557 3969 2731 4025 David
2755 3967 2917 4024 ferire
2937 3967 3124 4034 noluit,
3155 3965 3276 4038 quia
3292 3966 3394 4038 piae
3412 3966 3762 4023 subditorum

2157 4069 2365 4117 mentes
2396 4061 2464 4116 ab
2505 4059 2652 4116 omni
2683 4075 2741 4114 se
2765 4067 2917 4130 peste
2947 4055 3358 4114 obtrectationis
3387 4055 3756 4125 abstinentes,

2155 4153 2570 4224 praepositorum
2600 4149 2759 4205 vitam
2791 4147 2943 4202 nullo
2972 4145 3174 4219 linguae
3202 4145 3387 4218 gladio
3419 4146 3758 4217 percutiunt,

2158 4241 2318 4297 etiam
2348 4257 2470 4295 cum
2501 4240 2571 4295 de
2623 4235 3037 4309 imperfectione
3092 4234 3520 4307 reprehendunt.
3564 4235 3680 4304 Qui
3710 4242 3762 4292 et

2159 4339 2203 4394 si
2233 4338 2455 4411 quando
2481 4352 2580 4409 pro
2612 4335 2918 4391 inﬁrmitate
2948 4349 3071 4390 sese
3103 4333 3378 4389 abstinere
3409 4332 3495 4389 vix
3527 4341 3763 4405 possunt

2160 4437 2219 4483 ut
2250 4444 2357 4483 non
2390 4436 2632 4482 extrema
2661 4425 2933 4498 quaedam,
2982 4431 3148 4495 atque
3181 4422 3453 4479 exteriora
3481 4423 3762 4494 praeposi-

2161 4525 2342 4573 torum
2374 4516 2543 4584 mala,
2577 4514 2673 4570 sed
2719 4522 2899 4570 tamen
2942 4512 3218 4567 humiliter
3259 4511 3573 4584 loquantur,
3609 4510 3768 4584 quasi

2159 4631 2311 4671 oram
2329 4613 2576 4670 clamidis
2599 4609 3354 4675 silenterincidunt,videlicet
3369 4610 3496 4664 dum
3514 4611 3760 4682 praelatae

2159 4704 2408 4775 dignitati
2426 4704 2619 4758 saltem
2649 4701 2886 4756 innoxiae
2924 4708 2978 4755 et
3008 4699 3240 4754 latenter
3275 4704 3567 4771 derogant,
3601 4699 3762 4771 quasi

2159 4793 2310 4865 regis
2339 4791 2672 4864 superpositi
2701 4798 2906 4845 vestem
2950 4789 3167 4845 laedant.
3203 4787 3311 4843 Sed
3343 4796 3526 4843 tamen
3555 4789 3630 4843 ad
3665 4805 3758 4845 se-

2162 4891 2432 4962 metipsos
2459 4890 2706 4956 redeunt,
2748 4903 2917 4960 seque
2974 4884 3452 4941 vehementissime
3474 4885 3547 4939 de
3568 4886 3768 4940 tenuis-

2166 4981 2293 5036 simi
2324 4979 2474 5035 verbi
2507 4976 2834 5035 laceratione
2857 4975 3282 5047 reprehcndunt.
3304 4973 3461 5030 Unde
3479 4975 3622 5029 bene
3655 4973 3768 5030 illic

2164 5081 2423 5148 scriptum
2443 5086 2524 5132 est
2550 5093 2562 5131 :
2585 5100 2606 5124 «
2631 5078 2758 5130 Post
2779 5076 2894 5129 haec
2913 5072 3088 5126 David
3112 5072 3376 5142 percussit
3395 5087 3494 5127 cor
3513 5087 3678 5126 suum
3703 5086 3768 5126 eo

2168 5168 2313 5238 quod
2340 5165 2668 5221 abscidisset
2695 5179 2846 5219 oram
2879 5161 3168 5219 chlamidis
3197 5159 3323 5216 Saul
3350 5159 3535 5230 (ibid.)
3553 5183 3574 5207 ι
3605 5161 3770 5216 Facta

2167 5265 2365 5338 quippe
2396 5262 2808 5334 pra-positorum
2839 5259 2952 5314 oris
2977 5257 3166 5330 gladio
3194 5255 3440 5311 ferienda
3472 5271 3581 5311 non
3615 5264 3763 5321 sunt,

2167 5366 2329 5421 etiam
2345 5380 2463 5418 cum
2477 5370 2624 5417 recte
2638 5355 3091 5431 reprehendenda
3102 5354 3445 5425 judicantur.
3468 5353 3530 5409 Si
3551 5353 3774 5425 quando

2164 5488 2297 5528 vero
2323 5478 2511 5527 contra
2543 5484 2638 5524 eos
2662 5466 2747 5523 vel
2767 5465 2822 5521 in
2843 5462 3083 5519 minimis
3100 5459 3434 5534 linguabitur
3451 5459 3672 5532 [lingua
3692 5459 3768 5516 la-

2166 5570 2311 5624 bitur
2337 5568 2407 5642 η,
2451 5582 2679 5623 necesse
2718 5573 2798 5620 est
2826 5570 2883 5618 ut
2912 5578 3009 5634 per
3037 5558 3380 5616 aﬁlictionem
3424 5557 3766 5628 paenitentis

2167 5674 2263 5715 cor
2277 5662 2848 5730 prematur,quatenus
2866 5651 2937 5708 ad
2955 5650 3308 5721 semetipsum
3319 5647 3534 5714 redeat,
3549 5654 3606 5704 et
3636 5661 3765 5705 cum

2165 5753 2473 5829 prmpositas
2503 5751 2760 5826 potestati
2803 5749 3106 5824 deliquerit,
3147 5747 3264 5818 ejus
3291 5752 3488 5803 contra
3513 5760 3580 5802 se
3606 5744 3766 5816 judi-
