3986 6070
209 237 314 290 945

1147 228 1738 288 DEFLOBATIONES
1769 228 1868 285 SS.
1901 228 2212 286 PATRUM.
2246 261 2311 270 —
2359 229 2496 284 LIB.
2539 232 2579 284 Ι.

3419 243 3521 297 946

207 358 354 415 cium
384 372 416 412 a
447 372 556 429 quo
588 356 690 412 sibi
723 357 950 429 praelata
981 364 1061 412 est
1089 355 1498 428 perhorrescat.
1525 356 1664 410 Nam
1698 370 1818 411 cum
1849 355 1902 416 A
1932 363 2124 411 contra
2155 372 2214 411 se
2245 363 2296 411 et
2354 358 2532 411 Aaron
2591 359 2857 430 conqueri
2895 360 3152 432 populum
3186 364 3536 435 cognovisset

207 446 513 520 praepositis
553 446 946 517 delinquimus,
1024 445 1140 514 ejus
1196 444 1525 499 ordinationi
1570 443 1659 516 qni
1715 460 1811 498 eos

209 536 370 592 nobis
398 535 636 608 praetulit
669 535 976 591 obviamus.
1019 535 1171 591 Unde
1201 536 1416 607 Moyses
1439 549 1655 606 quoque
1685 548 1809 590 cum

1918 444 1992 499 ait
2025 463 2037 499 :
2071 467 2092 491 ιι
2128 447 2240 500 Nos
2307 444 2451 499 enim
2484 445 2609 518 quid
2661 451 2895 503 sumus?
2929 465 3031 505 nec
3092 459 3277 506 contra
3308 469 3408 508 nos
3447 463 3530 510 est

1919 548 2158 588 murmur
2187 542 2446 602 vestrum,
2463 535 2557 590 sed
2582 544 2774 592 contra
2797 537 3089 593 Dominum
3112 539 3317 611 (Exod.
3335 544 3470 612 xvr).
3498 567 3520 592 ιι

607 821 1223 925 ΒΟΜΙΝΙΟΑ
1297 820 1385 922 II
1443 818 1779 923 POST

1933 819 2454 926 tCTAVAS
2531 823 3062 930 PASCHIE
3091 905 3114 928 .

1485 1028 1879 1094 Secundum
1920 1028 2263 1094 Joannem

282 1241 302 1266 ο
343 1217 619 1274 Modicum
651 1225 703 1273 et
761 1218 877 1287 jam
909 1232 1018 1273 non
1082 1214 1335 1272 videbilis
1366 1229 1474 1281 me,
1535 1221 1588 1270 et
1616 1213 1815 1269 iterum

217 1307 517 1373 modicum,
558 1317 612 1362 et
651 1307 906 1362 videbitis
972 1321 1076 1370 me,
1120 1307 1246 1376 quia
1285 1304 1422 1359 vado
1461 1304 1527 1358 ad
1572 1305 1809 1358 Patrem.

215 1396 492 1453 Dixerunt
523 1411 658 1469 ergo
689 1412 763 1452 ex
785 1395 1066 1466 discipulis
1107 1395 1231 1466 ejus
1259 1393 1328 1449 ad
1353 1393 1587 1449 invicem
1622 1413 1634 1448 :
1677 1391 1818 1462 Quid

204 1494 290 1542 est
319 1487 422 1541 hoc
463 1487 609 1557 quod
648 1486 778 1541 dicit
844 1485 1137 1552 modicum,
1171 1491 1226 1540 et
1283 1499 1391 1539 non
1422 1482 1676 1538 videbitis
1706 1498 1814 1548 me,

209 1591 263 1640 et
291 1583 508 1651 iterum,
575 1583 846 1640 modicum
888 1591 942 1639 et
987 1581 1244 1638 videbitis
1273 1598 1382 1649 me,
1424 1589 1478 1636 et
1513 1581 1636 1653 quia
1676 1580 1818 1636 vado

208 1673 282 1729 ad
309 1673 566 1728 Patrem?
605 1673 870 1730 Dicebant
889 1688 1027 1743 ergo
1055 1687 1066 1726 :
1101 1671 1240 1739 Quid
1267 1679 1348 1725 est
1366 1672 1467 1726 hoc
1491 1670 1633 1740 quod
1665 1669 1813 1734 dicit,

1929 1213 1983 1268 in
2014 1214 2344 1270 tentationes
2383 1215 2570 1271 varias
2608 1217 2926 1272 inciderent.
2959 1217 3116 1288 Quod
3171 1229 3350 1276 autem
3397 1221 3470 1277 ait
3504 1236 3517 1276 :

1928 1305 2124 1358 Iterum
2157 1312 2337 1359 autem
2370 1305 2572 1360 videbo
2598 1321 2716 1372 vos,
2749 1314 2802 1360 et
2854 1308 3112 1377 gaudebit
3139 1324 3232 1364 cor
3259 1319 3522 1377 vestrum,

1927 1393 2008 1448 sic
2057 1393 2426 1464 intelligitur:
2471 1394 2711 1465 Eripiam
2754 1410 2852 1449 vos
2879 1395 2946 1449 ab
2967 1397 3318 1465 adversariis,
3367 1414 3527 1455 coro-

1925 1489 2074 1545 nabo
2138 1507 2236 1546 vos
2287 1491 2544 1558 victores,
2599 1491 2849 1562 probabo
2904 1509 2991 1549 me
3030 1510 3250 1565 semper
3320 1496 3527 1553 vidisse

1925 1593 2028 1633 vos
2058 1587 2353 1634 certantes.
2399 1580 2463 1633 Et
2501 1579 2555 1634 in
2596 1579 2688 1635 illo
2717 1580 2805 1636 die
2835 1597 2944 1636 non
2974 1582 3237 1654 rogabitis
3253 1600 3342 1638 me
3364 1585 3526 1654 quid-

1924 1682 2114 1738 quam.
2161 1667 2220 1721 In
2259 1667 2348 1724 die
2387 1667 2612 1724 visionis
2651 1677 2874 1725 aeterna:
2903 1686 3009 1726 non
3053 1672 3270 1742 petetis,
3298 1673 3386 1729 vel
3415 1690 3526 1729 non

200 1762 480 1818 modicum
503 1763 530 1818 ἓ
582 1761 873 1818 Nescimus
921 1760 1056 1834 quid
1112 1761 1350 1832 loquitur
1387 1761 1576 1830 (Joan.
1615 1759 1748 1829 xvi).
1796 1781 1818 1806 υ
1849 1747 1904 1808 Β
1934 1763 2363 1836 interrogabitis,
2407 1765 2532 1836 quia
2571 1774 2698 1822 tunc
2728 1767 3009 1837 eritpiena
3037 1769 3279 1841 cognitio
3308 1777 3360 1825 et
3388 1770 3529 1825 διιῆὶ-

210 1861 331 1916 Hoc
363 1875 460 1915 eos
487 1859 922 1930 movebat,.quia
959 1859 1120 1923 dixit,
1182 1857 1479 1913 Modicum.
1519 1857 1627 1912 Sed
1668 1864 1822 1927 post-

201 1963 274 2005 ea
339 1948 700 2004 manifestum
759 1948 877 2002 fuit.
944 1948 1084 2003 Nam
1140 1956 1260 2018 post
1309 1945 1587 2017 paululum
1627 1961 1822 2016 passus

212 2045 322 2105 est,
363 2045 419 2092 et
459 2053 570 2092 non
610 2037 865 2092 viderunt
919 2053 1040 2091 eum
1079 2053 1092 2100 ;
1132 2052 1319 2090 rursus
1383 2041 1505 2106 post
1545 2033 1822 2105 paululum

215 2127 534 2193 resurrexit,
572 2135 625 2182 et
662 2127 909 2181 viderunt
941 2142 1092 2180 (um.
1131 2123 1238 2180 Vel
1277 2125 1382 2179 ita:
1437 2123 1649 2180 Modico
1680 2131 1822 2178 tem-

205 2240 347 2299 pore
389 2241 498 2281 non
543 2224 799 2280 viderunt
839 2241 982 2289 eum,
1048 2224 1177 2278 dum
1219 2222 1492 2294 requievit
1530 2222 1585 2277 in
1624 2238 1821 2278 monu-

214 2322 422 2382 mento,
476 2322 525 2368 et
569 2313 788 2368 modico
863 2321 1106 2382 tempore
1145 2312 1405 2366 viderunt
1442 2327 1564 2366 eum
1607 2311 1825 2383 quando

223 2403 304 2458 eis
380 2403 636 2474 apparuit
712 2417 783 2456 δι.
856 2401 1051 2455 diebus
1151 2407 1273 2470 post
1347 2400 1822 2456 resurrectionem.

215 2499 448 2570 Propter
481 2515 545 2554 ea
575 2499 792 2554 modico
825 2507 1072 2569 tempore
1103 2497 1354 2552 videbitis
1382 2513 1471 2552 me
1501 2497 1628 2568 quia
1683 2497 1827 2552 vado

206 2589 278 2644 ad
314 2590 552 2655 Patrem,
588 2587 842 2657 deposita
873 2586 1206 2641 mortalitate
1261 2586 1553 2640 humanam
1585 2595 1825 2640 naturam

211 2678 382 2735 caelis
417 2677 685 2732 inferens.
723 2676 880 2743 Quod
913 2685 1092 2730 autem
1125 2675 1195 2729 ait
1231 2693 1244 2729 :
1307 2699 1327 2722 α
1364 2676 1424 2730 Et
1464 2677 1576 2744 jam
1611 2691 1718 2730 non
1745 2676 1829 2730 vi-

211 2765 417 2822 debitis
446 2781 558 2832 me,
604 2788 624 2813 ιι
657 2765 735 2820 sic
764 2764 1143 2834 accipiendum
1166 2771 1248 2822 est
1271 2764 1547 2833 quomodo
1579 2765 1833 2834 superius

205 2855 334 2910 ait:
374 2878 396 2903 α
433 2856 512 2909 De
559 2853 776 2922 justitia
829 2869 962 2910 vero
995 2853 1120 2924 quia
1181 2852 1250 2908 ad
1307 2853 1518 2907 Patrem
1560 2854 1720 2919 vado,
1779 2859 1835 2906 et.

195 2953 314 3022 jam
346 2967 458 3006 non
491 2951 748 3006 videbitis
808 2967 896 3006 me
932 2951 1115 3020 (ibid.)
1155 2978 1171 2996 -
1209 2950 1336 3021 quia
1385 2950 1594 3006 scilicet
1622 2959 1832 3005 morta-

203 3040 320 3097 lem
354 3056 476 3095 eum
507 3057 616 3096 non
651 3039 891 3111 amplius
923 3040 1189 3095 viderent.

303 3153 324 3177 α
364 3130 634 3202 Cognovit
656 3138 837 3184 autem
869 3130 1031 3183 Jesus
1062 3129 1184 3198 quia
1219 3127 1476 3184 volebant
1503 3144 1625 3183 eum
1657 3127 1830 3191 inter-

209 3243 434 3301 rogare,
476 3236 530 3281 et
571 3227 710 3281 dixit
746 3244 760 3282 :
800 3227 880 3281 De
910 3226 1015 3282 hoc
1064 3225 1306 3297 quaeritis
1336 3225 1477 3281 inter
1534 3241 1656 3290 vos,
1707 3225 1831 3296 quia

210 3317 335 3373 dixi
383 3316 705 3372 :Modicum
765 3323 820 3370 et
871 3330 981 3369 non
1056 3313 1310 3369 videbitis
1363 3331 1472 3381 me,
1533 3322 1585 3370 et
1634 3315 1831 3370 iterum

212 3405 513 3471 modicum,
548 3414 599 3460 et
636 3403 898 3458 videbitis
929 3419 1038 3457 me.
1071 3407 1267 3460 Amen.
1313 3419 1469 3458 amen
1517 3403 1639 3459 dico
1675 3403 1832 3458 vobis

217 3495 347 3567 quia
383 3493 671 3566 plorabitis
701 3501 750 3547 et
810 3491 1008 3546 ﬂebitis
1040 3507 1155 3557 vos,
1197 3493 1430 3547 mundus
1460 3497 1656 3547 'autem
1688 3509 1828 3564 gau-

207 3594 388 3650 debit.
431 3595 541 3648 Vos
571 3601 754 3646 autem
783 3589 1260 3654 contristabimini,
1285 3590 1384 3644 sed
1410 3591 1622 3644 tristitia
1647 3599 1829 3645 vestra

203 3691 456 3741 vertetur
483 3682 538 3736 in
606 3681 894 3752 gaudium.
932 3703 954 3728 υ
1010 3679 1325 3734 Contristati
1391 3687 1516 3733 sunt
1555 3679 1623 3734 de
1653 3687 1829 3735 morte

209 3771 456 3838 Domini,
490 3771 586 3826 sed
622 3785 756 3826 mox
787 3769 856 3824 de
906 3768 1310 3824 resurrectione
1361 3767 1539 3823 lmtati.
1597 3768 1829 3824 Mundus

205 3879 391 3927 autem
421 3867 694 3942 signiﬁcat
749 3867 840 3923 hic
916 3866 1189 3931 inimicos,
1252 3881 1282 3922 a
1339 3866 1537 3939 quibus
1584 3868 1828 3923 occissus

206 3969 295 4017 est
321 3959 588 4016 Christus.

287 4073 310 4097 υ
350 4047 552 4104 Mulier
581 4061 706 4101 cum
745 4045 894 4116 parit
948 4044 1221 4100 tristitiam
1253 4044 1439 4111 habet,
1499 4044 1622 4116 quia
1677 4044 1829 4099 venit

210 4134 356 4205 hora
385 4131 529 4200 ejus.
553 4131 688 4186 Cum
719 4137 900 4185 autem
927 4128 1138 4200 peperit
1163 4144 1416 4199 puerum.
1443 4129 1552 4197 jam
1574 4144 1682 4183 non
1704 4146 1826 4184 me—

208 4229 368 4286 minit
427 4243 700 4300 pressura:
756 4235 984 4297 propter
1035 4225 1314 4297 gaudium,
1378 4226 1505 4296 quia
1537 4234 1692 4280 natus
1747 4235 1825 4281 est

211 4321 380 4375 homo
412 4317 468 4371 in
497 4316 818 4372 mundum.»
854 4315 1047 4370 Partus
1076 4313 1277 4384 gaudio
1305 4322 1664 4384 comparatur,
1700 4322 1828 4370 tunc

209 4406 392 4479 magis
425 4405 646 4476 quando
683 4420 788 4460 non
813 4403 1020 4474 puella,
1073 4402 1170 4457 sed
1199 4419 1334 4473 puer
1371 4403 1627 4458 nascitur.
1667 4401 1816 4458 Gau-

207 4505 361 4560 dium
392 4502 510 4573 ipse
531 4510 615 4558 est
645 4500 916 4565 Christus,
946 4500 1016 4555 de
1046 4515 1152 4571 quo
1211 4499 1503 4570 Apostolus
1534 4515 1547 4553 :
1599 4520 1620 4550 c
1654 4499 1815 4554 Chri-

221 4602 361 4658 stus,
400 4592 596 4664 inquit,
629 4605 921 4662 resurgens
950 4605 983 4645 a
1043 4589 1267 4644 mortuis
1291 4591 1402 4659 jam
1455 4604 1564 4644 non
1592 4589 1822 4646 moritur

209 4683 416 4756 (Rom.
457 4682 553 4752 γι).
591 4700 614 4730 .

292 4817 328 4848 «ι
352 4796 420 4850 Et
448 4810 546 4850 vos
576 4810 723 4849 nunc
755 4791 976 4866 quidem
1039 4790 1309 4846 tristitiam
1362 4791 1595 4859 habetis,
1627 4791 1820 4848 iterum

219 4902 407 4950 autem
439 4893 637 4949 videbo
667 4908 788 4957 vos,
822 4901 872 4946 et
902 4890 1164 4964 gaudebit
1184 4906 1279 4946 cor
1309 4900 1566 4945 vestrum.
1594 4891 1662 4945 Et
1687 4907 1823 4963 gau-

213 4981 366 5038 dium
395 4988 637 5035 vestrum
687 4991 856 5032 nemo
888 4976 1036 5031 tollet
1085 4991 1118 5029 a
1150 4974 1326 5030 vobis.
1362 4998 1384 5023 ιι
1423 4975 1688 5031 Dominus
1717 4993 1819 5032 ex-

214 5085 371 5161 ponit
411 5083 730 5158 paradigma
762 5081 910 5154 quod
959 5081 1029 5138 de
1069 5081 1300 5138 muliere
1345 5082 1647 5153 proposuit.
1696 5082 1820 5140 Tri-

218 5184 422 5241 stitiam
479 5183 624 5239 enim
679 5181 990 5236 habuerunt
1067 5178 1303 5250 apostoli
1350 5194 1512 5250 passo
1559 5179 1817 5250 Domino,

220 5273 319 5328 sed
349 5277 570 5344 peracta
626 5267 1047 5326 resurrectionis
1098 5267 1274 5338 gloria
1321 5266 1494 5340 gavisi
1551 5277 1681 5324 sunt
1705 5269 1822 5326 viso

219 5360 482 5418 Domino.
525 5360 592 5414 Et
621 5357 883 5432 gaudium
940 5371 1133 5412 eorum
1189 5371 1298 5412 non
1360 5355 1563 5412 tollitur
1591 5357 1662 5411 ab
1718 5358 1820 5426 eis,

219 5450 368 5524 quia,
401 5457 454 5505 et
484 5448 529 5503 si
559 5447 906 5519 postmodum
938 5443 1352 5516 persecutiones
1381 5460 1478 5516 pro
1497 5445 1696 5500 Christi
1726 5462 1819 5502 no-

223 5549 371 5604 mine
400 5562 464 5602 ac
496 5553 764 5602 tormenta
829 5542 983 5616 passi
1013 5551 1158 5609 sunt,
1191 5559 1289 5615 spe
1349 5548 1530 5598 tamen
1570 5560 1823 5601 resurre-

229 5653 425 5712 ctionis
482 5661 534 5710 et
563 5652 788 5708 visionis
817 5650 962 5706 illius
1016 5649 1251 5717 accensi,
1313 5649 1540 5706 libenter
1593 5651 1828 5709 adversa

232 5759 462 5818 quaeque
496 5743 756 5812 ferebant,
798 5740 915 5797 imo
971 5737 1236 5813 gaudium
1265 5739 1652 5798 existimabant
1704 5757 1828 5798 cum

1861 3088 1910 3150 C

1930 1854 2154 1910 cientia.
2199 1855 2314 1910 Hoc
2352 1854 2581 1910 verbum
2621 1855 2767 1926 quod
2808 1864 2891 1912 est
2947 1873 3150 1929 rogare
3201 1874 3310 1914 non
3349 1861 3523 1915 solum

1929 1950 2138 2013 petere,
2172 1959 2361 1998 verum
2395 1943 2557 1998 etiam
2580 1945 2917 2018 interrogare
2954 1944 3243 2019 signiﬁcat,
3285 1955 3337 2003 et
3369 1947 3528 2004 Grae-

1932 2047 2053 2086 cum
2084 2031 2228 2085 unde
2285 2032 2389 2087 hoc
2437 2033 2750 2088 translatum
2809 2043 2908 2100 est,
2950 2035 3053 2089 tale
3092 2035 3258 2091 habet
3297 2037 3530 2092 verbum

1933 2129 2079 2200 quod
2117 2138 2405 2199 utrumque
2472 2130 2639 2201 possit
2682 2130 2930 2202 intelligi.
3010 2132 3155 2205 Ergo
3209 2134 3530 2206 ambiguum

1933 2225 2036 2272 est.
2097 2217 2326 2272 Possunt
2376 2219 2495 2274 haec
2553 2227 2604 2274 et
2665 2219 2736 2274 ita
2765 2219 2987 2291 exponi,
3049 2229 3104 2275 ut
3154 2223 3209 2276 in
3253 2223 3534 2294 discipulis

1933 2307 2207 2362 universae
2281 2307 2534 2378 loquatur
2605 2307 2869 2364 Ecclesiae
2912 2309 3199 2380 Dominus,
3232 2310 3381 2366 velut
3409 2312 3531 2366 ibi:

1941 2427 1962 2452 α
1997 2405 2138 2459 Ecce
2169 2420 2275 2476 ego
2306 2405 2585 2460 vobiscum
2619 2422 2738 2460 sum
2797 2423 2970 2478 usque
2998 2407 3064 2461 ad
3097 2407 3536 2462 consummatio-

1934 2509 2059 2547 nem
2119 2494 2302 2549 saeculi
2329 2496 2550 2564 (Matth.
2586 2495 2798 2564 xxvm).
2838 2517 2860 2543 ιι
2909 2495 3178 2551 Modicum
3210 2504 3264 2551 et
3289 2497 3396 2567 jam
3428 2513 3538 2552 non

1936 2583 2193 2637 videbitis
2222 2599 2328 2650 me,
2361 2591 2415 2638 et
2445 2585 2515 2637 ad
2546 2584 2653 2638 hoc
2717 2583 2977 2651 refertur,
3010 2585 3134 2654 quia
3165 2585 3308 2640 vado
3335 2586 3400 2639 ad
3433 2587 3539 2640 Pa-

1939 2679 2104 2725 trem.
2144 2671 2338 2726 Eundo
2369 2671 2568 2726 scilicet
2603 2672 2670 2725 ad
2702 2672 3264 2740 Patrem,suhtraham
3289 2689 3543 2745 corpora-

1943 2767 2050 2822 lem
2082 2768 2370 2831 visionem,
2407 2775 2466 2822 ut
2521 2768 2798 2824 fructuose
2846 2769 3040 2824 credat
3093 2769 3362 2827 Ecclesia.
3400 2792 3422 2817 α
3475 2769 3542 2825 Et

1944 2865 2135 2919 iterum
2167 2865 2441 2920 modicum
2497 2873 2549 2920 et
2578 2865 2830 2920 videbitis
2881 2882 2968 2919 me
3001 2888 3022 2914 »
3059 2875 3257 2921 aeterna
3306 2866 3537 2921 visione.

1941 2955 2210 3009 Modicum
2245 2955 2544 3009 secundum
2577 2955 2717 3010 hanc
2741 2955 3062 3010 sententiam
3095 2955 3341 3026 intellige
3379 2955 3540 3025 hujus

1942 3043 2281 3114 pervolantis
2315 3043 2498 3098 saeculi
2529 3052 2764 3113 tempus.
2827 3043 3141 3109 Plorabitis,
3183 3044 3378 3116 inquit,
3415 3044 3543 3114 quia

1940 3133 2152 3203 plorant
2211 3147 2404 3186 omnes
2452 3131 2578 3186 boni
2633 3132 2688 3185 in
2745 3136 3007 3187 aerumnis
3057 3132 3221 3202 hujus
3269 3133 3414 3200 vitaz,
3447 3132 3547 3188 sed

1938 3221 2123 3276 mundi
2142 3229 2416 3275 amatores
2438 3221 2696 3292 gaudent.
2730 3220 3009 3276 Mulierem
3041 3221 3279 3276 dicimus
3301 3229 3542 3277 sanctam

1939 3317 2240 3373 Ecclesiam
2284 3323 2518 3388 propter
2550 3317 2938 3372 fecunditatem
2985 3318 3260 3374 bonorum
3292 3334 3545 3390 operum,

1938 3415 1992 3461 et
2021 3406 2144 3478 quia
2168 3405 2480 3476 spirituales
2503 3405 2737 3460 Domino
2758 3405 2898 3460 ﬁlios
2919 3405 3154 3478 gignere
3183 3421 3291 3461 non
3324 3407 3546 3474 desinit,

1940 3496 2028 3566 qui
2061 3510 2332 3566 nunquam
2356 3495 2609 3549 inmundi
2646 3493 2977 3550 tentatiobus
3020 3496 3272 3550 exerceri
3312 3495 3547 3564 desistit,

1939 3593 2176 3664 quandiu
2234 3593 2286 3646 in
2317 3591 2521 3646 mundo
2579 3592 2940 3663 spiritualium
2999 3592 3295 3647 virtitutum
3349 3593 3541 3665 profe-

1937 3682 2117 3737 ctibus
2148 3680 2372 3735 insistit.
2412 3684 2480 3736 At
2520 3697 2643 3736 cum
2701 3681 2914 3736 devicto
2944 3681 3191 3737 laborum
3238 3683 3538 3738 certamine

1935 3770 2004 3824 ad
2035 3769 2263 3840 palmam
2295 3771 2624 3840 pervenerit,
2653 3769 2765 3840 jam
2825 3786 2935 3824 non
2982 3770 3226 3824 meminit
3267 3786 3541 3840 pressurae

1935 3857 2299 3929 praecedentis
2319 3866 2548 3929 propter
2577 3858 2838 3929 gaudium
2895 3867 3173 3930 perceptae
3228 3858 3542 3914 retributio-

1936 3956 2042 4010 nis.
2066 3979 2086 4002 α
2113 3956 2234 4010 Non
2268 3963 2390 4008 sunt
2422 3955 2566 4010 enim
2597 3955 2885 4027 condignae
2914 3955 3201 4026 passiones
3222 3955 3538 4023 hujustem-

1933 4045 2078 4116 poris
2110 4045 2179 4098 ad
2213 4043 2446 4098 futuram
2480 4044 2713 4116 gloriam
2765 4046 2943 4110 (Rom.
2999 4044 3138 4112 vni),
3185 4043 3401 4113 quando
3429 4043 3548 4100 Deo

1934 4132 2146 4187 similes
2175 4133 2402 4197 erimus,
2433 4141 2486 4186 et
2516 4131 2825 4187 videbimus
2855 4147 2978 4185 eum
3011 4130 3170 4186 sicuti
3203 4140 3283 4184 est
3309 4131 3364 4201 (Ι
3381 4133 3544 4188 Joan.

1935 4233 2037 4299 ιιι),
2076 4254 2098 4278 »ι
2129 4237 2184 4282 ιιι
2215 4229 2286 4283 ait
2313 4229 2611 4300 Apostolus
2640 4229 2692 4282 in
2726 4228 2961 4300 epistola
2989 4244 3104 4282 sua.
3128 4229 3286 4283 Nunc
3316 4229 3545 4300 parturit

1937 4318 2176 4374 Ecclesia
2197 4318 2472 4389 gemendo
2489 4320 2670 4388 (Rom.
2703 4320 2843 4388 vin),
2868 4325 2996 4373 tunc
3013 4317 3182 4389 pariet
3198 4317 3454 4374 laetanda.
3475 4318 3542 4374 Et

1933 4408 2057 4463 ideo
2097 4407 2425 4475 masculum,
2484 4407 2607 4476 quia
2663 4407 2730 4462 ad
2771 4406 3006 4462 fructum
3063 4407 3542 4478 contemplationis

1931 4505 2128 4553 cuncta
2156 4494 2334 4552 ofﬁcia
2354 4495 2660 4551 referuntur
2679 4496 2933 4553 actionis.
2957 4497 3023 4550 Et
3046 4495 3182 4550 sicut.
3199 4496 3394 4551 mulier
3411 4504 3541 4552 nato

1927 4609 1983 4664 in
2019 4595 2163 4650 hunc
2193 4595 2458 4650 mundum
2490 4595 2711 4650 homine
2742 4595 2968 4659 laetatur,
3017 4593 3091 4647 ita
3140 4592 3385 4649 Ecclesia
3415 4600 3540 4648 nato

1926 4701 1983 4757 in
2014 4703 2180 4758 vitam
2214 4702 2444 4756 futuram
2471 4701 2672 4772 populo
2717 4699 3086 4756 exsultatione
3117 4699 3371 4771 repletur.
3424 4699 3526 4754 Pro

1929 4807 2038 4862 qua
2067 4791 2354 4846 nativitate
2388 4791 2621 4844 multum
2671 4789 2930 4845 laborans
2961 4798 3014 4844 et
3044 4804 3272 4860 gemens
3299 4787 3353 4840 in
3384 4802 3536 4858 prte-

1929 4889 2070 4942 senti
2130 4887 2287 4960 quasi
2320 4885 2637 4958 parturiens
2695 4885 2870 4940 dolet.
2930 4885 3048 4939 Nec
3084 4897 3284 4937 novum
3340 4880 3538 4953 cuique

1927 4977 2155 5032 deberet
2184 4975 2380 5040 videri,
2431 4975 2480 5028 si
2511 4982 2674 5029 natus
2734 4974 2949 5028 dicatur
3001 4971 3094 5042 qui
3150 4987 3216 5026 ex
3272 4969 3378 5026 hac
3426 4970 3534 5026 vita

1929 5079 2271 5152 migraverit.
2330 5076 2618 5146 Quomodo
2649 5075 2791 5132 enim
2823 5073 2973 5131 nasci
2999 5073 3200 5129 dicitur
3227 5087 3353 5128 cum
3403 5072 3531 5144 quis

1929 5169 1998 5224 de
2028 5175 2182 5224 utero
2211 5167 2403 5223 matris
2463 5164 2767 5236 egreditur,
2799 5164 2874 5218 ita
2929 5162 3092 5218 etiam
3139 5166 3320 5233 potest
3375 5169 3537 5219 natus

1930 5265 2217 5338 appellari,
2243 5264 2338 5336 qui
2396 5263 2608 5320 solutus
2667 5277 2698 5318 a
2728 5260 2959 5319 vinculis
3005 5260 3190 5318 carnis
3236 5259 3308 5316 ad
3355 5258 3536 5318 lucem

1936 5354 2266 5410 sublimatur
2293 5360 2574 5409 aeternam.
2613 5351 2778 5408 Unde
2807 5365 2926 5406 mos
2956 5348 3359 5406 ecclesiasticus
3391 5348 3536 5405 obti-

1934 5443 2054 5498 nuit
2108 5450 2165 5497 ut
2224 5442 2344 5498 dies
2399 5448 2701 5513 martyrum
2751 5439 2866 5495 sive
2921 5437 3535 5506 confessorumeristi,

1933 5542 1990 5598 in
2019 5541 2216 5614 quibus
2273 5539 2342 5596 de
2400 5538 2603 5595 sarculo
2654 5536 3003 5605 transierunt,
3061 5535 3283 5594 Natales
3327 5535 3535 5592 vocite-

1936 5660 2077 5712 mus,
2127 5657 2429 5715 eorumque
2486 5639 2758 5697 solemnia
2783 5654 2892 5696 non
2953 5639 3220 5706 funebria,
3251 5637 3351 5694 sed
3379 5643 3540 5692 nata-

1939 5741 2058 5800 litia
2090 5739 2362 5797 dicantur.
2392 5739 2643 5814 Sequitur
2676 5757 2690 5795 :
