3986 6070
457 229 560 282 9&7

1589 217 1929 273 WERNERI
1970 204 2258 272 ABBATIS
2287 214 2357 294 's.
2409 218 2632 274 BLASII

3668 219 3770 273 9L8

529 348 635 402 «Et
651 361 747 400 vos
765 343 986 416 quidem
1006 343 1280 398 tristitiam
1301 341 1533 398 habetis.
1559 362 1580 392 ι
1607 340 1796 397 Omnis
1813 341 2064 399 Ecclesia
2094 342 2148 403 A
2182 360 2440 416 sponsum
2473 353 2555 400 est
2585 345 2756 417 Moysi
2818 361 3004 402 verum
3057 352 3160 410 est,
3209 346 3339 417 quia
3393 360 3561 400 nemo
3597 352 3782 416 potest

455 452 552 507 per
590 435 748 504 hujus
808 433 933 488 vitm
999 433 1214 489 labores
1256 442 1309 487 et
1375 432 1657 504 angustias
1723 432 1790 486 ad
1859 440 2072 486 aeterna

455 525 684 594 praemia
718 523 1022 578 cmiestium
1049 523 1377 594 gaudiorum
1414 521 1747 591 tendit,quia
1774 545 1794 568 α
1825 537 1920 592 per
1936 519 2074 574 mul-

455 621 539 666 tas
571 612 962 676 tribulationes,
986 620 1039 665 ut
1068 612 1142 665 ait
1163 611 1477 682 Apostolus,
1501 617 1713 680 Oportet
1740 626 1844 665 nos
1865 610 2072 664 intrare

455 711 510 764 in
535 726 764 782 regnum
797 710 893 763 Dei
926 711 1067 778 (Act.
1102 711 1232 778 x1v(.
1273 731 1292 755 η
1329 709 1528 763 Dicens
1564 707 1835 762 Dominus
1878 706 2071 760 iterum

460 825 479 846 α
519 808 569 854 ct
609 799 807 853 videbo
832 815 927 852 vos
963 821 984 846 ι»
1021 798 1320 852 secundum
1355 795 1620 867 promittit
1651 797 1964 859 adventum,
2017 794 2070 847 in

457 905 566 960 quo
616 889 945 942 universam
989 887 1200 941 videbit
1258 886 1562 941 Ecclesiam
1593 885 1661 938 ad
1701 899 2063 939 remuneran-

452 991 582 1043 dum
613 1005 676 1043 ex
717 989 958 1059 integro.
1008 988 1068 1042 Et
1101 987 1227 1058 quia
1256 987 1309 1040 in
1339 986 1680 1057 plenitudine
1705 985 1850 1040 illius
1883 983 2073 1056 gaudii

453 1094 563 1133 non
596 1077 917 1149 rogabimus
950 1076 1132 1141 modo,
1201 1076 1497 1147 petendum
1537 1083 1620 1129 est
1675 1082 1733 1129 ut
1786 1074 1912 1129 illuc
1950 1090 2074 1145 per-

451 1166 756 1223 veniamus.

809 1252 1044 1308 SERMO
1085 1253 1179 1307 DE
1218 1251 1499 1306 VISIONE
1538 1251 1683 1306 DEI.

528 1343 582 1398 Si
636 1343 833 1415 quaeris
864 1350 1040 1396 utrum
1071 1342 1220 1396 Deus
1285 1341 1459 1412 possit
1488 1340 1681 1405 videri,
1718 1338 2028 1411 respondeo
2062 1357 2072 1393 :

457 1443 658 1496 Potest.
737 1440 793 1493 Si
825 1439 1024 1510 quaeris
1074 1439 1218 1494 unde
1275 1439 1463 1508 sciam,
1533 1438 1842 1508 respondeo
1885 1451 1898 1492 :
1940 1436 2080 1506 Quia

453 1531 506 1584 in
539 1529 828 1583 verissimi
861 1528 1144 1596 Scriptura
1173 1527 1374 1599 legitur
1407 1545 1418 1581 :
1469 1550 1489 1573 «
1527 1527 1679 1581 Beati
1722 1525 1926 1581 mundo
1955 1541 2077 1581 cor-

457 1619 546 1684 de,
591 1618 845 1688 quoniam
882 1617 985 1687 ipsi
1019 1618 1196 1671 Deum
1263 1616 1526 1670 videbunt
1559 1617 1788 1683 (Matth.
1829 1615 1905 1685 v),
1943 1635 1965 1665 ι
2027 1623 2080 1669 et

2182 436 2365 490 videre
2392 433 2589 490 faciem
2614 434 2734 503 Dei,
2795 441 2847 489 et
2903 435 3085 492 vivere
3116 436 3322 496 (Exod.
3361 426 3628 505 xxm);id
3702 441 3782 488 est

2182 541 2345 579 nemo
2385 533 2565 595 potest
2620 541 2740 577 eum
2783 523 2836 578 in
2868 519 2969 579 hac
3025 524 3137 579 vita
3168 524 3364 579 videns
3410 525 3602 579 videre
3645 524 3785 578 sicut

2184 623 2291 668 est.
2337 614 2477 668 Nam
2507 614 2660 667 multi
2690 613 2962 681 viderunt,
3028 613 3126 668 sed
3192 612 3340 684 quod
3369 613 3622 668 voluntas
3665 613 3783 668 ele—

2184 714 2280 784 git,
2322 729 2430 766 non
2473 712 2615 784 quod
2657 720 2852 767 natura
2891 711 3161 766 formavit.
3187 712 3242 766 Si
3273 712 3474 783 quazris
3501 713 3784 783 quomodo

2183 818 2302 856 eum
2335 801 2467 858 vidit
2505 802 2588 856 vel
2624 801 2758 858 Cain
2807 801 3130 862 sceleratus.
3164 801 3379 872 quando
3421 801 3490 856 de
3521 817 3622 857 suo
3656 818 3784 858 sce-

2182 890 2297 945 lere
2344 890 2534 944 abillo
2582 890 2945 962 interrogatus
2983 897 3033 944 et
3057 889 3337 958 judicatus
3365 898 3446 944 est
3478 907 3494 957 ;
3536 892 3630 945 vel
3667 890 3786 961 ipse

2182 987 2345 1042 etiam
2378 987 2647 1053 diabolus,
2697 987 2917 1058 quando
2981 987 3130 1041 venit
3168 1003 3290 1042 cum
3330 987 3547 1059 angelis
3589 996 3648 1042 ut
3689 1003 3785 1044 co-

2183 1093 2301 1132 ram
2343 1077 2436 1132 illo
2471 1076 2752 1131 assisteret
2785 1095 2798 1142 ;
2841 1075 2927 1130 vel
2962 1099 2984 1124 α
3020 1075 3161 1130 beati
3192 1075 3603 1142 mundicordes,
3642 1093 3786 1147 quo-

2183 1167 2326 1222 niam
2358 1165 2460 1237 ipsi
2500 1165 2672 1220 Deum
2704 1163 2966 1219 videbunt
3005 1164 3226 1235 (Matth.
3266 1168 3344 1235 v),
3382 1189 3405 1214 ι
3439 1167 3785 1236 respondeo:

2183 1287 2252 1298 -—
2274 1256 2380 1311 hoc
2401 1271 2506 1310 non
2537 1271 2660 1310 esse
2691 1269 3058 1325 consequens,
3083 1262 3141 1308 ut
3171 1254 3330 1310 etiam
3362 1254 3590 1309 videant.
3610 1256 3786 1310 Deum

2187 1354 2276 1424 qui
2334 1368 2503 1408 voces
2579 1353 2648 1407 ab
2683 1368 2750 1406 eo
2789 1351 2959 1407 factas
3032 1351 3322 1421 aliquando
3360 1353 3615 1407 audiunt.
3673 1354 3791 1408 Ne-

2187 1459 2292 1515 que
2323 1441 2464 1497 enim
2505 1442 2760 1496 viderunt
2823 1441 3040 1512 quando
3107 1441 3238 1496 dixit
3277 1441 3345 1496 ad
3387 1442 3620 1496 Filium:
3655 1466 3678 1492 ι
3723 1443 3788 1498 Et

2187 1537 2497 1606 clarificavi,
2531 1546 2583 1592 et
2613 1538 2804 1593 iterum
2838 1538 3155 1595 clarificabo
3185 1542 3365 1608 (Joan.
3396 1543 3517 1611 xii),
3558 1562 3582 1589 η

2263 1629 2646 1682 Verumtamen
2687 1644 2796 1682 non
2849 1644 2974 1683 esse
3010 1628 3338 1694 mirandum,
3406 1630 3453 1684 si
3490 1629 3792 1701 aliquando

459 1722 654 1772 caetera
721 1716 868 1770 talia.
941 1715 994 1769 Si
1058 1715 1262 1784 quaeris
1335 1714 1612 1784 quomodo
1653 1713 1942 1767 invisibilis
2007 1706 2346 1773 sithtiam
2414 1734 2525 1772 non
2590 1717 2975 1774 mundicordes
3031 1719 3255 1773 videant
3291 1718 3470 1774 Deum
3510 1720 3567 1773 in
3607 1721 3796 1790 specie

469 1806 667 1873 dictus,
700 1806 752 1859 si
787 1803 962 1859 videri
993 1811 1190 1873 potest,
1249 1804 1556 1874 respondeo
1591 1802 1920 1856 invisibilem
1953 1816 2075 1856 esse

466 1904 680 1950 natura.
722 1893 946 1947 Videtur
1003 1901 1203 1957 autem,
1235 1908 1354 1946 cum
1415 1891 1546 1959 vult,
1608 1893 1752 1946 sicut
1783 1889 1910 1945 vult.
1947 1890 2075 1944 l’lu-

459 1985 614 2040 rimis
646 1983 790 2039 enim
825 1983 975 2037 visus
1008 1990 1090 2036 est
1146 1996 1253 2036 non
1305 1981 1465 2036 sicuti
1498 1988 1606 2045 est,
1643 1979 1737 2034 sed
1769 1978 1913 2050 quali
1955 1993 2077 2048 spe-

453 2082 536 2139 cie
571 2081 646 2135 illi
706 2079 913 2150 placuit
959 2091 1248 2149 apparere.
1316 2077 1460 2144 Quid
1510 2085 1755 2147 estergo
1793 2075 1936 2146 quod
1969 2090 2072 2130 ea-

453 2173 580 2226 dem
612 2169 741 2224 dicit
773 2169 1068 2224 auctoritas
1101 2185 1113 2221 :
1149 2192 1169 2214 «
1208 2168 1379 2221 Deum
1431 2183 1594 2220 nemo
1656 2166 1786 2221 vidit
1835 2179 2075 2236 unquam

453 2263 639 2330 (Joa'n.
674 2262 780 2328 tv).
827 2281 847 2306 ιι
881 2258 950 2311 Et
980 2257 1123 2328 quod
1181 2255 1417 2326 amplius
1463 2254 1684 2326 planius
1712 2254 1994 2324 explicans
2058 2271 2071 2307 :

466 2377 486 2407 ι
525 2355 700 2424 Quem
759 2370 940 2418 nemo,
973 2353 1171 2424 inquit,
1230 2352 1515 2408 hominum
1557 2350 1709 2416 vidit,
1745 2365 1847 2406 nec
1886 2351 2076 2405 videre

456 2452 642 2516 potest
663 2443 716 2512 (Ι
745 2445 912 2499 Joan.
951 2442 1046 2510 ιν).
1071 2442 1368 2509 Quomodo
1391 2457 1527 2512 ergo
1551 2441 1688 2495 vidit
1709 2441 1879 2494 Deum
1903 2440 2077 2494 Abra-

456 2534 606 2598 ham,
640 2535 818 2596 Isaac,
853 2530 1040 2595 Jacob,
1101 2531 1228 2595 Job,
1263 2531 1501 2600 Moyses,
1570 2529 1846 2594 Micha'as,
1883 2527 2073 2593 Isaias,

462 2637 516 2683 et
573 2629 618 2681 si
675 2627 764 2698 qui
823 2625 915 2680 alii
975 2634 1097 2680 sunt
1154 2624 1222 2680 de
1254 2625 1454 2696 quibus
1512 2624 1870 2680 voracissima
1926 2623 2076 2679 Scri-

462 2727 621 2789 ptura
684 2723 921 2770 testatur
972 2719 1116 2786 quod
1170 2716 1346 2769 Deum
1417 2730 1584 2769 nemo
1641 2714 1920 2769 hominum
1969 2729 2077 2767 un-

466 2823 631 2879 quam
690 2805 841 2868 vidit,
876 2820 976 2860 nec
1007 2804 1191 2859 videre
1216 2811 1424 2873 potest.
1478 2805 1676 2873 Magna
1705 2803 1940 2874 quaestio
1973 2809 2074 2866 est,

463 2895 737 2969 quomodo
773 2910 880 2949 non
912 2894 979 2948 sit
1010 2892 1346 2949 contrarium
1370 2893 1518 2963 quod
1550 2900 1626 2947 tot
1654 2891 1863 2962 antiqui
1894 2893 2077 2946 Deum

465 2995 736 3056 viderunt,
771 2993 815 3047 si
841 2995 1013 3046 Deum
1071 3007 1236 3046 nemo
1260 2991 1392 3045 vidit
1423 3006 1682 3062 unquam,
1732 2990 1860 3060 quia
1915 3004 2079 3044 nemo

2187 1824 2347 1880 quam
2395 1807 2647 1862 voluntas
2725 1809 2843 1876 ejus
2895 1807 3102 1873 fecerit,
3143 1808 3340 1863 latente
3377 1809 3670 1876 invisibili,
3747 1817 3798 1865 et

2189 1897 2330 1967 apud
2363 1913 2424 1952 se
2451 1896 2879 1952 incommutabili
2909 1905 3158 1952 manente
3207 1907 3418 1953 natura.
3447 1929 3515 1938 —
3549 1898 3607 1953 Si
3637 1916 3795 1970 quaa-

2190 1994 2262 2048 iis
2291 2002 2472 2049 utrum
2513 1995 2673 2049 etiam
2708 1995 2864 2050 sicuti
2903 1995 3108 2050 dictum
3145 2003 3228 2051 est
3273 1995 3573 2068 aliquando
3621 1997 3797 2068 possit

2184 2083 2378 2148 videri,
2422 2083 2729 2153 respondeo
2763 2101 2776 2138 :
2810 2083 2960 2139 Filiis
2987 2084 3092 2140 hoc
3138 2100 3265 2140 esse
3308 2086 3666 2156 promissum,
3728 2086 3794 2142 de

2187 2174 2383 2245 quibus
2415 2173 2615 2228 dictum
2651 2191 2663 2227 :
2701 2196 2722 2221 ι
2761 2173 2974 2229 Scimus
3041 2174 3188 2245 quia,
3251 2189 3374 2230 cum
3447 2176 3791 2245 apparuerit,

2186 2271 2398 2325 similes
2428 2270 2475 2324 ei
2502 2271 2722 2336 erimus,
2791 2270 3046 2342 quoniam
3077 2271 3396 2327 videbimus
3466 2288 3596 2327 eum
3637 2273 3791 2328 siculi

2186 2371 2269 2415 est.
2298 2362 2481 2428 (Joan.
2516 2361 2620 2430 in).
2669 2384 2690 2409 υ
2752 2361 2874 2415 Non
2914 2361 3058 2415 enim
3089 2361 3343 2432 quaeritur
3387 2363 3672 2433 quomodo
3704 2363 3790 2417 vi-

2186 2450 2376 2504 deatur
2406 2451 2570 2516 Deus,
2647 2465 2755 2504 non
2821 2465 2882 2503 ea
2923 2449 3128 2521 specie,
3170 2466 3273 2522 qua
3310 2451 3363 2505 in
3403 2452 3509 2507 isto
3587 2452 3791 2508 saeculo

2185 2538 2354 2594 voluit
2394 2538 2720 2610 quibusdam
2763 2553 3048 2609 apparere,
3119 2538 3219 2594 sed
3262 2540 3547 2610 quomodo
3595 2541 3788 2596 videa-

2187 2643 2272 2690 tur
2301 2636 2356 2689 in
2395 2635 2488 2690 illo
2528 2651 2726 2708 regno,
2767 2636 2864 2690 ubi
2899 2651 3022 2690 eum
3061 2634 3155 2690 ﬁlii
3195 2636 3311 2706 ejus
3349 2637 3614 2694 videbunt
3636 2637 3794 2694 sicuti

2187 2732 2290 2780 est.
2404 2725 2557 2780 Tunc
2615 2725 2815 2795 quippe
2854 2725 3139 2779 satiabitur
3169 2725 3222 2779 in
3263 2725 3418 2780 bonis
3457 2727 3793 2782 desiderium

2187 2829 2395 2868 eorum.
2472 2813 2593 2868 Non
2633 2813 2775 2867 enim
2805 2812 3015 2884 indigni
3054 2814 3229 2868 Deum
3260 2814 3542 2884 videbunt,
3577 2815 3648 2872 de
3679 2817 3794 2888 qui-

2187 2903 2290 2956 bus
2320 2902 2519 2957 dictum
2551 2910 2633 2957 est
2672 2919 2686 2957 :
2718 2925 2742 2950 κ
2777 2902 3019 2956 Tollatur
3059 2902 3278 2974 impius,
3336 2919 3405 2958 ne
3459 2905 3647 2959 videat
3676 2906 3794 2961 cla-

2186 2991 2403 3045 ritatem
2434 2991 2554 3045 Dei.
2593 3014 2612 3036 n
2649 2990 2855 3059 Quibus
2889 2991 3053 3045 etiam
3083 2991 3294 3046 dicetur
3323 3006 3336 3046 :
3375 3014 3399 3039 α
3460 2993 3561 3056 Ite,
3621 2993 3676 3047 in
3705 2994 3791 3066 ig—

471 3083 755 3138 hominum
821 3081 975 3146 vidit,
1035 3096 1136 3136 nec
1185 3080 1370 3135 videre
1426 3089 1632 3150 potest.
1689 3079 1862 3134 Certe,
1903 3077 2079 3134 refelli
2111 3070 2159 3131 C
2188 3096 2310 3135 nem
2369 3088 2653 3143 reternum,
2687 3080 2777 3150 qui
2808 3087 3148 3150 praeparatus
3207 3089 3290 3135 est
3337 3081 3557 3136 diabolo
3589 3091 3644 3136 et
3699 3097 3793 3137 an-

467 3189 578 3228 non
608 3179 808 3243 potest,
828 3170 956 3225 dicit
979 3169 1330 3234 Ambrosius,
1371 3169 1458 3223 vel
1490 3170 1703 3223 Patrem
1734 3168 1821 3223 vel
1855 3167 2072 3234 Filium,

465 3271 551 3326 vel
586 3277 738 3326 certe
773 3268 1034 3338 Spiritum
1055 3272 1326 3332 sanctum,
1351 3265 1594 3320 sitamen
1633 3274 1714 3320 est
1747 3265 1917 3322 sancti
1949 3265 2076 3335 Spi-

465 3360 604 3414 ritus
630 3358 790 3422 visio,
816 3372 880 3411 ea
911 3356 1094 3425 specie
1113 3356 1305 3410 videre
1327 3354 1607 3427 [videri‘f],
1629 3370 1792 3425 quam
1825 3355 2077 3410 voluntas

467 3446 724 3518 elegerit,
758 3461 869 3499 non
903 3452 1094 3498 natura
1125 3443 1466 3499 formaverit.
1507 3443 1778 3512 Quoniam
1819 3442 2076 3514 Spiritum

469 3550 686 3607 quoque
725 3533 898 3587 visum
931 3532 1230 3602 accipimus
1257 3532 1309 3585 in
1333 3531 1611 3599 columba,
1646 3541 1699 3586 et
1729 3532 1853 3586 ideo
1903 3533 2076 3586 Deum

476 3645 640 3686 nemo
671 3629 800 3684 vidit
834 3644 1100 3698 unquam,
1143 3627 1271 3697 quia
1328 3644 1445 3681 eam
1479 3644 1600 3698 quae
1647 3628 1700 3681 in
1733 3629 1847 3683 Deo
1913 3627 2076 3683 habi-

477 3727 556 3775 tat
615 3717 1008 3790 plcnitudinem
1066 3717 1304 3781 deilatis,
1383 3733 1543 3771 nemo
1600 3717 1836 3787 aspexit,
1915 3733 2078 3773 nemo

475 3815 657 3864 mente
702 3815 791 3861 aut
819 3805 994 3862 oculis
1054 3805 1497 3875 comprehendit.
1553 3806 1712 3862 Unde
1745 3807 1960 3876 Moyses
1993 3807 2070 3861 ait

471 3908 610 3974 Deo,
644 3921 767 3961 cum
799 3920 908 3977 quo
940 3903 1149 3958 amicus
1207 3902 1404 3966 amico,
1438 3900 1574 3957 facie
1632 3901 1699 3956 ad
1729 3901 1926 3956 faciem
1990 3901 2075 3957 lo-

473 3997 788 4068 quebatur:
851 4018 871 4042 α
933 3993 990 4048 Si
1046 3991 1230 4047 iuveni
1275 3991 1503 4064 gratiam
1557 3998 1684 4045 ante
1740 3999 1814 4058 te,
1855 3993 2084 4047 ostende

472 4086 601 4141 mihi
633 4084 978 4153 temetipsum
1011 4082 1209 4149 (Exod.
1244 4083 1462 4150 xxxrv).
1501 4103 1522 4128 ιν
1560 4079 1703 4149 Quid
1753 4081 1935 4151 ergo?
1967 4081 2077 4146 ille,

477 4191 586 4231 non
643 4182 762 4230 erat
817 4173 954 4243 ipse.
989 4172 1045 4226 Si
1103 4187 1213 4227 non
1243 4179 1390 4226 esset
1443 4169 1580 4240 ipse,
1614 4184 1724 4224 non
1773 4169 1821 4222 ei
1851 4168 2083 4240 diceret,

485 4274 728 4329 Ostende
758 4270 901 4326 mihi
929 4269 1296 4339 temetipsum,
1332 4268 1449 4334 sed,
1483 4266 1724 4322 Ostende
1743 4266 1872 4320 mihi
1897 4268 2085 4322 Deum.

481 4362 548 4416 Et
587 4369 765 4415 tamen
806 4360 851 4414 si
891 4360 1010 4428 ejus
1049 4365 1296 4413 naturam
1338 4354 1808 4426 substantiamque
1863 4355 2090 4426 conspi-

2183 4268 2338 4322 sirut
2367 4274 2468 4321 est.

2184 3177 2324 3249 gelis
2354 3178 2474 3246 ejus
2499 3176 2718 3246 (Matth.
2763 3181 2916 3246 xxv).
2970 3177 3227 3232 Promisit
3317 3179 3466 3233 Deus
3509 3195 3576 3234 se
3605 3187 3791 3234 osten-

2187 3282 2372 3320 surum
2405 3265 2769 3319 dilectoribus
2827 3264 2959 3333 suis,
3016 3281 3137 3320 cum
3171 3267 3332 3322 Patre
3359 3283 3533 3322 unum
3598 3269 3790 3336 Deum,

2186 3369 2294 3408 non
2353 3351 2644 3425 quomodo
2667 3353 2721 3406 in
2777 3353 2881 3408 hoc
2911 3353 3112 3408 sacculo
3142 3353 3197 3407 in
3241 3369 3476 3426 corpore
3529 3357 3685 3410 visus
3714 3364 3796 3411 est

2185 3467 2214 3504 a
2248 3449 2404 3504 bonis
2434 3457 2486 3504 et
2516 3449 2693 3518 malis,
2725 3457 2778 3504 et
2830 3449 2884 3503 in
2937 3449 3145 3518 judicio
3203 3451 3348 3505 enim
3406 3451 3613 3518 futuro,
3691 3467 3796 3524 quo

2186 3539 2265 3594 sic
2321 3545 2586 3593 venturus
2619 3546 2722 3606 est,
2758 3538 3039 3608 quomodo
3097 3538 3250 3593 visus
3277 3548 3359 3594 est
3409 3540 3539 3595 iens
3567 3541 3624 3595 in
3681 3555 3797 3597 caa-

2184 3630 2315 3694 lum,
2392 3627 2498 3683 hoc
2553 3634 2636 3682 est
2710 3627 2766 3680 in
2797 3627 2987 3682 eadem
3021 3626 3193 3682 forma
3224 3627 3320 3682 ﬁlii
3350 3627 3616 3684 hominis.
3637 3631 3798 3686 Eam-

2185 3719 2312 3774 dem
2342 3717 2526 3788 itaque
2553 3716 2782 3771 formam
2839 3716 3120 3786 videbunt,
3154 3717 3352 3789 quibus
3387 3718 3642 3775 dicturus
3672 3731 3787 3776 est:

2192 3842 2214 3866 α
2251 3816 2482 3882 Esurivi,
2542 3823 2594 3870 et
2622 3831 2729 3870 non
2751 3815 2980 3870 dedistis
3008 3816 3140 3870 mihi
3171 3816 3510 3872 manducare
3539 3819 3746 3888 (ibid),
3774 3842 3793 3866 -

2191 3914 2244 3961 et
2275 3906 2402 3977 quia
2457 3905 2628 3960 Judaei
2660 3905 2918 3960 videbunt
2948 3905 3003 3959 in
3033 3921 3194 3976 quem
3226 3917 3582 3978 pupugernnt
3612 3910 3796 3980 (Apoc.

2194 3995 2252 4068 ι),
2329 4009 2438 4048 non
2496 3993 2644 4046 illam
2691 3994 2794 4048 Dei
2871 3993 3120 4059 formam,
3177 3993 3232 4048 in
3283 4009 3388 4064 qua
3409 4010 3521 4049 non
3555 3995 3798 4050 arbitra-

2195 4096 2282 4143 tus
2326 4096 2408 4144 est
2468 4089 2720 4160 rapinam
2784 4105 2908 4144 esse
2965 4089 3192 4160 aequalis
3243 4089 3360 4145 Deo
3413 4089 3662 4164 (Philip.
3727 4097 3804 4162 ιι).

2196 4181 2254 4233 In
2331 4177 2423 4232 illa
2480 4178 2569 4233 die
2617 4185 2747 4233 tunc
2813 4178 3080 4234 videbunt
3127 4180 3322 4243 Deum,
3383 4179 3477 4248 qui
3517 4180 3807 4236 videbant

2546 4267 2666 4322 Nec
2716 4267 2841 4322 ideo
2897 4267 3178 4335 videbunt,
3231 4267 3356 4339 quia
3405 4283 3680 4340 pauperes
3707 4268 3806 4340 spi-

2200 4356 2306 4409 ritu
2361 4355 2414 4410 in
2471 4355 2573 4410 hac
2633 4355 2741 4410 vita
2775 4356 3010 4422 fuerunt,
3063 4356 3191 4428 quia
3246 4357 3426 4424 mites,
3459 4358 3592 4429 quia
3625 4358 3808 4430 lugen-

491 4457 655 4515 ceret,
709 4447 877 4502 multo
932 4447 1112 4504 minus
1143 4446 1351 4500 diceret
1383 4462 1395 4498 ε
1459 4443 1704 4499 Ostende
1732 4443 1862 4497 mihi
1893 4447 2089 4498 temet-
2118 4429 2171 4491 D
2203 4462 2304 4523 (es,
2339 4461 2391 4508 et
2412 4461 2608 4509 camera
2643 4471 2656 4518 ς
2691 4455 2784 4508 sed
2836 4453 2963 4524 quia
3010 4455 3215 4510 mundo
3253 4463 3377 4509 sum
3433 4456 3638 4511 corde,
3687 4429 3806 4519 Quo

488 4546 694 4617 ipsum.
745 4544 868 4614 Ipse
908 4559 1046 4615 ergo
1084 4551 1201 4598 erat
1240 4541 1293 4595 in
1333 4556 1399 4596 ea
1437 4539 1640 4610 specie,
1685 4555 1792 4610 qua
1831 4555 2094 4612 apparere

485 4635 757 4692 voluerat.
839 4633 964 4687 Non
1004 4638 1184 4686 autem
1276 4631 1394 4701 ipse
1451 4628 1752 4699 apparebat
1814 4629 1869 4682 in
1910 4637 2096 4683 natura

487 4724 733 4797 propria,
777 4737 936 4794 quam
978 4721 1196 4792 Moyses
1236 4719 1434 4774 videre
1455 4717 1733 4788 cupiebat.
1778 4718 1858 4772 Ea
1897 4717 2097 4789 quippe

487 4812 822 4886 promittitur
885 4809 1088 4867 sanctis
1126 4809 1180 4864 in
1253 4808 1359 4864 alia
1398 4807 1528 4865 vita.
1618 4805 1774 4863 Unde
1813 4806 1962 4879 quod
2002 4823 2085 4863 re-

2201 4543 2406 4599 mundo
2437 4542 2602 4598 corde
2632 4542 2932 4610 videbitur,
2967 4544 3064 4615 qui
3087 4559 3190 4601 nec
3217 4544 3271 4598 in
3301 4543 3426 4600 loco
3453 4545 3696 4610 videtur,
3711 4561 3808 4601 nec

2204 4631 2378 4687 oculis
2407 4631 2779 4702 corporalibus
2835 4633 3068 4701 videtur,
3127 4649 3230 4690 nec
3249 4634 3620 4690 conscribitur
3661 4635 3799 4702 visu,

2205 4736 2307 4776 nec
2333 4724 2478 4776 tactu
2511 4728 2741 4792 tenetur,
2776 4737 2879 4779 nec
2942 4721 3164 4779 auditur
3218 4721 3408 4790 aifatu,
3445 4738 3556 4782 nec
3585 4725 3809 4784 sentitur

2204 4821 2442 4864 ιηοοεευ.

1601 5115 2178 5211 DOMINICA
2243 5119 2698 5213 TERTIA.

1716 5347 2106 5413 Secundum
2149 5348 2512 5418 Joannem.

580 5559 600 5585 α
637 5535 790 5594 Vado
817 5537 883 5592 ad
915 5553 1038 5593 eum
1088 5537 1178 5609 qui
1207 5555 1294 5594 me
1349 5539 1514 5608 misit,
1563 5547 1615 5595 et
1669 5555 1829 5597 nemo
1877 5557 1941 5596 ex
1999 5556 2100 5598 vo-

509 5635 594 5692 bis
651 5635 943 5708 interrogat
972 5651 1060 5691 me
1093 5654 1106 5689 :
1141 5635 1260 5702 Quo
1288 5637 1492 5692 vadis?
1534 5659 1556 5688 ι
1593 5640 1783 5709 (Joan.
1838 5640 1977 5710 xvr.)
2007 5638 2098 5695 Si-

494 5734 721 5808 gnificat
750 5750 809 5791 se
839 5741 951 5791 tam
979 5731 1270 5790 manifeste
1325 5733 1545 5803 iturum,
1595 5743 1654 5791 ut
1679 5751 1789 5793 non
1819 5753 1956 5809 opus
2007 5738 2095 5796 fo-

2213 5545 2296 5594 ret
2345 5537 2684 5608 interrogare
2734 5554 2842 5610 quo
2898 5537 3023 5595 iret.
3080 5538 3352 5595 Videbunt
3395 5539 3547 5596 enim
3577 5540 3632 5596 in
3663 5541 3802 5597 nube

2208 5638 2616 5704 ascendentem,
2667 5637 2801 5693 certi
2859 5637 2927 5693 de
2985 5638 3176 5710 gloria,
3235 5638 3325 5710 qui
3357 5639 3514 5710 prius
3545 5641 3801 5714 praedicta

2205 5736 2462 5811 passione
2493 5736 2817 5810 quaesieram
2849 5753 2862 5793 :
2891 5737 3142 5807 Domine,
3175 5752 3282 5812 quo
3313 5737 3467 5794 vadis
3494 5737 3526 5796 ?
