4062 6074
366 174 475 255 949

1295 179 1880 238 DEFLORATIONES
1921 182 2026 241 SS.
2077 184 2375 241 PATRUM.
2414 217 2482 226 —
2520 186 2654 241 LIB.
2708 189 2747 242 l.

3573 188 3679 244 950

445 323 467 349 ιι
504 300 611 358 Sed
651 301 780 376 quia
819 303 940 360 haec
983 301 1199 360 locutus
1245 320 1364 360 sum
1403 304 1580 373 vobis,
1612 305 1824 362 tristitia
1856 306 1963 362 im-
1993 308 2050 371 A
2078 308 2315 368 futurum
2339 313 2624 385 judicium,
2659 332 2727 372 ne
2748 329 2870 373 cum
2900 313 3147 388 principe
3177 312 3366 369 mundi
3409 312 3672 384 judicen-

366 389 536 462 plevit
586 407 682 449 cor
729 401 994 456 vestrum.
1039 414 1062 443 ι
1097 393 1527 449 Contristabatur
1570 395 1840 451 humanus
1881 397 1969 452 af-

370 485 572 559 fectus,
605 490 729 562 quia
759 490 1000 547 carnalis
1029 491 1383 547 desolabatur
1429 492 1659 548 aﬂ‘ectus
1690 494 1773 549 vel
1803 511 1968 566 aspe-

376 593 516 641 ctus.
553 610 576 634 σι
613 588 720 643 Sed
753 603 884 659 ergo
915 589 1200 644 veritatem
1232 589 1357 644 dico
1387 590 1542 645 vobis
1575 606 1587 644 :
1621 592 1969 660 EXpeditvo-

372 673 459 728 bis
486 683 542 729 ut
570 692 676 748 ego
705 678 922 732 vadam.
954 677 1008 732 Si
1032 678 1176 732 enim
1198 694 1306 732 non
1324 679 1970 746 abiero,Paracletusnon

369 763 558 820 veniet
587 765 657 820 ad
712 781 837 821 vos.
876 766 931 823 Si
992 775 1172 821 autem
1227 767 1429 831 abiero,
1490 769 1694 824 mittam
1728 786 1850 824 eum
1899 770 1968 824 ad

369 867 491 908 vos.
539 873 562 903 ι
617 853 674 909 Si
725 855 989 910 alimenta
1047 863 1236 911 tenera
1291 857 1491 927 quibus
1550 873 1648 912 vos
1701 857 1811 912 alui
1858 874 1967 913 non

371 951 725 1018 subtraxero,
775 953 1010 1008 solidum
1064 953 1248 1008 cibum
1282 970 1390 1009 non
1421 955 1693 1010 esurietis.
1751 956 1812 1010 Si
1845 971 1966 1010 car-

369 1039 480 1093 nali
536 1041 824 1096 carnaliter
868 1041 1228 1109 adhmseritis,
1286 1058 1521 1113 capaces
1577 1044 1801 1114 spiritus
1857 1061 1968 1098 non

369 1128 539 1184 eritis.
574 1129 781 1185 Sensus
812 1139 895 1185 est
926 1145 939 1185 :
970 1131 1090 1186 Non
1122 1132 1540 1202 potestisplane
1571 1147 1768 1203 capere
1798 1133 1970 1204 Spiri-

376 1223 490 1272 tum
538 1219 778 1289 quandiu
834 1221 1135 1276 secundum
1189 1237 1417 1276 carnem
1474 1237 1594 1277 sum
1652 1223 1959 1278 vobiscum.

373 1307 530 1362 Unde
565 1308 657 1363 ille
700 1309 792 1380 qui
821 1317 1116 1381 acceperat
1171 1309 1451 1380 Spiritum,
1482 1310 1656 1382 inquit
1689 1329 1702 1366 :
1739 1332 1762 1363 ι
1796 1313 1865 1366 Et
1918 1312 1969 1366 si

373 1405 690 1462 noverimus
719 1406 1022 1463 secundum
1062 1388 1291 1464 carnem
1343 1407 1772 1474 Christum;sed
1827 1424 1971 1466 nunc

367 1493 483 1566 jam
504 1511 615 1551 non
646 1495 905 1551 novimus
937 1497 1014 1565 (II
1029 1497 1157 1554 Cor.
1189 1498 1267 1568 v).
1302 1518 1324 1545 ι

453 1649 474 1676 α
507 1627 578 1682 Ει
608 1643 732 1684 cum
762 1629 980 1684 venerit
1008 1629 1100 1685 ille
1129 1636 1326 1703 arguet
1361 1629 1622 1685 mundum
1651 1631 1719 1686 de
1747 1638 1970 1702 peccato

375 1718 430 1773 et
449 1716 518 1771 de
535 1717 749 1788 justitia
779 1725 832 1773 et
857 1718 926 1773 de
951 1718 1182 1788 judicio.
1220 1741 1240 1767 η
1278 1721 1722 1790 (Avensrmus.)
1744 1722 1860 1776 Hoc
1888 1728 1970 1775 est

375 1805 532 1859 dabit
556 1806 734 1872 vobis,
783 1806 976 1862 timore
1006 1807 1256 1878 depulso,
1305 1808 1613 1863 libertatem
1665 1810 1963 1881 arguendi.

375 1893 769 1964 Inseparabilia
827 1903 951 1950 sunt
974 1912 1142 1967 opera
1200 1898 1496 1962 Trinitatis,
1530 1899 1630 1952 sed
1689 1898 1973 1971 sigillatim

376 1983 824 2038 commendantur
852 1999 1121 2054 personae,
1154 1991 1211 2039 ut
1240 1984 1357 2039 sine
1389 1985 1734 2053 confusione,
1767 1993 1816 2041 et
1848 1985 1974 2040 uni-

375 2078 460 2125 tas
489 2071 824 2144 intelligatur
854 2080 909 2126 et
941 2073 1172 2128 trinitas.

452 2225 474 2251 α
509 2203 589 2258 De
623 2212 852 2274 peccato
885 2205 1100 2276 quidem
1135 2206 1261 2277 quia
1299 2221 1407 2262 non
1465 2206 1698 2262 credunt
1753 2207 1808 2261 in
1863 2223 1972 2271 me,

379 2286 460 2347 De
483 2292 694 2362 justitia
725 2310 877 2359 vero,
913 2295 1033 2364 quia
1065 2295 1132 2349 ad
1194 2297 1405 2350 Patrem
1437 2297 1592 2359 vado,
1629 2305 1681 2350 et
1704 2296 1818 2365 jam
1866 2313 1975 2351 non

375 2381 628 2436 videbitis
651 2400 757 2436 me.
798 2407 819 2431 η
855 2383 909 2437 Si
937 2384 1227 2455 aliquando
1252 2385 1431 2454 justus
1460 2384 1712 2456 arguitur
1752 2385 1820 2440 de
1851 2401 1976 2456 pec-

374 2480 518 2537 cato,
552 2472 800 2543 arguitur
831 2488 941 2526 non
998 2473 1315 2542 dejustitia.
1354 2475 1492 2528 Hinc
1548 2473 1805 2543 scriptum
1841 2478 1925 2528 est
1958 2493 1971 2529 :

379 2561 553 2614 «Non
609 2569 693 2616 est
729 2561 907 2629 justus
947 2561 1001 2614 in
1038 2570 1182 2616 terra
1244 2580 1255 2615 :
1306 2562 1399 2635 qui
1432 2561 1588 2616 faciat
1641 2562 1863 2627 bonum,
1923 2572 1975 2618 et

374 2667 482 2724 non
507 2660 922 2730 peccettEecle.
962 2661 1097 2731 vn.)
1131 2682 1150 2707 υ
1189 2660 1322 2714 Item
1361 2679 1373 2714 :

373 2746 602 2801 multum
633 2748 843 2818 (ibid).
879 2771 902 2796 η
936 2749 1057 2803 Non
1090 2757 1175 2803 est
1207 2749 1294 2805 hic
1325 2747 1730 2819 nolatajustitia
1758 2749 1970 2820 sapien-

372 2835 462 2902 tis,
522 2835 619 2890 sed
665 2837 924 2907 superbia
964 2838 1363 2908 praisumentis.
1398 2837 1503 2907 Qui
1533 2837 1678 2892 enim
1712 2836 1770 2892 ﬁt
1825 2837 1970 2892 mul-

374 2932 485 2978 tum
512 2923 714 2991 justus,
749 2925 870 2996 ipso
913 2925 1079 2981 nimio
1125 2924 1183 2980 fit
1213 2926 1465 2996 injustus.
1517 2926 1744 2981 Mullum
1789 2925 1971 2981 autem

1411 2683 1432 2707 α
1466 2659 1591 2715 Noli
1622 2659 1767 2715 efﬁci
1793 2662 1973 2728 justus

2078 408 2179 456 tur.
2221 402 2396 459 Claret
2452 405 2579 476 quia
2630 406 2793 461 Filius
2823 406 2924 462 Dei
2980 421 3104 461 cum
3161 411 3308 460 esset
3364 403 3420 457 in
3465 403 3672 458 mundo

2077 492 2346 561 arguebat
2374 495 2651 562 mundum,
2683 495 2737 549 id
2760 503 2843 550 est
2870 503 3168 551 sectatores
3216 492 3406 548 mundi
3440 492 3508 546 de
3538 507 3674 563 pec-

2077 587 2200 634 cato
2239 597 2353 636 suae
2381 581 2777 638 incredulitatis
2807 599 2820 651 ;
2851 585 2919 639 de
2957 582 3184 652 justitia,
3246 581 3369 654 quia
3393 597 3518 635 eum
3548 579 3670 634 imi-

2077 680 2179 733 tari
2203 681 2462 736 nolebant
2493 697 2506 747 ;
2539 683 2607 736 de
2631 683 2855 751 judicio,
2891 681 3018 753 quia
3073 679 3371 744 diabolum,
3407 679 3536 750 quia
3557 678 3669 746 jam

2070 768 2350 838 judicatus
2381 780 2430 825 et
2489 771 2882 826 condemnatus
2933 779 3069 840 erat,
3131 776 3511 840 sequerentur.
3560 765 3670 821 Sed

2075 873 2184 912 non
2243 860 2360 914 sine
2417 875 2583 914 causa
2631 860 2885 930 Spiritum
2916 877 3037 914 cum
3091 859 3322 922 veniret,
3371 857 3475 911 hoc
3521 854 3670 910 idem

2076 955 2207 1011 dicit
2253 964 2522 1022 acturum,
2581 957 2709 1028 quia
2763 974 2858 1026 per
2903 957 3023 1025 ejus
3081 953 3494 1025 inspirationem
3538 967 3669 1008 cor-

2076 1045 2421 1100 roborandus
2468 1053 2580 1099 erat
2638 1045 2851 1100 animus
2901 1045 3316 1115 discipulorum,
3380 1057 3450 1096 ne
3503 1057 3670 1096 mun-

2077 1134 2226 1197 dum,
2287 1134 2376 1204 qui
2414 1143 2602 1188 contra
2660 1151 2720 1190 se
2778 1134 3065 1200 fremebat,
3123 1148 3328 1203 aguere
3380 1130 3660 1186 timerent.

2075 1230 2360 1287 Judicatus
2382 1240 2463 1287 est
2495 1231 2741 1287 diabolus
2769 1247 2800 1286 a
2832 1232 3085 1296 Domino,
3137 1245 3262 1286 cum
3295 1237 3348 1284 et
3378 1229 3494 1298 ipse
3550 1229 3668 1283 dae-

2075 1321 2261 1375 monia
2289 1320 2528 1390 ejiceret,
2561 1330 2613 1376 et
2642 1320 2924 1391 discipulis
2980 1320 3138 1385 daret
3174 1326 3499 1389 potestatem
3555 1316 3670 1373 cal-

2076 1409 2238 1465 candi
2269 1425 2434 1480 super
2463 1425 2681 1480 omnem
2710 1409 2960 1466 virtutem
2981 1407 3209 1463 inimici.

2155 1548 2177 1573 u
2211 1525 2401 1581 Adhuc
2453 1525 2619 1580 multa
2671 1525 2850 1580 habeo
2906 1523 3062 1579 vobis
3115 1522 3295 1578 dicere
3356 1536 3370 1590 ;
3421 1520 3518 1576 sed
3561 1536 3671 1576 non

2081 1613 2308 1686 potestis
2333 1623 2555 1686 portare
2567 1614 2756 1670 modo.
2801 1638 2823 1664 η
2856 1614 2980 1668 Non
3000 1619 3085 1668 est
3114 1619 3305 1668 contra
3317 1610 3386 1666 ad
3407 1610 3513 1665 hoc
3525 1609 3671 1681 quod

2080 1714 2332 1784 superius
2362 1714 2513 1780 dixit,
2538 1737 2560 1763 α
2595 1712 3158 1785 οῐηῑιὶίιῳιωξωὰίνίε.
3181 1712 3341 1766 Patre
3373 1724 3493 1764 meo
3543 1713 3672 1763 nota

2079 1802 2182 1859 feci
2212 1804 2369 1858 vobis
2385 1806 2702 1872 (Joan.xv),
2741 1825 2762 1852 »
2799 1803 2928 1874 quia
2957 1801 3136 1856 simile
3167 1809 3250 1856 est
3288 1799 3369 1854 illi
3427 1798 3672 1870 prophe-

2080 1892 2190 1948 tico
2224 1912 2234 1948 :
2266 1893 2354 1963 qui
2385 1893 2511 1949 fecit
2550 1909 2672 1965 quae
2703 1891 2882 1947 futura
2915 1899 3060 1945 sunt.

2159 2032 2180 2057 α
2213 2009 2347 2065 Cum
2375 2018 2553 2064 autem
2612 2008 2821 2064 venerit
2877 2007 3112 2079 Spiritus
3168 2004 3419 2062 veritatis
3460 2003 3679 2061 docebit

2082 2114 2180 2154 vos
2211 2115 2428 2154 omnem
2462 2098 2770 2155 veritatem.
2817 2119 2838 2146 η
2864 2096 3093 2166 Quidam
3143 2095 3361 2151 codices
3424 2094 3630 2149 habent
3661 2110 3675 2148 :

2087 2211 2106 2236 ιι
2144 2189 2390 2244 Deducet
2419 2205 2517 2243 vos
2547 2188 2602 2242 in
2623 2187 2770 2243 omni
2800 2187 3044 2241 veritate.
3080 2207 3102 2235 ››
3137 2185 3290 2242 Unde
3328 2183 3455 2239 illud
3491 2185 3679 2238 :«De-

2082 2286 2188 2342 duc
2215 2302 2321 2352 me,
2361 2286 2603 2351 Domine,
2629 2286 2683 2340 in
2737 2285 2826 2340 via
2876 2292 2981 2348 tua,
3016 2291 3068 2338 et
3115 2281 3390 2354 ingrediar
3436 2280 3488 2334 in
3537 2279 3683 2336 veri-

2086 2391 2194 2437 tate
2226 2391 2310 2436 tua
2326 2383 2759 2454 (Psal.r.xxxv).
2807 2405 2827 2429 ιι
2861 2383 2982 2436 Non
2997 2379 3388 2434 arbitrorhanc
3407 2376 3682 2433 veritatem

2083 2496 2246 2550 posse
2278 2480 2539 2550 compleri
2574 2480 2627 2533 in
2657 2481 2756 2535 hac
2777 2478 2902 2534 vita.
2928 2477 3084 2534 Unde
3102 2475 3400 2547 Apostolus
3434 2493 3448 2529 :
3486 2475 3685 2529 rNunc

2083 2585 2145 2624 ex
2177 2578 2335 2640 parte
2365 2583 2662 2641 cognosco,
2690 2581 2820 2622 tunc
2871 2575 3050 2621 autem
3075 2580 3412 2635 cognoscam
3464 2562 3603 2619 sicut
3632 2569 3684 2617 et

2083 2671 2186 2726 ego
2217 2656 2468 2726 cognitus
2501 2671 2617 2708 sum
2651 2654 2699 2722 (ι
2728 2654 2854 2710 σον.
2889 2653 3028 2722 xm).
3069 2675 3089 2698 ιν
3127 2651 3260 2720 Quis
3315 2650 3460 2705 enim
3518 2650 3683 2703 homo

2080 2745 2223 2800 sieut
2250 2744 2430 2815 angeli
2490 2742 2631 2814 sapit
2660 2742 3000 2796 Trinitatem.
3029 2739 3302 2808 Quaeritur
3346 2745 3523 2792 utrum
3564 2737 3685 2808 spi-

2079 2842 2300 2898 ritualcs
2326 2840 2576 2896 homines
2632 2839 2834 2912 aliquid
2860 2839 3093 2893 habeant
3151 2837 3203 2890 in
3235 2836 3483 2892 doctrina
3537 2834 3685 2906 quod

2087 2931 2402 2988 carnalibus
2436 2937 2672 2997 taceant,
2705 2936 2758 2984 et
2815 2927 3153 2999 spiritalibus
3182 2926 3390 2981 dicant.
3432 2924 3488 2980 Si
3537 2924 3685 2979 dixe-

371 3013 502 3069 facit
525 3013 731 3082 justum
761 3014 851 3086 qui
880 3015 1011 3072 dicit
1068 3031 1126 3071 se
1158 3031 1265 3070 non
1295 3016 1496 3072 habere
1535 3023 1847 3087 peccatum,
1880 3023 1975 3071 aut
2005 3025 2051 3089 α
2085 3029 2256 3082 rimus
2284 3045 2417 3093 non,
2461 3026 2734 3081 ofﬁcietur
2782 3024 2916 3078 illud
2945 3022 3193 3093 Apostoli
3222 3023 3290 3076 ad
3320 3020 3630 3077 Corinthios
3665 3035 3679 3076 :

371 3110 467 3182 qui
496 3125 559 3166 se
591 3118 744 3181 putat
774 3127 882 3165 non
925 3112 1104 3182 gratia
1134 3111 1255 3180 Dei,
1318 3112 1415 3166 sed
1455 3127 1553 3167 sua
1574 3113 1852 3168 voluntate
1892 3112 1972 3168 ef-

372 3197 461 3254 ﬁci
485 3200 710 3268 justum.
769 3201 1034 3272 Arguitur
1064 3202 1239 3270 itaque
1294 3204 1527 3255 mundus
1583 3202 1652 3256 de
1712 3211 1963 3273 peccato,

370 3286 496 3359 quia
517 3304 626 3350 non
682 3289 856 3344 credit
885 3289 940 3343 in
980 3289 1252 3344 Christum
1290 3315 1300 3345 -.
1333 3291 1581 3362 arguitur
1637 3291 1704 3346 de
1757 3291 1968 3361 justitia

368 3377 730 3449 quorumdam
747 3378 1084 3433 credentium
1119 3393 1131 3447 ;
1171 3394 1296 3432 nam
1329 3376 1567 3433 ﬁdelium
1625 3381 1967 3450 comparatio

367 3484 449 3531 est
479 3474 776 3530 inﬁdelium
810 3476 1156 3547 vituperatio.
1200 3477 1406 3532 Sensus
1437 3485 1522 3532 est
1555 3495 1567 3531 :
1603 3477 1722 3533 Erit
1779 3487 1967 3534 vestra

357 3563 568 3634 justitia
598 3581 701 3636 qua
724 3564 959 3620 mundus
988 3565 1256 3637 arguitur,
1291 3567 1416 3636 quia
1465 3567 1533 3621 ad
1561 3568 1771 3621 Patrem
1802 3569 1962 3634 vado,

364 3653 561 3724 etjam
617 3669 724 3708 non
778 3653 1036 3708 videbitis
1091 3671 1199 3722 me,
1232 3655 1357 3725 quia
1387 3655 1440 3708 in
1474 3671 1595 3709 eum
1659 3672 1822 3726 quem
1855 3672 1963 3711 non

362 3742 619 3797 videbitis
649 3742 914 3798 credetis.
953 3741 1188 3810 Quando
1211 3750 1392 3797 autem
1423 3760 1509 3798 me
1542 3742 1820 3810 videbitis,
1878 3745 1963 3800 vi-

363 3831 564 3886 debitis
597 3848 689 3886 me
720 3847 829 3886 non
860 3830 1120 3887 humilem
1162 3841 1216 3886 ut
1247 3833 1431 3899 modo,
1488 3833 1586 3886 sed
1635 3833 1912 3888 excelsum
1947 3847 1960 3902 ;

362 3936 472 3976 non
504 3923 809 3989 mortalem,
837 3921 933 3976 sed
964 3923 1352 3992 sempiternum
1380 3941 1393 3988 ;
1427 3936 1536 3977 non
1584 3921 1960 3991 judicandum,

363 4020 460 4075 sed
486 4019 859 4089 judicaturum
897 4038 908 4074 :
943 4027 996 4074 et
1025 4020 1093 4074 de
1123 4021 1227 4074 hac
1249 4019 1357 4076 ﬁde
1389 4029 1576 4075 vestra
1606 4020 1752 4074 idem
1795 4019 1962 4089 justi-

364 4108 440 4164 tia
469 4107 664 4181 arguet
695 4108 931 4178 Spiritus
962 4118 1183 4164 sanctus
1222 4109 1564 4165 incredulos.
1605 4109 1757 4163 Idem
1786 4109 1838 4162 in
1871 4124 1962 4163 se-

363 4198 544 4253 cundo
576 4195 717 4252 libro
739 4199 818 4251 De
851 4198 1119 4268 baptismo
1150 4199 1528 4269 parvulorum.
1581 4198 1719 4267 Qua:
1749 4206 1832 4254 est
1861 4198 1966 4252 ista

359 4283 596 4358 justitia,
623 4301 751 4357 qua,
795 4301 919 4341 cum
951 4303 1071 4341 eum
1128 4303 1235 4341 non
1269 4287 1543 4352 viderent,
1603 4287 1838 4340 mundus
1868 4302 1966 4340 ar—

2084 3138 2108 3168 ς
2143 3119 2262 3172 Non
2319 3117 2472 3187 potui
2531 3115 2686 3170 vobis
2745 3113 2910 3185 loqui,
2957 3113 3112 3185 quasi
3167 3111 3523 3182 spiritalibus,
3583 3109 3681 3164 sed

2081 3204 2237 3276 quasi
2268 3205 2581 3260 carnalibus
2614 3205 2660 3274 (I
2691 3205 2813 3259 Cor.
2856 3203 2969 3272 ιιι).
3001 3225 3022 3250 υ
3062 3201 3117 3256 Si
3149 3209 3330 3254 autem
3387 3199 3684 3253 dixerimus

2079 3295 2308 3360 habent,
2360 3293 2662 3348 timendum
2723 3300 2804 3348 est
2863 3309 2932 3346 ne
2987 3291 3088 3345 sub
3143 3290 3246 3345 hac
3310 3287 3568 3344 ocasione
3625 3287 3682 3342 in

2078 3391 2305 3448 occultis
2353 3391 2562 3446 nefaria
2620 3390 2873 3446 doceant.
2946 3389 3062 3444 Hoc
3120 3386 3285 3459 igitur
3322 3385 3678 3458 praecognito,

2077 3480 2222 3552 quod
2255 3497 2315 3536 ea
2349 3497 2471 3552 quae
2503 3479 2666 3533 simul
2697 3479 2922 3532 audiunt
2955 3476 3228 3548 spiritales
3253 3484 3414 3547 atque
3432 3474 3680 3530 carnales

2077 3570 2277 3642 quique
2309 3584 2409 3640 pro
2463 3584 2561 3622 suo
2613 3567 2778 3622 modo
2823 3565 3061 3637 capiunt,
3113 3565 3188 3619 illi
3222 3573 3277 3619 ut
3306 3564 3413 3617 eibi
3470 3563 3680 3618 solida-

2075 3667 2339 3727 mentum,
2372 3657 2462 3712 isti
2492 3665 2548 3711 ut
2577 3657 2734 3712 lactis
2764 3655 3100 3721 alimentum,
3139 3654 3195 3707 in
3243 3653 3330 3707 illa
3356 3652 3675 3724 intelligitur

2074 3748 2392 3814 necessitas,
2443 3754 2502 3800 ut
2556 3745 2738 3816 aliqua
2793 3752 3005 3800 secreta
3050 3742 3315 3798 doctrinae
3387 3749 3673 3796 taceantur

2072 3836 2330 3891 ﬁdelibus
2360 3835 2623 3906 parvulis,
2655 3849 2904 3889 seorsum
2960 3832 3193 3887 dicenda
3223 3829 3671 3902 intelligentiori—

2073 3928 2174 3982 bus
2204 3926 2407 3996 ?Quod
2441 3926 2585 3981 enim
2644 3925 2717 3978 ait
2757 3922 3077 3994 Apostolus,
3138 3921 3211 3974 ita
3254 3919 3668 3989 intelligendum

2073 4025 2155 4073 est
2184 4017 2338 4071 :Non
2354 4015 2601 4086 potuistis
2645 4029 2842 4083 capere
2899 4027 3016 4080 quae
3046 4009 3309 4081 loquebar
3350 4008 3505 4079 quasi
3549 4007 3668 4077 spi-

2071 4104 2276 4170 ritales,
2312 4103 2410 4158 sed
2443 4101 2600 4174 quasi
2633 4099 2898 4157 carnales.
2944 4097 3100 4154 Unde
3154 4098 3229 4152 ait
3257 4096 3325 4150 ad
3355 4096 3615 4150 Hebraeos
3650 4115 3661 4150 :

2075 4225 2094 4249 ει
2142 4201 2289 4258 Facti
2321 4200 2452 4255 estis
2483 4215 2626 4269 opus
2684 4197 2954 4253 habentes
2982 4195 3142 4261 lacte,
3175 4209 3285 4249 non
3314 4193 3490 4248 solido
3540 4193 3666 4249 cibo

2071 4291 2252 4360 (Hebr.
2288 4291 2373 4359 v).
2417 4309 2439 4339 ι
2475 4289 2560 4343 Ex
2591 4302 2698 4358 quo
2729 4285 2786 4340 ﬁt
2817 4294 2874 4340 ut
2892 4284 3202 4356 spirituales
3230 4283 3334 4338 ista
3360 4281 3664 4339 carnalibus

361 4383 643 4448 gueretur,
695 4375 798 4429 nisi
855 4391 917 4429 ea
966 4390 1070 4447 qua
1119 4375 1301 4444 justus
1358 4392 1424 4430 ex
1471 4374 1598 4441 ﬁde,
1651 4383 1702 4430 et
1733 4391 1839 4445 qua
1861 4390 1960 4430 nos
1990 4387 2041 4447 1)
2075 4396 2182 4434 non
2213 4377 2433 4434 omnino
2454 4384 2671 4432 taceant
2699 4383 2922 4447 propter
2951 4374 3280 4430 Catholicam
3329 4371 3510 4436 ﬁdem,
3546 4387 3666 4443 quae

360 4479 470 4519 non
503 4463 862 4534 respicientes
894 4479 1013 4534 quae
1038 4463 1310 4531 videntur,
1344 4464 1442 4519 sed
1474 4480 1595 4534 qua:
1627 4479 1730 4518 non
1761 4464 1958 4518 viden-

361 4555 445 4609 tur
472 4552 667 4623 spiritu
697 4559 749 4606 et
774 4551 896 4618 ﬁde,
932 4552 1317 4623 spemjustitiae
1348 4561 1726 4623 exspectamus
1757 4554 1784 4605 ‘?
1821 4575 1841 4601 α
1877 4553 1957 4607 De

355 4641 564 4713 judicio
590 4650 773 4696 autem
803 4641 932 4713 quia
979 4642 1235 4712 princeps
1285 4642 1452 4712 hujus
1510 4641 1698 4696 mundi
1726 4641 1840 4711 jam
1877 4641 1958 4709 ju-

362 4739 574 4795 dicatus
607 4748 708 4794 est.
747 4759 768 4788 ι
808 4739 1068 4810 Princeps
1099 4738 1284 4794 mundi
1334 4748 1416 4794 est
1445 4739 1716 4805 diabolus,
1750 4738 1817 4792 de
1848 4753 1954 4809 quo

358 4837 489 4895 alibi
525 4856 537 4892 :
576 4857 598 4887 α
632 4837 776 4892 Ecce
805 4837 953 4892 venit
981 4838 1237 4909 princeps
1268 4837 1430 4907 hujus
1461 4837 1668 4902 mundi,
1703 4845 1755 4891 et
1783 4836 1837 4890 in
1867 4853 1955 4892 me

359 4943 468 4981 non
493 4925 651 4980 habet
681 4926 985 4998 quidquam
1043 4928 1234 4995 (Joan.
1267 4928 1411 4995 xw).
1458 4946 1478 4976 ι
1517 4926 1749 4980 Mundus
1806 4925 1954 4980 acci-

358 5016 507 5088 pitur
534 5023 587 5070 et
619 5014 673 5070 in
713 5015 858 5070 bono
889 5024 940 5070 et
969 5015 1024 5070 in
1066 5015 1228 5070 malo.
1257 5015 1392 5070 Nam
1423 5014 1561 5069 sicut
1590 5014 1757 5069 arbor
1813 5014 1954 5069 foliis

358 5120 414 5170 et
437 5112 636 5184 pomis,
667 5127 796 5168 area
824 5113 989 5184 pallis
1032 5122 1086 5169 et
1114 5113 1327 5185 granis,
1351 5112 1422 5166 ita
1444 5111 1698 5167 ﬁdelibus
1753 5120 1806 5167 et
1828 5111 1953 5166 inﬁ-

359 5202 574 5267 delibus
603 5202 798 5272 plenus
827 5209 910 5257 est
935 5202 1197 5257 mundus.
1225 5201 1507 5258 Judicatus
1539 5209 1621 5256 est
1677 5200 1950 5269 diabolus,

358 5298 415 5354 id
443 5307 526 5354 est
546 5297 756 5369 judicio
787 5298 930 5372 ignis
970 5299 1163 5356 aeterni
1207 5299 1548 5355 destinatus.
1618 5297 1832 5353 Judicio
1861 5314 1953 5352 ar-

358 5406 546 5480 guitur
570 5405 830 5475 mundus,
887 5406 1104 5478 quando
1164 5421 1289 5462 cum
1316 5422 1415 5461 suo
1467 5405 1714 5477 principe
1738 5404 1953 5473 judica-

358 5503 474 5551 tur.
509 5494 746 5550 Credant
766 5495 946 5567 itaque
975 5495 1243 5562 homines,
1277 5511 1350 5551 ne
1380 5503 1706 5566 arguantur.
1741 5495 1952 5548 Trans-

359 5603 486 5651 eant
504 5594 560 5648 in
588 5611 873 5649 numerum
903 5593 1161 5662 ﬁdelium,
1195 5611 1263 5650 ne
1293 5601 1597 5666 arguantur
1626 5592 1694 5648 de
1747 5591 1953 5660 justitia

357 5699 550 5742 corum
603 5699 741 5757 quos
790 5683 1117 5755 justiﬁcatos
1171 5700 1286 5741 non
1351 5682 1649 5738 imitantur.
1710 5683 1952 5738 Caveant

2064 4468 2318 4525 omnibus
2360 4465 2712 4539 praidicanda
2741 4471 2824 4520 est
2854 4482 2867 4528 ;
2899 4480 3002 4520 nec
3027 4471 3211 4518 tamen
3243 4463 3323 4518 sic
3352 4461 3665 4517 desiderant

2065 4581 2118 4626 ut
2145 4571 2388 4626 volentes
2419 4585 2540 4624 eam
2571 4567 2873 4638 perducere
2895 4566 2962 4621 ad
2991 4565 3663 4636 intelligentiam,sermo—

2063 4677 2187 4716 nem
2245 4666 2460 4715 vertant
2508 4657 2563 4711 in
2621 4655 2898 4710 fastidium
2954 4655 3275 4725 capacibus.
3345 4654 3467 4724 Ipse
3497 4653 3661 4707 homo

2063 4757 2311 4813 Christus
2341 4757 2612 4810 sincerum
2643 4754 2725 4809 lac
2755 4753 2954 4809 dicitur
2982 4751 3359 4823 parvulorum,
3415 4749 3504 4821 qui
3535 4765 3660 4804 cum

2064 4847 2203 4902 bene
2235 4861 2262 4898 a
2285 4844 2654 4915 spiritualibus
2685 4843 2921 4912 capitur,
2948 4840 3220 4895 invenitur
3240 4838 3449 4894 solidus
3467 4837 3648 4893 cibus.

2062 4953 2116 5000 et
2163 4943 2428 4998 Dominus
2450 4941 2798 5011 angelorum.
2865 4939 3100 4994 Proinde
3157 4954 3259 4993 nec
3308 4936 3388 4992 sic
3443 4935 3658 5008 parvuli

2062 5041 2188 5088 sunt
2224 5031 2488 5093 laetandi,
2547 5038 2604 5085 ut
2650 5045 2866 5102 semper
2922 5044 3031 5083 non
3092 5027 3402 5098 intelligant
3456 5028 3654 5095 Deum,

2061 5138 2166 5179 nec
2237 5121 2318 5178 sic
2364 5119 2672 5176 ablactandi
2726 5127 2783 5174 ut
2839 5118 3091 5174 deserant
3159 5115 3439 5173 hominem
3497 5114 3656 5172 Chri-

2061 5220 2235 5267 stum.

2138 5339 2160 5370 ι
2193 5319 2314 5373 Νοη
2343 5316 2487 5372 enim
2539 5315 2796 5387 loquetur
2825 5328 2857 5368 a
2887 5313 3202 5384 semetipso,
3236 5313 3338 5370 sed
3373 5329 3656 5386 quaecum-

2063 5423 2168 5481 que
2197 5405 2378 5461 audiet
2424 5405 2696 5477 loquetur.
2735 5426 2756 5452 ι
2791 5404 2860 5458 Et
2883 5402 3045 5458 Filius
3067 5411 3120 5458 et
3149 5402 3384 5475 Spiritus
3435 5410 3659 5460 sanctus

2063 5493 2307 5568 aequales
2336 5500 2463 5548 sunt
2493 5492 2664 5547 Patri.
2720 5490 2862 5561 Quid
2891 5499 3073 5546 autem
3101 5490 3314 5546 intersit
3351 5491 3494 5547 inter
3524 5505 3658 5562 pro-

2064 5585 2264 5642 cedere
2294 5591 2346 5637 et
2367 5581 2539 5649 nasci,
2577 5590 2630 5636 et
2657 5580 2888 5653 longum
2920 5587 3003 5636 est
3031 5581 3324 5648 disserere,
3347 5589 3401 5635 et
3429 5588 3660 5634 temera-

2066 5675 2206 5732 rium
2235 5671 2468 5728 difﬁnire
2501 5689 2513 5728 :
2547 5671 2673 5744 quia
2694 5671 2741 5726 si
2767 5671 2896 5744 quid
2912 5670 3207 5726 mcusindc
3223 5667 3658 5741 comprehcndit,
