3986 6070
406 184 504 237 931

1540 189 1877 245 “’ERNERI
1917 192 2202 247 ABBATIS
2243 193 2304 248 S.
2355 194 2574 250 BLASII

3610 210 3716 266 93?.

405 308 608 381 linguae
637 317 812 365 tamen
842 310 1220 367 difﬁcillimum
1252 320 1334 368 est
1381 313 1674 384 explicare,
1735 323 1999 388 quantus-
2028 318 2080 378 A
2114 317 2270 373 Patre
2301 320 2515 392 accepit
2545 321 2782 393 Spiritus
2813 334 3032 383 sanctus
3064 329 3209 386 unde
3237 332 3444 404 accepit
3495 334 3665 390 Filius
3697 351 3713 391 :

409 400 545 455 libet
595 404 777 472 praesit
846 404 1059 469 doctor,
1130 406 1504 476 quantuslibet
1591 408 1725 462 assit
1765 409 1999 464 auditor.

411 490 618 544 Sensus
644 499 728 545 est
763 511 774 546 ε
815 514 835 541 α
873 494 996 546 Non
1033 493 1285 564 loquetur
1306 510 1335 548 a
1357 496 1669 566 semetipso,
1701 517 1722 547 io
1749 498 1876 568 quia
1897 513 2004 552 non

409 586 540 632 esta
565 581 873 650 semetipso.
910 582 993 635 Ab
1023 581 1114 636 illo
1143 599 1277 653 ergo
1295 584 1478 638 audiet
1531 600 1561 638 a
1593 601 1701 656 quo
1735 587 2002 656 procedit.

410 673 619 729 Audire
651 676 727 728 illi
755 677 895 730 scire
927 686 1007 732 est
1036 693 1048 746 ;
1084 679 1224 734 scire
1283 697 1416 735 vero
1446 697 1588 735 esse.
1639 684 1757 737 Non
1787 692 2007 738 moveat

412 764 558 833 quod
589 765 814 818 verbum
847 767 1009 820 futuri
1066 769 1328 838 temporis
1375 771 1609 839 positum
1641 780 1741 836 est,
1777 773 1903 842 quia
1951 773 2006 828 in

414 876 480 915 eo
511 863 657 932 quod
692 863 1078 933 sempiternum
1112 873 1213 931 est,
1253 867 1540 934 cujuslibet
1580 870 1847 939 temporis
1878 887 2006 925 ver-

414 949 542 1003 bum
586 959 836 1020 ponatur,
900 969 1004 1007 non
1067 955 1400 1010 mendaciter
1455 958 1691 1026 ponitur.
1749 958 2008 1026 Quamvis

415 1038 557 1092 enim
607 1049 799 1094 natura
837 1051 937 1107 est,
991 1043 1082 1097 illa
1141 1044 1598 1098 incommutabilis
1657 1055 1761 1112 est,
1795 1054 1851 1102 et
1897 1064 2004 1102 non

415 1128 598 1196 reipsa
633 1128 726 1182 fuit
757 1138 808 1184 et
839 1130 958 1197 erit,
990 1132 1087 1186 sed
1121 1139 1320 1186 tantum
1352 1143 1453 1188 est.
1487 1135 1621 1190 Inde
1651 1134 1814 1190 illud:
1840 1156 1862 1186 ‹
1885 1137 2006 1208 Ego

416 1231 538 1270 sum
567 1217 656 1288 qui
717 1233 853 1284 sum,
888 1227 938 1273 et
969 1220 1056 1290 qui
1091 1229 1173 1274 est
1218 1220 1358 1274 misit
1401 1238 1488 1276 me
1538 1223 1602 1276 ad
1636 1240 1734 1278 vos
1791 1225 1997 1293 (Exod.

417 1318 497 1384 tu)
531 1333 545 1380 ;
585 1337 605 1362 ι»
638 1323 817 1370 tamen
867 1327 1091 1386 propter
1144 1319 1558 1374 mutabilitatem
1615 1329 1920 1392 temporum
1951 1325 2004 1378 in

419 1419 524 1472 quo
557 1414 807 1459 versatur
837 1414 1020 1461 nostra
1059 1407 1386 1462 mutabilitas
1409 1425 1516 1464 non
1547 1411 1876 1467 mendaciter
1925 1414 2008 1467 di-

413 1493 588 1546 cimus
619 1502 669 1547 ει
702 1493 816 1561 fuit,
851 1502 901 1549 et
932 1504 1032 1561 est,
1067 1505 1118 1551 et
1147 1498 1274 1552 erit.

488 1627 508 1650 α
549 1606 611 1658 Et
654 1623 776 1676 quae
819 1617 1042 1663 ventura
1109 1618 1253 1677 sunt,
1296 1611 1637 1666 annuntiabit
1717 1613 1899 1669 vobis.

407 1693 556 1748 Multi
615 1695 918 1750 habuerunt
997 1697 1238 1768 spiritum
1321 1701 1642 1770 prophetiae,
1701 1704 1796 1757 sed
1874 1704 2000 1774 quia

407 1783 654 1837 nonnulli
700 1783 949 1840 inﬁrmos
997 1795 1206 1854 curant,
1266 1799 1508 1845 mortuos
1547 1791 1826 1859 suscitant,
1883 1793 1995 1848 (lae-

406 1882 658 1935 monibus
722 1882 1014 1953 imperant,
1105 1903 1205 1942 nec
1280 1895 1461 1943 tamen
1529 1889 1711 1944 futura
1787 1907 1998 1963 cogno-

407 1977 586 2036 scunt,
639 1979 818 2042 potest
876 1973 953 2028 sic
985 1974 1182 2046 accipi,
1241 1977 1365 2048 quia
1423 1975 1661 2048 Spiritus
1691 1979 1997 2035 adveniens

406 2066 626 2112 ventura
671 2061 960 2129 nuntiaret,
994 2063 1264 2120 reducens
1295 2066 1362 2120 ad
1419 2067 1749 2122 memoriam
1800 2068 1998 2140 gaudia

401 2146 664 2204 coelestia.

478 2284 499 2312 ι
542 2263 633 2318 [lle
664 2280 749 2318 me
793 2264 1134 2332 clariﬁcabit,
1190 2268 1316 2338 quia
1338 2268 1406 2324 de
1462 2285 1582 2326 meo
1641 2271 1890 2342 accipiet,
1943 2281 1995 2329 et

396 2351 736 2406 annuntiabit
759 2353 932 2407 vobis.
973 2376 993 2402 υ
1027 2355 1196 2422 Quasi
1244 2357 1387 2413 dicat
1417 2376 1430 2413 :
1465 2360 1574 2413 Ista
1603 2360 1782 2414 omnia
1835 2359 1993 2417 faciet

394 2438 542 2492 Deus
564 2456 660 2510 per
689 2441 972 2512 Spiritum,
1023 2443 1074 2498 id
1102 2453 1184 2500 est
1205 2461 1303 2516 per
1350 2446 1640 2503 bonitatem
1673 2465 1846 2504 suam.
1904 2452 1990 2506 Me

395 2526 714 2585 clariﬁcabit
786 2530 1086 2589 auferendo
1142 2535 1298 2590 vobis
1375 2536 1646 2605 timorem,
1699 2546 1749 2593 et
1812 2539 1991 2596 dando

394 2639 638 2681 amorem
695 2629 1078 2686 ardentiorem.
1133 2631 1290 2700 Quod
1330 2634 1434 2704 ipsi
1485 2635 1680 2691 facturi
1724 2644 1878 2692 erant
1935 2638 1991 2693 in

392 2713 596 2785 Spiritu
620 2727 830 2788 sancto,
862 2719 965 2776 hoc
982 2723 1233 2777 eumdem
1252 2723 1513 2794 Spiritum
1526 2725 1666 2779 dixit
1679 2742 1804 2781 esse
1820 2726 1990 2782 factu-

389 2805 768 2867 rum,utillud:
792 2828 812 2857 ι
840 2809 962 2863 Non
984 2809 1132 2865 enim
1164 2827 1260 2865 vos
1279 2812 1410 2866 estis
1440 2813 1532 2884 qui
1564 2813 1866 2886 loquimini,
1893 2815 1990 2872 sed

393 2890 624 2961 Spiritus
657 2896 831 2952 Patris
863 2898 1036 2954 vestri
1067 2899 1157 2970 qui
1202 2899 1441 2972 loquitur
1487 2902 1541 2956 in
1572 2904 1724 2958 vobis
1755 2905 1977 2976 (Matth.

389 2979 481 3069 x).
513 3003 533 3028 η
589 2984 824 3039 Verbum
872 2984 1123 3042 Graecum
1175 2989 1321 3059 quod
1373 2999 1455 3045 est
1511 2991 1749 3048 doma-sse
1810 2983 1984 3066 (δοξά-
2017 3005 2066 3069 C

389 3063 512 3142 σει),
571 3070 741 3124 Latini
785 3071 1133 3142 interpretes,
1190 3073 1328 3128 alius
1385 3074 1732 3148 glorificabit,
1790 3063 1988 3149 posue-

389 3167 540 3214 runt.
581 3160 718 3214 Nam
751 3159 895 3214 doxa
925 3161 1067 3216 unde
1117 3161 1321 3218 dictum
1352 3172 1435 3218 est
1493 3165 1745 3234 doxasse,
1780 3175 1833 3222 ct
1863 3170 1985 3224 cla-

390 3250 537 3304 ritas
567 3249 958 3320 interpretatur
1015 3258 1067 3306 et
1098 3253 1308 3323 gloria.
1348 3255 1415 3307 Et
1474 3254 1598 3326 quia
1629 3255 1804 3327 gloria
1867 3257 1990 3313 facit

392 3336 594 3402 claros,
630 3346 682 3392 et
723 3338 944 3394 claritas
975 3340 1265 3410 gloriosos,
1327 3343 1475 3414 quod
1532 3351 1762 3416 utroque
1791 3347 1989 3415 {verbo

397 3434 756 3502 signiﬁcatur,
789 3436 933 3490 idem
965 3444 1066 3492 est.
1093 3437 1280 3493 Gloria
1312 3448 1390 3495 est
1423 3439 1683 3512 frequens
1716 3443 1782 3498 de
1811 3443 1990 3514 aliquo

395 3523 544 3578 fama
575 3539 696 3578 cum
728 3523 905 3590 laude,
953 3543 1074 3596 quae
1123 3527 1338 3582 Christo
1398 3529 1466 3584 de
1495 3530 1678 3601 seipso
1709 3548 1816 3588 non
1872 3550 1991 3587 ma-

398 3628 571 3684 gnum
602 3613 825 3667 contulit
875 3613 1095 3686 aliquid,
1157 3617 1250 3669 sed
1311 3618 1540 3672 mundo.
1596 3620 1805 3674 Bonum
1847 3623 1990 3678 enim

399 3709 610 3764 laudari
641 3726 747 3764 non
779 3711 1015 3779 laudato,
1049 3713 1142 3767 sed
1168 3713 1516 3770 laudantibus
1547 3719 1790 3788 prodest.
1854 3721 1991 3776 Glo-

400 3799 478 3854 ria
512 3799 646 3852 falsa
695 3799 896 3872 triplex
953 3810 1033 3856 est
1066 3819 1078 3855 :
1113 3802 1166 3856 in
1231 3804 1417 3870 rebus,
1448 3806 1500 3859 in
1561 3807 1888 3875 hominibus,
1936 3809 1992 3864 in

403 3898 672 3970 utrisque.
713 3899 774 3954 In
807 3900 970 3955 rebus
994 3901 1196 3956 fallitur
1226 3903 1317 3974 qui
1343 3908 1503 3974 putat
1561 3905 1616 3960 id
1650 3923 1838 3962 verum
1871 3925 1994 3964 esse

401 3989 546 4060 quod
570 3990 773 4044 malum
805 4001 905 4046 est.
941 3989 1001 4045 In
1045 3991 1356 4048 hominibus
1409 3993 1681 4050 similiter.
1736 3997 1793 4050 In
1841 3998 1994 4053 utris-

403 4103 508 4159 que
538 4089 752 4158 quando
783 4098 834 4143 et
888 4089 1078 4144 vitium
1134 4089 1304 4145 virtus
1352 4099 1581 4162 putatur,
1615 4101 1668 4150 et
1723 4094 1841 4166 ipse
1903 4096 1996 4170 qui

402 4185 629 4248 propter
659 4179 759 4233 hoc
815 4177 1067 4234 laudatur
1086 4194 1194 4235 non
1225 4180 1388 4237 habet
1417 4183 1561 4252 quod
1592 4191 1826 4254 putatur,
1879 4185 1994 4242 sive

403 4275 578 4332 bonus
599 4277 668 4330 sit
715 4276 828 4332 sive
858 4277 1053 4333 malus.
1088 4279 1305 4335 Donare
1364 4281 1562 4352 quippe
1619 4298 1747 4338 suas
1776 4299 1862 4339 res
1917 4285 1995 4339 hi-

404 4365 702 4420 strionibus
721 4366 905 4421 vitium
937 4376 1020 4422 est
1047 4367 1305 4434 immane,
1364 4385 1474 4425 non
1505 4370 1690 4426 virtus.
1735 4373 1800 4426 Et
1833 4373 1984 4428 scitis
2016 4369 2069 4431 D

404 4455 474 4510 de
505 4453 702 4509 talibus
752 4471 912 4526 quam
943 4455 1009 4510 sit
1038 4455 1290 4528 frequens
1337 4457 1484 4512 fama
1530 4474 1653 4514 cum
1708 4459 1890 4527 laude,
1937 4471 1996 4519 ut

406 4543 590 4598 illud:
627 4566 646 4588 ιι
684 4544 954 4598 Laudatur
1021 4553 1278 4615 peccator
1331 4546 1387 4601 in
1443 4547 1729 4604 desideriis
1803 4551 1994 4608 animae

406 4650 520 4690 suae
547 4634 721 4702 (Psal.
752 4636 855 4702 1x).
896 4656 916 4678 »δ
942 4633 1274 4691 Laudatores
1303 4635 1489 4691 talium
1521 4653 1629 4692 non
1689 4638 1744 4692 in
1776 4639 1997 4696 homini-

403 4733 505 4787 bus
527 4731 800 4796 falluntur,
831 4729 932 4785 sed
978 4730 1032 4784 in
1063 4733 1250 4786 rebus.
1300 4735 1501 4790 Malum
1553 4745 1635 4791 est
1683 4737 1827 4792 enim
1850 4739 1996 4809 quod

405 4822 611 4878 bonum
640 4835 764 4876 esse
821 4819 1073 4876 credunt.
1124 4821 1233 4891 Ipsi
1264 4839 1394 4879 vero
1449 4824 1635 4880 vitiosi
1679 4825 1815 4882 tales
1871 4837 1996 4884 sunt

403 4921 590 4993 quales
628 4925 946 4976 cernuntur.
1025 4919 1358 4978 Laudatores
1422 4924 1829 4995 hypocritarum
1885 4942 1996 4983 non

403 5009 656 5065 falluntur
709 5009 765 5063 in
814 5009 1001 5078 rebus,
1055 5009 1158 5066 sed
1211 5010 1266 5065 in
1295 5011 1624 5069 hominibus.
1657 5015 1996 5074 Laudatores

402 5107 583 5153 autem
639 5097 852 5154 illorum
938 5099 1033 5171 qui
1088 5099 1390 5156 creduntur
1445 5101 1679 5158 liberare
1764 5104 1993 5174 patriam

399 5195 629 5266 magicis
659 5198 889 5267 artibus,
936 5196 991 5251 in
1023 5206 1252 5270 utroque
1301 5199 1584 5257 falluntur.
1639 5201 1775 5257 Vera
1818 5203 1993 5274 gloria

396 5308 506 5348 non
539 5292 813 5350 beatiﬁcat
845 5295 1076 5364 justum,
1125 5297 1221 5352 sed
1253 5305 1431 5354 tamen
1481 5298 1825 5371 gloriandum
1885 5308 1991 5369 est,

394 5391 524 5464 quia
551 5391 699 5460 justa
727 5392 985 5464 diligunt.
1037 5395 1176 5450 Vera
1235 5396 1408 5468 gloria
1466 5405 1548 5452 est
1603 5397 1658 5452 in
1714 5397 1992 5454 Catholica

395 5497 664 5555 Ecclesia.
693 5499 846 5553 Unde
881 5500 1145 5569 Propheta
1171 5520 1182 5555 :
1213 5523 1234 5548 ιι
1265 5502 1522 5558 Exaltare
1582 5519 1748 5574 super
1793 5504 1986 5573 coelos,

381 5604 438 5652 et
493 5612 662 5668 super
719 5611 940 5651 omnem
971 5603 1177 5651 terram
1227 5598 1401 5669 gloria
1432 5609 1526 5655 tua
1557 5603 1733 5669 (Psal.
1771 5601 1912 5671 va).
1959 5625 1982 5652 υ

376 5685 456 5742 De
502 5702 643 5754 meo,
693 5684 867 5755 inquit
905 5683 1092 5752 Filius,
1153 5687 1362 5757 accepit
1401 5689 1654 5759 Spiritus,
1716 5691 1842 5761 quia
1907 5691 1980 5749 de

2115 406 2352 476 Spiritus
2383 419 2603 466 sanctus
2629 413 2696 468 dc
2727 415 2883 471 Patre
2914 419 3510 490 accepitprocedendo,
3547 424 3718 480 Filius

2113 497 2418 551 nascendo.
2461 499 2614 555 Pater
2645 501 2715 556 de
2759 504 2909 559 nullo
2958 515 3118 561 natus
3143 516 3244 575 est,
3276 510 3346 564 de
3367 511 3522 568 nullo
3577 531 3716 584 pro-

2113 583 2300 639 cessit.
2321 585 2379 640 Et
2395 587 3137 663 sicutPatergenuitFilium,
3154 597 3259 651 vita
3277 599 3489 656 scilicet
3521 583 3713 668 vitam,

2115 681 2196 736 sic
2227 683 2275 736 ei
2307 684 2454 738 dedit
2485 685 2650 741 vitam
2688 691 2997 758 procedere
3026 693 3094 747 de
3127 693 3241 760 illo,
3290 695 3428 751 sicut
3460 700 3718 769 procedit

2117 771 2184 825 de
2216 770 2354 841 ipso.
2406 774 2657 829 Nascitur
2677 792 2710 830 a
2740 778 2898 834 Patre
2927 781 3148 848 veritas,
3179 786 3432 853 procedit
3466 787 3538 842 ab
3566 796 3717 843 utro-

2117 875 2220 930 que
2251 861 2488 916 charitas
2545 864 2613 918 ad
2643 866 3068 924 sanctﬁcandam
3091 880 3419 930 creaturam.
3459 875 3720 932 Nascitur

2116 973 2145 1010 a
2198 959 2358 1015 Patre
2417 961 2686 1032 sapientia
2735 983 2750 1029 ;
2811 967 2919 1021 exit
2977 968 3048 1021 ab
3076 977 3304 1042 utroque
3333 974 3398 1026 ad
3431 983 3718 1032 creaturas

2116 1044 2521 1104 benevolentia.
2579 1052 2844 1109 Nascitur
2899 1071 2932 1110 a
2989 1056 3149 1114 Patre
3193 1060 3482 1116 consilium
3531 1080 3547 1129 ;
3603 1065 3719 1120 exit

2117 1133 2189 1187 ab
2211 1144 2439 1208 utroque
2469 1139 2536 1193 ad
2571 1149 2848 1198 creaturas
2878 1143 3188 1201 dilectionis
3217 1147 3570 1206 beneficium.
3609 1151 3721 1207 Na-

2115 1232 2286 1286 scitur
2315 1249 2347 1287 a
2371 1235 2533 1290 Patre
2551 1237 2787 1292 Verbum
2825 1283 2837 1305 ,
2871 1243 3118 1310 pervenit
3174 1245 3244 1299 ab
3273 1251 3500 1319 utraque
3559 1249 3720 1304 beni-

2115 1320 2338 1391 gnitatis
2371 1324 2592 1379 donum.
2625 1327 2910 1396 Splenduit
2941 1345 2973 1385 a
3003 1331 3158 1388 Patre
3180 1333 3714 1404 splendoraaternus.

2114 1411 2382 1479 processit
2408 1413 2478 1467 ab
2508 1423 2736 1486 utrepue
2767 1417 2924 1474 bonae
2953 1419 3246 1477 voluntatis
3276 1421 3524 1481 affectus.
3571 1426 3716 1482 Cum

2113 1505 2406 1577 igiturtota
2435 1511 2665 1567 Trinitas
2726 1515 2794 1570 sit
2853 1516 3107 1587 Spiritus,
3165 1519 3217 1574 id
3251 1529 3332 1576 est
3384 1522 3719 1593 incorporea

1972 1640 1993 1664 ,,
2028 1647 2079 1707 Β
2113 1603 2327 1662 natura,
2387 1599 2624 1669 Spiritus
2677 1612 2895 1660 sanctus
2941 1606 3220 1678 sigillatim
3274 1610 3471 1667 dicitur
3526 1615 3714 1685 Spiri-

2115 1702 2220 1759 tus,
2260 1702 2515 1767 tanquam
2552 1699 2726 1754 Patris
2757 1709 2806 1756 et
2840 1704 2958 1758 Filii
2990 1705 3283 1774 spiramen,
3317 1725 3413 1765 seu
3441 1711 3710 1782 spiracu-

2109 1780 2246 1836 lum.
2285 1785 2584 1855 Inspiratur
2637 1790 2781 1844 enim
2827 1791 3062 1862 Spiritus
3108 1805 3329 1853 sanctus
3359 1815 3391 1852 a
3448 1780 3616 1857 Patre
3653 1811 3714 1858 et

2107 1870 2241 1927 Filio
2290 1874 2359 1927 ad
2416 1876 2880 1945 sanctiﬁcandum,
2936 1898 3038 1937 nec
3074 1885 3223 1939 venit
3276 1885 3396 1942 sine
3427 1889 3594 1945 Patre
3653 1899 3713 1947 et

2108 1959 2260 2026 Filio,
2297 1963 2424 2032 quia
2445 1965 2677 2021 Trinitas
2706 1967 2940 2024 indivisa
2986 1978 3095 2024 est.
3127 1973 3380 2030 Procedit
3432 1979 3712 2034 teternali-

2105 2051 2190 2102 ter
2221 2050 2453 2120 Spiritus
2482 2069 2512 2107 a
2543 2055 2704 2110 Patre
2733 2065 2785 2110 ct
2806 2057 2940 2112 Filio
2953 2075 3052 2129 per
3065 2059 3316 2118 effectum
3337 2063 3712 2124 distribuendi

2105 2138 2468 2196 donationes:
2505 2145 2768 2212 procedit,
2821 2146 3132 2217 inspiratur,
3183 2151 3412 2207 mittitur
3458 2169 3525 2209 ex
3571 2165 3712 2211 tem-

2104 2251 2233 2305 pore
2288 2254 2388 2308 per
2444 2239 2769 2297 infusionem
2830 2246 3146 2316 gratiarum.
3208 2249 3338 2305 Hec
3393 2250 3706 2323 inspiratio,

2102 2324 2220 2381 haec
2277 2329 2591 2397 temporalis
2646 2334 2951 2402 processio,
3014 2335 3130 2392 sive
3214 2337 3403 2395 missio
3457 2343 3711 2412 quotidie

2103 2411 2181 2474 ﬁt.
2233 2415 2362 2470 dum
2393 2419 2632 2488 quotidie
2690 2421 2922 2478 diversis
2952 2423 3172 2481 diversa
3205 2427 3351 2483 dona
3381 2411 3708 2487 conffemn-

2101 2510 2211 2558 tur.

2175 2639 2198 2669 ι
2235 2617 2434 2675 Omnia
2481 2638 2820 2696 quacunque
2852 2626 3012 2682 Pater
3041 2628 3226 2697 habet,
3283 2647 3411 2688 mea
3470 2641 3627 2692 sunt.
3677 2660 3702 2685 -

2101 2707 2307 2762 Sensus
2335 2717 2418 2764 est
2452 2727 2463 2763 :
2499 2711 2560 2766 Id
2589 2712 2767 2782 ipsum
2799 2715 2943 2785 quod
2977 2717 3134 2772 Pater
3171 2727 3275 2786 est,
3307 2720 3360 2775 in
3392 2738 3481 2778 me
3509 2733 3618 2792 est,
3652 2733 3711 2785 et

2099 2811 2204 2868 ego
2221 2813 2285 2851 ex
2317 2797 2410 2854 illo
2435 2812 2449 2868 ;
2482 2800 2552 2854 ita
2583 2802 2726 2873 quod
2760 2804 2916 2859 Pater
2942 2805 3061 2860 Filii
3091 2815 3176 2862 est
3207 2809 3383 2878 Pater,
3414 2818 3470 2866 et
3525 2812 3710 2870 Filius

2099 2893 2272 2951 Patris
2300 2904 2383 2951 est
2403 2897 2596 2953 Filius.

2173 3034 2194 3060 α
2235 3013 2532 3084 Propterea
2554 3015 2666 3071 dixi
2689 3016 2816 3089 quia
2849 3018 2917 3075 de
2939 3035 3063 3076 meo
3095 3021 3345 3093 accipiet,
3403 3032 3458 3080 et
3487 3040 3708 3082 annun-

2097 3099 2255 3155 tiabit
2275 3102 2453 3159 vobis.
2467 3127 2488 3152 ιο
2525 3104 2646 3158 Dixi
2665 3105 2794 3176 quia
2807 3107 2873 3162 de
2889 3109 3082 3164 eodem
3098 3119 3224 3165 sunt
3247 3112 3373 3181 (sic)
3395 3114 3709 3184 procedere

2097 3189 2326 3259 Spiritus
2355 3199 2578 3247 sanctus
2641 3210 2747 3266 quo
2811 3205 2862 3251 et
2901 3213 3006 3270 ego
3054 3199 3294 3271 genitus.
3353 3217 3422 3258 ne
3479 3212 3710 3274 putetur

2097 3277 2332 3348 Spiritus
2364 3279 2542 3336 minor
2597 3298 2703 3350 me,
2738 3283 2822 3340 vel
2851 3294 3010 3342 natus
3048 3288 3117 3343 de
3149 3304 3256 3358 me,
3292 3288 3431 3346 sicut
3488 3309 3601 3366 ego
3631 3293 3704 3351 de

2099 3367 2275 3423 Patre.

2207 3500 2446 3557 SERMO
2486 3503 2578 3558 DE
2615 3505 2858 3562 TRIBUS
2896 3508 3146 3566 DIEBUS
3186 3511 3576 3578 PASSIONIS,

2257 3591 2863 3653 RESURRECTIONIS
2903 3597 2997 3652 ET
3035 3599 3531 3658 ASCENSIONIS.

2172 3705 2446 3779 Egregius
2475 3709 2751 3778 psalmista
2782 3712 2955 3767 David
3009 3717 3590 3773 commemorationem
3618 3718 3701 3773 fa-

2101 3793 2252 3850 ciens
2283 3797 2439 3851 trium
2464 3797 2694 3865 dierum,
2752 3801 2960 3858 scilicet
2989 3803 3278 3874 passionis,
3339 3809 3704 3863 resurrectio-

2102 3892 2185 3947 nis
2205 3901 2366 3965 atque
2415 3897 2776 3966 ascensionis,
2819 3900 2898 3956 sic
2937 3901 3009 3954 ait
3042 3903 3095 3956 in
3126 3903 3352 3974 psalmis
3384 3921 3398 3961 :
3436 3928 3458 3951 ε
3495 3905 3705 3961 Similis

2104 3982 2274 4037 factus
2305 4000 2423 4038 sum
2467 3985 2734 4054 pellicano
2793 3988 3121 4058 solitudinis,
3181 3991 3358 4048 factus
3391 4010 3513 4048 sum
3560 3995 3706 4054 sicut

2101 4071 2416 4142 nycticorax
2468 4073 2520 4127 in
2580 4075 2882 4132 domicilio.
2944 4079 3206 4152 Vigilavi,
3255 4089 3309 4136 et
3362 4081 3537 4138 factus
3575 4100 3701 4138 sum

2102 4160 2241 4215 sicut
2275 4177 2463 4231 passer
2492 4162 2772 4220 solitarius
2815 4166 2867 4220 in
2899 4170 3043 4222 tecto
3074 4170 3246 4237 (Psal.
3276 4170 3381 4238 οι).
3417 4191 3440 4221 ι
3475 4172 3707 4228 Pellica-

2101 4265 2203 4303 nus
2233 4251 2350 4304 avis
2372 4251 2695 4322 Egyptiaca
2753 4263 2858 4324 est,
2893 4255 3106 4310 deserta
3160 4275 3426 4329 quaerens,
3460 4261 3702 4316 maxime

2102 4347 2284 4393 tamen
2316 4340 2572 4395 habitans
2593 4341 2647 4395 in
2706 4343 2938 4398 desertis
2968 4344 3100 4416 ripis
3128 4346 3235 4402 Nili
3263 4346 3522 4404 ﬂuminis.
3573 4350 3705 4406 Haec

2103 4428 2218 4482 avis
2249 4428 2424 4498 pullos
2455 4445 2603 4496 suos,
2653 4430 2782 4486 dum
2814 4432 2937 4487 illos
2965 4433 3185 4489 charius
3242 4444 3474 4493 tractare
3529 4439 3702 4510 cupit,

2104 4525 2280 4572 rostro
2309 4518 2544 4586 perimit,
2571 4528 2760 4589 postea
2816 4538 2980 4591 super
3014 4539 3110 4578 eos
3138 4523 3364 4597 plangit,
3397 4526 3522 4581 etin
3580 4534 3704 4581 tan-

2104 4613 2215 4659 tum
2239 4622 2297 4659 se
2331 4605 2432 4660 alis
2473 4615 2526 4660 et
2570 4617 2742 4664 rostro
2798 4610 3052 4666 vulnerat
3108 4613 3254 4685 quod
3306 4613 3359 4669 in
3397 4615 3558 4671 tertia
3612 4616 3703 4672 die

2105 4694 2427 4766 sanguinem
2477 4695 2677 4752 fundit.
2743 4697 2862 4767 Quo
2917 4715 3040 4754 mox
3075 4709 3132 4755 ut
3179 4702 3496 4769 irrotantur,
3553 4704 3702 4760 revi-

2107 4783 2317 4839 viscunt
2347 4783 2500 4854 pulli.
2525 4786 2640 4841 Hoc
2688 4796 2866 4842 autem
2898 4789 3130 4844 Domino
3160 4799 3347 4846 nostro
3374 4794 3507 4848 Jesu
3537 4793 3702 4849 Chri-

2104 4880 2188 4928 sto
2215 4889 2323 4928 non
2354 4873 2716 4940 disconvenit,
2769 4875 2859 4947 qui
2889 4876 3005 4932 avis
3064 4885 3147 4934 est
3194 4879 3524 4949 solitudinis,
3575 4883 3701 4953 quia

2105 4963 2255 5017 solus
2286 4962 2354 5018 de
2385 4962 2608 5034 Virgine
2627 4971 2808 5030 natus,
2842 4965 2994 5021 solus
3041 4969 3159 5024 sine
3184 4967 3547 5026 delectatione
3566 4987 3702 5028 con-

2103 5057 2314 5122 ceptus,
2349 5059 2398 5106 et
2425 5051 2543 5106 sine
2573 5052 2763 5108 dolore
2790 5063 2974 5110 natus.
3014 5053 3126 5124 Qui
3156 5057 3334 5126 pullos
3358 5074 3506 5126 suos,
3531 5059 3584 5114 id
3618 5067 3703 5116 est

2103 5139 2350 5194 homines
2381 5154 2412 5193 a
2443 5157 2501 5193 se
2536 5139 2704 5196 factos
2734 5141 2879 5211 justo
2930 5143 3139 5213 judicio
3169 5161 3270 5202 suo
3315 5146 3612 5214 interfecit,
3648 5156 3705 5205 et

2103 5244 2267 5298 super
2294 5244 2388 5283 eos
2438 5228 2660 5299 planxit,
2723 5231 2852 5302 quia
2899 5247 3000 5303 pro
3057 5234 3138 5289 cis
3169 5233 3432 5290 inﬁrmari
3481 5237 3698 5295 voluit:

2101 5325 2223 5387 post
2254 5317 2431 5386 legem
2453 5326 2654 5385 autem,
2712 5318 2768 5373 id
2797 5329 2880 5375 est
2907 5320 2960 5374 in
3011 5331 3255 5394 tempore
3289 5325 3500 5396 gratiae,
3551 5327 3702 5398 quod

2101 5405 2260 5478 quasi
2290 5407 2411 5462 dies
2433 5406 2587 5462 tertia
2617 5414 2719 5474 est,
2752 5417 3009 5480 quantum
3038 5411 3106 5466 ad
3138 5411 3273 5469 illud
3301 5421 3519 5485 tempus
3547 5415 3698 5488 quod

2098 5503 2222 5551 ante
2251 5495 2436 5567 legem
2467 5504 2519 5552 et
2546 5497 2648 5552 sub
2677 5497 2805 5569 lege
2849 5498 3121 5571 sanguine
3150 5515 3249 5556 suo
3276 5499 3399 5557 fuso
3427 5501 3482 5556 in
3515 5517 3694 5571 cruce,

2096 5601 2254 5674 ipsos
2279 5601 2593 5659 viviﬁcavit.
2626 5604 2695 5659 Et
2717 5603 2858 5661 sicut
2885 5603 3158 5676 pellicano
3185 5606 3496 5663 solitudinis
3533 5607 3696 5664 Chri-

2093 5698 2209 5748 stus
2273 5690 2467 5748 similis
2525 5691 2698 5750 factus
2719 5691 2934 5766 tfuerat,
2994 5692 3072 5752 ita
3124 5695 3286 5754 etiam
3317 5695 3493 5754 factus
3518 5696 3674 5756 fuer-
