4062 6074
246 244 351 323 953

1196 240 1776 301 DEFLORATIONES
1805 243 1901 299 SS.
1934 243 2239 309 PATRUM.
2270 274 2337 284 —
2368 243 2503 297 LIB.
2538 243 2582 297 I.

3442 248 3555 307 954-

243 362 562 437 nycticorax
598 362 852 419 habitans
899 365 955 421 in
1012 365 1310 423 domicilio.
1369 367 1699 438 Nycticorax
1758 370 1842 422 est
1871 369 1925 427 A
1954 374 2011 421 ut
2040 367 2249 422 catulus
2279 367 2455 423 leonis
2492 366 2747 423 dormivit
2793 382 2918 425 cum
2962 370 3141 425 triduo
3187 368 3243 425 in
3290 369 3549 441 sepulcro

243 453 363 509 avis
393 452 629 509 volitans
664 454 718 507 in
751 454 1021 511 tenebris.
1061 455 1406 511 Domicilium
1435 464 1615 511 autem
1636 463 1720 511 est
1740 456 1843 511 de-

244 549 516 598 structum
569 541 882 610 editicium,
933 540 1032 599 ubi
1071 544 1176 599 soli
1217 544 1454 615 parietes
1520 552 1668 599 sunt.
1739 543 1846 599 Avi

244 630 583 701 nycticoraci
613 629 868 686 Christus
898 642 1272 704 comparatur,
1304 648 1427 689 cum
1456 640 1577 704 post
1624 648 1846 689 crucem

244 724 303 780 in
331 724 669 781 domicilium
703 726 939 796 sepulcri
973 727 1210 797 ponitur,
1243 742 1310 782 ac
1351 744 1452 798 per
1496 726 1705 796 aliquot
1748 727 1846 781 ho-

244 829 338 869 ras
365 813 475 869 illic
504 813 817 870 inhabitare
846 815 1100 871 docetur.
1138 816 1345 872 Deinde
1368 816 1532 871 tertia
1560 816 1648 871 die
1696 814 1846 887 vigi-

246 901 400 968 lavit,
434 910 489 958 et
519 902 691 958 factus
721 911 806 959 est
835 904 973 959 sicut
1001 921 1193 975 passer
1245 904 1524 960 solitarius
1571 904 1623 959 in
1680 911 1845 970 tecto,

246 992 377 1066 quia
436 1007 561 1048 cum
613 994 668 1047 in
726 992 980 1064 passione
1036 993 1378 1062 dormisset,
1436 1008 1504 1050 ac
1557 994 1757 1050 deinde
1813 1008 1848 1049 a

246 1100 428 1147 morte
458 1090 857 1147 resurrexisset
886 1090 1062 1147 factus
1090 1099 1174 1147 est
1202 1092 1347 1148 sicut
1373 1107 1568 1162 passer
1597 1092 1845 1160 avolans,

248 1180 357 1236 hoc
397 1188 482 1235 est
536 1179 593 1234 in
651 1180 853 1235 caelum
909 1182 1236 1247 ascendens,
1293 1180 1384 1235 ubi
1446 1182 1603 1253 quasi
1658 1180 1851 1238 solita-

247 1268 363 1323 rius
393 1268 448 1323 in
484 1276 645 1338 tecto,
681 1268 736 1323 id
766 1278 855 1326 est
881 1269 943 1325 in
972 1271 1114 1327 caelo
1142 1270 1214 1325 ad
1242 1270 1525 1326 dexteram
1555 1270 1728 1325 Patris
1756 1286 1848 1326 re-

248 1357 413 1415 Sidet.

323 1470 418 1525 Isti
446 1479 577 1525 sunt
602 1470 678 1525 illi
706 1478 818 1526 tres
848 1468 987 1535 dies,
1020 1485 1084 1525 ex
1116 1469 1311 1541 quibus
1350 1469 1685 1523 illuminatur
1725 1469 1845 1524 ani-

251 1575 369 1614 ma.
410 1560 518 1615 Sed
550 1561 761 1631 primus
782 1560 906 1615 dies
936 1568 1020 1615 est
1068 1559 1250 1625 timor,
1298 1559 1571 1615 secundus
1618 1558 1843 1625 veritas,

249 1648 445 1704 tertius
473 1658 557 1704 est
586 1650 845 1705 charilas.
879 1650 1009 1703 Dies
1040 1648 1248 1703 timoris
1277 1656 1361 1703 est
1404 1648 1521 1703 dies
1569 1648 1843 1718 potentiae,

1954 463 2166 523 delituit
2196 485 2214 522 :
2246 482 2407 538 quem
2436 468 2599 521 Pater
2626 466 2787 521 tertia
2818 467 2906 523 die
2937 466 3246 523 suscitavit.
3280 467 3363 522 Ad
3395 483 3539 539 prte-

1953 553 2079 608 daui
2110 554 2411 623 descendit,
2458 570 2578 611 cum
2638 554 2709 608 ad
2759 555 2975 611 inferna
3028 555 3368 610 descendens
3424 555 3548 611 forti

1955 642 2180 715 alligato
2220 644 2396 714 spolia
2426 644 2544 710 ejus
2572 643 2815 713 diripuit.
2859 646 2917 699 In
2964 644 3089 700 vino
3136 644 3328 699 stolam
3389 643 3543 709 lavit,

1954 745 2078 786 cum
2100 746 2298 800 corpus
2321 747 2474 785 suum
2498 731 2762 803 sanguine
2782 731 3011 786 maduit.
3046 734 3104 786 In
3139 731 3405 804 sanguine
3439 730 3545 787 oli-

1956 841 2036 881 vae
2063 825 2283 895 pallium
2314 843 2469 881 suum
2502 827 2651 894 lavit,
2703 843 2830 883 cum
2882 828 3184 885 Ecclesiam
3234 827 3357 883 oleo
3404 827 3548 884 chri-

1955 915 2147 969 smatis
2177 913 2550 971 sanctiﬁcavit.

2024 1012 2118 1067 Est
2149 1012 2258 1067 alia
2287 1012 2466 1067 bellua
2497 1029 2721 1086 quoque
2770 1030 2932 1087 quam
2962 1014 3299 1070 crocodilum
3334 1013 3541 1082 dicunt,

1954 1100 2271 1157 vicenorum
2303 1102 2501 1173 pedum
2532 1103 2585 1156 in
2617 1103 2975 1176 longitudine.
3011 1105 3139 1160 Haac
3170 1103 3446 1159 interdum
3492 1104 3547 1159 in

1952 1191 2128 1262 aquis,
2164 1200 2325 1246 nocte
2355 1206 2486 1247 vero
2515 1199 2763 1246 moratur
2817 1192 2871 1246 in
2911 1193 3105 1256 terris;
3148 1200 3543 1263 praetereuntes

1953 1279 2188 1349 invadit,
2220 1280 2439 1347 lacerat,
2476 1280 2720 1346 devorat,
2755 1280 2809 1335 in
2858 1281 2973 1337 sole
3014 1290 3201 1351 aperto
3248 1296 3346 1337 ore
3404 1280 3540 1337 dor-

1954 1377 2131 1431 miens
2156 1377 2407 1432 recubat.
2466 1376 2604 1445 Quis
2653 1377 2836 1449 itaque
2885 1394 2985 1448 per
3032 1378 3397 1443 crocodilum,
3448 1377 3550 1433 nisi

1954 1466 2220 1531 diabolus,
2256 1465 2589 1529 declaratur,
2624 1466 2715 1537 qui
2746 1474 2871 1522 ante
2908 1466 3109 1522 Christi
3157 1467 3451 1522 adventum
3497 1467 3551 1521 in

1955 1554 2112 1609 ﬂuxis
2163 1554 2423 1610 cordibus
2472 1554 2778 1626 gentilium,
2823 1571 2969 1612 nunc
3032 1564 3213 1611 autem
3273 1556 3327 1609 in
3387 1555 3555 1610 aridis

1949 1643 2219 1698 mentibus
2247 1644 2560 1699 Iudaeorum
2591 1653 2855 1700 versatur.
2897 1645 2965 1699 Hi
3012 1652 3409 1715 praetereuntes
3458 1643 3556 1698 de-

252 1738 346 1809 qui
375 1746 458 1792 est
507 1738 677 1792 Patris
709 1752 722 1807 ;
752 1738 871 1792 dies
927 1737 1168 1792 veritatis
1225 1745 1306 1791 est
1360 1737 1480 1792 dies
1539 1736 1839 1806 sapientiae,
1873 1725 1927 1785 Β
1959 1743 2176 1799 vorant,
2212 1732 2340 1803 quia
2367 1740 2594 1788 cunctos
2622 1740 2747 1787 ante
2778 1733 2973 1788 Christi
3003 1734 3319 1804 passionem
3339 1733 3554 1787 obeun-

251 1834 360 1889 hoc
394 1841 478 1889 est
509 1833 627 1888 Filii
657 1852 672 1901 ;
705 1833 825 1889 dies
855 1833 1137 1890 charitatis
1176 1842 1256 1888 est
1302 1833 1423 1887 dies
1476 1832 1845 1903 benignitatis,

249 1920 308 1977 id
338 1930 420 1977 est
448 1922 566 1977 dies
595 1922 829 1993 Spiritus
860 1922 1060 1977 sancti.
1112 1922 1243 1977 Dies
1290 1921 1508 1993 quidem
1558 1921 1746 1987 Patris,
1797 1928 1853 1977 et

252 2010 373 2066 dies
404 2010 542 2078 Filii,
576 2020 632 2066 et
661 2011 779 2066 dies
812 2011 1049 2082 Spiritus
1081 2011 1277 2076 sancti,
1329 2010 1387 2065 in
1429 2010 1674 2066 claritate
1715 2008 1852 2064 divi-

249 2099 460 2166 uitatis,
491 2116 631 2155 unus
663 2100 783 2156 dies
814 2108 930 2170 est;
972 2100 1069 2155 sed
1115 2100 1168 2153 in
1214 2107 1413 2155 nostra:
1452 2099 1852 2155 illuminatione

251 2198 471 2261 mentis,
507 2198 663 2271 quasi
693 2198 859 2253 alium
891 2199 1034 2253 diem
1066 2199 1242 2267 Pater,
1271 2197 1435 2253 alium
1492 2197 1636 2253 diem
1662 2197 1846 2264 Filius,

256 2286 422 2341 alium
452 2287 599 2341 diem
634 2288 868 2357 Spiritus
911 2296 1132 2343 sanctus
1176 2287 1361 2353 habet,
1410 2302 1520 2342 non
1567 2286 1712 2359 quod
1761 2286 1850 2341 ul-

253 2371 467 2428 latenus
496 2371 833 2427 credendum
862 2370 935 2425 sit
964 2372 1302 2438 Trinitatem,
1328 2388 1451 2443 quae
1469 2371 1850 2442 inseparabilis

254 2469 337 2516 est
378 2468 597 2527 natura,
641 2460 695 2514 in
734 2459 1053 2531 operatione
1090 2476 1255 2530 posse
1314 2460 1582 2531 separari,
1640 2460 1739 2515 sed
1793 2466 1853 2514 ut

254 2557 538 2613 distinctio
564 2574 930 2627 personarum
958 2557 1015 2611 in
1046 2557 1395 2613 distinctione
1424 2573 1651 2628 operum
1674 2556 1852 2612 valeat

255 2646 511 2718 intelligi.
564 2646 797 2714 Quando
836 2662 969 2719 ergo
1024 2647 1267 2717 potentia
1328 2646 1448 2716 Dei,
1510 2646 1853 2702 considerata

252 2734 308 2791 in
349 2735 730 2799 admiratione,
782 2750 880 2791 cor
926 2742 1172 2790 nostrum
1221 2734 1441 2801 excitat,
1490 2734 1611 2789 dies
1658 2734 1849 2801 Patris,

253 2831 358 2879 est.
391 2822 622 2892 Quando
652 2839 786 2879 vero
816 2824 1086 2895 sapientia
1128 2823 1229 2879 Dei
1275 2824 1524 2894 inspecta
1573 2824 1852 2894 agnitione

252 2920 522 2989 veritatis,
573 2936 672 2976 cor
719 2929 967 2976 nostrum
1013 2921 1324 2975 illuminat:
1383 2921 1503 2976 dies
1559 2920 1681 2977 Filii
1734 2929 1843 2976 est.

253 3009 491 3079 Quando
520 3018 701 3065 autem
734 3010 1047 3082 benignitas
1098 3010 1200 3065 Dei
1247 3018 1448 3065 attenta
1494 3010 1562 3065 ad
1609 3025 1851 3065 amorem

254 3114 352 3155 cor
380 3106 630 3155 nostrum
658 3099 959 3154 inﬂammat
994 3116 1007 3153 :
1062 3099 1180 3153 dies
1227 3108 1312 3154 est
1368 3099 1604 3169 Spiritus
1658 3098 1850 3154 sancti.
1883 3085 1933 3149 C

256 3188 506 3245 Potentia
557 3195 776 3254 terret,
836 3188 1106 3259 sapientia
1169 3187 1482 3257 illuminat,
1551 3186 1856 3259 benignitas

255 3285 515 3341 laetiﬁcat.
548 3285 606 3340 In
640 3285 729 3340 die
764 3284 1026 3355 potentiae
1058 3301 1159 3355 per
1188 3284 1434 3340 timorem
1465 3285 1765 3347 morimur;
1800 3284 1856 3340 in

256 3374 348 3429 die
376 3374 661 3445 sapientiai
691 3390 791 3445 per
822 3373 1340 3445 contemplationem
1371 3366 1617 3429 veritatis
1643 3390 1672 3428 a
1710 3382 1859 3429 stre-

258 3465 376 3536 pitu
408 3464 598 3518 mundi
626 3464 964 3535 sepetimur;
997 3463 1050 3517 in
1083 3463 1172 3519 die
1200 3463 1546 3534 benignitatis
1569 3479 1669 3534 per
1710 3478 1861 3518 amo-

259 3568 379 3608 rem
400 3562 454 3608 et
474 3552 1160 3608 desideriumazternorum
1188 3553 1454 3607 bonorum
1478 3551 1821 3624 resurgimus
1836 3592 1851 3607 .

261 3652 450 3723 Itaque
478 3651 534 3705 in
563 3650 653 3705 die
682 3650 960 3721 potentiae,
993 3659 1155 3705 sexto
1184 3650 1274 3706 die
1317 3650 1563 3705 Christus
1606 3658 1858 3705 mortuus

261 3748 346 3795 est
378 3758 393 3805 ;
426 3743 663 3810 septimo
693 3739 783 3794 die
815 3739 868 3794 in
901 3738 1155 3809 sepulcro
1178 3738 1350 3807 jacuit
1382 3756 1395 3801 ;
1428 3747 1625 3795 octavo
1668 3737 1757 3793 die
1803 3745 1864 3792 ut

261 3828 350 3884 leo
394 3828 714 3883 resurrexit.
763 3828 845 3883 De
892 3844 1003 3899 quo
1046 3828 1205 3883 leone
1253 3826 1422 3883 fertur
1458 3828 1603 3900 quod
1660 3827 1863 3898 apertis

263 3916 439 3972 oculis
469 3916 729 3982 dormiat,
763 3924 815 3972 et
846 3916 1025 3973 cauda
1054 3932 1155 3971 sua
1185 3916 1419 3989 vestigia
1461 3916 1662 3981 deleat,
1716 3932 1785 3972 ne
1831 3930 1864 3969 a

264 4014 614 4070 venatoribus
648 4013 882 4071 inveniri
914 4022 1100 4085 queat.
1130 4016 1215 4068 Ita
1254 4014 1518 4069 Dominus
1548 4015 1729 4076 Iesus,
1778 4012 1864 4068 leo

264 4102 333 4157 de
367 4102 513 4156 tribu
538 4103 699 4167 Iuda,
729 4102 1002 4171 dormivit,
1032 4105 1089 4159 et
1116 4118 1369 4158 somnum
1398 4102 1593 4158 mortis
1616 4101 1759 4173 cepit
1810 4101 1864 4156 in

267 4191 646 4255 humanitate;
679 4191 775 4246 sed
809 4191 1053 4263 vigilavit
1102 4192 1158 4245 in
1201 4192 1504 4247 divinitate.
1553 4190 1864 4263 Mysterium

268 4287 473 4335 nostra:
501 4280 859 4351 reparationis
893 4296 1061 4336 carne
1091 4280 1168 4336 sic
1197 4280 1409 4346 celavit,
1444 4279 1633 4351 quoda
1654 4279 1866 4334 daemo-

268 4377 431 4431 nibus
460 4376 513 4430 in
547 4376 1027 4446 persecutionibus
1056 4376 1307 4450 indagari
1339 4391 1445 4431 non
1478 4376 1674 4430 valuit.
1712 4375 1864 4431 Dici-

1958 1836 2042 1885 tes
2073 1829 2143 1884 ad
2173 1837 2378 1884 tartara
2410 1829 2683 1900 rapiebat.
2707 1829 2814 1885 Sed
2839 1830 3019 1886 adhuc
3036 1838 3233 1901 aperto
3251 1829 3557 1886 oreﬂuenta

1955 1918 2210 1973 Iordanis
2243 1918 2546 1973 absorbere
2592 1918 2784 1984 inhiat,
2835 1919 2960 1991 quia
3017 1919 3211 1974 avidus
3256 1918 3557 1991 baptizatos

1958 2006 2117 2061 etiam
2150 2007 2417 2063 devorare
2447 2007 2688 2062 festinat.
2722 2008 2818 2062 Est
2846 2015 2900 2063 et
2940 2007 3051 2063 alia
3094 2007 3291 2076 bestia,
3335 2006 3557 2063 nomine

1957 2095 2204 2162 enidrus,
2240 2096 2413 2167 spinis
2444 2096 2687 2168 repletus
2715 2096 2865 2151 velut
2891 2096 3117 2153 ericius.
3164 2098 3290 2153 Hac
3334 2096 3451 2152 luto
3493 2111 3555 2153 sc

1956 2194 2208 2250 involens
2256 2202 2507 2265 apertum
2555 2211 2619 2250 os
2668 2194 2933 2251 crocodili
2984 2194 3332 2266 ingreditur,
3403 2209 3555 2249 mox-

1916 2320 1919 2323 »
1959 2299 2066 2356 que
2097 2284 2164 2337 ab
2194 2299 2262 2338 eo
2291 2283 2611 2356 deglutitur.
2644 2283 2778 2352 Quae
2807 2294 3003 2340 cuncta
3032 2284 3250 2339 interna
3276 2284 3393 2352 ejus
3434 2282 3553 2354 spi-

1957 2371 2045 2426 nis
2074 2372 2335 2436 terebrat,
2371 2380 2421 2427 et
2453 2379 2682 2428 enecata
2712 2372 2882 2427 bestia
2906 2372 3037 2427 viva
3057 2380 3293 2427 remeat.
3321 2369 3558 2427 Bestiola

1958 2460 2182 2531 spinosa
2202 2468 2285 2516 est
2306 2460 2503 2516 Christi
2521 2477 2667 2528 caro,
2705 2460 2911 2516 nostris
2930 2461 3170 2516 miseriis
3213 2475 3548 2516 arumnosa.

1960 2558 2089 2614 Haec
2118 2574 2179 2613 se
2207 2557 2322 2613 luto
2350 2557 2576 2615 involvit
2605 2558 2734 2612 dum
2764 2557 3077 2629 opprobriis
3121 2557 3310 2613 mortis
3353 2572 3553 2613 succu-

1958 2647 2092 2702 buit.
2126 2646 2327 2701 Bellum
2357 2662 2423 2702 os
2461 2647 2778 2719 ingreditur,
2826 2648 2957 2701 dum
3004 2646 3294 2702 insatiabili
3337 2644 3553 2702 inferno

1957 2737 2279 2791 devoratur.
2313 2736 2418 2791 Sed
2458 2736 2669 2791 interna
2702 2736 2899 2792 bellua:
2929 2736 3219 2801 eviscerat,
3266 2743 3322 2791 et
3356 2735 3553 2791 victrix

1957 2824 2265 2898 egreditur,
2298 2825 2426 2897 quia
2456 2824 2703 2881 Christus
2732 2824 3014 2880 infernum
3047 2824 3321 2895 despoliat
3348 2832 3402 2880 et
3430 2839 3555 2880 cum

1958 2923 2134 2978 aliisa
2165 2931 2344 2979 morte
2365 2939 2689 2996 resurgens,
2731 2923 2905 2979 victor
2942 2923 3009 2977 ad
3052 2932 3199 2978 astra
3244 2924 3553 2979 revertitur.

1958 3011 2031 3067 Et
2057 3012 2331 3084 quomodo
2362 3012 2598 3067 Lazarus
2625 3020 2873 3069 mortuus
2894 3012 3213 3078 resurrexit,
3243 3027 3557 3067 resurrexeo

1962 3109 2087 3155 runt
2118 3101 2289 3155 multa
2318 3116 2578 3172 corpora,
2626 3108 2690 3155 ut
2741 3100 3027 3155 Dominum
3077 3100 3429 3156 ostenderent
3472 3116 3559 3156 res

1962 3198 2298 3261 surgentem,
2330 3197 2383 3244 et
2414 3198 2527 3243 tum
2588 3198 2941 3245 monumenta
2995 3196 3177 3260 aperta
3228 3197 3401 3243 sunt:
3459 3189 3559 3244 88d

1962 3304 2074 3344 non
2112 3294 2237 3342 ante
2277 3295 2691 3342 resurrexerunt
2749 3301 2914 3358 quam
2971 3286 3238 3342 Dominus
3296 3294 3355 3341 ut
3412 3293 3561 3341 esset

1964 3375 2356 3448 primogenitus
2380 3375 2793 3431 resurrectionis
2815 3392 2879 3430 ex
2904 3374 3145 3435 mortuis.
3172 3398 3193 3423 α
3218 3375 3562 3431 Intraverunt

1966 3465 2159 3536 itaque
2187 3473 2427 3521 sanctam
2457 3464 2733 3520 civitatem
2761 3465 2982 3535 (Matth.
3016 3470 3209 3528 xxvu).
3246 3487 3268 3514 ι»
3303 3463 3561 3521 Sanctam

1966 3554 2241 3610 civitatem
2271 3553 2408 3608 dixit
2439 3562 2527 3609 aut
2576 3555 2863 3610 caelestem
2921 3553 3287 3619 Hierusalem,
3345 3553 3401 3608 in
3457 3569 3561 3624 qua

1966 3651 2071 3707 visi
2130 3658 2277 3717 sunt,
2307 3658 2394 3706 aut
2444 3658 2788 3719 terrestrem,
2834 3668 2957 3723 qua;
3004 3660 3165 3708 antea
3210 3659 3394 3708 sancta
3460 3650 3558 3706 fuit

1966 3750 2191 3813 prOpter
2222 3740 2499 3812 templum,
2535 3749 2587 3796 et
2615 3748 2804 3796 sancta
2833 3748 3173 3806 sanctorum,
3198 3750 3248 3796 et
3271 3741 3341 3796 ad
3369 3740 3560 3796 distin-

1969 3830 2205 3886 ctionem
2226 3829 2457 3883 aliarum
2480 3829 2716 3893 urbium,
2741 3829 2793 3885 in
2817 3830 3017 3901 quibus
3042 3829 3190 3885 idola
3217 3829 3567 3886 colebantur.

1969 3919 2149 3974 Multis
2167 3918 2645 3989 apparuerunt,his
2658 3918 2906 3974 videlicet
2921 3918 3012 3989 qui
3034 3918 3218 3973 videre
3240 3924 3572 3973 meruerunt.

1971 4015 2407 4086 (RBIIGIUS.)HI
2452 4016 2753 4071 creduntur
2795 4031 2919 4071 cum
2974 4015 3208 4070 Domino
3250 4013 3579 4069 ascendente

1972 4105 2291 4161 ascendisse
2321 4111 2528 4159 tantum
2562 4104 2730 4158 simul
2749 4118 2873 4159 cum
2896 4119 3145 4173 corpore.
3172 4101 3345 4175 Igitur
3366 4109 3422 4155 ut
3439 4117 3580 4171 pra-

1972 4192 2142 4248 fatum
2161 4201 2261 4258 est,
2284 4192 2424 4248 sicut
2441 4192 2493 4245 in
2511 4192 2600 4247 die
2615 4192 2872 4262 potentia:
2885 4200 3038 4246 sexta
3056 4192 3143 4246 die
3158 4191 3408 4247 Christus
3426 4204 3580 4245 mor-

1972 4289 2095 4337 tuus
2115 4290 2217 4345 est,
2267 4280 2500 4352 septima
2538 4281 2627 4336 die
2662 4280 2717 4335 in
2762 4280 3019 4351 sepulcro
3044 4281 3233 4350 jacuit,
3266 4285 3464 4336 octava
3492 4278 3582 4334 die

1975 4378 2296 4439 resurrexit.
2326 4378 2403 4433 ita
2432 4378 2592 4433 simili
2623 4378 2789 4434 modo
2822 4378 3061 4451 primum
3092 4378 3332 4449 potentia
3387 4376 3440 4431 in
3485 4375 3577 4432 die

267 4472 355 4520 tur
387 4445 729 4535 etiamquod
786 4465 959 4520 leaena
1009 4445 1221 4521 catulos
1266 4481 1395 4520 suos
1442 4472 1690 4520 mortuos
1738 4463 1866 4520 Iun-
1894 4445 1947 4507 D
1981 4485 2080 4525 suo
2113 4486 2213 4538 per
2234 4468 2484 4523 timorem
2516 4483 2617 4523 nos
2646 4484 2677 4523 a
2732 4445 3043 4523 carnalibus
3093 4445 3390 4524 desideriis
3442 4464 3576 4522 foris

269 4553 382 4621 dat,
416 4561 471 4608 et
498 4552 600 4623 ipsi
630 4552 697 4607 ad
728 4569 915 4609 vocem
947 4554 1113 4625 patris
1141 4554 1415 4627 rugientis
1442 4553 1531 4609 die
1560 4552 1719 4613 tertio
1746 4569 1874 4607 sur-

270 4649 427 4714 gant.
468 4642 558 4697 Sic
587 4642 775 4697 triduo
827 4642 1084 4698 Christus
1140 4643 1233 4714 qui
1292 4642 1349 4697 in
1404 4641 1658 4713 sepulcro
1702 4642 1875 4711 jacuit

273 4747 545 4805 mortuus,
577 4738 667 4793 die
698 4740 851 4794 tertia
882 4739 1141 4795 surrexit.
1190 4740 1362 4794 Patris
1409 4755 1545 4795 voce
1590 4754 1871 4812 experge-

273 4828 475 4894 factus,
506 4828 648 4884 sicut
678 4828 813 4885 olim
845 4829 913 4884 de
945 4844 1011 4883 eo
1038 4828 1293 4900 praedixit
1334 4828 1506 4885 Iacob
1550 4828 1874 4898 patriarcha

273 4917 589 4991 praecipuus
622 4933 635 4971 ε
674 4940 695 4965 α
731 4917 868 4972 Iuda
902 4916 1136 4973 dormiet
1166 4926 1223 4972 ut
1250 4917 1465 4974 catulus
1494 4916 1705 4973 leonis:
1746 4916 1871 4989 quis

276 5017 559 5075 suscitabit
584 5034 707 5073 eum
736 5019 765 5072 ‘2
794 5017 879 5075 Ad
926 5017 1187 5089 praedam,
1236 5016 1313 5071 fili
1358 5015 1453 5083 mi,
1505 5013 1862 5072 descendisti.

277 5105 507 5165 Lavabit
536 5105 592 5160 in
623 5106 750 5161 vino
781 5106 975 5163 stolam
1009 5122 1187 5173 suam,
1220 5114 1274 5161 et
1300 5105 1357 5159 in
1404 5104 1674 5177 sanguine
1714 5103 1872 5161 olivae

277 5205 503 5279 pallium
533 5220 654 5261 sum
683 5205 844 5278 (Gen.
877 5204 1049 5276 χιιι).
1085 5228 1109 5261 ι
1143 5204 1407 5261 Dominus
1434 5202 1506 5259 de
1549 5202 1694 5259 tribu
1737 5201 1873 5258 Iuda

1980 4558 2213 4623 occidat,
2247 4557 2445 4612 deinde
2476 4556 2742 4629 sapientia
2788 4556 2844 4611 in
2891 4555 2979 4612 die
3027 4572 3127 4612 suo
3166 4556 3308 4623 intus
3349 4555 3404 4611 in
3449 4554 3576 4610 abs-

1981 4647 2202 4703 condito
2254 4646 2725 4717 contemplationis
2766 4645 3042 4718 sepeliat;
3092 4653 3371 4714 postremo
3414 4643 3574 4699 beni-

1981 4745 2161 4817 gnitas
2189 4745 2243 4799 in
2275 4745 2363 4800 die
2392 4759 2491 4800 suo
2522 4761 2620 4815 per
2634 4744 2965 4799 desiderium
2986 4742 3378 4799 diviniamoris
3396 4739 3576 4796 vivifi-

1983 4843 2138 4890 catos
2173 4849 2486 4904 exsurgere
2516 4832 2697 4896 faciat,
2735 4832 2862 4904 quia
2891 4841 3077 4888 sextus
3106 4832 3177 4886 ad
3206 4832 3470 4894 laborem,
3494 4844 3579 4883 se-

1979 4923 2203 4995 ptimus,
2235 4920 2306 4976 ad
2336 4921 2604 4992 requiem,
2626 4928 2853 4977 octavus
2869 4920 3103 4992 pertinet
3123 4920 3192 4975 ad
3217 4918 3575 4975 resurrectio-

1926 5046 1929 5049 ·
1978 5039 2131 5079 nem.
2172 5020 2349 5090 Quam
2370 5019 2529 5075 nobis
2559 5019 2998 5076 misericorditer
3029 5019 3272 5074 tribuere
3318 5016 3579 5089 dignetur

1978 5111 2251 5167 Dominus
2279 5116 2470 5165 noster
2497 5110 2657 5164 Iesus
2687 5108 2955 5171 Christus.
2988 5107 3082 5178 qui
3114 5122 3215 5178 pro
3241 5104 3401 5163 nobis
3428 5120 3577 5170 mor:-

1979 5208 2103 5256 tuus
2124 5198 2251 5257 vivit
2280 5205 2333 5255 et
2360 5206 2554 5270 regnat
2575 5198 2722 5253 Deus
2749 5213 2850 5270 per
2878 5195 3081 5264 omnia,
3114 5204 3220 5252 etc.
