3986 6070
499 251 606 308 955

1633 255 1971 312 WERNERI
2008 254 2290 310 ABBATlS
2343 253 2399 310 S.
2443 245 2658 308 BLASII

3703 254 3804 309 956

1501 437 2117 542 DOMINICA
2172 404 2780 562 'QUARTA.

1737 681 2131 748 Secundum
2159 681 2530 746 Joannem.

573 913 598 940 α
631 895 822 961 Amen,
853 910 1022 952 amen
1049 895 1173 954 dico
1202 895 1378 962 vobis,
1413 896 1458 952 si
1490 895 1619 968 quid
1667 895 1934 966 petieritis
1981 897 2090 951 Pa-
2119 895 2174 956 A
2204 911 2318 960 rus,
2352 911 2461 949 non
2487 894 2705 966 judicas
2733 902 2785 950 et
2814 893 3064 951 vindicas
3093 895 3417 968 sanguinem
3447 901 3714 951 nostrum
3743 892 3813 949 de

502 987 640 1037 trem
671 982 723 1038 in
763 986 985 1041 nomine
1031 1001 1174 1051 meo,
1225 986 1376 1044 dabit
1430 986 1587 1042 vobis
1641 987 1823 1055 (Joan.
1882 988 2027 1043 xvi).
2071 1007 2093 1032 η

503 1068 773 1144 Quidquid
806 1075 1010 1144 petitur
1037 1084 1230 1131 contra
1260 1075 1511 1140 salutem,
1541 1090 1649 1130 non
1681 1074 1885 1145 petitur
1913 1074 1969 1128 in
1998 1090 2099 1129 no-

501 1159 648 1215 mine
679 1160 1003 1219 Salvatoris.
1035 1163 1169 1218 Cum
1218 1163 1367 1232 dicit,
1418 1163 1473 1217 in
1529 1163 1748 1218 nomine
1791 1179 1935 1233 meo,
1990 1179 2100 1219 non

502 1255 617 1311 vult
647 1256 879 1332 intelligi
909 1259 980 1315 de
1007 1259 1175 1328 dono,
1227 1259 1324 1314 sed
1373 1259 1442 1314 de
1493 1259 1613 1315 soni
1669 1259 2096 1332 signiﬁcatione.

501 1345 656 1402 Unde
687 1346 777 1418 qui
806 1348 950 1404 male
981 1349 1146 1403 sentit
1175 1348 1244 1404 de
1275 1348 1510 1414 Christo,
1536 1363 1642 1404 non
1659 1349 1793 1420 petit
1811 1348 1865 1402 in
1881 1349 2101 1405 nomine

507 1433 650 1503 ejus,
684 1435 850 1490 etiam
909 1436 956 1492 si
1014 1436 1138 1508 ejus
1191 1436 1434 1508 proferat
1487 1453 1730 1504 nomen;
1790 1436 1885 1508 qui
1940 1452 2097 1504 vero,

502 1531 652 1579 recte
681 1524 970 1582 sentiendo
999 1525 1068 1580 de
1099 1525 1212 1594 illo,
1244 1526 1378 1598 petit
1406 1525 1636 1582 salutem
1682 1526 2096 1597 sempiternam,

501 1619 588 1675 vel
612 1620 812 1694 aliquid
847 1624 1128 1694 pertinens
1155 1626 1220 1678 ad
1249 1624 1418 1691 illam,
1447 1625 1663 1697 accipit,
1696 1625 1953 1698 quoniam
1996 1627 2098 1682 de-

503 1707 595 1764 bet
620 1710 888 1780 accipere.
922 1713 1042 1768 Nec
1068 1713 1147 1768 illi
1165 1715 1413 1785 quaedam
1436 1724 1723 1788 negantur,
1747 1715 1871 1788 quia
1891 1724 1954 1771 ut
1971 1731 2102 1772 con-

501 1813 650 1872 gruo
681 1806 931 1872 tempore
958 1802 1172 1868 dentur,
1207 1801 1546 1860 differuntur.
1585 1827 1608 1852 η

579 1918 594 1946 ‹
637 1898 828 1970 Usque
859 1899 1026 1956 modo
1056 1917 1164 1956 non
1193 1901 1406 1972 petistis
1434 1901 1728 1974 quidquam
1775 1903 1829 1957 in
1877 1901 2098 1958 nomine

499 2001 625 2042 meo
662 1987 891 2058 :.petite,
924 1998 978 2044 et
1009 1990 1310 2061 accipietis,
1343 1999 1400 2045 ut
1446 1991 1710 2062 gaudium
1754 1999 1993 2048 vestrum
2031 1991 2098 2046 sit

498 2073 741 2145 plenum.
778 2096 802 2127 ι
837 2075 1115 2148 Quidquid
1141 2078 1287 2133 aliud
1319 2079 1517 2149 petitur
1553 2095 1716 2150 quam
1767 2078 1874 2134 vita
1917 2081 2094 2145 beata,

499 2163 586 2220 vel
614 2165 759 2237 quod
789 2167 858 2222 ad
888 2183 1006 2222 eam
1037 2167 1290 2238 pertinet,
1315 2168 1451 2222 nihil
1473 2176 1556 2223 est
1579 2168 1633 2223 in
1656 2177 1817 2224 tantae
1838 2169 1921 2225 rei
1940 2185 2096 2224 com-

499 2262 808 2332 paratione.
848 2265 1074 2320 Duobus
1104 2265 1282 2320 modis
1311 2274 1488 2335 potest
1531 2265 1776 2337 intelligi,
1841 2289 1863 2314 ο

498 2349 668 2405 modo
697 2364 804 2406 non
837 2352 1050 2422 petistis
1078 2354 1374 2424 quidquam
1404 2354 1458 2408 in
1490 2355 1709 2410 nomine
1751 2369 1894 2421 meo,
1961 2377 1981 2404 ιι
2012 2355 2099 2411 vel

497 2436 629 2508 quia
658 2454 764 2494 non
797 2441 1023 2496 novistis
1081 2458 1280 2498 nomen
1313 2459 1496 2498 meum
1554 2444 1698 2500 sicut
1754 2452 1837 2499 est
1883 2460 2097 2516 cogno-

501 2526 784 2596 scendum,
817 2529 910 2584 vel
946 2529 1074 2602 quia
1094 2547 1193 2603 pro
1221 2531 1392 2587 nihilo
1439 2531 1760 2588 habendum
1810 2542 1892 2588 est
1931 2535 2096 2606 quid-

501 2625 631 2699 quid
659 2627 806 2682 aliud
837 2628 1048 2698 petistis
1080 2629 1136 2683 in
1169 2630 1572 2700 comparatione
1601 2639 1762 2686 tantas
1791 2632 1890 2699 rei,
1935 2649 2093 2706 quam

498 2722 688 2787 petere
707 2716 971 2772 debuistis
999 2719 1308 2789 :quomodo
1322 2727 1504 2774 autem
1527 2720 1738 2790 possint
1758 2730 1942 2791 petere
1971 2723 2094 2792 ple-

497 2819 627 2861 num
680 2805 940 2876 gaudium
1016 2807 1224 2873 subdit,
1296 2808 1554 2879 quoniam
1629 2809 1697 2864 de
1767 2810 2094 2867 animalibus

499 2893 645 2965 quod
676 2902 825 2962 sunt,
861 2893 1064 2952 facient
1091 2896 1362 2966 spiritales
1392 2903 1446 2952 ut
1475 2897 1704 2966 abjectis
1750 2898 2095 2970 imaginatio-

494 2991 655 3047 nibus
691 3007 984 3065 corporum
1014 2994 1243 3067 puritate
1273 2995 1470 3052 mentis
1519 2995 1752 3054 sincera
1780 2997 2092 3054 cohaereant

492 3078 619 3138 luci.

568 3206 592 3232 α
627 3185 756 3240 Haec
786 3183 842 3240 in
877 3185 1185 3242 Proverbiis
1217 3185 1428 3244 locutus
1459 3202 1581 3242 sum
1625 3188 1802 3244 vobis.
1840 3211 1862 3238 η
1915 3189 2089 3246 Homo

492 3273 749 3329 anima‘is
787 3291 1148 3348 quascumque
1186 3277 1338 3332 audit
1386 3277 1456 3332 de
1512 3277 1612 3332 Dei
1658 3286 1851 3334 natura
1896 3295 2088 3335 carna-

489 3369 613 3427 liter
640 3372 863 3444 cogitat,
899 3390 1006 3430 non
1039 3375 1411 3444 spiritualiter.
1441 3377 1508 3430 Et
1538 3376 1660 3432 ideo
1690 3385 1818 3431 sunt
1850 3377 1926 3431 illi
1951 3393 2091 3449 pro-

491 3461 679 3516 verbia
711 3478 833 3532 quae
863 3462 1013 3517 audit
1044 3463 1112 3518 de
1144 3464 1464 3534 incorporea
1495 3465 1594 3520 Dei
1626 3466 1954 3532 substantia;
1979 3483 2088 3522 non

488 3549 635 3620 quod
663 3563 731 3605 ea
757 3557 1013 3620 tanqum
1045 3553 1332 3622 proverbia
1387 3554 1628 3623 deputet,
1674 3555 1772 3609 sed
1827 3556 1952 3627 quia
2007 3556 2088 3612 sic

495 3637 698 3709 cogitat
725 3639 1004 3709 quomodo
1033 3640 1110 3694 illi
1139 3641 1233 3711 qui
1273 3643 1558 3712 proverbia
1599 3643 1823 3698 audiunt
1880 3654 1934 3700 et
1979 3661 2088 3701 non

491 3735 829 3810 intelligunt.
871 3737 1143 3808 Spiritalis
1171 3747 1351 3794 autem
1381 3741 1546 3796 homo
1598 3741 1652 3796 in
1699 3743 1920 3799 nomine
1969 3743 2088 3814 ejus

491 3825 643 3896 petit,
680 3827 809 3898 quia
837 3826 1017 3897 ipsum
1069 3827 1315 3896 ejusdem
1374 3829 1695 3886 substantiae
1746 3846 1869 3888 cum
1926 3834 2088 3890 Patre

491 3929 617 3970 esse
645 3914 919 3988 intelligit.
955 3915 1244 3987 Spirit—ales
1273 3917 1522 3973 homines
1564 3919 1856 3975 vanitatem
1888 3929 1942 3976 et
1987 3919 2088 3994 fig-

490 4013 672 4059 menta
728 4012 980 4078 tanquam
1036 4005 1376 4076 importunae
1438 4023 1658 4064 muscas
1732 4009 1979 4082 abigunt,
2036 4018 2088 4066 et

486 4092 716 4150 internis
744 4095 1080 4167 aspectibus,
1110 4103 1383 4170 utcunque
1443 4096 1841 4171 incorporeum,
1874 4114 2087 4173 cognoo

483 4190 663 4239 scunt.

563 4303 586 4328 α
621 4281 782 4337 Venit
811 4283 943 4337 hora
975 4299 1100 4339 cum
1124 4283 1240 4355 jam
1273 4300 1386 4340 non
1426 4284 1478 4340 in
1527 4286 1839 4356 proverbiis
1891 4286 2088 4360 loquar

486 4367 662 4434 vobis,
683 4370 779 4425 sed
803 4371 981 4441 palam
1006 4373 1076 4428 de
1097 4374 1264 4429 Patre
1291 4374 1552 4430 nuntiabo
1574 4376 1750 4430 vobis.
1775 4399 1797 4425 η
1825 4377 1981 4431 illam
2005 4377 2086 4431 ni-

487 4457 686 4513 mirum
734 4459 931 4515 horam
975 4460 1264 4534 significat,
1325 4479 1429 4535 qua
1486 4464 1566 4518 eis
1620 4464 1854 4535 Spiritus
1908 4467 2084 4523 sancti

479 4557 723 4629 gratiam
753 4557 975 4614 daturus
1001 4571 1135 4617 erat.
1170 4562 1468 4616 Possumus
1499 4562 1665 4618 etiam
1701 4564 1888 4618 horam
1922 4581 2082 4637 quam

484 4645 778 4718 pollicetur
806 4648 857 4702 in
887 4647 1068 4704 futura
1099 4649 1207 4704 vita
1248 4650 1574 4721 intelligere,
1626 4652 1681 4706 in
1737 4669 1844 4724 qua
1901 4655 2081 4726 palam

484 4736 554 4791 de
586 4737 766 4803 Patre,
792 4738 1132 4792 annuntiabit
1152 4739 1359 4804 electis,
1387 4739 1440 4794 id
1477 4747 1560 4795 est
1574 4741 1824 4795 ostendet
1849 4743 2077 4798 Patrem.

487 4826 591 4882 Ubi
622 4827 889 4882 veraciter
916 4827 970 4881 in
991 4826 1210 4883 nomine
1240 4837 1428 4899 petunt
1448 4829 1605 4886 electi
1624 4829 1752 4885 dum
1774 4847 1876 4902 pro
1897 4841 2082 4890 noStra

481 4920 776 4994 fragilitate
804 4924 1170 4993 intercedunt,
1202 4933 1472 4997 quatenus
1502 4927 1572 4982 ad
1601 4941 1718 4983 suae
1764 4928 2078 4985 salvationis

2208 984 2292 1038 his
2317 984 2409 1056 qui
2440 984 2684 1038 habitant
2712 983 2764 1039 in
2793 992 2946 1039 terra
2974 985 3174 1057 (Apoc.
3205 985 3304 1056 γι).
3344 1009 3366 1033 ι
3402 983 3508 1041 Ubi
3551 983 3812 1038 continuo

2208 1073 2547 1128 subinfertur
2570 1092 2582 1128 :
2619 1096 2642 1120 α
2676 1075 2743 1128 Ει
2767 1073 2907 1128 datae
2933 1081 3061 1128 sunt
3088 1074 3198 1129 illis
3227 1073 3462 1145 singulae
3477 1072 3633 1128 stola:
3653 1070 3809 1136 albae,

2207 1177 2262 1224 et
2291 1171 2496 1226 dictum
2525 1177 2610 1224 est
2639 1169 2748 1224 illis
2799 1177 2856 1224 ut
2901 1170 3323 1242 requiescerent
3361 1179 3586 1240 tempus
3631 1167 3813 1223 adhuc

2207 1259 2504 1323 modicum,
2537 1259 2716 1314 donec
2743 1258 3070 1329 impleretur
3106 1275 3371 1314 numerus
3423 1258 3660 1313 fratrum
3716 1272 3815 1312 eod

2209 1363 2324 1402 rum
2355 1347 2559 1417 (ibid.).
2599 1369 2620 1397 ι
2657 1347 2921 1418 Singulas
2951 1348 3154 1420 quippe
3201 1347 3368 1403 stolas
3415 1361 3566 1402 nunc
3609 1345 3815 1400 habent

2207 1435 2408 1492 animae
2437 1452 2558 1492 cum
2589 1435 2708 1492 sola
2739 1451 2840 1492 sua
2868 1436 3122 1492 felicitate
3153 1436 3421 1504 fruuntur,
3472 1435 3637 1502 binas
3685 1443 3814 1490 tunc

2207 1530 2481 1602 accipient
2509 1547 2634 1588 cum
2665 1531 2888 1604 implete
2919 1533 2974 1586 in
3007 1532 3116 1589 fine
3143 1548 3372 1588 numero
3399 1531 3638 1587 fratrum
3680 1547 3811 1588 cor-

2205 1635 2402 1692 porum
2437 1636 2660 1693 quoqne
2687 1621 3071 1678 immortalium
3119 1621 3485 1694 receptatione
3530 1619 3811 1676 laetabun-

2208 1717 2315 1765 tur.

2282 1829 2303 1855 α
2343 1806 2441 1862 Illo
2469 1807 2558 1863 die
2587 1807 2642 1862 in
2671 1806 2891 1864 nomine
2913 1823 3038 1864 meo
3059 1808 3276 1880 petetis.
3294 1807 3362 1864 Et
3384 1823 3492 1865 non
3509 1805 3639 1863 dico
3651 1807 3810 1864 vobis

2207 1895 2334 1967 quia
2363 1912 2470 1966 ego
2502 1897 2716 1969 rogabo
2740 1897 2946 1954 Patrem
2969 1897 3038 1954 de
3060 1897 3239 1953 vobis.
3267 1919 3289 1946 ι
3306 1896 3566 1953 Hocdicit
3585 1905 3814 1968 propter

2207 1985 2724 2042 consubstantialem
2774 1986 2918 2042 Patri
2972 1986 3311 2042 divinitatem
3367 1986 3422 2040 in
3480 2001 3593 2057 qua
3643 1985 3811 2040 simul

2206 2073 2444 2128 audiunt
2475 2083 2762 2146 rogantes,
2811 2073 3082 2146 simulque
3139 2084 3331 2147 rogata
3361 2075 3593 2135 donant
3651 2075 3814 2130 Pater

2206 2179 2257 2225 et
2286 2170 2474 2237 Filius,
2509 2171 2657 2242 quod
2689 2187 2796 2227 non
2837 2180 2983 2242 patet
3037 2171 3140 2226 nisi
3196 2171 3373 2226 oculis
3431 2169 3806 2241 spiritalibus.

1921 2283 2094 2338 usque
2124 2251 2176 2311 Β
2211 2259 2370 2328 Quod
2400 2275 2529 2314 vero
2561 2261 2722 2315 Petro
2751 2260 2826 2314 ait
2859 2277 2873 2314 :
2909 2284 2931 2308 α
2965 2261 3083 2332 Ego
3114 2267 3293 2315 autem
3324 2259 3517 2329 rogavi
3549 2275 3654 2330 pro
3685 2267 3812 2313 teut

2208 2364 2316 2403 non
2346 2347 2564 2404 deticiat
2594 2349 2736 2404 ﬁdes
2765 2358 2857 2403 tua
2889 2351 3052 2419 (Luc.
3087 2351 3250 2419 xx"),
3292 2358 3346 2403 et
3393 2348 3540 2419 quod
3589 2347 3658 2403 de
3717 2348 3812 2402 illo

2206 2436 2448 2492 Joannes
2478 2439 2598 2492 ait:
2639 2460 2662 2485 ιι
2709 2438 3050 2493 Advocatum
3094 2437 3548 2507 habemus-apud
3596 2438 3810 2491 Patrem

2204 2535 2391 2590 Jesum
2451 2535 2727 2590 Christum
2787 2537 2838 2602 (I
2881 2538 3051 2592 Joan.
3089 2537 3168 2604 ιι),
3204 2559 3226 2585 ιι
3287 2535 3355 2590 ad
3412 2535 3810 2591 humanitatem

2206 2623 2450 2694 respicit.
2488 2624 2581 2677 Vel
2613 2623 2688 2678 ita
2723 2641 2736 2678 :
2771 2625 2894 2680 Non
2925 2625 3139 2696 rogabo
3169 2640 3266 2695 pro
3296 2624 3478 2688 vobis,
3536 2625 3665 2696 quia
3706 2641 3809 2693 po.

2206 2712 2312 2767 tius
2340 2712 2580 2783 implebo
2611 2713 3075 2785 quod-hucusque
3131 2713 3342 2786 rogavi.
3382 2711 3678 2781 Quomodo
3715 2730 3810 2769 ro—

2203 2802 2352 2874 gavit
2378 2805 2400 2858 ?
2429 2801 2556 2873 quia
2587 2802 2828 2857 nondum
2859 2803 3203 2858 ascenderat.
3237 2802 3299 2857 Si
3319 2802 3602 2858 enimnon
3620 2818 3810 2858 ascen-

2203 2899 2379 2955 disset
2409 2899 2561 2954 nulla
2590 2901 2863 2956 certitudo
2888 2900 3224 2956 ascendendi
3251 2901 3623 2957 remansisset.
3649 2901 3810 2958 Nunc

2203 2995 2388 3045 autem
2423 2993 2626 3044 sedens
2653 2990 2962 3046 humanitas
2990 2991 3058 3044 ad
3085 2990 3369 3046 dexteram
3419 2990 3600 3046 Patris
3623 2990 3809 3061 ,θαι-Ε-

2150 3127 2154 3133 .
2201 3078 2330 3133 tudo
2363 3085 2416 3134 et
2441 3078 2610 3133 arrha
2639 3087 2746 3143 est,
2796 3079 2940 3150 quod
2980 3087 3032 3134 et
3073 3094 3174 3134 nos
3213 3079 3603 3134 ascendcmus.
3664 3079 3807 3136 Hinc

2198 3167 2562 3239 Hieronymus
2591 3167 2647 3222 in
2677 3167 2973 3238 Epistolam
3003 3167 3069 3222 ad
3091 3168 3370 3225 Romanos
3394 3185 3407 3222 :
3429 3168 3628 3224 Solent
3642 3169 3805 3224 Aria-

2196 3265 2250 3320 ni
2279 3266 2606 3322 calumniam
2635 3281 2856 3322 movere
2885 3266 3130 3322 dicentes
3157 3266 3303 3338 quod
3334 3265 3426 3337 qui
3483 3265 3804 3338 interpella.

2200 3359 2310 3417 tur,
2341 3354 2727 3425 interpellante
2757 3355 2827 3408 sit
2851 3355 3052 3422 major.
3102 3355 3316 3423 Quibus
3360 3355 3804 3425 respondendum

2195 3451 2280 3498 est
2310 3443 2505 3509 Deum,
2538 3443 2866 3498 oblivionem
2897 3460 3007 3499 non
3035 3444 3147 3514 pati
3178 3453 3236 3499 ut
3264 3460 3366 3516 pro
3392 3444 3530 3514 ipsis
3548 3460 3804 3501 commo-

2197 3538 2396 3586 neatur
2425 3548 2646 3604 semper
2676 3548 2816 3604 quos
2847 3532 3036 3606 elegtt,
3070 3533 3167 3588 sed
3197 3533 3254 3588 in
3300 3533 3409 3588 hoc
3455 3533 3803 3604 interpellare

2119 3614 2166 3677 C
2196 3645 2320 3684 eum
2345 3629 2744 3699 diciturUtom.
2779 3632 2921 3700 vm),
2951 3631 3078 3686 dum
3103 3647 3321 3702 semper
3336 3632 3800 3698 Pstribominem,

2199 3735 2361 3790 quem
2393 3719 2654 3790 suscepit,
2687 3719 2843 3790 quasi
2893 3728 3142 3776 nostrum
3199 3721 3402 3792 pignus
3452 3722 3700 3777 ostendit
3751 3730 3806 3778 et

2197 3806 2358 3863 offert
2387 3815 2444 3862 ut
2472 3824 2636 3864 verus
2667 3807 2910 3878 pontifex
2941 3817 2996 3864 et
3023 3817 3289 3865 aeternus.

2272 3935 2294 3963 ι
2331 3915 2455 3987 Ipse
2487 3915 2636 3971 enim
2672 3917 2831 3970 Pater
2859 3925 3004 3971 amat
3031 3932 3150 3985 vos,
3182 3916 3308 3989 quia
3330 3932 3432 3972 vos
3461 3933 3550 3973 me
3575 3919 3804 3974 amastis

2195 4011 2248 4058 et
2279 4003 2608 4071 credidistis,
2642 4004 2770 4076 quia
2795 4020 2900 4076 ego
2933 4021 2962 4058 a
2987 4005 3104 4060 Deo
3131 4005 3300 4060 exivi.
3357 4008 3519 4060 Amat
3557 4022 3666 4062 nos
3695 4007 3801 4061 Pa-

2192 4099 2297 4162 ter,
2331 4092 2456 4164 quia
2489 4108 2595 4148 nos
2625 4108 2875 4148 amamus
2905 4093 3121 4158 Filium,
3166 4109 3290 4150 cum
3330 4109 3365 4150 a
3403 4096 3563 4150 Patre
3591 4104 3650 4151 et
3704 4097 3792 4150 Fi-

2192 4179 2268 4236 lio
2297 4180 2619 4252 accipimus,
2654 4189 2708 4236 ut
2736 4197 2984 4236 amemus
3030 4183 3244 4238 Patrem
3280 4192 3336 4240 et
3396 4183 3615 4251 Filium,
3673 4185 3799 4239 data

2193 4279 2474 4345 charitate,
2508 4295 2609 4350 per
2642 4279 2925 4350 Spiritum,
2976 4281 3253 4352 quomodo
3307 4281 3489 4352 ipsum
3545 4298 3798 4338 amamus

2192 4383 2316 4424 cum
2350 4369 2510 4424 Patre
2540 4376 2590 4424 et
2621 4367 2780 4424 Filio.
2810 4369 2969 4424 Prior
3001 4385 3192 4425 amans
3223 4369 3350 4427 facit
3381 4371 3437 4426 in
3460 4371 3627 4429 nobis
3656 4372 3799 4444 quod

2192 4465 2426 4513 ametur.

2267 4587 2288 4611 οι
2327 4561 2486 4618 Exivi
2515 4563 2752 4633 a‘Patre,
2785 4571 2838 4620 et
2866 4565 2992 4621 veni
3015 4565 3069 4620 in
3091 4565 3370 4636 mundum,
3396 4565 3600 4622 iterum
3632 4566 3800 4623 relin-

2192 4667 2298 4723 quo
2311 4652 2571 4708 mundum
2593 4661 2644 4708 et
2665 4654 2807 4709 vado
2833 4653 2904 4710 ad
2936 4656 3171 4710 Patrem.
3194 4679 3215 4704 »
3249 4656 3385 4710 Exiit
3404 4673 3434 4710 a
3453 4655 3639 4724 Patre,
3674 4657 3798 4728 quia

2189 4741 2258 4796 de
2289 4741 2383 4795 illo
2402 4749 2514 4810 est;
2558 4750 2610 4796 et
2630 4759 2798 4799 carne
2821 4753 3100 4814 assumpta
3124 4744 3518 4800 venitvisibilis
3543 4745 3600 4799 in
3631 4762 3797 4800 mun-

2187 4830 2340 4896 dum,
2359 4846 2468 4884 non
2512 4839 2689 4885 tamen
2710 4832 2973 4888 deserens
2998 4834 3234 4888 Patrem.
3271 4833 3510 4906 Reliquit
3530 4835 3795 4890 mundum

2189 4928 2460 4998 corporali
2490 4928 2859 4994 discessione,
2882 4947 2993 4986 non
3024 4932 3424 5004 gubernatione
3450 4933 3786 5003 praesentiae.

481 4979 685 5069 sortem
715 4979 1112 5087 pertingamus.
1137 4979 1908 5087 Deiteﬁdieitur—in‘“illo‘die,
1950 5019 2078 5091 quia
2106 4979 2159 5039 D
2190 4979 2346 5072 Vadit
2402 5017 2473 5073 ad
2515 5019 2754 5086 Patrem,
2808 4979 2936 5091 quia
2970 4979 3356 5075 hirmanitatem
3397 4979 3796 5077 adrinvisibilia

477 5101 554 5158 ibi
581 5118 688 5159 non
718 5113 844 5160 sunt
874 5104 1117 5160 tenebrae
1153 5120 1552 5192 pressurarum,
1587 5106 1690 5162 sed
1729 5105 1820 5162 lux
1869 5107 2076 5180 sempi-

480 5197 661 5246 terna.
699 5194 933 5249 Possunt
961 5193 1107 5249 idem
1137 5193 1362 5266 spiritus
1387 5193 1694 5252 electorum
1723 5195 1780 5251 in
1818 5194 1911 5252 illa
1956 5212 2074 5254 cm-

479 5286 600 5343 lesti
630 5289 844 5347 civitate
877 5291 1038 5347 etiam
1071 5308 1170 5363 per
1194 5309 1255 5349 se
1283 5301 1492 5366 petere,
1525 5293 1654 5367 quia
1699 5301 1912 5366 tempus
1957 5295 2075 5352 uni-

475 5377 705 5432 versalis
729 5379 916 5447 judicii
941 5381 1125 5436 venire
1148 5382 1486 5451 desiderant,
1511 5391 1568 5438 ut
1597 5383 1759 5440 etiam
1780 5400 2073 5456 corporum

478 5464 864 5522 beatitudinem
897 5468 1186 5539 recipiant.
1219 5471 1372 5528 Unde
1402 5473 1649 5529 Joannes
1698 5473 1772 5528 ait
1803 5490 1816 5528 :
1877 5497 1899 5523 α
1951 5475 2072 5530 Vidi

478 5555 578 5610 sub
607 5555 776 5611 altare
807 5555 907 5611 Dei
937 5557 1146 5612 animas
1195 5561 1506 5616 occisorum
1565 5571 1787 5634 propter
1841 5564 2069 5620 verbum

475 5652 598 5722 Dei,
629 5660 685 5710 et
711 5663 931 5728 propter
958 5655 1329 5712 testimonium
1363 5659 1507 5730 quod
1538 5660 1827 5729 habebant,
1852 5671 1905 5719 et
1925 5664 2070 5720 clara

474 5758 610 5801 voce
637 5742 927 5803 dicebant:
958 5766 982 5794 α
1005 5745 1320 5817 Usquequo,
1346 5747 1598 5816 Domine,
1618 5757 1840 5808 sanctus
1877 5767 1910 5809 e
1957 5763 2071 5811 Ive-

2183 5114 2429 5178 paternaa
2462 5107 2766 5176 majestati‘s
2797 5108 3038 5163 adduxit.
3073 5108 3309 5180 Reliquit
3337 5110 3624 5178 mundum,
3665 5111 3795 5182 quia

2182 5195 2252 5250 ab
2277 5205 2500 5266 aspectu
2531 5205 2839 5252 amatorum
2885 5197 3073 5253 mundi
3110 5198 3258 5270 quod
3300 5197 3567 5254 viderunt
3601 5199 3794 5255 abstn-

2183 5283 2264 5342 lit.
2295 5283 2453 5341 Redit
2481 5284 2552 5339 ad
2582 5285 2820 5353 Patrem,
2855 5286 2983 5358 quia
3009 5287 3345 5343 amatoribus
3383 5287 3500 5343 suis
3539 5304 3603 5344 se
3651 5289 3791 5344 Patri

2181 5373 2450 5446 aequalem
2481 5373 2822 5430 credendum
2851 5375 3056 5431 docuit.

2257 5512 2279 5536 ιι
2324 5487 2518 5545 Dicunt
2549 5488 2597 5543 ei
2626 5488 2879 5560 discipuli
2910 5491 3035 5558 ejus
3069 5507 3082 5544 ε
3118 5491 3264 5548 Ecce
3289 5506 3435 5548 nunc
3478 5491 3663 5563 palam
3705 5493 3786 5549 lo-

2181 5578 2389 5651 queris,
2423 5585 2476 5632 et
2504 5579 2854 5648 proverbium
2884 5579 3093 5634 nullum
3152 5580 3308 5636 dicis.
3363 5581 3524 5637 Nunc
3582 5582 3790 5638 scimus

2180 5667 2304 5738 quia
2335 5667 2443 5723 scis
2478 5667 2678 5735 omnia,
2712 5675 2766 5723 et
2795 5683 2903 5723 non
2935 5685 3073 5739 opus
3104 5677 3186 5724 est
3218 5669 3312 5723 tibi
3343 5678 3399 5724 ut
3429 5671 3555 5742 quis
3600 5682 3656 5726 te
3704 5671 3790 5725 in-

2179 5763 2449 5830 terroget.
2487 5759 2550 5814 ln
2578 5757 2688 5815 hoc
2717 5757 3014 5826 credimus,
3050 5757 3174 5831 quia
3202 5773 3234 5815 a
3263 5759 3383 5816 Deo
3399 5759 3590 5817 existi.
3628 5783 3652 5809 ι
3681 5762 3786 5816 Pa-
