4042 6080
373 205 476 258 957
1321 201 1900 260 DEFLORATIONES
1939 204 1969 260 Ξ

2079 206 2376 269 ΡΑΤΙῖυΜ.
2415 242 2487 253 -
2523 213 2649 268 LIB.
2692 217 2712 271 Ι
3568 213 3669 266 958

365 325 476 384 lam
506 325 653 399 loqui
695 327 955 400 putabant
998 325 1152 399 cujus
1199 327 1456 399 mysteria
1502 327 1962 398 comprehendere
2075 329 2178 389 bus
2203 335 2375 393 noctis
2404 337 2640 395 tenebris
2668 315 2740 396 ea
2762 356 2882 412 qum
2921 337 3280 412 aspiciebatur
3325 333 3668 405 subtrahitur,

372 433 484 473 non
530 418 802 474 valebant.
846 421 1044 489 Aperte
1095 417 1379 473 ostendunt
1422 417 1548 488 quia
1591 419 1852 474 Dominus
1881 419 1968 474 lo-
2077 431 2131 480 et
2171 426 2321 495 quasi
2365 427 2602 498 quotidie
2649 430 2882 503 resurgit
2937 430 3066 484 dum
3116 428 3210 483 lux
3258 425 3456 494 ablata,
3503 423 3670 482 oculis

370 505 635 576 quebatur
661 507 727 563 de
762 507 843 562 his
872 523 992 578 quae
1033 507 1153 563 illos
1194 506 1500 562 delectabat
1528 507 1734 588 audire,
1768 515 1820 562 et
1849 525 1969 578 quae
2075 529 2380 586 suppressa,
2435 516 2627 572 iterum
2685 526 2839 574 nocte
2896 524 3198 591 reparatur.
3263 516 3364 570 Per
3396 519 3670 569 momenta

367 603 698 676 interrogare
747 605 1019 661 volebant.
1073 603 1224 660 Unde
1248 603 1422 658 Deum
1473 619 1589 659 esse
1642 603 1958 662 credebant.
2077 626 2288 682 quoque
2319 620 2618 684 temporum
2648 615 2916 670 cemimus
2955 615 3172 670 arbusta
3220 611 3544 669 viriditatem
3576 610 3667 666 f0-

366 690 624 759 Apertum
672 705 906 762 namque
973 688 1268 746 divinitatis
1314 687 1571 744 indicium
1629 697 1710 744 est
1754 689 1967 762 cogita-
2074 698 2269 754 liorum
2313 702 2575 768 amittere,
2607 719 2637 758 a
2687 703 2952 758 fructuum
3003 701 3300 774 prolatione
3329 716 3563 756 cessare.
3597 699 3670 754 Et

366 787 572 844 tionum
603 802 758 841 nosse
788 793 1010 843 secreta.
2075 803 2199 844 ecce
2230 791 2378 859 quasi
2411 800 2757 847 exarescente
2804 792 2982 848 subito
3028 792 3200 864 ligno,
3242 790 3388 846 velut
3434 787 3666 859 quadam

438 885 515 942 De
532 885 726 942 ordine
749 882 1180 956 resurgendi,et
1195 884 1556 958 qualiteraut
1577 883 1770 960 qualia
1790 899 1969 941 rerur-
2073 888 2461 944 resurrectione
2490 889 2756 953 veniente,
2789 889 3036 944 videmus
3066 889 3196 944 folia
3234 903 3532 958 erumpere,
3557 886 3667 941 fru-

369 977 512 1044 gant
540 989 799 1047 corpora.
2073 983 2188 1032 ctus
2215 975 2594 1048 grandescere,
2627 984 2676 1033 et
2707 986 2873 1034 totam
2921 979 3170 1034 arborem
3202 977 3443 1033 redivivo
3474 975 3666 1034 decore

435 1071 702 1142 Propheta
731 1070 930 1126 Isaias:
969 1093 990 1118 α
1025 1070 1350 1143 Resurgent,
1402 1069 1596 1141 inquit,
1635 1070 1830 1126 mortui
1858 1084 1872 1138 ;
1915 1076 1968 1126 et
2073 1066 2274 1121 vestiri.
2308 1066 2415 1122 Sed
2443 1082 2568 1122 ecce
2599 1067 3044 1123 resurrectionem
3075 1066 3272 1136 audio;
3307 1063 3555 1126 eﬁ'ectum
3587 1072 3664 1122 ta-

363 1168 648 1231 resurgent
693 1159 782 1230 qui
812 1158 1041 1214 erantin
1070 1159 1330 1231 sepulcris
1365 1161 1495 1231 (Isa.
1544 1160 1719 1230 xxvx).
1757 1180 1779 1207 ι
1813 1158 1967 1216 Unde
2073 1178 2199 1218 men
2247 1162 2414 1234 ipsius
2464 1163 2867 1219 resurrectionis
2913 1163 3155 1234 exquiro.
3215 1161 3386 1218 Credo
3434 1175 3665 1230 namque

363 1249 694 1319 Apostolus:
727 1271 749 1297 «
782 1251 905 1320 Ipse
948 1249 1212 1304 Dominus
1239 1249 1294 1304 in
1317 1248 1491 1317 jussu,
1527 1255 1577 1303 et
1606 1248 1662 1302 in
1691 1263 1822 1304 voce
1869 1249 1967 1302 ΛΓ-
2073 1251 2217 1322 quod
2245 1259 2636 1307 resurrecturus
2670 1269 2810 1320 sum,
2851 1252 2947 1308 sed
2991 1253 3115 1308 volo
3145 1259 3204 1307 ut
3230 1251 3446 1306 audiam
3484 1248 3664 1319 quali-

362 1337 636 1411 changeli,
662 1345 715 1393 et
736 1338 791 1392 in
812 1338 939 1393 tuba
977 1337 1075 1393 Dei
1117 1338 1404 1393 descendet
1425 1337 1489 1393 de
1511 1338 1669 1406 coelo,
1697 1345 1747 1393 et
1770 1335 1966 1393 mortui
2074 1347 2170 1395 ter.
2206 1339 2496 1396 Sciendum
2526 1341 2726 1412 quippe
2756 1341 2887 1396 mihi
2909 1349 2986 1396 est
3007 1348 3182 1396 utrum
3210 1339 3265 1394 in
3293 1339 3525 1409 quodam
3557 1336 3665 1393 alio

367 1428 458 1499 qui
489 1427 542 1481 in
573 1426 780 1493 Christo
809 1434 930 1482 sunt
977 1433 1261 1498 resurgant
1290 1428 1473 1496 primi.
1515 1427 1722 1482 Deinde
1751 1443 1850 1481 nos
1877 1425 1964 1480 vi-
2071 1429 2253 1484 subtili
2283 1428 2508 1485 fortasse
2538 1430 2623 1485 vel
2654 1431 2820 1498 aerio,
2870 1447 2939 1486 an
2971 1430 3026 1485 in
3060 1445 3124 1485 eo
3174 1444 3279 1499 quo
3319 1443 3511 1483 maneo
3541 1441 3665 1483 cor-

365 1534 572 1593 ventes,
598 1524 686 1594 qui
707 1524 898 1594 reliqui
926 1541 1124 1586 sumus.
1157 1524 1400 1580 similiter
1419 1540 1539 1580 cum
1563 1525 1666 1578 illis
1693 1523 1966 1595 rapiemur
2072 1543 2204 1598 pore
2247 1544 2487 1600 surgam.
2543 1527 2650 1584 Sed
2697 1527 2738 1582 si
2787 1527 2842 1582 in
2889 1528 3034 1584 aerio
3080 1542 3306 1597 corpore
3365 1539 3662 1591 surrexero,

363 1613 421 1670 in
451 1613 686 1668 nubibus
707 1613 922 1668 obviam
947 1613 1153 1669 Christo
1177 1614 1230 1667 in
1252 1629 1395 1682 aera,
1428 1621 1479 1670 et
1497 1613 1568 1667 ita
1589 1629 1708 1668 cum
1731 1613 1963 1668 Domino
2018 1687 2026 1690 Α
2066 1615 2182 1686 jam
2204 1632 2308 1689 ego
2329 1632 2438 1673 non
2459 1633 2551 1672 ero
2574 1617 2664 1688 qui
2685 1633 2930 1690 resurgo.
2975 1619 3116 1675 Nam
3153 1615 3423 1687 quomodo
3439 1620 3518 1668 est
3536 1627 3665 1670 vera

364 1703 565 1760 erimus
585 1703 658 1773 (II
675 1701 972 1773 Thess.iv).
1013 1725 1034 1750 υ
1059 1702 1189 1757 Haac
1210 1702 1374 1759 verba
1404 1703 1698 1772 apostolica
1721 1719 1963 1757 resurre-
1991 1687 2044 1750 Β
2073 1687 2408 1776 resurrectio,
2457 1706 2503 1762 si
2541 1687 2671 1762 vera
2714 1687 2862 1762 noni
2883 1707 3113 1778 poluerit
3163 1720 3288 1762 caro
3349 1720 3463 1759 esse
3501 1717 3654 1758 caro.

360 1801 595 1858 ctionem
625 1807 958 1856 mortuorum
1007 1799 1260 1866 futuram,
1311 1800 1735 1870 quandoveniet
1776 1800 1960 1870 utique
2066 1806 2265 1876 Aperta
2309 1820 2440 1877 ergo
2485 1805 2622 1859 ratio
2664 1804 2910 1877 suggerit
2951 1805 3096 1875 quia,
3146 1804 3190 1858 si
3220 1819 3348 1859 vera
3389 1816 3515 1858 caro
3553 1815 3665 1856 non

361 1889 603 1946 Christus
621 1887 689 1944 ad
720 1889 871 1943 vivos
918 1896 969 1945 et
1017 1896 1257 1944 mortuos
1280 1887 1622 1960 iudicandos,
1655 1889 1958 1960 prmelaris-
2066 1893 2243 1960 fuerit,
2275 1893 2463 1962 procul
2508 1892 2673 1949 dubio
2719 1895 3037 1950 resurrectio
3081 1909 3208 1949 vera
3235 1908 3345 1948 non
3383 1891 3508 1946 erit.
3543 1889 3660 1945 Ne-

357 1980 495 2034 sime
523 1977 830 2033 ostendunt.
872 1976 979 2033 Sed
1009 1978 1174 2050 quaeri
1222 1979 1359 2033 solet
1397 1985 1572 2033 utrum
1605 1977 1679 2033 illi
1710 1993 1844 2048 quos
1873 1977 1960 2033 hic
2067 1999 2171 2053 que
2199 1981 2344 2042 enim
2374 1991 2519 2038 recta
2549 1983 3002 2041 resurrectioadici
3031 1989 3204 2054 potest
3223 1980 3316 2036 ubi
3353 1995 3461 2035 non
3491 1977 3662 2049 surgit

357 2077 602 2140 viventes
639 2075 951 2130 inventurus
972 2083 1051 2130 est
1073 2075 1332 2142 Christus,
1372 2091 1597 2145 quorum
1627 2091 1884 2145 personas
1903 2075 1959 2129 in
2067 2071 2209 2142 quod
2237 2071 2508 2127 ceciderit.
2540 2071 2693 2127 Unde
2723 2072 2885 2128 etiam
2934 2072 3263 2142 Redemptor
3291 2066 3660 2127 noster-dubi-

357 2183 436 2234 se,
462 2173 622 2235 atque
642 2165 762 2220 illos
783 2164 871 2235 qui
894 2171 1019 2220 tunc
1052 2181 1233 2219 secum
1269 2164 1526 2220 vivebant
1547 2164 1959 2236 transﬁgurabat
2067 2160 2300 2216 tantibus
2329 2160 2396 2215 de
2423 2177 2519 2216 sua
2547 2161 2935 2217 resurrectione
2966 2160 3249 2230 discipulis
3276 2157 3508 2216 ostendit
3532 2172 3656 2211 ma-

353 2254 666 2325 Apostolus,
707 2270 982 2323 nunquam
1039 2254 1259 2310 omnino
1304 2253 1544 2309 morituri
1585 2261 1725 2322 sunt,
1751 2271 1820 2309 an
1840 2254 1956 2326 ipso
2065 2265 2164 2304 nus
2193 2256 2245 2304 et
2273 2249 2443 2318 latus;
2476 2250 2748 2320 palpanda
2799 2265 2921 2305 ossa
2948 2257 3004 2304 et
3030 2265 3247 2305 carnem
3284 2245 3534 2317 praebuit,
3566 2243 3656 2300 di-

356 2342 618 2414 ,temporis
663 2349 860 2414 puncto
917 2357 1022 2412 quo
1071 2359 1192 2397 curn
1241 2343 1644 2415 resurgentibus
1683 2343 1958 2414 rapientur
2064 2355 2236 2394 cens:
2275 2363 2297 2387 α
2332 2339 2552 2411 Palpate
2581 2346 2634 2394 et
2691 2339 2870 2395 videte
2913 2337 3038 2409 quia
3087 2337 3316 2409 Spiritus
3358 2349 3574 2391 carnem
3605 2338 3659 2388 et

357 2430 415 2488 in
445 2432 676 2487 nubibus
705 2430 923 2487 obviam
955 2431 1161 2487 Christo
1190 2431 1246 2486 in
1267 2448 1392 2486 aera
1412 2432 1478 2486 ad
1500 2432 1956 2487 immortalitatem
2064 2454 2186 2494 ossa
2240 2454 2350 2494 non
2405 2438 2594 2509 habet,
2643 2438 2782 2495 sicut
2835 2452 2924 2494 me
2969 2436 3165 2494 videtis
3230 2434 3430 2493 habere
3485 2434 3648 2504 (Luc.

357 2546 458 2602 per
485 2538 712 2586 mortem
742 2529 879 2584 mira
908 2529 1178 2585 celeritate
1226 2529 1544 2585 transibunt.
1578 2529 1634 2586 Si
1665 2546 1795 2603 ergo
1824 2546 1956 2585 san-
2061 2529 2226 2600 xxu).
2263 2551 2286 2577 ι

357 2627 474 2684 ctos
529 2618 618 2689 qui
677 2617 1030 2689 reperientur,
1089 2619 1297 2674 Christo
1354 2619 1630 2688 veniente,
1689 2619 1953 2689 viventes,

2131 2634 2251 2689 Jam
2281 2648 2410 2692 vero
2461 2633 2529 2689 de
2569 2633 2959 2690 resurrectione
3013 2631 3206 2700 carnis,
3239 2646 3348 2688 non
3375 2629 3512 2686 sicut
3538 2628 3657 2700 qui-

363 2709 519 2778 eique
539 2707 756 2764 obviam
778 2707 1070 2779 rapientur,
1095 2707 1492 2764 credideremus
1512 2707 1568 2763 in
1588 2707 1779 2764 eodem
1799 2715 1956 2780 raptu
2061 2722 2188 2778 dum
2241 2723 2568 2791 revixerunt,
2644 2723 2944 2792 net-umque
2999 2729 3122 2777 sum
3173 2719 3390 2790 monui,
3437 2718 3544 2774 sed
3599 2717 3658 2774 in

358 2807 428 2863 de
490 2805 809 2861 mortalibus
873 2804 1190 2875 corporibus
1245 2805 1501 2874 exituros,
1551 2813 1605 2860 et
1649 2804 1717 2860 ad
1765 2806 1954 2861 eadem
2061 2821 2315 2868 eternam
2337 2813 2502 2869 vitam
2521 2812 2656 2868 sicut
2676 2811 2866 2868 Christi
2905 2811 3071 2882 ipsius
3089 2809 3426 2878 resurrectio,
3458 2822 3655 2878 quem-

356 2911 486 2951 mox
515 2892 841 2950 immortalia
887 2895 1169 2961 redituros,
1218 2895 1392 2950 nullas
1420 2894 1474 2948 in
1519 2895 1698 2949 verbis
1727 2894 1954 2966 apostoli
2061 2911 2352 2967 admodum
2399 2911 2726 2981 ροεείδίιίιει-
2769 2910 2838 2966 sit
2882 2910 3175 2980 disputare,
3226 2916 3279 2964 ει
3306 2908 3362 2962 in
3404 2904 3656 2962 omnibus

361 2985 630 3058 patiemur
649 2983 946 3056 angustias,
969 2983 1081 3038 sive
1109 2983 1199 3038 ubi
1229 2983 1386 3038 dicit:
1416 3004 1438 3034 ι
1465 2985 1542 3038 Τυ
1560 2983 1702 3054 quod
1722 2983 1956 3040 seminas
1985 3033 2029 3070 ﬂ.
2063 3000 2449 3070 quaestionibus
2503 3015 2620 3070 qua,
2657 3000 2724 3055 de
2771 3001 2872 3055 huc
2897 3016 2956 3055 ru
3001 2999 3209 3055 moveri
3237 2998 3413 3053 solum
3436 2995 3655 3051 εειίεῖα-

361 3055 470 3128 non
503 3072 876 3140 viviﬁcabitur,
928 3071 1028 3128 nisi
1052 3072 1198 3144 prius
1226 3072 1484 3128 moriatur
1512 3073 1561 3140 (I
1588 3073 1708 3128 Cor.
1745 3073 1837 3140 xv)
1873 3088 1885 3142 ;
1925 3097 1946 3122 η

2059 3105 2180 3146 cere
2230 3105 2338 3145 non
2389 3089 2626 3146 invenio.
2689 3089 3128 3145 Resurrecturam
3187 3096 3367 3144 tamen
3411 3084 3653 3141 omnium

354 3163 470 3218 sive
500 3161 592 3216 ubi
621 3161 783 3216 dicit:
823 3184 845 3211 «
882 3159 1084 3216 Omnes
1112 3177 1472 3234 resurgemus,
1499 3169 1589 3216 aut
1617 3178 1804 3216 omnes
1832 3161 1955 3216 dor-
2059 3194 2273 3234 curuum
2331 3179 2635 3249 quicunque
2691 3178 2801 3234 uati
2848 3195 3058 3244 sumus,
3118 3185 3172 3233 οι
3237 3181 3540 3242 nascuntur,
3602 3179 3656 3226 ει

353 3250 1012 3322 ωἰετηιιε(⁴ἱὺὶά-)νυ(ιυῖδ
1033 3267 1132 3306 nec
1168 3250 1360 3320 imper
1391 3251 1843 3308 immortalitatem
1865 3249 1950 3306 "i‘
2059 3267 2254 3323 mortui
2311 3275 2433 3322 sunt
2489 3275 2542 3323 et
2597 3268 2893 3324 morientur
2955 3266 3270 3322 nullomodo
3327 3262 3655 3321 Christianus

353 3349 729 3417 viﬁcabuntur,
781 3349 881 3404 nisi
922 3348 1217 3420 quamlibet
1261 3349 1556 3421 paululum,
1623 3357 1799 3404 tamen
1830 3356 1954 3405 ante
2059 3365 2303 3421 dubitare
2351 3365 2535 3420 debet.
2591 3365 2742 3422 Unde
2790 3364 2966 3436 primo
3013 3364 3243 3420 occurrit
3283 3361 3352 3418 de
3398 3359 3655 3417 abortivis

353 3439 668 3495 moriantur.
730 3441 805 3494 Ac
851 3454 950 3508 per
996 3441 1098 3494 hoc
1147 3455 1178 3493 a
1220 3439 1603 3494 resurrectione
1650 3454 1758 3494 non
1801 3447 1949 3496 erunt

2061 3453 2257 3509 fetibus
2286 3455 2508 3525 quastio
2539 3454 2630 3526 qui
2653 3454 2770 3524 jam
2811 3454 3026 3526 quidem
3077 3453 3188 3508 nati
3224 3459 3346 3506 sunt
3393 3449 3448 3505 in
3491 3447 3654 3504 uteris

355 3529 516 3584 alieni
547 3545 708 3599 quam
739 3527 1062 3583 dormitione
1101 3527 1433 3597 praecedunt,
1469 3527 1711 3597 quamvis
1739 3527 1951 3582 brevis-
2059 3533 2310 3612 matrum,
2337 3544 2433 3598 sed
2463 3543 2702 3598 nondum
2749 3543 2822 3598 ita
2859 3542 2991 3612 nali,
3036 3550 3094 3597 ut
3120 3543 3234 3612 jam
3256 3539 3459 3613 possim
3488 3553 3653 3594 rem-

352 3626 512 3692 είτηθν
545 3642 653 3681 Ποῖ)
681 3632 862 3680 tamen
892 3626 1058 3682 “Ulla-
1113 3625 1399 3696 QUOmOdO
1431 3633 1608 3681 amem
1638 3626 1950 3699 lmemgen'
2057 3641 2152 3697 sci.
2187 3641 2242 3698 Si
2274 3649 2659 3698 resurrecturos
2699 3658 2791 3697 eos
2836 3640 3150 3707 dixerimus,
3197 3638 3264 3696 de
3293 3632 3510 3708 his’qui
3535 3636 3650 3707 jam

353 3713 481 3769 dum
539 3714 607 3769 δίῐ
681 3714 823 3786 (ἰυοά
879 3713 1157 3784 ’δεΓίΡῙ-υῐη
1217 3723 1339 3769 es“
1392 3715 1553 3769 ViVOS
1607 3722 1659 3770 θῑ
1713 3723 1952 3772 mortuos
2056 3731 2270 3787 formati
2318 3738 2459 3798 sunt,
2513 3731 2724 3787 tolerari
2780 3739 2953 3802 potest
3005 3739 3290 3800 utrumque
3337 3725 3480 3799 quod
3510 3725 3651 3781 dici-

351 3803 804 3873 Deusju‘licabi'n
835 3803 1131 3859 Videndum
1182 3803 1298 3859 εΓίί·
1351 3803 1572 3858 DUObUS
1600 3804 1775 3858 mOdiS
1803 3804 1949 3859 θεοί·
2057 3827 2158 3874 tur.
2214 3819 2482 3876 Informes
2536 3836 2664 3876 vero
2712 3819 2986 3875 abortivos
3033 3819 3152 3891 quis
3204 3834 3312 3872 non
3362 3815 3651 3888 proclivius

355 3981 922 4080 biliosiiniemgimus
962 3997 1096 4080 qu,“
1135 3981 1223 4035 hic
1261 3981 1510 4080 Pondum
1557 3990 1814 4080 mortui”,
1853 3981 1948 4080 se.“
2055 3981 2252 4062 fuerint
2272 4008 2299 4060 ε)
2328 4007 2436 4061 Sed
2466 3981 2667 4080 negare
2697 4007 2815 4077 quis
2843 4007 3054 4072 audeat,
3079 3981 3144 4060 -et
3170 4003 3213 4058 si
3245 3981 3509 4058 afﬁrmare
3539 4016 3648 4055 non

351 4069 526 4125 adhuc
555 4070 608 4124 in
640 4071 739 4164 ista
769 4086 928 4125 carne
987 4070 1230 4164 viventes
1247 4070 1570 4164 inventurus
1599 4078 1679 4125 est
1697 4070 1822 4164 ejus
1852 4069 1949 4126 ad-
2051 4096 2263 4164 audeat,
2322 4095 2376 4150 id
2434 4069 2673 4150 aegram
2712 4069 3218 4162 'resurrectiunem’
3276 4099 3333 4146 ut
3389 4089 3648 4161 quidquid

353 4164 577 4226 "emus;
624 4159 738 4214 sive
788 4165 1026 4214 mortuos
1084 4159 1173 4228 qui
1230 4158 1297 4213 de
1362 4174 1589 4230 corpore
1631 4159 1939 4230 priusquam
2053 4158 2259 4240 formae,
2289 4183 2460 4239 defuit
2506 4185 2820 4254 impleatur,
2879 4191 3037 4254 atque
3086 4183 3159 4237 ita
3203 4158 3261 4236 ut
3291 4181 3357 4235 sit
3386 4158 3645 4252 perfectio

345 4255 525 4313 veniat
557 4254 801 4310 exierunt
827 4257 912 4310 vel
942 4255 1134 4310 exituri
1181 4262 1302 4310 sunt
1327 4269 1340 4322 ;
1373 4271 1467 4310 seu
1515 4255 1670 4310 vivos
1692 4256 1864 4326 justos
1894 4263 1946 4310 et
2053 4298 2171 4352 qua,
2200 4297 2476 4336 accessum
2509 4288 2622 4336 erat
2645 4288 2906 4352 tempore,
2931 4278 3386 4351 quemadmodum
3412 4293 3518 4333 non
3549 4274 3648 4332 erit

349 4351 589 4399 mortuos
635 4344 875 4412 injustos,
927 4343 1201 4414 quomodo
1235 4343 1367 4414 justi
1402 4343 1740 4414 judicabunt,
1774 4351 1825 4399 et
1853 4344 1942 4400 in-

2050 4370 2236 4427 vitiata
2285 4387 2404 4440 qua:
2433 4370 2714 4426 accesserit
2744 4379 3004 4440 tempore,
3036 4378 3095 4424 ut
3125 4386 3299 4440 neque
3331 4367 3387 4423 in
3406 4383 3470 4423 eo
3501 4363 3645 4437 quod

353 4431 364 4443 .
461 4432 473 4444 .
505 4431 517 4444 .
600 4432 610 4442 .
2063 4417 2236 4427 .-π--
2287 4417 2403 4440 την
2434 4417 2714 4426 ..νηηηη
2746 4417 3004 4440 .ν.-.ι,--ν,
3042 4417 3095 4424 _-
3127 4417 3296 4440 ..-Ὶη
3410 4417 3465 4423 η

342 4439 474 4503 Jus“
503 4431 880 4502 iudicabuntur
907 4433 936 4486 ?
1967 4417 2021 4479 D
2055 4468 2239 4529 aptum
2277 4467 2331 4514 et
2369 4459 2727 4532 incongruum
2771 4459 2885 4515 dies
2933 4459 3142 4514 allaturi
3189 4459 3417 4526 fuerant,
3457 4462 3647 4512 natura

417 4539 882 4594 Resurrectionem
941 4554 1152 4610 quoque
1201 4554 1506 4609 corporum,
1576 4539 1803 4609 qualiter
1857 4547 1947 4595 aut

2054 4557 2346 4625 fraudetur,
2381 4574 2552 4627 neque
2582 4557 2635 4611 in
2667 4573 2730 4612 eo
2761 4557 2905 4627 quod
2938 4556 3218 4614 adversum
3252 4564 3303 4611 et
3322 4554 3645 4610 contrarium

350 4629 529 4699 (ιιιειιία
557 4636 856 4702 resurgam:
889 4627 1130 4684 nonnum
1163 4645 1319 4700 P0559
1351 4627 1465 4682 ﬁeri
1494 4628 1797 4700 desperant:
1823 4646 1948 4685 Cum
2054 4647 2168 4701 dies
2200 4647 2429 4701 attulerit
2458 4655 2646 4701 natura
2692 4654 2972 4718 turpetur;
3023 4646 3117 4702 sed
3164 4645 3459 4717 integretur
3503 4640 3644 4712 quod

348 4728 452 4783 hoc
509 4727 869 4794 considerant,
929 4727 1072 4798 quod
1147 4726 1364 4799 spiritus
1409 4742 1441 4782 a
1488 4743 1647 4782 carne
1701 4727 1944 4797 solvitur,
2053 4736 2293 4791 nondum
2352 4744 2465 4791 erat
2518 4736 2807 4808 integrum,
2866 4735 3001 4791 sicut
3053 4734 3453 4798 restaurabitur,
3501 4729 3645 4800 quod

347 4823 492 4896 quod
519 4841 643 4881 caro
671 4824 724 4879 in
752 4825 1088 4897 putredinem
1137 4825 1380 4891 vertitur,
1434 4822 1578 4896 quod
1615 4824 1840 4894 putredo
1889 4825 1943 4880 in

2052 4831 2290 4888 nondum
2337 4831 2509 4886 fuerat
2553 4831 2820 4888 vitiatum.
2870 4833 3045 4901 Super
3069 4834 3173 4887 hoc
3215 4829 3417 4887 scilicet
3443 4827 3511 4883 de
3538 4827 3641 4882 ab-

345 4922 623 4996 pulverem
652 4923 934 4998 redigitur,
985 4921 1128 4995 quod
1175 4922 1352 4995 pulvis
1381 4921 1436 4977 in
1466 4922 1746 4977 elementis
1779 4923 1944 4979 solvi-
2049 4920 2235 4977 ortivis
2262 4927 2314 4976 et
2342 4921 2592 4975 monstris
2618 4928 2796 4976 utrum
2841 4927 3141 4992 resurgant,
3175 4927 3227 4974 et
3255 4917 3437 4990 qualia
3470 4931 3646 4972 resur-

343 5019 446 5080 tur,
476 5018 536 5067 ut
563 5027 902 5083 nequaquam
947 5011 1017 5068 ab
1061 5011 1312 5068 humanis
1358 5010 1526 5067 oculis
1570 5009 1836 5080 videatur,
1868 5019 1938 5082 et,
2047 5025 2198 5091 gant,
2255 5017 2730 5091 scrupulosissime
2788 5018 3005 5089 quidem
3085 5018 3224 5072 inter
3303 5013 3644 5072 doctissimos

340 5108 471 5164 dum
502 5108 651 5166 arida
678 5125 799 5166 ossa
827 5102 1136 5180 inspiciunt,
1177 5109 1293 5166 haec
1320 5108 1504 5168 vestiri
1541 5109 1790 5165 carnibus
1815 5108 1940 5165 rur-
2047 5107 2215 5178 qumri
2243 5108 2397 5176 solet,
2431 5114 2485 5163 et
2514 5107 2773 5178 disputari
2803 5113 3006 5179 potest.
3045 5105 3202 5176 Quod
3231 5113 3406 5161 utrum
3437 5104 3507 5160 ab
3533 5105 3609 5159 ho

337 5221 565 5277 sumque
583 5205 653 5261 ad
672 5205 838 5262 vitam
859 5205 1180 5263 viridescere
1220 5223 1376 5279 posse
1410 5204 1719 5261 diﬁiduntur
1739 5221 1754 5276 ;
1777 5212 1829 5262 et
1848 5206 1939 5279 qui
2045 5203 2191 5260 mine
2221 5201 2450 5262 inveniri
2481 5205 2650 5276 possit
2675 5204 2888 5278 ignem,
2922 5204 3137 5274 quando
3168 5203 3356 5274 incipit
3382 5204 3545 5260 homo
3584 5202 3644 5261 in

334 5296 736 5351 resurrectionis
764 5295 927 5352 ﬁdem
958 5312 1026 5350 ex
1055 5295 1364 5352 obedientia
1412 5311 1521 5352 non
1562 5303 1764 5366 tenent,
1796 5303 1940 5352 certe
2043 5307 2194 5356 utero
2224 5301 2425 5370 vivere,
2461 5308 2639 5356 utrum
2667 5301 2735 5356 sit
2781 5301 3030 5373 quaedam
3084 5301 3196 5358 vita
3240 5300 3469 5370 occulta,
3519 5313 3641 5372 qua:

335 5396 474 5450 hanc
503 5410 566 5450 ex
597 5394 805 5451 ratione
836 5403 1016 5451 tenere
1045 5390 1362 5451 debuerunt.
1397 5395 1538 5466 Quid
1567 5397 1710 5453 enim
1753 5397 1937 5468 quoti-
2045 5397 2284 5453 nondum
2314 5398 2549 5454 motibus
2580 5397 2810 5456 viventis
2839 5405 3130 5471 appareat;
3171 5414 3296 5454 nam
3328 5415 3528 5472 negare
3557 5398 3638 5454 vi-

335 5493 444 5571 die,
475 5494 576 5548 nisi
605 5495 1052 5552 resurrectionem
1097 5503 1333 5550 nostram
1365 5496 1421 5550 in
1451 5497 1729 5553 elementis
1772 5513 1936 5552 mun—
2041 5495 2182 5551 xisse
2213 5497 2518 5569 puerperia,
2552 5515 2673 5568 quae
2702 5505 2987 5570 propterea
3016 5498 3360 5554 membratim
3384 5513 3638 5553 exsecan-

333 5591 433 5646 dus
461 5591 737 5647 imitatur?
784 5593 885 5648 Per
931 5591 1242 5663 quotidiana
1292 5592 1493 5664 quippe
1538 5601 1814 5650 momenta
1844 5594 1935 5651 lux
2044 5601 2128 5649 tur
2145 5601 2198 5649 et
2225 5593 2512 5664 ejiciuntur
2552 5613 2620 5650 ex
2667 5596 2830 5652 uteris
2883 5597 3260 5671 praegnantim,
3312 5613 3380 5654 ne
3410 5603 3634 5653 matrem

332 5687 452 5762 ipsa
477 5689 790 5765 temporalis
835 5689 989 5763 quasi
1029 5690 1274 5760 moritur,
1325 5689 1455 5748 dum
1497 5691 1932 5767 supervenienti-
2045 5707 2260 5768 quoque
2284 5692 2330 5751 si
2377 5700 2590 5756 mortua
2616 5694 2692 5751 ibi
2741 5695 3110 5768 relinquantur
3154 5694 3418 5763 occidant,
3450 5693 3634 5766 impué
