3986 6070
404 155 510 210 959

1542 155 1881 210 WERNERI
1920 154 2204 211 ABBATIS
2244 156 2300 211 S.
2337 156 2556 232 BLASIl

3609 160 3717 214 960

399 277 578 333 dentia
610 278 775 333 nimia
802 276 1030 334 videtur.
1065 279 1145 334 Ex
1175 294 1280 350 quo
1311 285 1489 334 autem
1523 279 1709 351 incipit
1728 282 1890 335 homo
1913 278 1992 332 vi-
2022 279 2075 338 Α
2104 286 2403 344 revocetur,
2437 285 2654 333 curante
2683 276 2898 334 artificis
2944 277 3284 350 providentia
3328 295 3400 336 ne
3447 279 3580 351 quid
3632 281 3718 334 in-

399 383 545 435 vere,
579 384 645 422 ex
676 367 768 421 illo
797 366 980 437 utique
1005 367 1121 437 jam
1152 367 1288 422 mori
1336 374 1529 439 potest.
1581 369 1817 423 Mortuus
1865 382 1992 422 vero
2027 365 2038 391 ·’

397 455 701 525 ubicunque
730 471 877 510 mors
905 457 981 510 illi
1012 457 1185 526 potuit
1216 457 1451 525 evenire,
1478 458 1747 527 quomodo
1795 457 1863 512 ad
1910 473 1994 510 re-

398 545 780 598 surrectionem
845 553 1176 600 mortuorum
1242 561 1350 600 non
1416 547 1697 617 pertineat,
1760 545 1996 616 reperire

397 647 507 687 non
534 648 772 703 possum.
805 633 992 703 Neque
1022 635 1164 689 enim
1197 642 1434 690 monstra
1464 652 1584 705 qua
1622 642 1907 690 nascuntur
1943 642 1996 688 et

397 726 602 796 vivunt,
637 729 934 798 quamlibet
976 729 1080 784 cito
1118 730 1434 797 moriantur,
1499 738 1592 785 aut
1636 737 1996 785 resurrectura

396 816 756 888 negabuntur,
789 825 880 873 aut
908 819 1093 874 vitiata
1121 806 1484 874 resurrectura
1538 819 1805 874 credenda
1835 826 1990 887 sunt;

398 916 463 956 ac
489 918 599 957 non
641 903 818 973 potius
861 911 1103 959 correcta
1149 904 1542 974 emendataque
1585 911 1793 958 natura.
1843 904 1997 958 Absit

398 991 544 1045 enim
575 999 632 1046 ut
657 991 808 1046 illum
839 991 1201 1047 bimembrem
1251 993 1342 1062 qui
1390 1009 1563 1064 nuper
1608 1001 1762 1047 natus
1817 1000 1897 1046 est
1939 992 1995 1046 in

397 1078 624 1146 oriente,
656 1078 724 1135 de
762 1096 890 1150 quo,
922 1080 1115 1136 fratres
1160 1081 1506 1148 dilectissimi,
1555 1081 1645 1150 qui
1685 1097 1808 1135 eum
1837 1080 1995 1134 vide-

400 1175 526 1224 runt
573 1168 887 1233 retulerunt,
949 1176 1002 1224 et
1065 1169 1254 1224 beatus
1318 1169 1677 1240 Hieronymus
1721 1169 1997 1238 presbyter

397 1256 658 1327 scriptum
678 1257 912 1327 reliquit.
971 1257 1141 1325 Absit,
1198 1258 1439 1327 inquam,
1499 1266 1558 1312 ut
1597 1273 1762 1312 unum
1811 1257 1994 1326 dupli-

397 1360 519 1400 cem
550 1345 847 1413 hominem,
900 1361 964 1400 ac
1008 1362 1118 1401 non
1149 1347 1325 1418 potius
1373 1346 1510 1401 duos
1549 1346 1814 1412 homines,
1852 1343 1996 1415 quod

400 1440 638 1496 futurum
687 1442 878 1509 fuerat,
910 1442 954 1496 si
1003 1443 1209 1515 gemini
1257 1451 1615 1511 nascerentur,
1664 1451 1991 1498 resurrectu-

396 1545 488 1586 ros
532 1529 897 1585 astimemusl
943 1533 1023 1586 Ita
1068 1539 1123 1587 et
1165 1539 1360 1588 catera
1407 1548 1525 1602 qua
1559 1531 1759 1604 singuli
1795 1532 1997 1602 quique

2100 365 2296 421 decens
2323 365 2432 421 ﬁat.
2461 369 2575 422 Nec
2605 367 2734 421 illud
2764 376 2843 423 est
2872 384 3204 438 consequens
3245 377 3300 422 ut
3333 369 3459 424 ideo
3495 370 3716 425 diversa

2101 463 2301 510 statura
2348 457 2415 511 sit
2449 456 2882 512 reviviscentium
2932 457 3287 530 singulorum,
3336 458 3464 528 quia
3497 458 3716 514 fuerant

2100 549 2312 606 diversa
2358 551 2673 619 viventium,
2731 559 2822 606 aut
2877 553 3042 608 macri
3101 570 3224 608 cum
3282 553 3474 610 eadem
3510 557 3712 623 macie,

2100 647 2191 695 aut
2219 640 2449 711 pingues
2479 657 2598 694 cum
2639 641 2828 696 eadem
2860 642 3190 714 pinguedine
3218 644 3568 699 reviviscunt.
3603 645 3716 700 Sed

2099 729 2144 784 si
2174 731 2277 784 hoc
2314 737 2394 784 est
2419 729 2474 784 in
2505 729 2728 785 consilio
2779 731 3061 801 Creatoris,
3095 740 3154 786 ut
3181 733 3236 786 in
3266 731 3447 805 effigie
3476 751 3577 788 sua
3608 750 3715 790 cu-

2093 827 2392 896 juscunque
2440 827 2738 899 proprietas
2785 835 2837 882 et
2879 828 3233 883 discernibilis
3269 830 3570 887 similitudo
3600 848 3719 886 ser—

2100 923 2273 979 vetur,
2307 915 2362 969 in
2391 917 2598 971 caeteris
2627 924 2805 971 autem
2848 917 3088 988 corporis
3124 917 3284 973 bonis
3312 920 3550 989 aqualia
3573 937 3714 975 eun-

2102 1019 2187 1068 cta
2232 1012 2538 1081 reddantur,
2590 1012 2663 1066 ita
2718 1011 3114 1067 modiﬁcabitur
3141 1013 3234 1069 illa
3281 1014 3337 1069 in
3377 1031 3716 1086 unoquoque

2104 1111 2373 1180 materies,
2399 1118 2455 1166 ut
2482 1127 2581 1165 nec
2610 1109 2812 1180 aliquid
2842 1127 2910 1165 ex
2958 1127 3022 1166 ea
3052 1120 3253 1183 pereat,
3288 1121 3343 1168 et
3369 1113 3518 1183 quod
3549 1113 3718 1169 alicui

2103 1196 2334 1251 defuerit
2363 1197 2478 1266 ipse
2505 1197 2771 1267 suppleat,
2804 1197 2893 1266 qui
2941 1204 2995 1252 et
3040 1197 3108 1253 de
3139 1198 3306 1253 nihilo
3353 1200 3534 1268 potuit
3563 1197 3718 1269 quod

2104 1287 2270 1341 voluit
2299 1286 2528 1358 operari.
2563 1287 2615 1340 Si
2660 1294 2838 1341 autem
2869 1285 2924 1340 in
2951 1287 3266 1358 corporibus
3306 1288 3716 1360 resurgentium

2100 1375 2434 1430 rationabilis
2463 1375 2797 1445 inaqualitas
2843 1376 2960 1441 erit,
2994 1376 3070 1432 sic
3101 1383 3177 1431 est
3205 1392 3402 1432 vocum
3433 1378 3487 1430 in
3511 1377 3720 1447 quibus

2102 1473 2356 1543 impletur
2400 1484 2621 1528 cantus:
2668 1475 2771 1528 hoc
2813 1473 2905 1529 fiet
2949 1473 3017 1529 de
3063 1472 3287 1528 materia
3331 1475 3577 1547 corporis
3603 1476 3716 1542 sui,

2104 1561 2246 1632 quod
2277 1569 2330 1617 et
2356 1562 2632 1632 hominem
2664 1562 2852 1618 reddat
2899 1562 3163 1635 angelicis
3191 1561 3438 1629 coetibus,
3471 1573 3528 1618 et
3576 1564 3719 1619 nihil

394 1634 584 1724 {fartus
609 1628 972 1724 Yelampljusi
999 1629 1282 1724 Ῠθίῖηίηυε
1314 1629 1516 1724 aliqui?
1553 1629 1992 1724 habendoojlua'
2019 1637 2074 1700 B
2103 1628 2487 1706 inconveniens
2541 1628 2727 1706 eorum
2791 1628 3002 1724 ingerat
3055 1654 3320 1709 sensibus.
3379 1628 3718 1709 Indecorum

400 1716 526 1772 dam
574 1715 742 1771 nimia
772 1717 1128 1773 deformitate
1169 1725 1407 1772 monstra
1451 1718 1741 1774 dicuntur:
1789 1717 1858 1773 ad
1888 1719 1994 1772 hu-

399 1820 578 1862 mana
624 1812 829 1861 natura
874 1804 1102 1878 figuram
1148 1806 1534 1862 resurrectione
1577 1807 1993 1875 revocabantur,

400 1905 558 1961 itaut
584 1906 813 1979 singula
842 1907 1058 1976 anima,
1089 1907 1301 1980 singula
1317 1924 1410 1963 sua
1440 1923 1668 1978 corpora
1696 1907 1994 1976 obtineant,

401 1995 560 2050 nullis
615 1996 1006 2052 cohaerentibus
1060 1996 1220 2051 etiam
1279 2012 1610 2066 quacunque
1669 1996 1996 2052 coharentia

400 2091 533 2140 nata
555 2084 802 2153 fuerant;
835 2084 930 2139 sed
959 2100 1201 2140 seorsum
1227 2085 1329 2139 sibi
1358 2085 1584 2156 singulis
1627 2101 1724 2139 sua
1753 2084 1997 2138 membra

398 2173 732 2244 gestantibus
761 2173 954 2242 quibus
984 2173 1203 2229 humani
1251 2173 1492 2244 corporis
1538 2172 1897 2243 complebitur
1925 2171 1998 2224 in-

405 2261 648 2334 tegritas.
687 2263 810 2316 Non
840 2262 980 2332 perit
998 2263 1112 2317 Deo
1133 2269 1340 2317 terrena
1361 2261 1612 2318 materies
1630 2262 1698 2316 de
1730 2277 1836 2331 qua
1857 2276 2000 2316 mor—

402 2359 586 2414 talium
619 2367 828 2414 creatur
872 2373 1018 2427 caro,
1050 2359 1145 2415 sed
1175 2359 1229 2413 in
1260 2358 1555 2430 quemlibet
1597 2359 1875 2427 pulverem
1914 2358 1997 2412 ci-

400 2462 653 2502 neremve
673 2447 935 2515 solvatur,
968 2448 1024 2502 in
1052 2447 1318 2519 quoslibet
1335 2447 1494 2502 alitus
1522 2461 1782 2516 aurasque
1846 2445 2003 2502 diffu-

400 2535 534 2608 giat,
567 2536 623 2590 in
643 2551 1020 2606 quamcunque
1048 2536 1274 2591 aliorum
1304 2535 1676 2602 substantiam,
1701 2536 1786 2590 vel
1808 2535 1863 2589 in
1883 2534 2002 2606 ipsa

401 2633 669 2689 elementa
697 2640 949 2700 vertatur,
999 2633 1056 2688 in
1096 2649 1534 2703 quorumcunque
1574 2633 1886 2688 animalium
1915 2632 2004 2687 vel

398 2721 681 2784 hominum
739 2722 894 2778 cedat
947 2721 1152 2785 cibum,
1193 2739 1410 2778 carnem
1465 2738 1680 2793 quoque
1744 2728 1995 2788 mutetur,

399 2810 478 2866 illi
524 2811 720 2867 anima
764 2817 962 2882 puncto
1012 2811 1270 2882 temporis
1315 2809 1474 2878 redit,
1521 2827 1640 2880 qua
1687 2809 1778 2864 illa
1817 2809 2003 2882 primi-

400 2914 503 2975 tus,
535 2915 594 2964 ut
619 2909 785 2964 homo
811 2906 980 2976 ﬁeret,
1003 2913 1284 2975 cresceret,
1317 2907 1596 2962 animavit.

808 3016 886 3071 Dc
914 3013 1078 3071 modo
1110 3013 1572 3071 resurrectionis.

405 3130 407 3132 ’
471 3121 836 3185 Membrorum
886 3121 1130 3177 omnium
1176 3121 1517 3188 reformator,
1567 3126 1628 3174 ut
1673 3120 2000 3191 Augustinus

401 3217 530 3276 dicit
558 3219 636 3274 De
666 3219 880 3276 civitate
925 3218 1028 3274 Dei
1071 3217 1126 3272 in
1174 3218 1333 3286 libro,
1383 3233 1490 3273 non
1537 3217 1710 3272 solum
1741 3234 1806 3271 ex
1837 3225 1998 3285 terra,

401 3325 587 3365 verum
619 3305 780 3364 etiam
825 3324 891 3362 ex
940 3308 1167 3363 aliorum
1224 3307 1612 3361 elementorum
1643 3306 2000 3361 secretissimo

401 3408 541 3478 sinu,
565 3421 670 3478 quo
702 3408 909 3479 dilapsa
938 3407 1203 3462 cadavera
1236 3413 1588 3471 recesserunt,
1624 3405 1678 3459 in
1706 3405 1836 3474 ipsis
1867 3421 2002 3476 pun-

402 3505 487 3552 cto
517 3495 790 3574 reddenda
820 3503 874 3550 et
900 3495 1156 3550 redeunte
1195 3494 1425 3566 grandia
1467 3494 1794 3565 promittitur
1841 3494 1993 3564 (sic).

402 3588 527 3657 Ipsa
555 3585 735 3654 itaque
766 3584 1015 3639 materies
1043 3591 1273 3650 terrena,
1298 3600 1417 3652 qua
1437 3583 1793 3637 descendente
1823 3583 2004 3637 anima

403 3682 463 3736 fit
490 3680 739 3745 cadaver,
789 3694 895 3734 non
927 3678 999 3733 ita
1030 3678 1418 3732 resurrectione
1467 3677 1822 3748 reparabitur,
1855 3685 1912 3731 ut
1940 3693 2003 3732 ea
2036 3726 2039 3729 .

403 3764 524 3841 qua
549 3765 876 3834 dilabuntur,
918 3774 971 3822 et
1015 3767 1071 3820 in
1118 3766 1250 3822 alias
1299 3773 1459 3836 atque
1488 3766 1620 3821 alias
1667 3765 1893 3820 aliarum
1921 3781 2003 3822 re-

401 3883 521 3922 rum
551 3865 759 3937 species
807 3865 1114 3936 formasque
1164 3872 1461 3932 vertuntur,
1510 3864 1758 3936 quamvis
1789 3865 1857 3920 ad
1887 3881 2002 3920 cor-

403 3982 503 4039 pus
529 3965 751 4022 redeant
777 3965 920 4020 unde
948 3964 1170 4036 dilapsa
1224 3970 1366 4030 sunt,
1414 3963 1484 4018 ad
1533 3962 1749 4018 easdem
1789 3978 2001 4034 quoque

403 4055 643 4127 corporis
664 4061 860 4126 partes,
894 4054 986 4108 ubi
1028 4052 1259 4121 fuerunt,
1300 4068 1516 4108 necesse
1543 4051 1608 4107 sit
1636 4051 1830 4108 redire.
1861 4051 2004 4107 Alio-

403 4153 533 4224 quin
555 4153 601 4208 si
631 4151 840 4224 capillis
884 4151 1022 4206 redit
1069 4149 1214 4222 quod
1261 4157 1370 4206 tam
1419 4149 1609 4206 crebra
1655 4157 1873 4206 tonsura
1902 4149 2004 4204 de-

409 4242 586 4308 traxit,
619 4241 662 4296 si
708 4240 997 4313 unguibus,
1049 4239 1193 4311 quod
1241 4239 1397 4294 toties
1443 4238 1678 4309 dempsit
1741 4238 2002 4308 exsectio,

2103 1741 2302 1812 quippe
2332 1740 2532 1810 aliquid
2589 1740 2665 1796 ibi
2710 1755 2817 1796 non
2857 1742 2999 1811 erit;
3033 1743 3126 1797 sed
3172 1743 3434 1815 quidquid
3465 1744 3716 1798 futurum

2103 1846 2200 1907 est,
2233 1840 2335 1894 hoc
2365 1838 2596 1908 decebit,
2642 1838 2766 1909 quia
2795 1855 2895 1894 nec
2943 1840 3178 1895 futurum
3207 1850 3304 1910 est,
3337 1841 3386 1896 si
3412 1857 3522 1896 non
3554 1841 3716 1895 dece~

2101 1927 2205 1982 bit.
2273 1927 2595 1998 Exemplum
2644 1927 3074 1998 supradictorum
3107 1949 3119 1984 :
3153 1930 3208 1986 Si
3268 1930 3415 1985 enim
3466 1937 3709 1984 statuam

2103 2033 2278 2098 potest
2308 2025 2501 2080 artifex
2543 2027 2729 2093 homo,
2774 2043 2934 2096 quam
2967 2035 3187 2098 propter
3213 2027 3449 2098 aliquam
3482 2042 3716 2082 causam

2104 2114 2402 2169 deformem
2435 2115 2653 2180 fecerat,
2704 2124 2966 2182 constare,
3016 2123 3068 2171 et
3113 2117 3532 2188 pulcherrimam
3575 2115 3713 2171 red-

2105 2202 2250 2266 dere,
2303 2203 2375 2256 ita
2432 2210 2488 2257 ut
2526 2203 2658 2257 nihil
2703 2204 3032 2273 substantia,
3078 2205 3173 2259 sed
3227 2205 3342 2261 sola
3386 2205 3714 2260 deformitas

2104 2298 2324 2363 pereat:
2360 2308 2421 2347 ac
2449 2292 2493 2347 si
2524 2290 2651 2362 quid
2699 2293 2753 2347 in
2801 2293 2893 2348 illa
2925 2293 3100 2350 forma
3155 2294 3332 2365 priore
3363 2310 3473 2350 non
3497 2294 3713 2350 decen-

2106 2389 2185 2436 ter
2205 2380 2468 2446 exstabat,
2500 2398 2600 2436 nec
2628 2381 2879 2453 parilitati
2935 2383 3166 2453 pretium
3207 2383 3563 2454 congruebat,
3607 2399 3715 2438 nec

2105 2479 2173 2535 de
2203 2487 2312 2534 toto
2341 2479 2482 2534 unde
2512 2480 2712 2535 fecerat
2758 2489 3037 2550 amputare
3065 2488 3224 2550 atque
3269 2495 3560 2551 separare;
3612 2481 3713 2535 sed

2105 2567 2178 2622 ita
2206 2584 2564 2640 conspergere
2595 2569 2846 2624 universo
2876 2571 3036 2639 atque
3059 2570 3300 2636 miscere,
3334 2576 3392 2624 ut
3411 2585 3511 2624 nec
3543 2569 3710 2625 fadi-

2106 2664 2268 2712 tatem
2308 2658 2488 2724 faciat,
2523 2674 2621 2713 nec
2651 2659 2856 2712 minuat
2884 2657 3254 2729 quantitatem,
3288 2658 3433 2730 quod
3463 2658 3530 2714 de
3563 2658 3705 2715 Om.”

2105 2745 2380 2817 nipotcnte
2408 2746 2743 2802 sentiendum
2767 2755 2845 2803 est
2873 2748 2901 2801 ?

2176 2855 2312 2908 Item
2344 2853 2669 2924 Augustinus
2717 2855 2794 2908 De
2842 2854 3056 2910 civitate
3086 2853 3218 2910 Dei:
3263 2854 3414 2928 Quod
3441 2854 3708 2917 inlantes

2104 2944 2306 2997 nonin
2328 2943 2521 2998 eadem
2561 2946 2790 2999 statura
2829 2944 2932 3014 qui
2961 2945 3176 2998 mortui
3211 2949 3350 3000 sunt
3372 2947 3708 3015 resurgant.

2020 2996 2070 3100 ο
2105 3029 2247 3099 Quid
2272 3047 2402 3103 ergo
2424 3031 2612 3087 dicturi
2668 3048 2853 3086 sumus
2893 3031 2959 3088 de
2982 3032 3296 3100 infantibus,
3311 3032 3410 3086 nisi
3429 3032 3628 3101 quiain
3649 3048 3716 3087 ea

2104 3128 2446 3184 resurrecturi
2468 3137 2591 3183 sunt
2609 3130 2849 3200 corporis
2888 3130 3179 3202 exiguitate
3214 3147 3333 3200 qua
3353 3130 3551 3185 mortui
3577 3144 3592 3197 ;
3617 3129 3715 3184 sed

2105 3217 2250 3288 quod
2280 3217 2355 3273 eis
2385 3218 2586 3272 tardius
2616 3235 2951 3273 accessurum
2984 3227 3100 3274 erat
3142 3227 3402 3290 tempore,
3453 3221 3558 3274 hoc
3589 3215 3716 3273 sunt

2107 3315 2198 3370 illo
2229 3314 2316 3370 die
2345 3331 2506 3386 opere
2552 3316 2650 3371 Dei
2699 3315 2834 3370 miro
2877 3324 3034 3386 atque
3090 3317 3371 3372 celerrimo
3417 3316 3713 3388 recepturi.

2106 3403 2171 3458 In
2199 3401 2460 3457 sententia
2483 3403 2683 3473 quippe
2702 3403 2919 3457 Domini
2941 3403 3031 3458 ubi
3057 3403 3164 3458 ait:
3199 3426 3220 3451 «
3255 3403 3496 3474 Capillus
3516 3403 3714 3474 capitis

2107 3491 2268 3546 vestri
2289 3507 2396 3546 non
2428 3491 2622 3562 peribit
2644 3492 2804 3561 (Luc.
2828 3494 2966 3562 xxx),
3005 3514 3025 3539 α
3051 3491 3251 3548 dictum
3275 3508 3381 3547 non
3402 3492 3716 3546 defuturum

2108 3604 2223 3643 esse
2254 3587 2398 3659 quod
2428 3588 2544 3654 fuit,
2580 3590 2688 3643 nOn
2718 3597 2896 3644 autem
2954 3596 3211 3661 negatum
3269 3597 3348 3643 est
3394 3589 3713 3644 adfuturum

2109 3677 2252 3748 quod
2283 3677 2478 3732 defuit.
2534 3678 2717 3733 Defuit
2763 3687 2940 3734 autem
2998 3678 3188 3733 infanti
3220 3686 3428 3732 mortuo
3472 3677 3717 3749 perfecta

2109 3773 2382 3844 quantitas
2410 3771 2491 3827 sui
2521 3773 2782 3844 corporis.
2815 3773 3077 3828 Perfectio
3100 3772 3300 3844 quippe
3322 3773 3517 3828 infanti
3538 3773 3715 3841 deest,

2107 3863 2290 3934 utique
2326 3860 2586 3931 perfectio
2634 3861 2928 3931 corporalis
2973 3861 3359 3934 magnitudinis
3401 3879 3544 3932 qua,
3592 3878 3716 3917 cum

2109 3951 2410 4017 accesserit,
2438 3948 2555 4019 jam
2585 3957 2785 4004 statura
2813 3950 3028 4022 longior
3058 3967 3172 4023 esse
3202 3966 3310 4005 non
3337 3951 3528 4021 possit.
3561 3951 3719 4006 Hunc

2110 4039 2456 4112 perfectionis
2484 4038 2703 4094 modum
2735 4038 2869 4094 sicut
2899 4039 3100 4095 habent
3127 4055 3315 4095 omnes
3361 4047 3418 4095 ut
3466 4056 3594 4096 cum
3628 4039 3718 4094 illo

2109 4128 2479 4199 concipiantur
2503 4135 2661 4198 atque
2691 4136 3014 4198 nascantur;
3047 4129 3142 4184 sed
3170 4129 3372 4184 habent
3408 4129 3464 4183 in
3508 4130 3718 4185 ratione

2110 4245 2218 4284 non
2248 4227 2410 4294 mole,
2436 4226 2571 4282 sicut
2605 4226 2722 4296 ipsa
2750 4227 2996 4282 membra
3020 4227 3137 4296 jam
3179 4227 3363 4283 omnia
3391 4236 3516 4281 sunt
3543 4227 3720 4282 laten-

408 4329 764 4386 immoderata
790 4336 843 4383 et
879 4329 1133 4384 indecens
1179 4328 1557 4401 cogitantibus,
1593 4336 1645 4382 et
1665 4326 1787 4382 ideo
1816 4343 1997 4382 resur-
2029 4360 2088 4425 D
2119 4323 2198 4414 ιξὲΓ
2226 4315 2280 4369 in
2301 4315 2534 4425 .Scmin‘e»
2575 4331 2697 4370 Cum
2744 4315 2905 4414 θῑίδξῐ]
2938 4316 3075 4425 nilis
3094 4315 3378 4425 _.nonnujllﬂ
3404 4315 3606 4425 fdhuc
3635 4315 3720 4370 ἅθ’

407 4426 700 4483 rectionem
733 4425 906 4481 carnis
951 4442 1060 4482 non
1101 4425 1442 4481 credentibus
1493 4425 1721 4482 occurrit
1749 4419 2000 4479 informi-

411 4523 510 4570 tas.
545 4514 653 4572 Sed
684 4514 1139 4586 quemadmodum
1171 4515 1213 4569 si
1245 4522 1418 4569 statua
1449 4513 2005 4584 cujuslibetvolubilis

409 4611 611 4668 metalli
641 4618 730 4667 aut
759 4611 815 4666 in
848 4611 974 4684 igne
1020 4611 1355 4681 liquesceret,
1406 4618 1498 4666 aut
1543 4616 1904 4665 contereretur
1949 4609 2004 4663 in

408 4712 707 4787 pulverem,
741 4717 833 4766 aut
860 4709 1278 4770 confunderetur
1306 4710 1360 4764 in
1388 4725 1641 4778 massam,
1675 4716 1726 4764 et
1754 4725 1874 4764 eam
1906 4724 2003 4764 ve-

407 4810 470 4868 lit
496 4809 690 4870 artifex
718 4826 900 4866 rursus
948 4825 1016 4866 ex
1062 4808 1204 4864 illius
1241 4807 1480 4864 materia
1509 4806 1800 4878 quantitate
1842 4822 2006 4878 repa-

407 4923 547 4974 rare,
579 4907 714 4962 nihil
739 4906 1017 4962 interesset
1055 4904 1123 4960 ad
1153 4903 1270 4975 ejus
1310 4903 1695 4976 integritatem,
1736 4919 1857 4972 qua
1888 4918 2008 4974 par-

406 4995 570 5066 ticula
589 4995 828 5052 materia
847 4994 1151 5065 cuicunque
1184 4993 1428 5073 membro
1465 4998 1654 5047 statua
1673 4991 2003 5058 redderetur,

411 5091 541 5146 dum
572 5100 752 5148 tamen
781 5100 950 5148 totum
981 5108 1049 5148 ex
1079 5107 1185 5164 quo
1231 5090 1514 5146 constituta
1558 5087 2009 5144 fueratrestituta

409 5197 721 5246 resumeret.
779 5191 859 5245 Ita
904 5191 1049 5246 Deus
1094 5189 1412 5244 mirabiliter
1452 5194 1614 5258 atque
1666 5185 2009 5243 ineﬁ‘ahiliter

412 5275 606 5332 artifex
634 5277 702 5332 de
730 5284 840 5344 toto
871 5293 976 5346 quo
1017 5293 1143 5333 caro
1172 5284 1353 5333 nostra
1397 5275 1722 5343 constiterat,
1756 5291 1875 5331 eam
1906 5275 2009 5330 mi-

411 5364 571 5421 rabili
600 5373 652 5419 et
681 5363 937 5420 ineffabili
968 5365 1236 5420 celeritate
1265 5366 1539 5434 restituet;
1573 5380 1672 5420 nec
1701 5363 1902 5434 aliquid
1932 5371 2006 5420 at-

414 5460 605 5517 tinebit
639 5461 708 5515 ad
737 5460 855 5530 ejus
901 5461 979 5515 rei
1009 5461 1373 5532 integritatem
1403 5470 1581 5516 utrum
1610 5460 1792 5533 capilli
1822 5461 1890 5517 ad
1921 5477 2007 5516 ca-

414 5558 574 5630 pillos
598 5555 841 5622 redeant,
873 5561 963 5610 aut
991 5571 1217 5626 ungues,
1257 5573 1328 5612 an
1367 5557 1627 5627 quidquid
1674 5574 1859 5613 eorum
1890 5574 2009 5629 per—

416 5647 552 5703 ierat
578 5649 812 5700 mutetur
848 5641 903 5696 in
932 5657 1149 5698 carnem
1197 5649 1250 5698 et
1287 5643 1341 5697 in
1384 5651 1563 5713 partes
1609 5645 1741 5701 alias
1769 5647 2010 5719 corporis

2117 4405 2240 4473 sint,
2271 4404 2408 4460 sicut
2453 4404 2660 4470 dentes,
2709 4411 2801 4460 aut
2826 4405 2871 4459 si
2897 4405 3026 4475 quid
3074 4403 3366 4474 ejusmodi.
3404 4404 3468 4460 In
3499 4421 3608 4474 qua
3635 4421 3719 4460 ra-

2111 4502 2254 4558 tione
2301 4502 2718 4573 uniuscujusque
2759 4501 3000 4558 materia
3048 4501 3218 4557 indita
3253 4502 3543 4574 corporali,
3600 4502 3717 4572 jam

2111 4591 2534 4664 quodammodo,
2585 4599 2642 4645 ut
2689 4591 2762 4644 ita
2807 4590 3003 4652 dicam,
3047 4591 3291 4646 limatum
3341 4591 3553 4646 videtur
3603 4606 3717 4645 esse

2113 4689 2256 4762 quod
2285 4705 2394 4744 non
2423 4695 2520 4756 est,
2553 4687 2664 4743 imo
2695 4687 2838 4758 quod
2867 4687 3029 4756 latet;
3063 4687 3160 4744 sed
3204 4705 3422 4744 accessu
3455 4688 3720 4758 temporis

2114 4787 2232 4854 erit,
2283 4787 2370 4844 vel
2417 4787 2595 4858 potius
2641 4787 2942 4859 apparebit.
2977 4787 3037 4842 In
3085 4789 3188 4843 hac
3235 4803 3365 4859 ergo
3397 4779 3577 4843 infans
3602 4787 3719 4857 jam

2112 4884 2294 4941 brevis
2341 4891 2433 4939 aut
2481 4883 2676 4955 longus
2721 4890 2800 4938 est
2847 4887 2938 4954 qui
2983 4882 3179 4955 longus
3215 4883 3463 4939 brevisve
3513 4883 3721 4937 futurus

2115 4981 2213 5029 est.
2264 4974 2448 5028 Restat
2495 4988 2625 5044 ergo
2674 4979 2732 5026 ut
2777 4987 2929 5026 suam
2985 4971 3212 5043 recipiat
3252 4971 3476 5042 quisque
3507 4987 3720 5025 mensu-

2112 5086 2229 5138 ram
2259 5070 2474 5141 qualem
2505 5067 2692 5124 habuit
2737 5069 2792 5124 in
2834 5069 3138 5142 juventute,
3181 5069 3342 5125 etiam
3369 5069 3414 5124 si
3443 5085 3611 5125 senex
3641 5076 3720 5124 est

2114 5174 2375 5236 mortuus,
2409 5167 2496 5222 vel
2543 5161 2716 5221 fuerat
2767 5166 3063 5237 habiturus,
3097 5167 3140 5221 si
3171 5176 3292 5223 ante
3321 5167 3628 5236 defunctus,
3661 5173 3716 5221 ut

2114 5281 2214 5321 nec
2241 5265 2380 5319 ultra
2407 5279 2508 5318 nec
2536 5263 2674 5318 infra
2699 5263 2998 5333 juvenilem
3030 5263 3262 5319 formam
3290 5271 3579 5338 resurgant
3609 5279 3718 5320 cor-

2114 5379 2247 5434 pora
2273 5370 2643 5430 mortuorum;
2675 5361 2768 5418 sed
2808 5361 2863 5417 in
2911 5379 2974 5418 ea
3016 5369 3175 5418 atate
3221 5371 3276 5418 et
3318 5363 3514 5419 robore
3554 5380 3721 5433 nsque

2115 5461 2184 5516 ad
2214 5477 2373 5534 quam
2401 5460 2489 5516 hic
2519 5459 2783 5515 Christum
2814 5460 3118 5532 pervenisse
3148 5461 3525 5534 cognovimus.
3564 5459 3718 5515 Circa

2114 5576 2225 5615 xxx
2255 5559 2453 5630 quippe
2482 5573 2650 5613 annos
2679 5556 3006 5613 difiinierunt
3052 5573 3174 5614 esse
3205 5560 3369 5614 etiam
3399 5559 3584 5614 saculi
3623 5559 3717 5613 hu-

2109 5646 2201 5717 jus
2227 5646 2515 5704 doctissimi
2546 5645 2791 5703 homines
2823 5646 3183 5718 juventutem,
3217 5663 3338 5719 qua
3365 5663 3488 5704 cum
3522 5647 3704 5703 fuerit.
