4042 6080
236 324 335 378 961

1182 314 1761 375 DEFLORATIONES
1800 280 1897 375 ss.
1938 304 2248 384 PATRUM,
2281 312 2352 353 -έ
2389 314 2515 371 LIB.
2556 316 2600 369 ι.

3440 313 3554 370 962'

236 446 411 519 spatio
442 444 667 517 proprio
702 442 1008 511 terminata,
1059 448 1113 498 et
1158 459 1265 498 non
1313 443 1427 511 jam
1476 416 1753 495 hominem
1780 439 1833 493 in
1862 441 1919 503 Α
1950 445 2003 494 et
2032 432 2464 493 deformitatibus
2495 452 2784 508 corporum
2834 453 3054 494 suorum
3103 419 3393 510 resurgant
3421 437 3547 509 qui-

234 536 560 591 detrimenta
606 550 839 606 vergere
882 532 1149 605 gravioris
1196 546 1262 586 ac
1310 530 1500 585 senilis
1547 528 1738 597 aetatis,
1785 536 1838 583 et

237 625 362 679 ideo
393 640 501 678 non
522 639 647 678 esse
679 623 888 678 dictum
922 622 976 675 in
1008 636 1319 676 mensuram
1365 619 1631 690 corporis,
1664 618 1750 673 vel
1782 619 1837 673 in

235 698 552 769 mensuram
580 716 819 777 staturae,
869 710 966 765 sed
1009 711 1073 766 in
1114 726 1443 766 mensuram
1491 710 1682 763 aetatis
1709 709 1836 780 ple—

236 802 523 859 nitudinis
578 798 787 856 Christi
870 799 1090 872 (Ephes.
1140 799 1243 871 iv).
1303 797 1445 853 Illud
1484 797 1645 852 etiam
1692 796 1840 869 quod

239 890 543 963 Apostolus
573 889 668 956 ait,
719 912 741 937 α
777 888 1191 960 praedestinatos
1239 886 1555 943 conformes
1584 882 1839 959 imaginis

238 978 359 1033 Filii
392 979 487 1033 Dei
519 979 695 1048 (Rom.
723 980 840 1048 vui)
877 1001 897 1027 η
934 985 1117 1049 potest
1148 976 1227 1032 sic
1254 974 1447 1046 accipi,
1482 984 1539 1030 ut
1571 974 1839 1047 quemad-

238 1068 463 1123 modum
495 1068 652 1122 nobis
684 1066 773 1121 ille
806 1066 1156 1132 mortalitate,
1186 1066 1257 1120 ita
1305 1073 1356 1121 et
1388 1082 1488 1120 nos
1517 1064 1593 1119 illi
1623 1064 1841 1120 efﬁcia-

237 1173 363 1211 mur
390 1156 801 1211 immortalitate
833 1155 1170 1212 conformes.
1212 1155 1301 1211 Sic
1331 1155 1583 1210 autemin
1616 1153 1699 1207 his
1722 1170 1847 1208 ver-

238 1242 324 1298 bis
351 1260 452 1316 qua
482 1244 658 1299 forma
690 1253 1068 1299 resurrectura
1099 1244 1205 1299 sint
1255 1260 1492 1316 (mi-pora
1523 1260 1710 1297 sumus
1740 1243 1843 1296 ad-

242 1333 455 1396 moniti,
489 1332 635 1388 sicut
666 1332 759 1387 illa
809 1349 1094 1398 mensura,
1141 1332 1211 1387 ita
1260 1340 1312 1387 et
1350 1332 1451 1386 ista
1486 1329 1846 1387 conformatio

240 1437 350 1476 non
381 1420 697 1492 quantitatis
729 1421 1084 1490 intelligenda
1115 1430 1215 1488 est,
1261 1424 1359 1475 sed
1398 1419 1599 1474 aatatis.
1637 1420 1845 1475 Resur-

241 1518 373 1581 gent
402 1510 584 1581 itaque
612 1524 804 1564 omnes
834 1509 1023 1582 magni
1068 1525 1321 1581 corpore,
1357 1510 1547 1582 quales
1578 1516 1731 1564 erant
1762 1507 1846 1564 vel

240 1596 408 1652 futuri
438 1604 597 1652 erant
622 1596 847 1665 juvenili
877 1605 1050 1653 aetate.
1096 1597 1151 1653 Si
1196 1597 1317 1669 quis
1360 1613 1493 1651 vero
1538 1598 1592 1651 in
1623 1613 1686 1651 eo
1717 1613 1847 1653 cor-

242 1685 391 1758 poris
451 1685 615 1740 modo
670 1684 726 1739 in
783 1701 890 1756 quo
945 1684 1234 1740 defunctus
1285 1694 1368 1740 est
1416 1694 1847 1741 resurrecturum

242 1790 688 1846 unumquemque
717 1775 1012 1840 contendit,
1046 1791 1154 1830 non
1190 1782 1272 1831 est
1302 1790 1424 1830 cum
1445 1775 1536 1830 illo
1567 1775 1844 1831 laboriosa
1873 1802 1927 1861 Β

244 1862 679 1919 contradictione
711 1871 1058 1935 pugnandum
1074 1904 1087 1916 .

317 1954 450 2007 Item
482 1952 822 2023 Augustinus
852 1952 906 2005 in
936 1951 1330 2009 Enchiridione
1366 1971 1377 2008 :
1417 1955 1613 2011 Utrum
1651 1969 1845 2025 repro-

250 2041 447 2098 borum
471 2056 706 2108 corpora
743 2056 875 2096 cum
906 2043 1060 2096 vitiis
1088 2045 1206 2097 suis
1238 2046 1559 2113 resurgant.
1594 2041 1847 2111 Quicun-

255 2146 362 2202 que
391 2130 460 2184 ab
490 2129 581 2182 illa
607 2129 926 2199 perditionis
956 2146 1154 2196 massa,
1190 2147 1309 2201 quae
1342 2130 1483 2184 facta
1504 2138 1586 2185 est
1616 2148 1715 2200 per
1745 2133 1848 2185 ho-

248 2217 452 2272 minem
484 2216 738 2287 primum,
774 2233 880 2271 non
918 2218 1220 2272 liberantur
1257 2234 1359 2291 per
1388 2235 1552 2273 unum
1583 2220 1851 2275 Mediato-

248 2322 368 2361 rem
401 2305 500 2361 Dei
531 2315 584 2360 et
610 2307 907 2375 hominum,
958 2316 1242 2378 resurgent
1296 2308 1513 2378 quidem
1557 2308 1715 2362 etiam
1749 2308 1851 2380 ipsi

251 2394 628 2466 unusquisque
656 2408 782 2450 cum
811 2410 928 2461 sua,
963 2395 1063 2449 sed
1092 2403 1149 2449 ut
1178 2410 1302 2450 cum
1353 2396 1570 2450 diabolo
1598 2404 1650 2451 et
1677 2413 1852 2469 ange-

252 2482 324 2538 lis
353 2483 471 2553 ejus
499 2482 811 2555 puniantur.
856 2485 1042 2541 Utrum
1084 2498 1217 2539 sane
1266 2484 1369 2555 ipsi
1416 2500 1539 2541 cum
1570 2485 1713 2541 vitiis
1743 2486 1856 2541 suis

1946 543 2166 598 cunque
2198 527 2250 580 in
2283 526 2361 582 eis
2393 526 2655 581 deformia
2691 535 2743 581 et
2775 526 2969 581 vitiosa
3010 528 3254 581 membra
3287 534 3549 597 gestave-

1947 620 2096 681 runt,
2130 615 2459 687 inquirendo
2509 616 2764 670 laborare
2820 615 2952 687 quid
3001 632 3139 687 opus
3184 618 3322 671 est?
3360 617 3553 687 Neque

1951 706 2099 761 enim
2132 705 2352 775 fatigare
2385 719 2483 759 nos
2514 704 2675 759 debet
2699 704 2906 759 incerta
2952 720 3139 760 eorum
3171 704 3256 759 vel
3290 705 3553 759 habitudo

1952 794 2038 848 vel
2077 793 2442 864 pulchritudo,
2490 808 2720 863 quorum
2772 793 2870 848 erit
2927 800 3077 849 certa
3120 802 3170 847 et
3219 793 3555 864 sempiterna

1950 880 2244 937 damnatio.
2278 882 2392 936 Nec
2422 890 2638 935 moveat
2669 882 2943 954 quomodo
2993 882 3091 936 erit
3132 881 3187 935 in
3231 882 3309 936 eis
3355 897 3556 953 corpus

1947 970 2386 1040 incorruptibile,
2431 969 2479 1023 si
2507 969 2695 1024 dolere
2741 971 2958 1041 poterit,
2986 977 3078 1024 aut
3120 970 3393 1041 quomodo
3424 986 3555 1026 cor-

1952 1058 2229 1129 ruptibile,
2281 1060 2327 1111 si
2376 1073 2482 1113 non
2542 1058 2759 1128 poterit.
2807 1060 2928 1113 Non
2968 1059 3114 1113 enim
3147 1067 3229 1114 est
3267 1075 3393 1115 vera
3424 1057 3555 1126 vita,

1949 1146 2056 1200 nisi
2084 1147 2176 1199 ubi
2228 1145 2457 1199 feliciter
2507 1144 2757 1213 vivitur;
2812 1161 2911 1200 nec
2964 1162 3112 1209 vera,
3162 1146 3268 1200 nisi
3325 1145 3417 1201 ubi
3466 1146 3557 1200 in-

1952 1233 2224 1304 corruptio
2280 1249 2292 1286 :
2347 1232 2496 1287 salus
2555 1232 2706 1287 nullo
2761 1232 2951 1288 dolore
3011 1234 3389 1305 corrumpitur.
3456 1233 3559 1290 Ubi

1952 1329 2130 1378 autem
2165 1320 2351 1376 infelix
2408 1320 2545 1375 mori
2597 1337 2712 1375 non
2760 1320 2976 1387 sinitur,
3024 1330 3098 1389 et,
3147 1331 3204 1377 ut
3245 1323 3322 1377 ita
3353 1323 3557 1390 dicam,

1954 1445 2107 1484 mors
2136 1428 2257 1499 ipsa
2287 1444 2395 1482 non
2425 1426 2673 1496 moritur,
2698 1435 2752 1483 et
2796 1427 2889 1483 ubi
2919 1426 3078 1484 dolor
3120 1436 3414 1501 perpetuus
3446 1445 3557 1485 non

1954 1526 2277 1582 interimitur
2312 1526 2449 1591 ;sed
2478 1525 2670 1596 afﬂigit
2713 1528 2831 1597 ipsa
2869 1510 3165 1598 corruptio,
3198 1526 3265 1583 et
3294 1544 3403 1584 non
3433 1526 3562 1583 fini-

1953 1633 2043 1679 tur
2078 1642 2091 1678 :
2121 1612 2239 1679 haec
2267 1624 2326 1678 in
2357 1623 2654 1693 Scripturis
2702 1623 2905 1678 sanctis
2956 1624 3202 1680 secunda
3235 1640 3387 1680 mors
3416 1625 3561 1680 dici-

1952 1730 2068 1777 tur.
2106 1722 2235 1777 Haec
2291 1720 2465 1792 prima
2522 1728 2705 1776 tamen
2757 1736 2863 1792 qua
2909 1737 3067 1776 suum
3124 1737 3321 1793 corpus
3378 1722 3566 1777 anima

1956 1818 2267 1889 relinquere
2298 1818 2510 1889 cogitur
2542 1831 2555 1887 ;
2591 1833 2696 1872 nec
2736 1812 3000 1885 secunda,
3037 1836 3142 1891 qua
3183 1819 3399 1891 poenale
3428 1836 3561 1876 cor-

1955 1932 2059 1987 pus
2086 1915 2269 1969 anima
2308 1914 2620 1985 relinquere
2670 1930 2781 1969 non
2826 1915 3173 1987 permittitur,
3224 1916 3428 1972 homini
3457 1932 3559 1973 ac-

1955 2010 2198 2077 cidisset,
2260 2011 2303 2065 si
2360 2027 2522 2067 nemo
2578 2019 2877 2082 peccasset.
2926 2013 3208 2069 Mitissima
3261 2030 3394 2070 sane
3439 2030 3567 2069 om-

1957 2109 2106 2163 nium
2138 2123 2297 2178 pcena
2327 2108 2433 2163 erit
2464 2124 2655 2164 eorum
2694 2108 2788 2180 qui
2835 2118 3037 2181 praeter
3080 2118 3383 2182 peccatum,
3416 2111 3564 2183 quod

1960 2206 2229 2278 originale
2260 2212 2559 2271 traxerunt,
2612 2206 2818 2261 nullum
2865 2206 3096 2278 insuper
3129 2208 3479 2276 addiderunt,
3514 2217 3568 2264 et

1961 2304 2019 2358 in
2048 2303 2262 2357 caeteris
2286 2318 2406 2373 quae
2436 2302 2780 2369 addiderunt,
2817 2309 2965 2357 tanto
2996 2303 3226 2375 quisque
3257 2304 3329 2358 ibi
3362 2303 3570 2359 tolera-

1964 2395 2214 2451 biliorem
2244 2396 2469 2451 habebit
2515 2395 2941 2465 damnationem,
2975 2405 3176 2467 quanto
3224 2398 3313 2454 hic
3347 2398 3573 2456 habebit

1965 2491 2234 2551 minorem
2255 2492 2613 2566 iniquitatem.
2652 2516 2675 2543 ι

1320 2847 1449 2949 IN
1544 2781 2541 2957 ROGATWIONIBUS.

1542 3055 1944 3124 Secundum
1997 3060 2278 3127 Lucam.

337 3316 359 3343 α
392 3291 529 3363 Quis
560 3300 805 3348 vestrum
835 3290 1057 3347 habebit
1084 3290 1341 3358 amicum,
1375 3299 1428 3349 et
1465 3292 1563 3347 ibit
1591 3292 1660 3349 ad
1700 3293 1853 3349 illum
1884 3293 1934 3358 C
1960 3295 2286 3368 interrogat,
2321 3301 2374 3351 et
2403 3301 2459 3351 tu
2489 3294 2715 3351 Paulum
2745 3295 2836 3353 vel
2866 3297 3084 3353 Petrum
3115 3313 3223 3354 non
3254 3296 3454 3356 sineris
3484 3298 3571 3356 in-

256 3380 315 3437 in
340 3381 520 3436 media
549 3390 726 3448 nocte,
758 3388 812 3435 et
839 3379 989 3435 dicet
1017 3380 1092 3433 illi
1122 3396 1137 3434 :
1169 3379 1384 3447 Amice,
1416 3380 1703 3437 commoda
1727 3382 1858 3437 mihi

257 3478 370 3526 tres
396 3486 588 3542 panes,
621 3468 876 3542 quoniam
923 3467 1136 3523 amicus
1183 3484 1340 3523 meus
1386 3469 1537 3524 venit
1574 3470 1644 3526 de
1674 3470 1761 3525 via
1789 3470 1860 3525 ad

260 3575 372 3625 me,
403 3567 589 3615 etnon
616 3558 797 3613 habeo
847 3556 995 3629 quod
1042 3572 1241 3627 ponam
1289 3565 1411 3612 ante
1440 3555 1618 3612 illum.
1674 3559 1742 3614 Et
1770 3559 1861 3615 ille

260 3648 476 3703 deintus
522 3647 666 3703 dicat
707 3666 721 3703 :
770 3646 893 3701 Noli
941 3645 1073 3700 mihi
1122 3644 1384 3700 molestus
1437 3661 1587 3701 esse.
1640 3647 1758 3701 Jam
1802 3664 1863 3703 o-

264 3738 426 3792 stium
455 3736 697 3791 clausum
728 3742 831 3802 est,
865 3742 921 3791 et
949 3734 1102 3805 pueri
1131 3734 1239 3788 mei
1284 3750 1493 3789 mecum
1526 3743 1650 3789 sunt
1678 3734 1732 3790 in
1763 3749 1863 3792 cu-

264 3825 386 3880 bili.
423 3825 544 3879 Non
584 3840 809 3895 possum
853 3839 1083 3895 surgere
1141 3831 1199 3878 et
1237 3822 1373 3878 dare
1422 3822 1536 3878 tibi.
1587 3824 1657 3878 Et
1705 3825 1751 3879 si
1775 3824 1866 3880 ille

264 3914 706 3987 perseveraverit
735 3912 979 3984 pulsans,
1025 3911 1149 3967 dico
1193 3911 1371 3977 vobis,
1420 3920 1473 3968 et
1503 3912 1547 3967 si
1578 3928 1689 3968 non
1718 3912 1868 3968 dabit

267 4003 350 4059 illi
379 4018 633 4074 surgens,
667 4016 732 4057 eo
762 4001 904 4073 quod
938 4000 1143 4055 amicus
1164 4000 1252 4065 sit,
1284 4008 1511 4071 prOpter
1538 4000 1867 4073 improbita-

268 4100 377 4148 tem
410 4100 593 4145 tamen
625 4091 748 4160 ejus
776 4096 982 4161 surget,
1026 4097 1077 4144 et
1103 4088 1250 4143 dabit
1288 4088 1369 4143 illi
1415 4098 1682 4161 quotquot
1704 4090 1872 4146 habet

271 4180 622 4237 necessarios
652 4180 811 4246 (Luc.
849 4179 952 4249 in).
996 4199 1017 4225 η
1051 4176 1283 4246 Quidam
1314 4178 1385 4232 ibi
1419 4177 1621 4234 faciunt
1642 4178 1872 4234 interro-

272 4269 551 4343 gationem
580 4283 591 4322 :
631 4290 652 4317 «ι
685 4268 809 4322 Non
838 4281 1065 4338 possum
1095 4281 1330 4337 surgere
1350 4273 1403 4321 et
1430 4266 1565 4322 dare
1596 4267 1748 4333 tibi,»
1775 4266 1871 4322 sed

277 4357 441 4414 etiam
472 4364 639 4412 totum
671 4355 960 4428 capitulum
981 4354 1084 4409 sub
1104 4370 1212 4409 uno
1232 4370 1401 4410 versu
1430 4354 1511 4411 sic
1525 4354 1637 4428 legi
1658 4363 1832 4426 potest
1856 4371 1871 4410 :

278 4446 415 4515 Quis
441 4446 605 4501 homo
633 4451 720 4500 est
753 4467 775 4492 α
807 4444 852 4499 si
897 4444 1020 4516 quis
1066 4451 1302 4499 vestrum
1352 4444 1573 4498 habebit
1618 4444 1872 4510 amicum,

279 4543 425 4602 etc.,
475 4542 527 4589 et
572 4533 617 4589 si
666 4532 758 4589 ille
809 4531 1026 4587 deintus
1063 4532 1212 4588 dicat
1245 4549 1259 4587 :
1290 4531 1415 4588 Noli
1453 4532 1586 4587 mihi
1615 4532 1878 4588 molestus

1971 3391 2277 3456 terrogare.
2312 3383 2440 3457 quia
2454 3384 2569 3454 jam
2613 3384 2912 3457 requiescit
2959 3385 3064 3443 ista
3085 3386 3287 3443 familia
3314 3404 3438 3445 cum
3460 3390 3572 3445 Do-

1971 3472 2120 3527 mino
2167 3488 2283 3530 suo.
2332 3473 2509 3528 Media
2546 3488 2652 3529 nox
2703 3481 2787 3529 est
2841 3474 3017 3531 valida
3064 3476 3397 3549 ignorantia.
3446 3477 3571 3534 Non

1970 3560 2097 3615 ideo
2127 3561 2464 3616 deserendus
2494 3570 2578 3616 est
2607 3562 2817 3619 amicus
2867 3563 3137 3632 esuriens,
3189 3566 3280 3637 qui
3311 3575 3362 3621 te
3390 3573 3570 3638 urget,

1974 3649 2070 3705 sed
2102 3648 2322 3720 pulsare
2346 3649 2520 3706 debes
2541 3651 2609 3704 ad
2640 3651 2815 3722 ipsum
2847 3653 3161 3721 Dominum,
3196 3670 3319 3710 cum
3349 3670 3456 3726 quo
3483 3670 3576 3710 ca-

1974 3738 2131 3809 piens
2168 3738 2371 3793 familia
2418 3740 2733 3809 requiescit.
2788 3739 2893 3808 Qui
2942 3741 2988 3795 si
3034 3740 3213 3797 differt
3253 3743 3408 3810 dare,
3463 3741 3576 3798 vult

1975 3835 2155 3882 tamen
2191 3844 2206 3883 :
2237 3830 2332 3883 sed
2366 3827 2479 3882 vult
2510 3836 2568 3881 ut
2615 3827 2851 3899 amplius
2895 3828 3176 3885 desideres
3211 3831 3454 3897 dilatum,
3505 3846 3577 3887 ne

1975 3917 2204 3971 vilescat
2233 3916 2339 3971 cito
2368 3915 2580 3971 datum.
2620 3916 2752 3971 Cum
2802 3925 2982 3972 autem
3026 3919 3343 3988 perveneris
3390 3918 3455 3973 ad
3487 3919 3578 3973 in-

1980 4005 2335 4076 telligentiam
2401 4003 2705 4070 Trinitatis,
2771 4005 2939 4059 habes
3017 4013 3127 4061 tres
3196 4022 3368 4077 panes
3435 4006 3581 4062 unde

1978 4110 2178 4163 pascas
2196 4093 2432 4149 amicum
2452 4094 2826 4163 peregrinum.
2840 4093 2928 4148 Nil
2943 4093 3135 4148 melius
3156 4110 3317 4163 quam
3338 4095 3582 4165 seipsum

1980 4182 2071 4237 dat
2104 4181 2197 4236 tibi
2226 4182 2396 4238 Deus.
2428 4180 2528 4237 Vel
2556 4180 2668 4236 ita:
2700 4180 2925 4237 Amicus
2957 4181 3047 4253 qui
3088 4181 3237 4237 venit
3264 4182 3335 4238 de
3364 4182 3449 4239 via
3475 4198 3585 4239 no-

1982 4278 2096 4325 ster
2124 4276 2209 4325 est
2236 4270 2470 4336 animus,
2504 4268 2596 4340 qui
2643 4267 2800 4324 toties
2848 4284 2882 4323 a
2928 4268 3088 4324 nobis
3136 4271 3345 4325 recedit
3365 4272 3588 4343 quoties

1982 4359 2053 4415 ad
2078 4358 2384 4429 appetenda
2412 4366 2631 4413 terrena
2662 4355 2791 4412 foris
2838 4361 3087 4430 vagatur.
3120 4359 3281 4414 Redit
3307 4375 3440 4416 vero
3470 4376 3587 4416 coeo

1984 4448 2215 4519 lestique
2241 4446 2496 4502 alimonia
2525 4445 2673 4502 reﬁci
2712 4444 3009 4512 desiderat,
3044 4463 3170 4502 cum
3218 4447 3273 4502 in
3307 4465 3367 4504 se
3396 4466 3587 4505 rever-

1988 4553 2081 4592 sus
2111 4551 2345 4607 superna
2372 4550 2438 4591 ac
2467 4534 2739 4605 spiritalia
2769 4534 2998 4605 coeperit
3034 4534 3318 4592 meditari.
3368 4537 3448 4593 De
3479 4554 3590 4609 quo

282 4640 425 4689 esse,
461 4630 588 4689 etc.,
623 4630 676 4678 et
705 4622 753 4676 si
780 4622 875 4678 ille
920 4622 1355 4693 perseveraverit
1400 4622 1638 4692 pulsans,
1684 4629 1813 4691 etc.,
1850 4645 1873 4670 η
1911 4658 1965 4720 D
1993 4632 2185 4696 petens
2215 4623 2439 4695 pulchre
2466 4623 2718 4695 adiungit
2746 4638 2855 4678 non
2904 4637 2967 4678 se
3014 4623 3220 4679 habere
3250 4625 3394 4696 quod
3425 4635 3593 4696 ponat

282 4713 389 4768 nisi
443 4712 696 4767 Salvator
751 4710 843 4782 qui
900 4726 1012 4765 non
1080 4710 1243 4765 modo
1298 4710 1531 4765 formam
1599 4709 1882 4779 orationis,

286 4802 385 4857 sed
414 4799 725 4855 instantiam
772 4798 1247 4870 frequentiamque
1293 4799 1520 4853 tradidit
1562 4798 1754 4854 orandi
1785 4815 1884 4853 us-

289 4900 408 4959 que
436 4885 502 4939 ad
533 4883 941 4939 similitudinem
960 4882 1367 4952 improbitatis?
1396 4883 1539 4938 Usus
1571 4890 1654 4937 est
1685 4897 1885 4938 exem-

1995 4722 2121 4770 ante
2152 4713 2323 4778 illum,
2368 4712 2585 4784 quando
2628 4712 2680 4765 in
2719 4719 2928 4766 tantum
2970 4720 3189 4767 secutus
3236 4721 3318 4768 est
3364 4714 3594 4769 saecula-

1994 4803 2093 4869 ria,
2126 4810 2311 4857 utnec
2352 4801 2454 4855 sibi
2502 4800 2767 4872 pabulum
2814 4799 3011 4855 habeat
3056 4800 3227 4855 divini
3272 4800 3447 4867 verbi,
3494 4818 3595 4857 nec

1998 4890 2155 4947 alteri
2184 4905 2218 4945 a
2246 4906 2307 4944 se
2335 4888 2559 4959 petenti.
2592 4889 2661 4943 Et
2690 4887 2815 4959 quia
2837 4904 2940 4943 nec
2961 4903 2993 4942 a
3014 4905 3074 4943 se
3108 4904 3208 4943 nec
3227 4889 3297 4943 ab
3318 4888 3426 4944 alio
3456 4890 3598 4946 valet

290 4974 383 5046 plo
409 4989 442 5028 a
472 4971 763 5037 contrario,
797 4969 937 5026 sicut
976 4971 1045 5026 de
1086 4971 1178 5026 illo
1214 4970 1403 5039 judice
1454 4970 1547 5042 qui
1586 4987 1688 5026 nec
1718 4972 1890 5026 Deum
1997 4980 2203 5036 habere
2232 4977 2555 5043 doctrinam,
2585 4976 2691 5030 nisi
2720 4992 2817 5047 per
2844 4983 3081 5045 gratiam
3112 4977 3231 5041 Dei,
3267 4992 3297 5031 ε
3328 4978 3447 5033 Deo
3493 4995 3598 5034 ηε..

292 5062 539 5129 timebat,
566 5076 667 5116 nec
712 5060 961 5115 homines
1004 5059 1374 5125 reverebatur,
1422 5067 1473 5113 et
1521 5068 1698 5115 tamen
1729 5059 1893 5115 taedio

293 5151 467 5209 victus
497 5149 791 5206 vindicavit
819 5147 1035 5202 viduam
1069 5149 1223 5216 (Luc.
1258 5151 1448 5217 xvm).
1500 5148 1657 5203 Venit
1687 5148 1897 5204 amicus

299 5239 367 5296 de
388 5239 494 5303 via,
554 5237 623 5293 de
662 5236 773 5292 vita
830 5235 991 5305 hujus
1047 5236 1231 5292 saeculi
1273 5236 1417 5290 mala
1457 5252 1566 5291 non
1608 5236 1897 5293 inveniens

299 5328 585 5385 veritatem
620 5342 728 5397 qua
756 5325 952 5380 beatus
983 5324 1099 5379 ﬁat.
1141 5325 1297 5380 Venit
1329 5326 1398 5380 ad
1427 5333 1479 5380 te
1510 5325 1897 5394 Christianum,

303 5425 356 5474 et
384 5415 512 5471 dicit
543 5433 556 5471 :
587 5413 780 5471 Redde
806 5413 937 5467 mihi
966 5414 1250 5482 rationem,
1285 5422 1337 5469 et
1386 5413 1509 5469 fiam
1542 5414 1900 5470 Christianus.

304 5508 613 5577 Interrogat
655 5511 709 5558 te
740 5502 885 5575 quod
927 5501 1158 5558 forsitan
1206 5502 1407 5569 nescis,
1456 5511 1510 5559 et
1551 5519 1659 5559 non
1692 5509 1776 5559 est
1806 5502 1904 5557 tibi

306 5593 459 5650 unde
488 5592 707 5649 reficias
737 5591 1089 5659 esurientem,
1122 5590 1219 5647 sed
1238 5607 1363 5647 cum
1394 5592 1481 5646 vis
1510 5591 1711 5649 docere
1740 5606 1907 5663 coge-

309 5693 388 5751 ris
416 5692 659 5750 discere.
717 5690 821 5749 Ubi
855 5690 1056 5759 disces,
1104 5690 1208 5745 nisi
1245 5690 1303 5745 in
1344 5690 1637 5747 dominicis
1684 5689 1837 5745 libris
1880 5689 1909 5744 ‘2

313 5791 422 5849 Sed
454 5789 703 5848 fortassis
732 5788 785 5844 in
816 5787 971 5844 libris
1011 5788 1246 5845 obscure
1287 5787 1520 5861 positum
1563 5796 1646 5844 est
1670 5786 1817 5861 quod
1848 5791 1903 5843 te

2004 5085 2162 5126 casse
2192 5072 2277 5123 est
2323 5082 2447 5121 eum
2498 5064 2751 5137 ﬂagitare
2793 5064 2848 5118 in
2893 5072 3052 5120 nocte
3095 5064 3455 5120 tribulationis
3486 5075 3600 5123 tres

2004 5173 2195 5230 panes,
2227 5155 2282 5210 id
2313 5162 2396 5211 est
2430 5154 2842 5226 intelligentiam
2883 5153 3179 5219 Trinitatis,
3216 5171 3319 5225 qua
3350 5172 3600 5226 praesen-

2006 5247 2075 5301 tis
2104 5246 2227 5301 vitae
2258 5243 2608 5300 consolentur
2656 5242 2900 5298 labores.
2958 5241 3168 5297 Ostium
3201 5243 3363 5299 amici
3392 5244 3603 5299 intelli-

2009 5335 2193 5408 gentia
2237 5339 2319 5388 est
2373 5330 2541 5386 divini
2588 5330 2873 5399 sermonis,
2919 5347 3042 5401 quae
3089 5330 3268 5386 clausa
3317 5340 3401 5388 est
3450 5333 3605 5390 omni

2010 5441 2121 5481 non
2150 5419 2492 5493 intelligenti,
2523 5419 2698 5475 donec
2745 5419 3023 5489 aperiatur
3066 5419 3134 5475 ei.
3168 5420 3326 5477 Unde
3354 5421 3607 5493 Aposto-

2011 5514 2118 5579 Ius,
2176 5510 2375 5581 aperiri
2432 5508 2534 5563 sibi
2587 5515 2709 5564 orat
2761 5508 2832 5563 ad
2896 5506 3227 5578 loquendum
3286 5512 3609 5581 mysterium

2016 5600 2211 5658 Christi
2241 5597 2583 5670 (Coloss.1v).
2611 5618 2634 5645 α
2657 5595 2782 5652 Noli
2798 5595 2928 5651 mihi
2950 5596 3216 5653 molestus
3237 5614 3414 5654 esse.»
3441 5599 3610 5669 Quasi

2017 5693 2167 5748 Deus
2195 5688 2342 5744 dicat
2375 5705 2388 5742 :
2424 5686 2479 5742 Si
2521 5685 2604 5741 vis
2649 5685 2896 5758 recipere
2934 5685 3078 5758 quod
3126 5687 3287 5757 petis,
3338 5687 3450 5743 noli
3478 5686 3614 5743 mihi

2019 5778 2254 5853 amplius
2298 5774 2601 5834 molestiam
2646 5774 2874 5833 inferre.
2934 5774 3083 5844 Noli,
3134 5781 3194 5831 ut
3239 5774 3504 5832 hactenus
3529 5774 3611 5830 fe-
