3986 6070
475 254 583 315 963

2002 252 2286 311 ABBATIS
2326 255 2383 312 S.
2425 256 2641 315 BLASII

3674 259 3767 315 964

475 380 613 446 cisti,
648 394 735 434 me
765 374 1121 467 saecularibus
1148 382 1516 467 postponere.
1539 374 1833 467 Iievertere
1862 376 1926 429 ad
1957 392 2073 467 me,
2099 378 2154 437 Α
2183 379 2276 448 ait,
2311 402 2333 427 ε
2368 380 2519 435 dabit
2548 379 2807 451 spiritum
2838 381 3039 438 bonum
3060 404 3083 431 ι
3117 397 3219 467 pro
3239 396 3347 455 quo
3375 382 3657 439 Mammas
3672 398 3769 453 ρο-

474 478 527 525 et
562 484 665 539 ego
705 474 943 522 revertar
979 465 1044 519 ad
1095 474 1162 520 te.
1208 465 1335 519 Pete
1384 472 1443 519 ut
1489 464 1677 531 debes,
1730 471 1782 518 et
1830 480 1935 536 ego
1977 464 2077 521 tibi

471 558 595 629 plus
623 556 770 611 dabo
802 571 962 626 quam
985 570 1197 625 speres.
1226 575 1247 604 ο
1277 554 1400 608 Non
1420 569 1643 624 possum
1666 568 1948 624 surgere,»
1971 554 2076 609 hoc

472 653 554 701 est
582 660 689 701 non
720 660 941 715 possum
972 650 1023 698 te
1046 643 1305 711 adjuvare
1334 659 1433 713 per
1467 642 1753 712 justitiam,
1787 642 1889 696 nisi
1919 651 2075 713 petas

470 751 572 806 per
599 732 761 789 ﬁdem
793 741 1014 787 rectam.
1044 732 1277 804 Surgere
1309 730 1407 786 Dei
1453 732 1787 800 adjutorium
1819 731 1937 799 ejus
1969 739 2072 785 est.

471 821 731 893 Quamvis
764 820 1025 876 Dominus
1066 836 1173 875 non
1224 820 1313 874 det
1347 819 1574 890 petenti,
1627 819 1900 888 adjuvans
1929 819 2075 874 illico

472 926 618 981 eum,
668 911 791 966 ideo
840 910 985 981 quod
1041 908 1251 963 amicus
1308 907 1428 978 ejus
1474 909 1563 973 sit,
1612 907 1913 963 secundum
1971 909 2075 965 hoc

472 1000 617 1073 quod
647 1007 896 1056 creatura
928 998 1047 1068 ejus
1079 1005 1180 1063 est,
1214 1012 1323 1052 non
1356 1010 1538 1051 tamen
1592 1002 1884 1068 propterea
1914 996 2076 1053 intel-

466 1089 727 1161 ligendus
757 1094 840 1142 est
868 1102 1074 1158 negare
1123 1085 1578 1148 misericordiam,
1623 1086 1723 1140 sed
1752 1084 1972 1140 differre
2003 1086 2075 1143 ad

470 1177 768 1253 gratiorem
800 1175 1189 1253 receptionem,
1222 1182 1275 1229 et
1322 1174 1393 1229 ad
1438 1174 1819 1230 inculcandam
1852 1174 2073 1245 petitio-

468 1282 616 1323 nem.
654 1265 809 1322 Unde
856 1263 1147 1335 sequitur:
1204 1284 1225 1310 ιι
1275 1263 1504 1333 Propter
1548 1262 1953 1334 improbitatem
1994 1270 2073 1316 ta-

468 1372 594 1411 men
625 1353 765 1424 ejus,
804 1376 825 1401 ιι
874 1357 975 1407 hoc
1022 1358 1104 1407 est
1161 1359 1390 1421 propter
1443 1350 1749 1405 instantiam
1793 1350 2071 1422 petitionis

471 1445 607 1512 ejus,
641 1467 664 1491 α
700 1440 978 1511 adjuvabit
1029 1455 1178 1505 eum,
1228 1447 1282 1494 et
1336 1439 1486 1494 dabit
1531 1439 1609 1493 illi
1657 1439 1997 1495 necessaria.
2043 1463 2065 1487 ιι

470 1531 596 1589 Vult
622 1532 773 1586 Deus
804 1527 1039 1584 ﬁdeliter
1070 1528 1181 1599 peti
1209 1542 1240 1582 a
1269 1543 1329 1583 se
1361 1528 1505 1599 quod
1534 1528 1803 1601 disposuit
1830 1527 2068 1598 petenti-

466 1620 569 1675 bus
600 1634 831 1692 erogare
844 1658 859 1673 .

543 1762 565 1788 ιι
600 1737 663 1792 Et
706 1752 811 1807 ego
853 1734 1009 1790 vobis
1056 1732 1179 1790 dico
1231 1753 1244 1789 :

468 1827 692 1901 quaerite
724 1834 779 1881 et
809 1823 1115 1891 invenietis,
1166 1822 1377 1893 pulsate
1425 1832 1477 1878 et
1505 1823 1783 1894 aperietur
1820 1824 2001 1879 vobis.
2042 1848 2062 1872 ο

467 1914 636 1985 Quasi
665 1912 859 1985 aliquis
887 1912 1097 1968 diceret
1131 1930 1143 1967 :
1176 1911 1319 1980 Quid
1341 1920 1589 1967 sanctum
1620 1918 1775 1967 vetas
1801 1911 2067 1966 nos‘darc

465 2004 711 2068 canibus,
742 2017 868 2058 cum
896 2001 1075 2056 adhuc
1117 1999 1250 2054 nihil
1300 2000 1534 2055 sciamus
1561 2000 1590 2053 ‘I
1640 2000 1770 2055 Ideo
1818 2001 2067 2055 hortatur

464 2102 650 2166 petere
680 2090 948 2162 spiritalia
978 2088 1071 2160 qui
1116 2088 1363 2144 carnalia
1410 2103 1575 2157 supra
1603 2096 1848 2145 vetuerat
1872 2097 2065 2159 postu-

462 2182 587 2237 lari.
620 2180 812 2236 Petitio
842 2178 1077 2248 pertinet
1104 2178 1172 2232 ad
1214 2177 1609 2247 impetrandam
1660 2179 1949 2233 sanitatem
1980 2176 2067 2232 ﬁr-

462 2272 814 2341 mitatemque
842 2266 1030 2331 animi,
1061 2274 1119 2320 ut
1144 2281 1210 2322 ea
1239 2282 1363 2338 qua:
1413 2266 1803 2337 praecipiuntur
1836 2266 2064 2336 implere

463 2358 765 2430 possimus.
828 2354 1112 2427 Inquisitio
1167 2353 1240 2409 ad
1306 2353 1695 2411 inveniendam
1752 2356 2060 2423 veritatem,

462 2446 696 2518 pulsatio
747 2444 815 2498 ad
873 2442 1307 2514 possessionem.
1371 2443 1451 2498 Ad
1510 2443 1629 2499 haec
1676 2443 1783 2499 tria
1826 2444 2063 2500 manile-

463 2535 657 2591 standa
677 2548 949 2605 ponamus
980 2532 1216 2603 aliquem
1247 2530 1478 2586 inﬁrmis
1507 2532 1739 2603 pedibus
1788 2532 2063 2589 ambulare

462 2640 573 2681 non
603 2638 792 2695 posse.
830 2622 986 2676 Prius
1012 2636 1148 2692 ergo
1179 2620 1455 2674 sanandus
1483 2624 1586 2687 est,
1608 2629 1663 2675 et
1683 2621 1752 2675 ad
1768 2621 1874 2677 hoc
1900 2621 2063 2692 perti-

462 2722 555 2769 net
584 2720 791 2784 petere.
824 2709 931 2765 Sed
960 2709 1093 2780 quid
1140 2708 1362 2779 prodest
1404 2708 1521 2779 jam
1568 2724 1734 2779 posse
1762 2710 2059 2777 ambulare,

461 2802 509 2858 si
542 2800 685 2856 viam
736 2798 930 2854 nescit.
980 2799 1101 2853 Non
1146 2796 1430 2868 perveniet
1475 2812 1585 2868 quo
1632 2797 1793 2852 vult:
1845 2799 1915 2853 ad
1958 2799 2063 2855 hoc

459 2890 693 2961 pertinet
722 2902 995 2959 qurerere.
1033 2885 1087 2941 Si
1138 2901 1269 2940 vero
1321 2884 1504 2940 locum
1532 2884 1623 2939 ubi
1668 2886 1783 2939 vult
1810 2886 2062 2943 habitare

458 2979 701 3036 clausum
722 2976 1121 3043 invenerit,non
1140 2973 1377 3045 proderit
1394 2974 1443 3029 ei
1464 2974 1775 3030 ambulasse
1790 2990 1854 3030 ac
1873 2992 2064 3046 perve-

2186 468 2311 534 suit,
2348 491 2369 517 α
2402 468 2553 523 dabit
2586 470 2728 524 bona
2758 469 2979 538 (Matth.
3022 471 3135 540 vn),
3174 492 3195 521 ι
3245 472 3484 528 Ostendit
3516 471 3773 542 Spiritum

2184 566 2431 613 sanctum
2474 558 2887 614 distributorem
2926 559 3168 614 omnium
3210 560 3474 616 bonorum
3524 560 3775 631 spiritua-

2182 644 2335 700 lium.
2404 646 2848 718 (Auousrnvus.)
2922 648 3155 720 Mystice
3230 650 3387 719 panis
3460 650 3778 721 intelligitur

2183 735 2415 791 charitas
2444 745 2667 807 prOpter
2693 736 2989 807 appetitum
3020 745 3135 792 tam
3164 738 3565 803 necessarium,
3586 747 3644 791 ut
3668 738 3780 792 sine

2178 823 2273 879 illa
2319 833 2519 880 Caetera
2574 824 2703 879 nihil
2763 827 2891 889 sint,
2950 826 3089 881 sicut
3135 827 3252 881 sine
3304 843 3447 897 pane
3492 826 3653 897 inops
3703 833 3785 882 est

2180 929 2393 968 mensa.
2433 913 2531 967 Cui
2555 915 2824 969 contraria
2854 923 2940 970 est
2970 915 3155 970 cordis
3184 915 3381 970 duritia
3422 931 3589 986 quam
3618 916 3783 985 lapidi

2180 1002 2535 1073 comparavit.
2572 1000 2741 1058 Piscis
2771 1011 2855 1058 est
2880 1002 3018 1058 ﬁdes
3048 1002 3426 1059 invisibilium.
3453 1003 3608 1059 Sicut
3639 1005 3782 1059 enim

2180 1091 2351 1162 piscis
2381 1091 2480 1145 sub
2532 1098 2850 1164 tegumento
2906 1108 3171 1164 aquarum
3227 1092 3491 1158 nascitur,
3552 1092 3686 1151 vivit
3733 1101 3784 1151 et

2177 1179 2339 1234 alitur
2372 1195 2384 1234 :
2416 1178 2489 1233 ita
2517 1177 2673 1247 ﬁdes,
2708 1180 2894 1251 quaein
2921 1181 3097 1235 Deum
3121 1188 3222 1246 est,
3247 1180 3301 1234 in
3324 1181 3494 1237 corde
3526 1179 3784 1236 invisibi~

2176 1268 2298 1323 liter
2324 1268 2584 1340 gignitur,
2643 1268 2907 1324 invisibili
2963 1268 3142 1341 gratia
3198 1269 3431 1340 Spiritus
3460 1286 3561 1340 per
3609 1282 3783 1340 aquas

2178 1356 2431 1428 baptismi
2462 1367 2834 1424 consecratur,
2866 1356 3126 1414 invisibili
3161 1358 3361 1414 auxilio
3412 1357 3615 1414 divine
3648 1373 3782 1429 pro-

2174 1445 2424 1501 tectionis
2448 1462 2517 1502 ne
2563 1444 2779 1501 deﬁciat
2834 1447 3085 1512 nutritur,
3115 1445 3381 1502 invisibili
3427 1446 3782 1517 praemiorum

2173 1533 2368 1589 intuitu
2434 1534 2576 1590 bene
2632 1543 2911 1606 operatur.
2978 1535 3136 1604 Quod
3202 1535 3365 1591 etiam
3423 1533 3566 1591 ﬁdes
3626 1535 3787 1605 hujus

2173 1624 2360 1678 mundi
2400 1623 2651 1678 ﬂuctibus
2694 1622 3097 1679 circumlatrata
3138 1640 3249 1679 non
3296 1624 3587 1697 frangitur,
3633 1632 3785 1680 recte

1295 1733 1463 1790 petite
1499 1739 1556 1790 et
1611 1733 1829 1789 dabin“.
1879 1734 2060 1804 vobis,
2094 1737 2147 1799 Β
2178 1713 2317 1783 pisci
2347 1722 2723 1783 comparatur.
2758 1712 2862 1768 Cui
2893 1714 3231 1769 contrarium
3249 1714 3433 1785 posuit
3463 1719 3783 1785 serpentem

2175 1810 2403 1871 proptcr
2467 1817 2675 1856 venena
2750 1801 3101 1869 inﬁdelitatis,
3170 1820 3291 1874 quae
3374 1800 3539 1857 etiam
3607 1802 3784 1873 primo

2174 1890 2379 1945 homini
2435 1890 2578 1944 male
2635 1890 2916 1945 suadendo
2996 1891 3409 1962 proseminavit.
3469 1891 3612 1961 Spes
3680 1906 3782 1947 ovo

2175 1986 2526 2049 comparatur
2560 1993 2573 2031 :
2614 1979 2859 2032 nondum
2901 1979 3047 2035 enim
3095 1983 3349 2051 pervenit
3394 1979 3462 2033 ad
3496 1995 3635 2047 rem,
3668 1980 3782 2035 sic-

2174 2074 2231 2122 ut
2259 2082 2417 2122 ovum
2469 2067 2716 2122 nondum
2761 2076 2843 2123 est
2901 2068 3098 2138 pullus,
3140 2068 3240 2123 sed
3294 2068 3531 2124 fovendo
3579 2084 3785 2139 spera-

2174 2163 2279 2210 tur.
2302 2155 2399 2211 Cui
2431 2158 2766 2211 contrarium
2811 2158 2991 2228 posuit
3040 2157 3404 2229 scorpionem,
3448 2158 3603 2225 cujus
3644 2173 3782 2213 acu-

2172 2244 2292 2300 leus
2321 2253 2623 2301 venenatus
2655 2250 2805 2300 retro
2857 2246 3127 2301 timendus
3178 2253 3280 2313 est,
3316 2246 3454 2301 sicut
3490 2245 3613 2316 spei
3643 2262 3778 2302 conc

2172 2333 2392 2388 trarium
2423 2342 2506 2389 est
2554 2342 2695 2390 retro
2743 2334 3021 2406 respicere
3064 2350 3188 2391 cum
3245 2351 3371 2407 spes
3411 2335 3469 2390 in
3502 2336 3779 2393 anteriora

2171 2422 2318 2478 bona
2340 2422 2691 2480 extendatur.

2491 2577 2728 2634 SERMO
2767 2578 2842 2635 IN
2880 2576 3412 2636 ROGATIONIBUS
3424 2618 3440 2637 .

2248 2750 2270 2775 ιι
2305 2724 2464 2782 Oculi
2510 2721 2728 2779 Domini
2769 2737 2937 2792 super
2975 2721 3174 2792 justos,
3232 2728 3287 2776 et
3342 2736 3506 2776 aures
3552 2720 3673 2789 ejus
3719 2718 3775 2774 in

2169 2831 2362 2889 preces
2389 2830 2580 2871 eorum
2603 2812 2776 2883 (Psal.
2810 2812 3023 2879 XXXIII).
3046 2833 3068 2859 ι»
3105 2810 3208 2877 Qui
3238 2826 3267 2863 a
3298 2810 3452 2865 malo
3471 2809 3774 2877 declinant,

2166 2903 2575 2971 fornicationes,
2609 2900 2904 2966 adulteria,
2953 2899 3206 2971 perjuria,
3240 2897 3403 2965 furta,
3438 2898 3581 2953 falsa
3612 2897 3775 2954 testi-

2170 2994 2374 3060 monia,
2403 3000 2455 3048 et
2480 2990 2565 3045 his
2596 2988 2794 3043 similia
2837 2988 3101 3043 devitant.
3153 2987 3219 3042 Et
3248 2987 3340 3058 qui
3390 2986 3543 3041 bona
3570 2985 3779 3041 faciunt

456 3068 624 3130 ιιίεεθι
656 3066 760 3121 Πίδί
789 3064 891 3120 Sibi
922 3063 1201 3135 aperiam”
1242 3079 1255 3117 ³
1296 3063 1366 3118 ad
1412 3063 1513 3118 hoc
1557 3062 1791 3134 Peminet
1822 3064 2060 3136 Pulsa”.
2097 3095 2147 3158 ί]
2178 3084 2294 3138 Deo
2323 3097 2444 3147 sua,
2478 3088 2529 3135 et
2559 3077 2873 3134 hominibus
2893 3077 3107 3132 solvunt
3131 3092 3251 3131 sua.
3276 3076 3341 3130 Hi
3364 3075 3494 3144 justi
3524 3083 3655 3130 sunt
3686 3082 3780 3131 :et

533 3197 554 3223 ιι
588 3174 677 3229 Bis
706 3172 847 3228 enim
880 3170 971 3242 qui
1002 3170 1136 3241 petit
1164 3169 1384 3240 accipit,
1410 3177 1464 3224 et
1487 3169 1577 3242 qui
1608 3170 1804 3241 quaerit
1830 3170 2056 3240 invenit,

457 3272 512 3320 et
539 3261 771 3335 pulsanti
797 3260 1099 3332 aperietur.
1128 3282 1151 3308 ιι
1188 3260 1348 3314 Juxta
1378 3259 1704 3330 parabolam
1731 3261 2061 3331 postulantis

454 3352 617 3409 amici
660 3348 1066 3422 perseverantia
1116 3364 1256 3419 Opus
1304 3355 1390 3402 est
1431 3358 1490 3401 ut
1528 3349 1860 3419 accipiamus
1910 3349 2058 3420 quod

453 3441 509 3496 in
541 3440 648 3494 ﬁde
676 3439 880 3494 orando
906 3438 1167 3508 petimus,
1218 3436 1560 3492 inveniamus
1599 3438 1746 3508 quod
1777 3454 1874 3507 spe
1904 3446 2057 3494 recte

452 3528 688 3586 vivendo
726 3526 1043 3597 quaerimus,
1080 3525 1366 3596 aperiatur
1409 3525 1464 3579 id
1502 3526 1572 3580 ad
1614 3526 1760 3597 quod
1789 3528 2054 3583 charitate

452 3617 761 3689 pulsamus.
801 3614 897 3669 Cui
928 3621 1112 3668 autem
1143 3629 1255 3667 non
1283 3613 1449 3667 datur
1483 3623 1725 3684 apparet,
1762 3615 1885 3686 quia
1916 3616 2056 3670 bene

452 3719 564 3760 non
610 3703 830 3773 petitur.
876 3704 1127 3757 Petamus
1164 3701 1347 3772 itaque
1394 3710 1448 3757 et
1492 3702 1771 3772 pulsemus
1821 3703 2050 3772 januam

452 3791 672 3858 Christi,
704 3791 773 3846 de
804 3806 912 3862 qua
942 3789 1145 3845 dictum
1176 3798 1258 3844 est
1292 3805 1305 3843 :
1357 3811 1379 3838 «ι
1428 3790 1558 3845 Πωο
1599 3799 1754 3861 porta
1784 3791 2001 3845 Domini
2034 3806 2051 3861 ;

444 3879 580 3951 justi
608 3879 885 3934 intrabunt
918 3894 1015 3948 per
1044 3893 1159 3933 eam
1192 3878 1369 3947 (Psal.
1395 3892 1587 3948 cxvu).
1616 3902 1635 3927 ιι
1663 3879 1727 3933 Ut
1747 3893 1868 3933 cum
1892 3877 2055 3933 intra-

447 3970 707 4036 verimus,
739 3968 989 4039 aperiant
1015 3967 1177 4022 nobis
1207 3966 1451 4021 thesauri
1480 3967 1786 4023 absconditi
1812 3966 1870 4022 in
1897 3968 2054 4024 Chri-

444 4068 531 4117 sto
557 4060 709 4126 Jesu,
740 4058 797 4113 in
816 4072 924 4130 quo
954 4062 1042 4113 est
1071 4055 1253 4111 omnis
1282 4054 1531 4112 scientia.

518 4195 543 4227 ι
576 4175 688 4229 Αιιι
713 4172 837 4247 quis
864 4188 931 4228 ex
963 4171 1119 4228 vobis
1156 4172 1344 4239 homo,
1378 4187 1538 4242 quem
1569 4169 1616 4227 si
1646 4171 1868 4244 petierit
1900 4170 2049 4229 ﬁlius

442 4286 571 4326 suus
598 4286 820 4341 panem,
862 4268 1109 4341 nunquid
1153 4268 1391 4340 lapidem
1441 4269 1689 4342 porriget
1724 4270 1825 4326 ei?
1852 4271 1959 4325 Aut
2000 4269 2049 4325 si

443 4369 652 4440 piscem
683 4367 837 4440 petit,
870 4367 1114 4439 nunquid
1146 4376 1458 4439 serpentem
1484 4368 1734 4440 porriget
1757 4368 1853 4425 ei?
1877 4371 1979 4424 Aut
2000 4366 2047 4423 si

442 4481 608 4522 ovum
637 4464 869 4537 petierit,
911 4464 1153 4537 nunquid
1200 4466 1447 4537 porriget
1496 4466 1545 4521 ei
1586 4466 1984 4538 scorpionem?
2015 4490 2038 4516 ι
2072 4471 2127 4533 D

441 4562 667 4620 Petendi
694 4560 1075 4619 conﬁdentiam
1102 4562 1333 4634 praebet,
1362 4571 1417 4619 et
1463 4561 1593 4635 quid
1648 4563 1941 4635 petendum
1970 4561 2044 4618 sit

440 4661 705 4734 eXplanat
732 4677 763 4716 a
791 4660 1088 4715 minoribus
1119 4660 1191 4715 ad
1236 4660 1472 4732 majora,
1507 4660 1649 4717 sicut
1689 4660 1942 4734 superius
1970 4660 2042 4717 de

437 4759 746 4819 volatilibus
772 4757 896 4814 ωτιιί
925 4764 980 4813 et
1010 4756 1160 4812 liliis.

512 4901 535 4926 ιι
570 4876 628 4933 Si
656 4890 791 4947 ergo
821 4889 921 4930 vos
950 4888 1078 4929 cum
1130 4872 1249 4928 sitis
1293 4870 1447 4944 mali,
1496 4872 1669 4929 nostis
1712 4872 1859 4929 bona
1911 4872 2037 4929 data

437 4976 568 5031 dare
598 4974 721 5030 ﬁliis
750 4972 966 5042 vestris,
1000 4979 1202 5044 quanto
1230 4971 1409 5042 magis
1438 4971 1606 5027 Pater
1634 4979 1835 5037 vester,
1868 4971 1958 5043 qui
1980 4970 2035 5025 in

437 5074 591 5130 caelis
622 5082 721 5138 est,
753 5071 902 5126 dabit
950 5069 1098 5124 bona
1146 5068 1457 5139 petentibus
1499 5084 1578 5123 se.
1615 5091 1637 5117 υ
1673 5068 1844 5122 Malos
1874 5072 2035 5123 vocat

436 5170 621 5226 saeculi
665 5178 938 5224 amatores
984 5182 1214 5239 quorum
1267 5166 1413 5221 dona
1454 5165 1751 5221 secundum
1809 5182 2031 5221 sensum

436 5282 624 5323 eorum
653 5265 886 5321 dicenda
917 5272 1042 5318 sunt
1068 5264 1231 5320 bona.
1259 5263 1361 5319 Vel
1386 5264 1530 5320 bona
1559 5272 1685 5319 sunt
1712 5262 2033 5320 naturaliter

434 5363 618 5421 omnia
645 5378 765 5435 quae
791 5366 937 5419 Deus
966 5362 1115 5417 fecit.

511 5502 533 5532 tl
569 5478 626 5536 Si
672 5493 811 5549 ergo
857 5491 958 5531 nos
1004 5491 1130 5532 cum
1179 5476 1349 5532 simus
1412 5476 1545 5532 mali
1599 5476 1733 5534 dare
1777 5476 2029 5534 novimus

432 5576 576 5651 quod
596 5574 852 5648 petimur,
875 5576 1078 5643 quanto
1093 5573 1269 5645 magis
1285 5574 1451 5628 Deus.
1484 5597 1505 5622 ιι
1532 5573 1827 5645 Apostolos
1848 5572 2027 5629 malos

431 5674 566 5730 dixit
592 5671 679 5730 vel
707 5670 1004 5725 humanum
1033 5683 1209 5739 genus
1238 5668 1338 5722 sub
1381 5684 1624 5738 persona
1653 5669 2025 5741 apostolorum

428 5772 497 5828 ad
525 5765 990 5843 comparationem
1034 5762 1233 5821 divinas
1278 5764 1607 5821 clementiae.
1660 5766 1821 5835 Quod
1850 5766 2026 5823 Lucas

2172 3187 2335 3242 super
2364 3172 2464 3225 hos
2492 3168 2637 3224 oculi
2686 3165 3071 3222 misericordia;
3101 3165 3202 3220 Dei
3240 3164 3562 3234 respiciunt,
3594 3172 3652 3219 et
3682 3180 3779 3218 au-

2168 3278 2256 3317 res
2286 3261 2405 3328 ejus
2434 3258 2504 3313 ad
2535 3272 2729 3328 preces
2758 3270 2967 3321 eorum,
3012 3254 3157 3326 quia,
3189 3261 3483 3324 antequam
3516 3252 3775 3309 invocent

2168 3366 2315 3415 eum,
2347 3348 2492 3403 dicet
2521 3346 2601 3402 eis
2632 3362 2646 3399 :
2690 3345 2837 3400 Ecce
2878 3343 3091 3409 adsum.
3143 3364 3165 3390 ε
3216 3341 3409 3397 Vultus
3437 3350 3632 3397 autem
3668 3342 3774 3397 Do-

2166 3438 2298 3494 mini
2325 3452 2491 3507 super
2522 3434 2785 3491 facientes
2813 3432 2955 3487 mala
2984 3430 3193 3499 (ibid.).
3236 3454 3259 3478 ιι
3309 3429 3394 3485 Ad
3424 3430 3595 3501 quid!
3646 3452 3670 3481 ι
3705 3431 3772 3487 Ut

2166 3527 2360 3598 perdat
2402 3525 2472 3579 de
2515 3531 2662 3579 terra
2702 3520 3023 3577 memoriam
3069 3535 3263 3575 eorum
3306 3518 3514 3589 (ibid.).
3554 3542 3577 3566 ι
3629 3519 3771 3575 Justi

2166 3630 2301 3688 ergo
2329 3631 2360 3669 a
2390 3615 2509 3669 Deo
2540 3610 2737 3682 respici
2766 3618 2819 3665 et
2845 3610 2916 3664 ab
2946 3625 3014 3665 eo
3043 3607 3295 3665 exaudiri
3320 3606 3622 3680 gaudeant,
3638 3617 3695 3663 et
3714 3608 3769 3663 in

2166 3705 2363 3760 melius
2416 3700 2746 3773 proﬁciant;
2796 3699 2907 3753 mei
2946 3704 3125 3753 autem
3173 3696 3514 3763 consimiles,
3557 3698 3769 3757 scilicet

2163 3794 2218 3847 in
2250 3790 2577 3849 criminibus
2603 3789 2860 3853 fetentes,
2888 3795 3112 3859 peccata
3139 3786 3416 3852 deserant,
3449 3794 3501 3840 et
3531 3786 3605 3841 ad
3634 3802 3767 3842 ora-

2163 3882 2326 3937 tionis
2355 3880 2657 3935 muni-mem
2689 3877 3027 3947 confugiant,
3045 3883 3098 3931 et
3118 3892 3179 3931 se
3198 3875 3360 3929 etiam
3378 3875 3766 3931 exaudiendos

2163 3970 2359 4026 sciant.
2392 3969 2592 4024 Tribus
2619 3974 2802 4021 autem
2833 3964 3012 4019 modis
3040 3963 3319 4019 orationes
3348 3971 3554 4019 nostrae
3583 3964 3765 4035 impe-

2160 4058 2386 4114 diuntur
2412 4056 2558 4129 quod
2585 4072 2615 4111 a
2642 4056 2757 4110 Deo
2803 4070 2915 4109 non
2962 4052 3351 4109 exaudiuntur.
3399 4050 3508 4120 Qui
3553 4062 3679 4108 orat
3707 4061 3764 4109 ut

2159 4147 2230 4203 de
2259 4145 2495 4202 inimicis
2534 4144 2649 4200 suis
2687 4143 3001 4210 ulciscatur,
3033 4142 3121 4197 hic
3164 4157 3273 4196 non
3320 4141 3631 4208 exauditur,
3664 4142 3762 4199 sed

2159 4236 2337 4292 oratio
2384 4234 2508 4304 ejus
2544 4234 2599 4289 in
2633 4241 2916 4302 peccatum
2970 4231 3302 4288 convertitur
3347 4230 3527 4299 (Psal.
3569 4234 3753 4300 cvm).

2157 4324 2263 4393 Qui
2294 4324 2478 4381 odium
2509 4322 2566 4378 in
2610 4322 2779 4379 corde
2826 4320 3043 4388 retinet,
3082 4327 3137 4376 et
3176 4319 3232 4375 in
3262 4334 3323 4374 se
3358 4319 3611 4390 peccanti
3651 4336 3759 4376 non

2155 4414 2394 4480 dimittit,
2424 4414 2573 4469 hunc
2594 4418 2845 4467 orantem
2874 4411 3026 4466 Deus
3052 4425 3163 4465 non
3201 4409 3473 4465 exaudiet.
3507 4407 3617 4476 Qui
3649 4409 3759 4465 cri-

2154 4502 2379 4559 minalia
2424 4514 2650 4573 peccata
2690 4507 2986 4571 perpetrat,
3028 4505 3084 4553 et
3124 4498 3179 4553 in
3224 4498 3311 4553 his
3356 4496 3758 4563 delectabiliter

2150 4597 2490 4665 perseverat,
2516 4591 2608 4646 hic
2636 4588 2915 4646 incassum
2960 4602 3153 4659 preces
3198 4585 3393 4656 fundit,
3428 4586 3561 4657 quia
3605 4587 3756 4643 Deus

2149 4688 2463 4754 peccatores
2492 4694 2603 4736 non
2631 4677 2788 4734 audit
2812 4679 3001 4748 (Joan.
3031 4678 3138 4747 Ix).
3174 4675 3330 4732 Unde
3367 4691 3473 4746 per
3499 4677 3752 4747 prOphe-

2149 4787 2258 4835 tam
2305 4777 2502 4834 dicitur
2532 4789 2547 4832 :
2583 4798 2606 4825 α
2640 4777 2815 4831 Aures
2862 4774 2963 4829 Dei
3004 4788 3115 4829 non
3154 4780 3284 4828 sunt
3329 4782 3649 4845 aggravata
3695 4780 3756 4829 ut

2148 4893 2257 4933 non
2286 4875 2487 4941 audiat,
2522 4872 2623 4929 sed
2653 4880 2880 4944 peccata
2908 4877 3092 4927 vestra
3112 4870 3328 4926 obstant
3353 4886 3423 4925 ne
3449 4885 3553 4925 vos
3582 4886 3754 4926 exau-

2145 4978 2286 5033 diat.
2316 5000 2337 5026 ιι
2356 4978 2485 5031 Item
2505 4974 2649 5030 idem
2672 4992 2687 5029 :
2718 4974 2990 5043 «Propter
3008 4979 3234 5043 peccata
3250 4976 3458 5034 nostra,
3484 4969 3747 5037 Domine,

2144 5074 2445 5147 opposuisti
2478 5072 2577 5128 tibi
2621 5071 2843 5137 nubem,
2888 5084 2956 5123 ne
3006 5076 3247 5124 transeat
3286 5066 3460 5122 oratio
3507 5067 3745 5135 (Thren.

2140 5177 2245 5244 ιιι).
2271 5198 2293 5221 ι
2317 5174 2605 5227 Peccatum
2630 5168 2828 5241 quippe
2848 5182 3029 5239 grave
3050 5174 3132 5221 est
3154 5175 3209 5220 ut
3224 5165 3527 5236 plumbum,
3549 5173 3601 5220 et
3619 5165 3746 5221 ideo

2138 5270 2401 5345 pertrahit
2441 5268 2716 5323 hominem
2773 5266 2830 5319 in
2892 5263 3131 5319 barathri
3183 5261 3535 5334 profundum.
3596 5263 3745 5319 Sicut

2138 5369 2284 5427 enim
2314 5375 2428 5423 rota
2454 5366 2509 5419 in
2553 5371 2737 5419 monte
2780 5360 3098 5427 demittitur,
3149 5367 3201 5415 et
3236 5375 3335 5431 per
3373 5358 3741 5430 praecipitium

2135 5468 2208 5523 ad
2236 5467 2351 5522 ima
2373 5462 2631 5521 convallis
2661 5458 2993 5530 devolvitur,
3021 5458 3103 5514 sic
3121 5456 3303 5513 anima
3332 5464 3528 5528 sponte
3560 5458 3741 5513 Deum

2134 5567 2396 5623 deserens
2424 5570 2479 5618 et
2504 5560 2560 5617 in
2578 5559 2915 5631 iniquitatem
2934 5571 3227 5629 proruens,
3245 5570 3523 5627 nunquam
3544 5554 3603 5609 in
3623 5556 3737 5611 imo

2132 5665 2288 5736 lapsu
2315 5659 2630 5726 morabitur,
2663 5656 2765 5713 sed
2800 5670 3020 5729 semper
3064 5652 3294 5711 ulterius
3332 5652 3403 5709 ad
3452 5651 3737 5710 deteriora

2131 5760 2452 5834 prolabitur,
2518 5764 2574 5815 et
2625 5763 2908 5829 peccatum
2959 5752 3102 5826 quod
3168 5750 3330 5811 citius
3391 5750 3735 5826 pauitantia
