4042 6080
262 224 369 277 965

1196 215 1773 275 DEFLORATIONES
1811 217 1911 276 SS.
1954 216 2249 275 PATRUM.
2289 249 2364 264 -—
2400 219 2525 275 LIB.
2568 221 2617 274 ἰ.

3461 218 3564 276 966

259 350 372 404 non
391 344 563 411 diluit,
594 359 722 399 mox
751 342 896 398 aliud
924 358 1020 398 suo
1047 341 1285 413 pondere
1343 343 1520 410 trahit,
1551 350 1603 397 et
1632 343 1698 396 de
1728 358 1862 412 pec-
1892 341 1946 406 Α
1977 341 2157 409 beant,
2218 361 2433 400 necesse
2461 352 2542 400 est
2568 351 2626 399 ut
2680 344 2905 402 verbum
2953 345 3052 400 Dei
3100 344 3156 400 in
3209 345 3298 401 eis.
3331 354 3560 412 arescat.

260 441 384 490 cato
414 433 471 486 in
503 441 780 504 peccatum
833 432 996 498 cadit,
1045 447 1214 501 usque
1260 431 1388 486 dum
1445 432 1500 485 in
1537 431 1867 501 profundum

261 523 532 578 malorum
573 521 798 588 venerit,
859 520 984 576 inde
1033 521 1085 574 in
1143 529 1358 577 aeterna
1405 521 1592 575 mortis
1646 527 1865 592 puteum

261 610 490 682 proruit.
525 611 702 680 Super
746 609 989 679 cujusos
1041 609 1181 679 lapis
1209 609 1573 666 damnationis
1629 609 1862 680 ponitur,

261 724 432 778 usque
487 707 617 762 dum
667 707 856 766 reddat
901 706 1256 765 novissimum
1323 707 1674 778 quadrantem
1719 706 1868 763 exire

262 813 378 853 non
407 797 758 867 promittitur.

334 911 557 967 Devotis
587 921 722 984 ergo
760 911 1047 983 precibus,
1081 911 1398 980 charissimi,
1433 929 1464 968 a
1492 911 1607 968 Deo
1640 911 1862 983 poscite,

267 1023 292 1049 ι
325 1017 396 1056 ne
424 1017 522 1057 vos
542 1000 835 1056 absorbeat
887 1001 1234 1073 profundum,
1268 1018 1443 1072 neque
1490 1009 1680 1074 urgeat
1705 1016 1867 1069 super

260 1119 361 1159 vos
388 1110 580 1173 puteus
608 1119 669 1159 os
697 1105 1039 1171 suum(P:al.
1056 1102 1268 1174 vam).
1292 1125 1313 1152 ι»
1338 1127 1448 1151 -ει
1471 1103 1662 1175 Fugite
1678 1101 1864 1156 mundi

262 1200 317 1248 et
343 1193 523 1247 carnis
546 1191 831 1258 desideria,
848 1208 968 1261 quae
994 1191 1434 1248 suntdaemonum
1459 1191 1867 1261 servitia;qua3-

259 1281 363 1337 rite
385 1281 696 1350 Dominum,
721 1289 776 1337 et
803 1281 947 1336 vivet
993 1280 1177 1336 anima
1231 1289 1407 1336 vestra
1435 1281 1644 1352 (ibid).
1679 1303 1702 1330 »
1728 1281 1864 1335 Pro-

261 1379 427 1448 pheta
458 1393 694 1447 namque
722 1377 858 1433 vidit
913 1376 1008 1431 ubi
1037 1378 1232 1432 mulier
1257 1378 1312 1431 in
1360 1379 1622 1447 amphora
1673 1376 1867 1432 sedens

261 1466 320 1520 in
349 1467 482 1520 mari
507 1465 746 1533 natabat,
788 1482 950 1535 quam
981 1482 1160 1521 massa
1215 1465 1424 1537 plumbi
1452 1466 1741 1537 gravabat.
1800 1467 1866 1520 Et

263 1571 388 1610 ecce
420 1555 541 1611 duae
597 1555 849 1613 mulieres
890 1555 1047 1610 alata:
1102 1557 1423 1626 amphoram
1471 1571 1593 1609 cum
1638 1553 1864 1610 muliere

259 1652 534 1720 levabant,
593 1659 647 1705 et
693 1668 812 1707 eam
873 1652 929 1705 in
989 1659 1184 1706 terram
1240 1652 1530 1722 Babylonis
1591 1652 1861 1706 ducebant

261 1741 454 1810 (Zach.
492 1743 574 1810 v).
613 1741 759 1794 Mare
789 1740 1154 1795 turbulentum
1185 1749 1264 1795 est
1285 1742 1386 1796 hoc
1413 1741 1666 1796 saeculum
1681 1741 1865 1795 adver-

259 1829 503 1883 sitatibus
545 1829 924 1899 procellosum.
983 1830 1172 1884 Mulier
1199 1846 1319 1899 quae
1373 1830 1431 1883 in
1459 1833 1722 1901 amphora
1773 1845 1864 1885 na-

263 1924 338 1971 tat
365 1925 444 1972 est
472 1918 654 1972 anima
695 1925 896 1982 nostra,
929 1934 1050 1988 quae
1095 1919 1314 1990 corpori
1345 1920 1641 1990 praesidens
1670 1919 1724 1972 in
1767 1935 1863 1988 pe-

254 2006 440 2062 riculis
483 2006 666 2063 saeculi
711 2006 941 2061 laborat.
967 2006 1143 2075 Quam
1191 2024 1370 2062 massa
1409 2007 1618 2078 plumbi
1645 2015 1857 2080 gravat,

257 2095 389 2164 quia.
414 2095 650 2149 animam
680 2102 919 2150 nostram
948 2095 1132 2168 gravis
1178 2095 1433 2166 iniquitas
1461 2103 1668 2152 onerat.
1726 2097 1861 2153 Dum

255 2193 528 2260 mulieres,
564 2209 686 2264 quae
705 2197 1025 2266 amphoram
1074 2210 1195 2250 cum
1241 2194 1465 2249 muliere
1496 2195 1696 2261 levant,
1738 2201 1864 2250 sunt

254 2280 366 2337 duo
393 2282 544 2351 vitia,
567 2283 820 2353 superbia
862 2283 1068 2338 scilicet
1093 2291 1145 2338 et
1173 2283 1408 2350 luxuria,
1444 2299 1565 2354 quae
1620 2283 1859 2338 animam

257 2378 503 2430 nostram
525 2379 579 2425 et
619 2387 814 2442 corpus
870 2380 1112 2426 nostrum
1159 2372 1229 2427 ad
1272 2372 1461 2428 illicita
1523 2371 1856 2428 molliﬁcant.

255 2459 526 2529 Superbia
557 2460 702 2516 enim
732 2461 972 2515 animam
1020 2461 1076 2515 in
1114 2461 1403 2516 elationem
1460 2461 1618 2534 erigit
1649 2476 1663 2530 ;
1706 2462 1861 2516 luxu-

253 2550 338 2605 ria
367 2565 496 2605 vero
531 2565 746 2618 carnem
776 2550 831 2603 in
861 2549 1260 2605 immunditiam
1281 2550 1553 2622 deprimit.
1581 2553 1709 2606 Mox
1727 2551 1858 2606 dum

260 2647 480 2719 spiritus
507 2648 560 2702 in
592 2647 901 2718 superbiam
931 2649 1223 2714 extollitur,
1256 2649 1418 2705 illico
1445 2664 1571 2704 caro
1589 2646 1646 2701 in
1703 2649 1858 2703 luxu-

252 2737 394 2792 riam
441 2738 721 2809 mergitur.
771 2739 900 2793 Haec
930 2737 1086 2793 elatae
1144 2737 1534 2804 describuntur,
1585 2736 1711 2806 quia
1765 2738 1858 2792 in-

252 2826 475 2882 stabiles
545 2825 840 2881 redduntur
886 2826 976 2895 qui
1024 2841 1116 2881 eas
1161 2834 1472 2895 sequuntur.
1524 2828 1856 2896 Amphoram

252 2932 376 2971 cum
419 2915 644 2971 muliere
671 2915 728 2969 in
749 2921 945 2970 terram
975 2914 1280 2985 Babylonis,
1306 2913 1450 2984 quod
1487 2915 1745 2984 confusio
1764 2915 1855 2968 di-

251 3005 406 3069 citur,
434 3004 653 3069 ducunt,
713 3003 840 3072 quia
888 3003 992 3058 sibi
1028 3003 1424 3065 consentientes
1461 3002 1661 3072 duplici
1717 3019 1854 3060 con-

253 3093 469 3148 lusione
491 3093 736 3160 induunt,
769 3093 901 3147 dum
955 3099 1010 3148 et
1062 3093 1151 3147 hic
1203 3107 1386 3147 coram
1435 3092 1746 3147 hominibus
1799 3091 1856 3146 in

250 3205 481 3262 corpore
546 3190 964 3257 confunduntur,
1050 3195 1105 3244 et
1165 3189 1223 3245 in
1303 3189 1481 3245 futuro
1555 3189 1612 3244 in
1675 3190 1857 3245 anima

253 3287 459 3336 aeterna
487 3278 804 3335 confusione
836 3277 1150 3348 puniuntur,
1207 3278 1346 3333 sicut
1390 3278 1621 3333 dicitur:
1657 3301 1679 3327 (ι
1713 3278 1857 3350 Ope-

250 3369 458 3429 rientur
521 3367 723 3438 duplici
779 3366 1117 3434 confusione,
1185 3367 1321 3422 sicut
1392 3367 1630 3438 diploide
1677 3369 1852 3436 (Psal.

251 3457 429 3525 cvm).
463 3479 486 3506 ››
522 3458 710 3531 Igitur,
765 3456 1089 3526 charissimi,
1143 3456 1452 3528 superbiam
1481 3465 1536 3512 et
1589 3457 1856 3512 luxuriam

252 3546 630 3616 exsecramini,
663 3554 823 3616 atque
859 3546 914 3600 in
944 3545 1180 3601 Domino
1211 3544 1575 3616 delectamini,
1611 3554 1664 3601 et
1709 3545 1860 3602 dabit

247 3635 408 3695 vobis
431 3635 715 3706 petitiones
739 3634 918 3692 cordis
945 3634 1104 3693 vestri
1135 3633 1311 3708 (Pral-
1333 3637 1553 3705 xxxvr).

928 3765 1151 3805 DIVISIO.

330 3865 824 3937 Quiaconﬂuxistis
877 3864 1059 3932 hodie,
1089 3864 1316 3921 verbum
1370 3863 1471 3920 Dei
1513 3864 1716 3921 intente
1762 3880 1857 3920 au-

256 3955 372 4012 dire
430 3955 654 4010 debetis.
714 3958 837 4025 Ipse
891 3955 1156 4011 Dominus
1199 3960 1382 4010 noster
1425 3953 1587 4009 dicit:
1622 3952 1854 4023 Quidam

256 4071 444 4110 semen
481 4070 636 4108 suum
683 4053 948 4108 seminare
979 4053 1129 4122 exiit,
1180 4059 1233 4108 et
1261 4051 1390 4107 dum
1417 4052 1662 4120 seminat,
1709 4051 1856 4108 aliud

257 4159 413 4200 secus
437 4143 583 4199 viam
612 4143 811 4198 cadens
865 4141 1208 4198 conculcatur
1255 4149 1306 4198 et
1334 4157 1367 4197 a
1393 4141 1701 4197 volucribus
1753 4141 1856 4196 de-

253 4239 476 4291 voratur
533 4246 549 4303 ;
610 4231 756 4287 aliud
801 4247 964 4304 supra
1048 4239 1256 4304 petram
1303 4230 1613 4302 prosiliens,
1668 4236 1855 4285 natum

254 4322 412 4391 aruit,
446 4320 574 4392 quia
611 4321 894 4376 humorem
923 4335 1034 4376 non
1080 4319 1286 4375 habuit.
1327 4318 1484 4375 Aliud
1503 4318 1672 4390 spinis
1707 4333 1858 4374 com-

1975 434 2134 504 Quod
2189 442 2368 490 autem
2427 434 2594 504 spinae
2653 433 2932 500 suffocant,
2965 443 3087 489 sunt
3115 435 3168 490 hi
3197 435 3393 506 quibus
3419 437 3568 491 divi-

1976 526 2082 591 tiae,
2119 523 2440 594 voluptates,
2472 524 2598 579 vitae
2624 523 3010 579 sollicitudines
3037 540 3193 579 aures
3221 541 3252 579 a
3280 525 3446 581 verbo
3467 524 3566 581 Dei

1973 611 2263 667 obdurant.
2303 609 2460 680 Quod
2491 619 2668 666 autem
2699 612 2753 666 in
2775 619 2972 667 terram
2998 612 3200 668 bonam
3221 614 3428 668 cadens
3459 613 3569 668 fru-

1973 709 2188 779 ctiﬁcat,
2223 717 2303 764 est
2338 710 2624 766 multitudo
2652 709 2910 777 ﬁdelium,
2967 727 3089 780 qua
3116 711 3282 768 verbo
3303 712 3401 766 Dei
3429 712 3567 768 obe-

1973 799 2145 868 diens,
2179 799 2338 854 bonis
2358 799 2564 854 actibus
2610 799 2847 856 insudat.
2904 800 3192 872 Conjugati
3241 801 3566 858 tricesimum

1972 897 2203 951 fructum
2235 896 2492 960 referunt,
2544 897 2672 951 dum
2698 896 2864 952 ﬁdem
2893 906 3091 954 sach
3121 899 3392 955 Trinitatis
3443 900 3566 957 De-

1972 986 2166 1058 calogo
2196 985 2333 1057 legis
2359 983 2665 1055 perﬁciunt.
2728 986 3073 1044 Continentes
3100 1004 3229 1044 vero
3283 990 3566 1063 sexagesi-

1972 1099 2121 1137 mum
2180 1084 2480 1152 proferunt,
2541 1083 2669 1136 dum
2726 1084 2842 1138 haec
2872 1085 3148 1140 actualiter
3201 1093 3256 1141 et
3301 1087 3566 1158 spiraliter

1971 1171 2198 1242 implere
2241 1179 2509 1242 satagunt.
2570 1171 2818 1242 Virgines
2854 1179 3034 1228 autem
3090 1174 3439 1230 centesimum
3488 1175 3567 1231 fe-

1969 1267 2112 1325 runt,
2174 1277 2297 1315 cum
2352 1261 2468 1316 Deo
2506 1275 2732 1332 corpore
2762 1268 2817 1316 et
2859 1261 3048 1332 spiritu
3095 1263 3310 1332 placere
3329 1265 3567 1336 perfecte

1971 1349 2319 1405 contendunt.

2041 1467 2215 1536 Hunc,
2248 1464 2567 1535 charissimi,
2605 1464 2812 1521 debetis
2847 1465 3083 1522 breviter
3102 1467 3397 1524 auscultarc
3423 1469 3564 1525 unde

1969 1556 2241 1611 decretum
2298 1555 2366 1609 sit
2421 1555 2534 1609 istis
2591 1555 2782 1609 diebus
2837 1571 3022 1611 cruces
3057 1564 3296 1625 portare.
3382 1558 3568 1615 Fertur

1975 1645 2119 1714 quod
2156 1653 2292 1699 terra
2321 1644 2575 1712 siccitate,
2607 1644 2853 1698 homines
2906 1661 3034 1700 vero
3064 1652 3116 1700 et
3160 1647 3453 1702 animantia
3491 1654 3569 1703 ta-

1977 1742 2205 1798 buerunt
2232 1743 2556 1798 mortalitate
2588 1762 2600 1806 ;
2635 1743 2854 1813 insuper
2881 1743 3064 1798 feritas
3093 1760 3356 1813 ursorum,
3403 1745 3566 1816 lupo-

1969 1849 2086 1886 rum
2146 1840 2200 1886 et
2251 1831 2476 1886 aliarum
2543 1831 2835 1886 bestiarum
2886 1832 3146 1902 plurimos
3227 1833 3563 1894 devastavit:

1970 1937 2195 1991 quarum
2234 1921 2541 1981 multitudo.
2577 1921 2775 1991 passim
2823 1920 3066 1976 civitates
3105 1928 3157 1976 et
3177 1922 3331 1976 villas
3386 1924 3566 1993 ingre-

1968 2009 2138 2078 diens,
2173 2009 2424 2078 parvulos
2453 2009 2506 2062 in
2529 2009 2680 2064 cunis
2723 2009 2884 2064 etiam
2916 2009 3248 2065 dilaceravit.
3308 2011 3386 2066 Eo
3427 2020 3561 2068 tem-

1968 2114 2118 2169 pore,
2174 2100 2466 2152 Mamertus
2517 2099 2801 2169 episcopus
2857 2097 3216 2153 Viennensem
3267 2100 3560 2157 Ecclesiam

1966 2187 2215 2259 regebat.
2261 2185 2366 2254 Qui
2421 2194 2718 2242 convocato
2785 2187 2984 2258 populo
3062 2187 3235 2242 triduo
3285 2188 3556 2258 jejunare,

1967 2290 2139 2343 orare,
2159 2291 2340 2331 cruces
2369 2284 2582 2345 portare
2614 2274 2888 2340 monebat,
2930 2283 2988 2330 ut
3014 2275 3383 2332 misericordia
3436 2279 3557 2347 Dei,

1967 2388 2087 2441 quae
2115 2371 2381 2427 Ninivitas
2410 2389 2507 2442 per
2534 2371 2838 2426 triduanum
2862 2369 3166 2440 jejuniuum
3196 2373 3477 2431 liberasset
3525 2392 3564 2432 λιι

1965 2460 2337 2529 subversione,
2371 2461 2571 2531 populo
2600 2476 2698 2514 suo
2743 2460 3054 2515 subveniret
3080 2461 3134 2515 in
3161 2463 3413 2532 praesenti
3471 2465 3561 2520 af-

1965 2556 2219 2613 ﬂictione.
2253 2556 2371 2626 Quo
2393 2557 2536 2612 facto
2584 2558 2747 2629 plaga
2774 2557 3008 2626 sedatur,
3067 2559 3326 2630 gaudium
3356 2569 3410 2616 et
3465 2564 3561 2619 ab-

1964 2647 2221 2701 undantia
2251 2662 2430 2700 rerum
2463 2645 2673 2701 aiilictis
2699 2646 2947 2701 donatur.
2987 2648 3157 2703 Porro
3187 2649 3276 2704 ille
3307 2649 3422 2706 dies
3468 2652 3558 2722 qui

1964 2735 2142 2804 major
2169 2735 2354 2790 litania
2383 2734 2594 2801 dicitur,
2636 2750 2700 2789 ea
2729 2734 2797 2789 de
2825 2751 2983 2790 causa
3010 2735 3278 2792 institutus
3331 2739 3551 2811 legitur.

1965 2824 2188 2896 Tyberis
2232 2825 2354 2893 plus
2409 2824 2565 2878 solito
2611 2823 2908 2888 inundavit,
2968 2824 3194 2879 Romam
3252 2827 3560 2898 ingrediens

1964 2913 2230 2968 maximas
2258 2912 2508 2984 regiones
2537 2912 2592 2966 in
2622 2927 2687 2967 ea
2724 2912 3028 2983 occupavit,
3081 2913 3332 2969 ecclesias
3376 2915 3556 2986 diruit,

1966 3011 2135 3065 multa
2191 3009 2420 3066 aediﬁcia
2474 3026 2597 3065 cum
2653 3009 2854 3081 populo
2911 3008 3188 3064 subvertit.
3240 3012 3342 3066 Per
3398 3013 3561 3083 Cujus

1965 3100 2178 3156 alveum
2200 3100 2391 3171 ingens
2432 3098 2596 3154 draco
2625 3115 2749 3154 cum
2791 3115 2999 3170 magna
3045 3098 3386 3158 multitudine
3439 3119 3561 3158 ser-

1964 3188 2206 3258 pentium
2237 3203 2386 3242 mare
2414 3187 2713 3259 ingreditur
2743 3206 2756 3242 ε
2788 3203 2910 3242 cum
2937 3187 3130 3256 quibus
3158 3190 3408 3245 omnibus
3460 3191 3564 3247 ibi-

1965 3277 2090 3334 dem
2112 3275 2419 3332 suﬂ‘ocatur.
2447 3275 2551 3344 Qui
2577 3280 2632 3330 in
2661 3275 2806 3330 littus
2847 3275 3073 3346 projecti
3102 3292 3282 3332 aerem
3337 3295 3434 3334 sua
3461 3296 3560 3352 pu-

1965 3366 2171 3422 tredine
2201 3373 2568 3436 corruperunt,
2601 3371 2654 3418 et
2678 3380 2904 3436 gravem
2933 3365 3309 3422 mortalitatem
3327 3368 3560 3425 humano

1964 3455 2152 3528 generi
2209 3454 2546 3508 intulerumt.
2588 3453 2812 3524 Sagittae
2853 3469 3090 3524 namque
3143 3456 3349 3510 caelitus
3375 3457 3562 3514 venire

1965 3543 2451 3616 conspiciebantur,
2484 3543 2553 3598 de
2591 3542 2785 3612 quibus
2837 3541 3060 3614 inguina
3115 3545 3377 3600 honimun
3422 3555 3563 3602 tacta

1965 3633 2081 3688 sine
2108 3648 2264 3688 mora
2293 3631 2676 3688 moriebantur.
2696 3631 2946 3685 Primitus
2972 3647 3116 3703 papa
3144 3633 3392 3706 Pelagius
3446 3652 3564 3692 mo—

1963 3721 2141 3791 ritur;
2175 3719 2368 3776 deinde
2399 3719 2627 3792 populus
2669 3719 2943 3774 Romanus
2995 3737 3134 3790 pene
3192 3729 3333 3779 totus
3385 3725 3564 3783 subita

1966 3827 2137 3876 morte
2166 3817 2514 3874 consumitur.
2574 3817 2870 3890 Gregorius
2915 3817 3098 3890 itaque
3155 3822 3442 3894 episcopus
3485 3825 3563 3880 le-

1965 3924 2120 3976 vatur
2147 3918 2238 3988 qui
2268 3917 2527 3989 populum
2550 3915 2820 3987 jejunare,
2863 3933 3048 3973 cruces
3074 3927 3288 3991 portare
3332 3931 3384 3978 et
3407 3940 3560 3983 orare

1964 4027 2223 4082 hortatur.
2247 4023 2405 4092 Quod
2433 4024 2563 4078 dnm
2593 4022 2785 4080 devote
2808 4031 3091 4095 peragunt,
3123 4025 3284 4098 plaga
3298 4039 3560 4101 cessat,et

1965 4113 2197 4186 pepulus
2238 4128 2371 4183 pace
2421 4111 2525 4168 Dei
2563 4111 2817 4168 exsultat.
2881 4111 3035 4173 Unde
3084 4119 3337 4171 statutum
3371 4127 3451 4175 est
3504 4129 3564 4186 ut

1964 4203 2156 4260 eadem
2182 4200 2298 4257 dies
2327 4198 2640 4256 annuatium
2669 4200 2727 4255 in
2747 4199 2975 4256 ecclesia
3028 4208 3219 4273 agatur
3257 4221 3379 4261 cum
3403 4209 3560 4280 jeju-

1964 4292 2178 4348 niorum
2234 4297 2287 4346 et
2343 4289 2654 4345 litaniarum
2711 4288 3090 4356 celebratione,
3149 4301 3407 4364 quatenus
3461 4315 3563 4356 nos

253 4387 540 4466 mentiatur
587 4417 642 4464 et
695 4425 729 4465 a
762 4409 931 4479 spinis
974 4406 1288 4464 suffocatur.
1349 4407 1507 4463 Aliud
1530 4387 1606 4462 in
1647 4407 1850 4463 bonam
1876 4409 1936 4478 1)
1969 4393 2114 4448 Deus
2133 4397 2186 4446 θῑ
2211 4387 2468 4446 anima-lia
2508 4395 2688 4444 nostra
2733 4387 2997 4479 θυεῑράξθιι
3023 4405 3058 4444 ει
3093 4393 3433 4456 mortalitate.
3494 4400 3563 4456 Et

257 4516 453 4564 terram
482 4506 696 4574 cecidit,
730 4515 781 4563 et
800 4504 946 4562 aliud
1013 4505 1360 4574 tricesimum,
1385 4504 1530 4560 aliud
1573 4503 1859 4578 sexagesi-

252 4613 426 4666 mum,
460 4595 608 4651 aliud
629 4595 977 4651 centesimum
997 4591 1227 4648 fructum
1267 4593 1460 4649 obtulit
1480 4594 1854 4664 (Matth.xm).

256 4684 363 4754 Qui
391 4689 579 4740 semen
606 4686 853 4750 seminat,
903 4689 983 4738 est
1036 4682 1305 4751 sacerdos,
1339 4682 1429 4752 qui
1475 4682 1702 4740 verbum
1758 4679 1859 4738 Dei

256 4773 515 4846 praedicat
546 4787 560 4842 ;
593 4787 726 4845 ager
749 4772 802 4826 in
834 4787 939 4842 quo
959 4786 1148 4827 semen
1205 4769 1494 4842 spargitur,
1516 4779 1638 4826 sunt
1680 4779 1858 4828 vestra

255 4862 422 4920 corda
451 4861 508 4916 in
538 4863 733 4932 quibus
760 4861 984 4917 verbum
1015 4860 1114 4915 Dei
1165 4858 1390 4930 jacitur.
1429 4859 1628 4915 Semen
1685 4859 1742 4914 in
1767 4859 1859 4916 via

249 4962 482 5033 jactum,
515 4967 570 5016 et
593 4976 624 5015 a
651 4958 1098 5029 praetereuntibus
1141 4957 1535 5022 conculcatum,
1569 4973 1602 5011 a
1628 4956 1859 5013 volucri-

254 5061 358 5115 bus
386 5058 721 5126 devoratum,
744 5055 991 5128 designat
1019 5071 1114 5112 eos
1173 5055 1262 5126 qui
1282 5053 1505 5109 verbum
1533 5053 1634 5108 Dei
1687 5053 1860 5123 perci-

258 5157 433 5229 piunt,
457 5157 552 5212 sed
581 5154 927 5211 sacularibus
956 5153 1188 5226 negotiis
1217 5161 1269 5209 et
1298 5151 1588 5207 mundanis
1639 5151 1858 5208 deside-

256 5247 354 5302 riis
399 5245 586 5301 intenti
618 5245 751 5300 illud
780 5244 931 5314 quasi
972 5249 1266 5312 proterunt,
1291 5249 1345 5297 et
1371 5241 1648 5297 daemones
1675 5257 1708 5296 a
1735 5257 1857 5296 me-

258 5342 436 5397 moria
482 5357 666 5398 eorum
719 5341 932 5408 tollunt,
991 5347 1043 5395 et
1093 5339 1300 5394 nullum
1361 5337 1574 5409 pietatis
1628 5337 1858 5392 fructum

258 5427 523 5483 referunt.
583 5427 759 5497 Supra
811 5432 1022 5494 petram
1051 5433 1230 5480 autem
1289 5423 1488 5479 cadens
1533 5430 1586 5478 et
1637 5422 1713 5477 ibi
1743 5438 1861 5478 are-

259 5532 418 5573 scens
465 5515 776 5572 duricordes
832 5513 1097 5585 designat,
1160 5511 1272 5583 qui,
1330 5511 1580 5582 quamvis
1632 5511 1859 5569 verbum

265 5617 366 5673 Dei
385 5615 675 5686 aliquando
702 5615 863 5671 avide
898 5613 1135 5680 audiant,
1191 5612 1246 5667 in
1275 5612 1481 5672 malitia
1533 5618 1714 5668 tamen
1742 5627 1863 5685 per-

265 5706 478 5773 durant,
535 5712 590 5761 et
633 5720 756 5768 cum
807 5703 1094 5772 humorem
1119 5718 1369 5789 supernae
1386 5701 1590 5776 gratim
1617 5717 1728 5760 non
1755 5703 1863 5760 ha-

1966 4480 2093 4552 quia
2118 4495 2265 4550 saepe
2303 4480 2408 4534 hoc
2447 4485 2690 4547 tempore
2727 4493 2796 4534 ex
2842 4476 3188 4536 inclementia
3230 4484 3374 4540 aeris
3423 4489 3563 4547 solet

1966 4567 2205 4638 evenire,
2256 4566 2401 4639 quod
2438 4566 2588 4638 jacta
2626 4567 2832 4622 semina
2887 4567 3072 4622 usibus
3119 4572 3314 4626 nostris
3338 4586 3568 4644 possunt

1965 4657 2231 4730 deperire,
2259 4657 2532 4714 decretum
2561 4662 2641 4712 est
2667 4663 2728 4711 ut
2757 4654 2844 4710 isti
2890 4655 3007 4712 dies
3049 4656 3242 4714 eodem
3289 4661 3414 4731 ritu,
3455 4667 3559 4722 sci-

1964 4755 2092 4815 licet
2130 4775 2254 4814 cum
2293 4755 2519 4826 jejuniis
2559 4763 2614 4810 et
2658 4756 2858 4811 litaniis
2903 4767 3246 4831 peragantur,
3310 4771 3366 4818 ut
3399 4766 3560 4826 totius

1966 4849 2094 4903 anni
2124 4847 2322 4902 fructus
2350 4845 2508 4900 nobis
2537 4844 2606 4900 ab
2636 4845 2786 4901 omni
2829 4844 3124 4903 infortunio
3170 4852 3554 4915 custodiantur.

1966 4938 2036 4994 Et
2057 4944 2115 4992 ut
2152 4936 2274 5006 pius
2313 4933 2576 4990 Dominus
2619 4933 2711 4988 det
2752 4934 2909 4989 nobis
2948 4933 3202 4990 ﬁduciam
3248 4939 3556 5014 impetradi,

1966 5029 2207 5083 hortatur
2235 5040 2332 5079 nos
2370 5023 2438 5079 ad
2481 5021 2715 5076 studium
2762 5022 2971 5077 orandi.
3019 5023 3162 5079 Dicit
3207 5029 3351 5083 enim
3397 5050 3411 5087 :
3451 5056 3473 5082 α
3500 5034 3560 5091 Si

1967 5126 2088 5197 quis
2143 5122 2322 5178 media
2380 5127 2535 5176 nocte
2602 5135 2771 5191 panes
2834 5118 2904 5174 ab
2967 5120 3144 5177 amico
3194 5133 3362 5197 petat,
3425 5146 3560 5201 quos

1966 5223 2090 5282 ante
2137 5212 2370 5268 amicum
2425 5224 2582 5263 suum
2639 5207 2705 5262 de
2740 5207 2830 5262 via
2858 5208 3161 5266 venientem
3187 5223 3372 5285 ponat,
3419 5219 3464 5274 si
3511 5221 3562 5279 ei

1969 5318 2190 5386 propter
2209 5307 2500 5364 amicitiam
2543 5321 2654 5360 non
2711 5305 2924 5372 tribuat,
2984 5315 3205 5381 pr0pter
3248 5313 3565 5387 improbita-

1969 5408 2078 5454 tem
2130 5395 2246 5466 ejus
2302 5394 2392 5464 qui
2438 5392 2612 5464 poscit
2655 5392 2908 5447 exhibeat
2948 5394 3104 5463 (Luc.
3154 5398 3255 5469 xx).
3293 5422 3315 5448 ι»
3348 5403 3566 5462 Amicus

1967 5497 2056 5553 hic
2106 5501 2188 5549 est
2239 5493 2401 5558 Deus,
2461 5489 2553 5560 qui
2602 5504 2701 5545 nos
2753 5489 2943 5546 dilexit
2969 5500 3021 5547 et
3040 5493 3386 5567 Unigenttum
3405 5519 3563 5560 suum

1971 5613 2070 5671 pro
2125 5594 2282 5665 nobis
2338 5592 2572 5648 tradidit.
2605 5591 2695 5647 Ab
2723 5593 2829 5648 hoc
2858 5593 3038 5650 media
3065 5605 3220 5668 nocte
3248 5617 3449 5670 panem
3477 5621 3568 5677 pe-

1971 5696 2153 5763 timus,
2202 5693 2330 5749 dum
2351 5691 2406 5746 in
2435 5690 2778 5749 tribulatione
2805 5691 2924 5764 ejus
2951 5693 3211 5752 auxilium
3250 5700 3561 5770 quaerimus.
