3986 6070
516 263 620 320 967

1658 254 1994 314 WERNERI
2029 255 2108 313 ΑΕ

2217 257 2334 319 .TIS
2372 257 2430 316 Β.
2471 256 2687 314 ΒιΑειι
3711 266 3804 318 963

513 388 581 444 Et
606 386 650 442 si
678 385 836 443 nobis
856 392 1078 458 propter
1101 392 1322 456 peccata
1353 389 1536 440 nostra
1562 381 1851 438 subvenire
1908 380 2100 450 tardat,
2137 383 2184 446 Α
2222 383 2368 438 Elias
2413 398 2522 438 non
2549 391 2732 452 posset
2775 383 3048 456 corrigere
3093 383 3501 456 predicatione,
3547 385 3740 442 clausit
3765 388 3809 442 ei

517 483 695 532 tamen
723 474 768 529 si
793 473 1274 544 perseveravimus,
1332 472 1754 528 misericordiam
1803 487 1954 526 suam
2011 486 2107 525 no-

514 563 599 620 bis
638 571 925 636 praarogat.
981 563 1197 632 Absque
1250 561 1417 618 dubio
1473 568 1651 617 autem
1708 575 1806 616 nos
1859 559 2105 615 exaudiri

513 668 817 723 noscamus,
875 653 920 707 si
976 651 1190 707 instanti
1266 667 1425 722 prece
1503 649 1756 719 petimus,
1803 649 1847 702 si
1905 649 2108 702 intenta

515 758 692 807 mente
723 749 1030 820 quaerimus,
1079 749 1124 804 si
1153 748 1402 819 lacrymis
1451 747 1743 818 pulsamus.
1803 744 1908 814 Qui
1961 745 2106 799 enim

515 847 720 912 patrem
756 854 952 909 panem
1007 837 1160 909 petit,
1210 837 1355 892 nullo
1376 835 1538 890 modo
1567 833 1615 890 ei
1645 833 1881 906 lapidem
1935 832 2104 888 dabit.

514 927 586 983 Et
613 927 756 998 quia
781 935 932 998 patre
957 926 1161 998 piscem
1193 925 1380 997 exigit,
1412 924 1637 979 minime
1677 929 1980 994 serpentem
2009 938 2108 977 ac-

515 1022 663 1092 cipit.
698 1023 764 1076 Et
800 1021 846 1076 si
875 1036 1038 1076 ovum
1087 1019 1278 1092 poscit,
1335 1033 1612 1088 nunquam
1667 1017 1718 1071 ei
1768 1016 2108 1086 scorpionem

514 1111 798 1183 porrigit?
826 1111 928 1166 Per
974 1124 1193 1179 panem,
1250 1107 1340 1178 qui
1378 1123 1472 1162 cor
1527 1105 1762 1162 hominis
1805 1103 2106 1170 conﬁrmat,

514 1200 747 1256 charitas
773 1197 1094 1265 declaratur,
1142 1212 1240 1268 per
1293 1211 1456 1267 quam
1503 1196 1669 1250 homo
1727 1193 1782 1247 in
1828 1191 2109 1248 virtutibus

513 1287 910 1345 corroboratur.
945 1287 1046 1340 Per
1100 1285 1324 1354 piscem,
1371 1283 1462 1354 qui
1519 1283 1674 1353 pulsu
1701 1281 1957 1338 ﬂuctuum
2014 1296 2110 1334 nu-

519 1385 687 1453 tritur,
744 1382 878 1438 fides
925 1381 1255 1454 intelligitur,
1315 1397 1434 1451 quae
1481 1378 1730 1451 procellis
1777 1377 2108 1449 persecutio-

516 1489 646 1528 num
673 1472 742 1527 ad
771 1472 1102 1527 incrementa
1154 1468 1487 1539 perducitur.
1546 1468 1646 1522 Per
1673 1482 1833 1522 ovum
1887 1465 1956 1522 de
2003 1479 2109 1536 quo

517 1562 658 1618 fetus
677 1567 1032 1630 exspectatur,
1091 1574 1216 1630 spes
1263 1557 1548 1622 indicatur,
1597 1571 1694 1627 per
1714 1571 1876 1626 quam
1935 1554 2111 1609 futura

513 1649 794 1710 beatitudo
814 1655 1082 1720 speratur.
1111 1647 1276 1702 Porro
1307 1662 1404 1718 per
1455 1643 1692 1715 lapidem
1721 1643 1899 1700 cordis
1955 1641 2110 1697 duri-

520 1746 612 1814 tia,
635 1763 734 1818 per
759 1753 1063 1817 serpentem
1095 1743 1462 1801 veneniferum
1493 1741 1694 1798 animal
1729 1740 1934 1797 malitia
1964 1754 1978 1808 ;
2013 1755 2109 1811 per
2137 1740 2189 1802 Β

517 1836 856 1906 scorpionem
885 1849 1028 1903 vero,
1078 1833 1168 1904 qui
1195 1832 1367 1889 cauda
1408 1832 1652 1904 percutit,
1686 1829 1948 1900 accipitur
1988 1846 2112 1901 pec-

517 1932 756 1988 catorum
811 1923 1066 1980 vindicta.
1119 1921 1225 1992 Qui
1271 1937 1403 1992 ergo
1433 1921 1600 1976 aDeo
1651 1919 1965 1974 charitatem
2026 1933 2116 1989 po-

517 2013 696 2082 stulat,
727 2029 1001 2083 nunquam
1021 2028 1145 2066 eum
1175 2011 1230 2065 in
1277 2011 1436 2064 malis
1456 2008 1697 2078 indurat,
1722 2016 1776 2064 et
1803 2007 1892 2078 qui
1949 2005 2114 2061 ﬁdem

519 2102 588 2159 ab
618 2117 683 2157 co
705 2101 895 2174 poscit,
928 2100 1074 2156 nullo
1095 2099 1258 2155 modo
1293 2115 1416 2154 eum
1445 2097 1499 2152 in
1529 2097 1735 2152 malitia
1795 2111 2112 2166 permanere

517 2199 661 2268 sinit.
720 2198 824 2267 Qui
845 2214 972 2254 vero
1027 2212 1179 2268 spem
1236 2195 1305 2250 ab
1335 2211 1400 2250 eo
1454 2204 1628 2266 rogat,
1666 2207 2004 2264 nequaquam
2063 2191 2114 2246 ei

517 2288 840 2359 supplicium
872 2287 1093 2358 irrogat.
1127 2286 1225 2339 Per
1265 2299 1460 2355 panem
1501 2297 1715 2352 quoque
1743 2282 1960 2348 fructus,
2022 2279 2114 2350 qui

517 2385 745 2442 nuncin
789 2382 957 2438 herba
1011 2381 1200 2452 surgit,
1248 2379 1552 2451 accipitur;
1585 2395 1682 2450 per
1727 2393 1910 2446 ovum,
1976 2377 2115 2432 fetus

520 2473 834 2530 animalium
890 2469 1250 2541 intelligitur;
1283 2484 1380 2540 per
1432 2467 1634 2539 piscem
1691 2465 1950 2536 quidquid
1996 2466 2112 2536 jam

521 2569 601 2618 est
629 2576 735 2632 quo
765 2559 991 2630 quisque
1022 2557 1250 2612 nutritur
1282 2555 1538 2610 innuitur.
1588 2557 1689 2610 Pro
1709 2554 1902 2625 quibus
1955 2569 2115 2626 opor-

524 2658 598 2706 tet
623 2648 908 2705 utdilectio
957 2654 1135 2704 vestra
1164 2661 1352 2719 preces
1405 2644 1640 2701 Domino
1671 2643 1878 2710 fundat,
1931 2651 2116 2713 quate-

517 2755 620 2796 nus
656 2739 744 2796 hic
771 2754 804 2793 a
829 2735 1010 2810 lapide
1064 2734 1363 2808 grandinis,
1392 2749 1426 2790 a
1451 2740 1698 2807 serpente
1748 2732 2111 2802 mortalitatis,

517 2845 551 2887 a
573 2828 855 2902 scorpione
883 2825 1212 2898 tempestatis
1229 2822 1512 2881 custodiat.

1193 2954 1400 2996 DIVISIO
1411 2978 1426 2994 .

587 3042 772 3112 Multa,
802 3038 1120 3106 charissimi,
1179 3038 1441 3094 habemus
1496 3034 1747 3109 exempla
1799 3037 1944 3108 quod
1963 3037 2111 3093 mul-

515 3149 630 3198 tum
657 3139 801 3197 valet
827 3135 1134 3210 deprecatio
1183 3134 1316 3206 justi
1363 3133 1575 3190 assidua
1631 3135 1773 3204 (Jac.
1832 3135 1913 3206 v).
1973 3134 2110 3189 Cum

517 3237 750 3311 p0pulus
779 3235 1017 3308 quinque
1067 3233 1344 3291 civitatum
1390 3231 1672 3289 horrendis
1714 3231 1932 3304 ﬂagitiis
1973 3230 2108 3288 iram

517 3329 618 3384 Dei
647 3342 807 3399 super
833 3341 890 3380 se
945 3329 1309 3396 provocasset,
1349 3320 1620 3376 Abraham
1669 3321 1842 3376 Deum
1897 3321 2113 3392 rogavit

517 3426 577 3472 ut
604 3416 682 3472 eis
723 3420 981 3486 parceret,
1013 3412 1058 3466 si
1103 3412 1291 3466 decem
1333 3409 1508 3480 justos
1563 3409 1702 3465 inter
1761 3425 1856 3466 eos
1908 3409 2113 3464 inveni-

519 3514 616 3562 ret.
649 3503 912 3559 Dominus
951 3509 1128 3556 autem
1175 3499 1329 3566 dixit,
1371 3499 1416 3552 si
1464 3498 1650 3553 decem
1701 3498 1876 3568 justos
1904 3499 1959 3553 in
2004 3498 2111 3553 illis

522 3601 756 3672 quinque
803 3597 985 3670 regnis
1029 3595 1305 3667 reperiret,
1348 3594 1467 3649 aliis
1522 3595 1772 3649 omnibus
1825 3594 1964 3650 inter
2017 3609 2110 3649 eos

519 3689 809 3746 dimitteret
843 3700 856 3757 ;
890 3686 1108 3756 insuper
1155 3683 1272 3738 loca
1301 3697 1410 3737 non
1447 3682 1796 3738 subverteret.
1830 3683 1935 3738 Sed
1983 3683 2110 3753 quia

518 3796 630 3834 non
685 3776 784 3832 nisi
841 3790 978 3830 unus
1025 3773 1202 3844 justus
1256 3777 1336 3826 est
1382 3771 1647 3841 inventus,
1703 3771 1790 3826 hic
1831 3772 1977 3826 solus
2030 3779 2110 3827 est

519 3884 750 3948 ereptus.
783 3870 1088 3943 Pentapolis
1125 3884 1255 3926 vero
1305 3884 1427 3925 cum
1479 3869 1680 3940 populo
1740 3869 1866 3941 igne
1921 3875 1975 3924 et
2009 3869 2111 3924 sul-

517 3977 685 4049 phure
705 3970 1048 4034 subvertitur,
1080 3975 1132 4024 et
1181 3982 1315 4021 uxor
1335 3965 1484 4036 justi,
1533 3982 1654 4036 qua:
1683 3983 1806 4021 eum
1845 3982 2107 4038 corpora-

515 4067 636 4123 liter
661 4069 867 4119 tantum
887 4056 1263 4124 comitabatur,
1308 4071 1430 4111 cum
1459 4055 1755 4111 Sodomitis
1782 4063 1961 4112 autem
1991 4071 2109 4112 mo-

511 4161 733 4220 rabatur
759 4164 960 4226 mente,
1018 4155 1074 4210 in
1125 4161 1354 4210 statuam
1401 4152 1529 4209 salis
1568 4153 1896 4211 convertitur
1927 4154 2098 4222 (Gen.

515 4253 652 4320 xix).
684 4249 821 4304 Hinc
848 4246 1004 4302 datur
1049 4241 1277 4316 intelligi
1312 4241 1456 4314 quod
1503 4242 1771 4314 justorum
1825 4241 2108 4300 cohabita—

517 4352 591 4408 tio
611 4356 690 4406 est
712 4361 999 4420 pravorum
1025 4343 1082 4398 in
1108 4344 1209 4398 hac
1235 4341 1347 4398 vita
1405 4342 1769 4411 sustentatio,,
1826 4341 1955 4397 dum
2010 4355 2111 4411 per

2213 473 2409 526 coelum
2440 471 2594 526 annis
2624 472 2790 527 tribus
2829 481 2883 528 et
2909 473 3184 528 mensibus
3237 490 3332 528 sex
3357 474 3606 530 oratione
3663 475 3804 541 (Jac.

2214 562 2300 630 v).
2337 561 2522 616 Pluvia
2572 577 2702 617 vero
2741 577 2774 616 a
2829 561 2966 617 coelo
3038 562 3266 616 inhibita
3338 563 3615 618 sitibunda
3663 564 3810 619 tellus

2214 659 2456 731 elanguit
2499 659 2756 727 marcida,
2806 668 2859 716 et
2894 661 3196 716 cultoribus
3224 662 3332 715 suis
3379 662 3617 718 minatur
3663 663 3815 717 famis

2212 747 2540 803 discrimina.
2573 749 2737 803 Fame
2764 748 2944 819 itaque
2989 759 3236 822 urgente,
3297 751 3530 822 populus
3574 751 3648 806 ad
3703 752 3816 806 eul-

2215 844 2328 891 tum
2356 835 2465 894 vivi
2494 844 2547 892 et
2570 838 2682 892 veri
2713 837 2810 892 Dei
2840 838 3182 906 compellitur
3210 845 3264 893 et
3290 846 3478 894 orante
3527 840 3652 894 Elia
3681 847 3817 895 tem

2216 924 2508 981 abundanti
2553 925 2728 982 imbre
2771 926 3128 996 perfunditur,
3192 934 3246 982 et
3296 943 3559 984 converso
3611 929 3814 998 populo

2215 1024 2372 1096 cOpia
2387 1041 2571 1081 rerum
2599 1024 2863 1079 redditur.
2911 1025 2992 1079 En
3020 1041 3114 1097 per
3135 1027 3438 1082 orationem
3492 1027 3661 1083 unius
3714 1028 3816 1083 ho-

2216 1113 2377 1168 minis
2403 1113 2600 1169 omium
2655 1113 2804 1169 omni
2834 1114 3035 1186 populo
3077 1113 3360 1185 clauditur,
3395 1124 3446 1172 et
3475 1131 3697 1171 rursum
3754 1131 3819 1172 eo

2216 1209 2402 1258 orante
2426 1201 2740 1258 recluditur.

2287 1316 2531 1386 Quodam
2595 1317 2757 1373 etiam
2817 1325 3060 1388 tempore
3130 1317 3202 1374 ob
3258 1327 3479 1390 peccata
3536 1317 3820 1376 hominum

2215 1422 2345 1462 arva
2364 1406 2601 1462 siccitate
2659 1414 2923 1475 arescunt,
2972 1414 3027 1463 et
3051 1407 3217 1464 corda
3272 1409 3568 1464 multorum
3631 1410 3823 1465 timore

2218 1495 2378 1551 famis
2434 1496 2730 1552 tabescunt.
2781 1494 2992 1565 Quibus
3063 1495 3457 1566 jejunantibus.
3509 1507 3567 1554 et
3637 1514 3824 1553 cruces

2215 1609 2339 1650 cum
2371 1595 2568 1650 litaniis
2621 1595 2959 1666 portantibus
3014 1595 3236 1666 quidam
3290 1603 3507 1666 patrum
3567 1595 3820 1662 occun-it,

2217 1698 2435 1738 causam
2465 1681 2766 1739 aﬂlictionis
2795 1683 3034 1754 inquirit.
3067 1681 3172 1753 Qui
3222 1699 3347 1739 cum
3367 1684 3676 1740 siccitatem
3734 1701 3822 1740 m-

2219 1770 2565 1844 sponderent,
2599 1770 2766 1828 dixit:
2801 1772 2914 1826 Cur
2939 1787 3049 1828 non
3079 1779 3294 1828 orarent
3320 1773 3348 1825 9
3379 1771 3484 1842 Qui
3508 1774 3640 1828 eum
3673 1771 3822 1828 atﬁr-

2220 1876 2429 1924 marent
2479 1885 2539 1924 se
2595 1868 2885 1940 plurimum
2937 1868 3143 1924 orando
3181 1869 3477 1936 laborasse,
3511 1877 3568 1925 et
3628 1885 3819 1940 parum

2221 1957 2556 2029 impetrasse,
2585 1957 2722 2012 dixit
2753 1972 2768 2012 :
2803 1957 2861 2013 Si
2881 1957 3082 2012 intente
3110 1965 3376 2029 peterent,
3408 1959 3599 2030 utique
3662 1959 3822 2030 petita

2220 2047 2543 2118 acciperent.
2604 2047 2871 2117 Stansque
2924 2062 3107 2103 coram
3158 2047 3428 2117 omnibus,
3512 2063 3716 2102 manus
3757 2047 3822 2102 ad

2219 2135 2517 2191 orationem
2574 2134 2834 2190 extendit.
2879 2143 2932 2190 et
2979 2134 3048 2190 ad
3098 2135 3277 2205 prima
3333 2135 3504 2192 verba
3551 2136 3822 2206 precantis

2218 2231 2405 2302 pluvia
2459 2231 2753 2299 descendit,
2813 2238 3059 2302 terraque
3103 2231 3196 2287 diu
3249 2241 3511 2304 negatum
3589 2232 3821 2287 fructum

2221 2320 2473 2392 agricolis
2527 2319 2811 2392 impendit.
2871 2319 3104 2390 Quidam
3156 2321 3320 2376 etiam
3370 2323 3680 2384 monachus
3715 2329 3827 2376 erat

2219 2417 2274 2471 in
2330 2417 2573 2473 oratione
2618 2417 2886 2473 assiduus.
2925 2418 3074 2474 Unus
3116 2433 3245 2473 vero
3295 2417 3613 2473 daemonum
3666 2433 3701 2473 a
3739 2418 3826 2472 Ju-

2217 2505 2362 2561 liano
2413 2506 2735 2578 imperatore
2792 2522 2890 2577 pro
2947 2506 3182 2576 quodam
3231 2521 3490 2580 responso
3548 2507 3825 2569 mittitur;

2217 2601 2312 2658 'sed
2341 2601 2584 2674 ejusdem
2606 2602 2706 2657 viri
2735 2601 2985 2672 precibus
3008 2617 3093 2658 xx
3111 2603 3302 2659 diebus
3355 2603 3410 2658 in
3465 2619 3579 2660 uno
3608 2605 3736 2660 loco
3760 2603 3826 2658 ﬁ-

2217 2690 2364 2764 gitur
2393 2709 2408 2750 ;
2439 2691 2633 2747 deinde
2655 2707 2854 2747 vacuus
2881 2691 2950 2746 ad
2979 2707 3165 2765 regem
3204 2693 3511 2748 revertitur.
3544 2694 3694 2749 Dum
3740 2692 3830 2749 ille

2226 2794 2445 2836 causam
2475 2795 2642 2835 morae
2671 2779 2964 2850 inquireret
3010 2780 3086 2836 ait
3117 2800 3130 2837 :
3163 2782 3230 2837 Et
3258 2781 3486 2848 tardavi,
3519 2789 3577 2837 et
3630 2783 3830 2854 imper-

2218 2867 2360 2924 fecto
2418 2869 2638 2941 negotio
2695 2868 2972 2941 repedavi.
3013 2870 3154 2926 Nam
3201 2886 3326 2927 cum
3381 2871 3516 2925 mihi
3549 2887 3653 2943 per
3678 2871 3830 2927 illum

2217 2958 2544 3013 monachum
2597 2963 2742 3014 esset
2795 2957 3065 3025 transitus,
3111 2958 3446 3015 orationibus
3492 2959 3651 3015 illius
3708 2976 3828 3015 sum

2220 3045 2528 3118 impeditus.
2560 3046 2804 3118 Cumque
2859 3047 3197 3120 praestolarer
3249 3047 3294 3102 si
3323 3047 3460 3104 forte
3516 3049 3824 3105 orationem

2219 3142 2412 3211 ﬁniret,
2449 3152 2508 3200 ut
2529 3145 2662 3200 mihi
2711 3145 2985 3217 pmterire
3015 3145 3218 3210 liceret,
3245 3145 3336 3201 ille
3380 3143 3548 3201 ﬁnem
3581 3161 3697 3203 non
3738 3145 3824 3202 fe-

2218 3233 2291 3290 cit
2318 3233 2590 3305 precibus,
2624 3242 2677 3288 et
2698 3248 2803 3306 ego
2848 3233 2987 3289 ultra
3025 3235 3104 3290 ire
3145 3249 3256 3290 non
3311 3234 3516 3301 valens,
3573 3251 3823 3293 reversus

2215 3338 2332 3377 sum
2361 3339 2590 3379 vacuus.
2627 3321 2873 3377 Julianus
2916 3331 3095 3378 autem
3151 3323 3462 3378 minabatur
3516 3323 3569 3378 ei
3615 3323 3824 3395 suppli-

2215 3411 2380 3480 cium,
2411 3412 2503 3466 sed
2527 3410 2640 3482 ipse
2669 3427 2778 3466 non
2839 3412 3010 3466 multo
3042 3419 3163 3483 post
3190 3411 3336 3466 bello
3363 3411 3596 3481 occisus,
3656 3412 3822 3469 subiit

2215 3509 2495 3556 aeternum.
2533 3501 2742 3568 Penset,
2777 3517 2979 3570 quaeso,
3011 3501 3225 3557 dilectio
3255 3510 3448 3568 vestra,
3483 3510 3822 3571 quantumse

2216 3598 2519 3654 dilataverit
2549 3597 2715 3667 hujus
2741 3597 2841 3653 viri
2897 3599 3085 3654 oratio.
3141 3601 3293 3654 Certe
3331 3599 3588 3654 diabolus
3644 3607 3818 3670 potest

2215 3688 2375 3744 etiam
2408 3704 2555 3742 mare
2575 3695 2923 3744 transmeare.
2945 3687 3052 3743 Sed
3069 3689 3235 3758 hujus
3263 3689 3437 3744 oratio
3465 3705 3588 3744 sese
3603 3694 3820 3743 sursum

2215 3777 2283 3832 ad
2311 3777 2508 3833 caelum
2535 3777 2818 3849 porrigens
2847 3778 3123 3832 transitum
3145 3778 3196 3833 ei
3222 3794 3318 3850 per
3373 3794 3502 3833 aera
3559 3777 3811 3845 inhibuit,

2213 3864 2462 3921 deorsum
2483 3882 2540 3920 se
2569 3863 2638 3920 ad
2669 3872 2862 3921 tartara
2890 3865 3186 3922 extendens
3238 3865 3566 3936 pertransire
3625 3867 3813 3938 prohi-

2212 3962 2346 4032 buit,
2380 3961 2515 4017 ﬁnes
2567 3961 2714 4018 orbis
2754 3963 3000 4034 utrinque
3031 3963 3298 4036 attingens
3353 3963 3408 4017 in
3455 3971 3812 4032 neutraparte

2214 4051 2549 4125 transfugam
2605 4051 2854 4121 spiritum
2887 4067 2920 4106 a
2957 4051 3150 4124 refuga
3194 4053 3415 4107 homine
3457 4053 3812 4126 praetergredi

2212 4141 2474 4215 permisit.
2506 4141 2573 4197 Et
2598 4157 2787 4197 revera
2814 4140 2900 4196 hic
2927 4143 3091 4197 homo
3121 4155 3318 4212 corpus
3345 4140 3647 4211 aliquando
3696 4141 3814 4196 cibo

2213 4239 2481 4300 interdum
2508 4255 2701 4297 somno
2728 4238 3004 4296 reficiebat
3034 4253 3048 4309 ;
3081 4238 3177 4295 sed
3206 4246 3316 4295 tota
3364 4239 3601 4296 intentio
3642 4238 3815 4296 cordis

2210 4347 2295 4403 sui
2322 4347 2402 4404 sic
2418 4346 2487 4404 ad
2517 4347 2688 4403 Deum
2705 4346 2913 4421 jugiter
2939 4344 3271 4403 ascendebat
3298 4345 3445 4418 quod
3474 4346 3661 4403 omnis
3679 4345 3813 4402 actio

515 4440 731 4498 illorum
759 4434 1028 4492 orationes
1053 4431 1192 4487 ultra
1219 4429 1440 4486 dextera
1470 4429 1748 4500 liberatur,
1805 4447 1875 4486 ne
1913 4443 2099 4522 eorum
2127 4458 2183 4522 D
2213 4437 2333 4508 ejus
2360 4436 2531 4494 οιιαιῑο
2560 4442 2694 4493 erat.

513 4526 773 4602 pravitas,
828 4529 888 4578 ut
931 4528 1184 4588 meretur,
1241 4518 1418 4574 subito
1472 4519 1528 4574 in
1574 4518 1930 4589 perditionem
1964 4517 2100 4573 sub-

512 4629 807 4696 mergatur.
837 4617 978 4673 Cum
1007 4631 1139 4672 vero
1180 4614 1314 4686 justi
1343 4614 1616 4684 tolluntur,
1665 4631 1794 4670 mox
1855 4614 2007 4688 impii
2037 4614 2108 4670 ad

512 4718 780 4770 tormenta
831 4706 1153 4778 rapiuntur:
1185 4703 1264 4759 sic
1328 4703 1567 4760 Sodoma
1621 4703 1780 4776 periit
1821 4711 2106 4775 postquam

512 4807 612 4863 Lot
662 4799 788 4856 inde
843 4795 990 4852 exiit.
1041 4795 1174 4850 Cum
1209 4792 1438 4864 populus
1468 4792 1567 4848 Dei
1613 4809 1711 4865 per
1762 4794 1984 4864 Moysen
2038 4794 2108 4850 de

512 4895 743 4966 Egypto
787 4885 1049 4950 educitur,
1079 4882 1150 4938 ab
1195 4881 1437 4937 hostibus
1465 4881 1521 4936 in
1575 4882 1665 4938 via
1693 4881 1858 4937 armis
1886 4883 2106 4939 invadi-

516 5003 618 5052 tur.
640 4992 857 5061 Moyses
884 4991 1062 5041 autem
1084 4982 1138 5037 iu
1194 4989 1378 5036 monte
1407 4981 1642 5036 extensis
1670 4981 1921 5036 manibus
1974 4998 2105 5038 ora-

515 5083 628 5149 bat,
658 5087 712 5135 et
738 5075 901 5133 Israel
920 5076 1101 5129 hostes
1127 5071 1436 5142 superabat.
1479 5070 1535 5126 Si
1561 5085 1693 5125 vero
1721 5071 1931 5142 Moyses
1991 5086 2107 5124 ma-

516 5195 616 5234 nus
642 5174 865 5241 remisit,
895 5170 1114 5226 Amalec
1141 5168 1338 5225 devicit
1378 5167 1582 5239 (Exod)
1629 5166 1788 5238 xvn).
1828 5168 1964 5223 Hinc
2011 5185 2106 5240 pa-

516 5282 591 5332 tet
609 5273 751 5343 quod
770 5272 859 5325 ille
890 5268 1010 5340 plus
1035 5267 1149 5339 egit
1176 5266 1426 5338 precibus
1455 5281 1616 5336 quam
1647 5264 1812 5320 armis
1853 5264 2100 5336 populus.

513 5371 655 5426 Nam
719 5365 998 5422 victoriam
1079 5362 1310 5418 obtinuit
1361 5361 1587 5431 orando,
1646 5377 1809 5433 quam
1872 5361 2106 5434 populus

515 5464 738 5538 adipisci
765 5478 873 5518 non
900 5460 1068 5516 valuit
1088 5461 1400 5534 pugnando.
1435 5459 1694 5516 Similiter
1721 5460 1941 5516 Samuel
1997 5461 2104 5515 ho-

511 5575 620 5626 stes
649 5561 900 5636 precibus
925 5557 1144 5629 depulit,
1181 5575 1315 5629 quos
1359 5559 1626 5614 exercitus
1682 5558 1847 5615 armis
1903 5558 2104 5630 pellere

503 5666 625 5723 'non
655 5657 844 5735 potuit.
877 5653 1109 5728 populus
1137 5655 1266 5710 olim
1317 5672 1351 5711 a
1408 5655 1530 5728 lege
1579 5663 1632 5712 et
1652 5657 1797 5714 cultu
1824 5657 1923 5713 Dei
1953 5672 2106 5713 aver-

517 5764 644 5820 titur
670 5765 724 5816 et
752 5755 821 5814 ad
887 5749 1244 5810 idololatriam
1300 5753 1647 5810 convertitur.
1732 5752 1909 5824 Quem
1980 5767 2102 5812 cum

2885 4596 3100 4640 DIVISIO
3109 4621 3124 4638 .

2284 4705 2616 4775 Charissimi,
2645 4706 2976 4777 omnesjusti
3005 4703 3241 4762 abinitio
3269 4703 3479 4771 mundi,
3504 4706 3602 4776 qui
3643 4723 3817 4782 regm

2213 4804 2336 4860 vitae
2357 4811 2665 4860 meruerunt
2682 4803 2857 4861 beatae
2885 4803 2959 4859 ita
2977 4804 3181 4860 orando
3206 4803 3574 4859 obtinuerunt.
3609 4803 3816 4862 Omnes

2213 4909 2447 4963 namque
2494 4891 2626 4963 justi
2665 4893 2892 4948 orationi
2947 4891 3210 4948 studuisse
3257 4891 3529 4964 leguntur,
3585 4901 3642 4949 et
3693 4893 3815 4949 ideo

2213 5008 2310 5064 pro
2365 5007 2472 5062 quo
2500 4999 2805 5058 oraverunt,
2857 4991 3017 5063 pleno
3046 4992 3246 5065 gaudio
3303 4991 3465 5048 hodie
3519 4994 3814 5063 perfruun-

2211 5098 2316 5145 tur.
2349 5092 2535 5161 Itaque
2563 5097 2617 5145 et
2647 5106 2744 5146 nos
2773 5089 3074 5162 frequenter
3115 5090 3344 5145 orationi
3402 5091 3812 5161 incumbamus,

2209 5195 2269 5244 ut
2286 5203 2409 5243 cum
2453 5187 2532 5241 eis
2574 5187 2791 5258 plenum
2821 5186 3079 5259 gaudium
3107 5185 3334 5256 adipisci
3388 5187 3690 5242 valeamus.
3755 5189 3815 5242 In

2212 5276 2431 5333 nomine
2456 5283 2633 5331 autem
2677 5276 2802 5331 Jesu
2848 5274 3030 5330 omnia
3055 5282 3324 5344 petamus,
3383 5274 3427 5329 si
3458 5291 3648 5346 preces
3706 5292 3815 5332 no-

2209 5373 2346 5421 stras
2425 5363 2669 5419 exaudiri
2746 5371 3022 5436 optamus.
3088 5364 3151 5418 In
3224 5363 3447 5419 nomine
3495 5363 3623 5420 Jesu
3715 5365 3816 5420 Pa-

2211 5469 2347 5519 trem
2379 5461 2673 5532 poscimus,
2695 5461 2741 5516 si
2793 5468 2997 5516 tantum
3029 5461 3226 5517 anima:
3281 5461 3557 5529 salutaria,
3591 5468 3645 5516 et
3705 5476 3818 5518 cor-

2208 5559 2356 5632 poris
2397 5559 2698 5616 necessaria
2750 5558 3002 5630 petimus.
3068 5557 3298 5614 Orantes
3367 5573 3497 5615 vero
3543 5557 3814 5613 debemus

2208 5657 2278 5714 de
2332 5656 2537 5714 meritis
2603 5655 2797 5714 nostris
2860 5655 3123 5726 difﬁdere,
3205 5655 3274 5712 de
3312 5655 3431 5728 ejus
3491 5655 3811 5712 misericor-

2209 5754 2302 5814 dia
2354 5770 2700 5830 praesumam,
2756 5755 2884 5830 quia
2909 5755 3024 5829 ipse
3077 5755 3259 5814 dixit:
3295 5777 3318 5806 ι
3366 5753 3810 5814 Amendicovo-
