4042 6080
259 217 363 270 959

1189 205 1777 265 DEFLORATIONES
1815 205 1918 262 SS.

1968 206 2373 278 raruma—
2403 210 2536 266 LIB.
2579 211 2627 265 ι.
3457 213 3560 268 970

262 340 368 404 bis,
400 335 662 410 quidquid
689 340 910 390 orantes
941 332 1146 405 petitis,
1177 333 1385 390 credite
1449 333 1577 404 quia
1619 330 1853 402 aceipic-
1881 331 1936 396 A
1964 331 2089 386 dum
2121 333 2266 388 anxii
2317 334 2386 389 de
2428 333 2662 391 terrenis
2691 340 2744 390 et
2785 333 3006 391 solliciti
3035 333 3105 389 de
3134 332 3375 400 caducis,
3433 335 3564 405 quia

257 427 344 495 tis,
381 434 431 480 et
461 425 551 480 fiet
592 425 776 480 vobis.
815 424 872 479 Si
913 423 1022 478 duo
1063 439 1127 478 ex
1174 422 1331 478 vobis
1354 421 1754 486 consenserint,
1787 420 1858 476 de

261 516 410 570 omni
468 531 530 570 re
587 529 915 585 quacunque
947 512 1219 582 petierint,
1299 510 1392 566 fiet
1433 526 1467 566 a
1543 511 1698 565 Patre
1736 524 1858 565 meo

256 606 480 669 (Matth.
515 607 688 672 xviii).
724 625 746 651 ιι
783 601 996 658 Omnes
1027 618 1166 674 ergo
1196 601 1486 655 unanimes
1531 599 1585 654 in
1614 599 1859 656 oratione

261 711 458 770 estote,
535 701 704 758 corda
743 716 864 756 cum
907 699 1156 755 manibus
1197 699 1266 754 ad
1306 700 1476 754 Deum
1517 699 1714 763 levate,
1757 713 1858 768 pro

255 793 510 850 omnibus
540 792 677 846 vivis
715 798 769 845 et
798 789 1089 854 defunctis,
1112 796 1166 844 et
1195 789 1286 860 qui
1316 789 1369 843 in
1400 788 1574 859 aliqua
1599 803 1860 859 pressura

255 890 380 937 sunt
405 889 593 938 orate.
658 879 714 936 Si
743 879 893 934 enim
952 894 1052 950 pro
1087 885 1199 933 tota
1256 877 1504 934 Ecclesia
1539 884 1726 948 utpote
1761 892 1859 949 pro

256 987 431 1035 matre
451 987 632 1033 vestra
661 977 847 1042 oretis,
865 984 978 1031 tota
1000 975 1242 1031 Ecclesia
1264 974 1534 1046 supplicat
1558 991 1657 1046 pro
1678 973 1853 1040 vobis,

260 1077 319 1125 ut
349 1077 478 1140 puta
507 1083 608 1139 pro
636 1066 749 1121 suis
782 1065 931 1121 filiis.
980 1065 1036 1121 Si
1073 1073 1250 1120 autem
1307 1081 1406 1136 pro
1431 1063 1700 1121 defunctis
1724 1079 1857 1120 ora-

261 1157 352 1223 tis,
385 1172 486 1213 vos
519 1156 671 1227 ipsos
701 1154 969 1220 liberatis,
1002 1154 1129 1224 quia
1167 1154 1213 1208 si
1254 1155 1306 1208 in
1337 1153 1537 1224 gaudio
1567 1162 1712 1223 sunt,
1755 1153 1859 1225 ipsi

260 1259 470 1324 rogant
501 1259 557 1307 ut
590 1249 818 1307 celerius
849 1250 919 1305 ad
950 1267 1046 1305 eos
1067 1249 1335 1315 veniatis;
1367 1249 1414 1304 si
1435 1250 1634 1307 veroin
1660 1250 1863 1323 suppli-

260 1341 368 1408 cio,
412 1340 684 1412 postulant
741 1347 798 1394 ut
853 1354 1131 1408 nunquam
1162 1339 1289 1395 illuc
1330 1339 1582 1397 veniatis.
1613 1341 1861 1413 Denique

263 1431 359 1503 qui
393 1439 532 1495 orat,
553 1429 784 1484 Domino
815 1428 1221 1496 confabulatur,
1272 1436 1326 1484 et
1371 1430 1495 1486 ideo
1524 1447 1750 1486 necesse
1780 1439 1864 1486 est

265 1529 323 1576 ut
353 1518 445 1592 qui
477 1518 704 1574 fideliter
727 1518 880 1590 petit,
911 1526 1257 1590 assequatur.
1283 1520 1348 1574 Et
1375 1535 1499 1576 cum
1530 1519 1648 1592 ipse
1680 1520 1858 1576 dicat:

275 1640 297 1667 ιι
333 1618 437 1674 Ubi
463 1617 572 1672 duo
597 1616 683 1672 vel
705 1624 821 1671 tres
844 1616 1165 1688 congregati
1187 1616 1384 1672 fuerint
1406 1617 1460 1672 in
1481 1619 1700 1674 nomine
1719 1633 1866 1686 meo,

1968 421 2306 478 haereditabit
2337 425 2498 480 homo
2529 439 2766 492 vermes,
2793 423 2997 478 bestias
3026 431 3080 479 et
3108 431 3414 495 serpentes.
3445 424 3563 479 Ro-

1968 520 2094 582 gate
2127 520 2304 567 autem
2336 514 2532 579 Deum,
2551 517 2612 568 ut
2641 513 2710 568 ab
2733 513 2818 567 his
2835 511 3252 568 necessitatibus
3274 520 3561 580 voseruat,

1968 607 2126 672 atque
2153 601 2298 668 illuc,
2358 603 2450 658 ubi
2488 603 2574 658 his
2626 618 2733 658 non
2762 600 3072 673 indigentis,
3103 600 3390 656 transferat
3421 620 3438 656 :
3472 600 3565 656 ubi

1967 715 2075 753 non
2108 700 2367 767 esurient,
2402 719 2580 774 neque
2612 701 2799 758 sitient
2848 700 3100 772 amplius,
3134 707 3186 756 et
3242 699 3333 754 ubi
3363 699 3560 756 animae

1967 788 2320 860 requiescunt
2349 808 2378 845 a
2411 792 2524 846 suis
2555 791 2855 858 laboribus,
2888 798 2940 845 et
2968 789 3061 845 ubi
3093 797 3278 845 vacant
3297 796 3350 844 et
3378 788 3564 845 vident

1968 878 2224 949 quoniam
2283 879 2400 952 ipse
2432 888 2515 936 est
2545 882 2716 947 Deus,
2773 879 2831 934 in
2881 879 3036 949 cujus
3064 877 3274 935 visione
3303 875 3563 934 reficiun-

1968 982 2053 1030 tur
2081 977 2314 1048 angelici
2345 987 2558 1045 eeetus;
2592 985 2651 1033 ut
2671 978 2775 1033 hoc
2803 981 3053 1048 petamus
3091 974 3160 1030 ab
3210 973 3332 1046 ipso
3380 973 3562 1030 edocti

1967 1081 2153 1121 sumus
2186 1083 2200 1121 :
2235 1088 2260 1118 ι
2295 1067 2489 1135 Petite,
2523 1066 2712 1139 inquit,
2747 1073 2800 1122 et
2846 1063 3148 1136 accipietis,
3194 1071 3252 1118 ut
3296 1063 3560 1137 gaudium

1967 1162 2211 1211 vestrum
2242 1155 2311 1210 sit
2341 1156 2565 1228 plenum
2589 1155 2964 1228 (Joan.xvt).»
2997 1153 3172 1211 Omne
3194 1151 3355 1222 hujus
3375 1149 3567 1208 mundi

1969 1244 2234 1317 gaudium
2285 1253 2369 1300 est
2414 1244 2585 1300 fallax
2649 1253 2702 1300 et
2742 1258 2981 1299 maerore
3029 1249 3270 1314 plenum.
3313 1241 3368 1296 Si
3417 1240 3568 1297 enim

1969 1333 2092 1405 quis
2121 1333 2190 1389 de
2227 1333 2485 1405 speciosa
2539 1334 2779 1406 conjuge
2808 1331 3040 1398 laetatur,
3099 1338 3272 1386 morte
3323 1328 3568 1386 interve-

1968 1429 2153 1486 niente
2209 1430 2476 1486 tristatur.
2538 1430 2594 1487 Si
2651 1430 2720 1485 de
2774 1427 2956 1486 charis
3022 1427 3167 1482 natis
3217 1426 3569 1496 jucundatnr,

1969 1527 2166 1585 morbo
2223 1527 2457 1598 affectis,
2490 1529 2579 1586 vel
2604 1536 2776 1585 morte
2833 1526 3050 1595 ablatis,
3107 1525 3479 1582 contristatur.
3513 1521 3574 1580 Si

1972 1616 2040 1673 de
2094 1618 2470 1689 possessione,
2544 1618 2631 1675 vel
2663 1617 2896 1690 pecunia
2938 1615 3160 1689 gaudet,
3190 1613 3372 1686 aliquo
3400 1611 3578 1670 infor-

271 1706 347 1762 ibi
377 1723 502 1761 sum
531 1706 586 1760 in
615 1705 795 1761 medio
824 1721 1009 1761 eorum
1029 1706 1248 1775 (Matth.
1279 1708 1456 1777 xvm),
1486 1730 1507 1756 ι
1543 1716 1742 1779 quanto
1763 1724 1871 1763 ma-
1899 1689 1953 1750 Β
1984 1706 2133 1761 tunio
2161 1707 2376 1762 amissis
2406 1714 2625 1764 moeret.
2666 1689 2801 1762 illud
2830 1709 3010 1760 autem
3039 1719 3229 1761 verum
3259 1711 3314 1759 et
3357 1701 3580 1775 plenum

271 1796 359 1869 gis
389 1795 693 1852 credendus
723 1803 806 1850 est
836 1793 997 1850 hodie
1057 1795 1323 1850 interesse
1352 1804 1514 1851 tanta:
1543 1795 1874 1852 multitudini

272 1893 330 1950 in
359 1893 585 1949 nomine
616 1892 736 1963 ejus
764 1900 1116 1965 congregatae
1146 1893 1213 1948 ad
1243 1892 1566 1964 postulanda
1613 1893 1873 1966 suffragia

277 1985 627 2039 sanctorum?
656 1983 791 2039 Cum
822 1981 1227 2055 igiturlargitor
1241 1983 1482 2037 omnium
1513 1983 1774 2039 bonorum
1807 1985 1875 2039 sit

278 2072 334 2127 in
364 2071 546 2127 medio
577 2080 818 2128 vestrum
851 2071 907 2124 in
963 2070 1183 2126 nomine
1225 2071 1344 2141 ejus
1388 2082 1870 2144 congregatarum,

275 2160 450 2232 ipsum
484 2160 587 2232 piis
619 2160 876 2232 precibus
906 2159 1184 2221 invocate.
1219 2159 1476 2232 laerymis
1499 2169 1551 2217 et
1582 2161 1878 2235 eleemosy-

277 2258 364 2312 nis
392 2257 625 2328 pulsate,
643 2266 700 2312 ut
724 2257 880 2313 vobis
901 2266 1097 2314 cuncta
1124 2258 1380 2329 corporis
1401 2267 1451 2314 et
1469 2259 1664 2316 anima)
1693 2277 1879 2317 neces-

279 2347 428 2402 saria
461 2347 678 2412 tribuat,
721 2354 773 2402 et
803 2347 871 2402 de
900 2347 1322 2403 necessitatibus
1352 2348 1544 2404 vestris
1575 2365 1673 2404 vos
1703 2358 1874 2406 eruat.

278 2437 429 2492 Licet
475 2436 658 2491 multa:
705 2436 810 2490 sint
867 2436 1242 2506 necessitates,
1277 2438 1512 2510 quinque
1543 2446 1718 2494 tamen
1749 2447 1883 2495 sunt

278 2533 638 2605 principales,
675 2549 796 2605 qum
852 2532 897 2587 si
930 2549 1037 2588 non
1092 2534 1348 2589 remediis
1379 2534 1745 2606 depellantur,
1777 2539 1882 2594 ho-

281 2623 461 2677 mines
492 2639 592 2694 per
619 2637 713 2677 eas
744 2631 919 2678 morte
976 2622 1382 2693 periclitantur.
1445 2625 1528 2678 Ex
1557 2626 1886 2682 necessitate

284 2712 430 2767 enim
464 2712 625 2767 homo
656 2711 910 2778 comedit,
945 2712 1072 2784 quia
1102 2712 1151 2767 si
1183 2728 1290 2768 non
1313 2714 1566 2780 comedit,
1589 2715 1731 2771 fume
1761 2731 1886 2772 mo-

283 2801 446 2856 ritur.
482 2801 566 2856 Ex
596 2802 919 2856 necessitate
975 2801 1126 2868 bibit,
1161 2801 1290 2874 quia
1345 2803 1391 2858 si
1449 2819 1558 2859 non
1605 2803 1755 2872 bibit,
1801 2805 1890 2861 siti

285 2898 540 2957 moritur.
581 2899 659 2953 Ex
691 2898 1014 2954 necessitate
1043 2899 1262 2972 digerit,
1296 2901 1442 2972 quod
1499 2901 1547 2956 si
1600 2918 1708 2958 non
1738 2901 1890 2960 fece-

1979 1805 2233 1878 gaudium
2264 1813 2347 1861 est
2375 1805 2631 1862 omnibus
2667 1803 2921 1860 fidelibus
2949 1802 3075 1876 totjs
3095 1801 3235 1858 votis
3261 1799 3581 1873 optandum,

1984 1894 2078 1949 ubi
2110 1895 2162 1948 in
2194 1894 2395 1967 gaudio
2426 1893 2641 1950 Domini
2674 1910 2844 1964 super
2868 1892 3047 1948 omnia
3078 1890 3223 1946 bona
3252 1905 3352 1944 sua
3381 1890 3588 1946 consti-

1983 1990 2228 2051 tuuntur,
2263 1991 2316 2040 et
2348 1991 2568 2040 aeterna:
2597 1981 2823 2039 visionis
2880 1979 3124 2038 claritate
3161 1985 3428 2051 perpetuo
3454 1994 3589 2050 per-

1983 2071 2262 2142 fruuntur,
2295 2080 2349 2129 et
2377 2072 2468 2128 ubi
2498 2070 2816 2146 angelorum
2862 2069 3102 2126 omnium
3160 2067 3334 2142 gloria
3365 2067 3590 2140 potiun-

1985 2176 2092 2237 tur,
2121 2169 2474 2242 omniumque
2523 2176 2835 2225 sanctorum
2891 2165 3316 2224 contubernium
3348 2164 3594 2221 sortiun-

1983 2266 2088 2325 tur,
2138 2267 2190 2315 et
2244 2260 2350 2315 hoc
2407 2257 2666 2331 gaudium
2721 2271 3001 2329 nunquam
3046 2254 3264 2310 tolletur
3306 2253 3375 2309 ab
3431 2250 3598 2309 eisin

1987 2370 2189 2410 aevum.
2226 2356 2523 2427 Propterea
2553 2352 2750 2410 mulier
2778 2368 2923 2409 nunc
2951 2367 3074 2408 cum
3120 2350 3281 2423 parit,
3315 2349 3592 2407 tristitiam

1988 2443 2175 2510 habet,
2211 2459 2332 2499 cum
2368 2452 2548 2500 autem
2591 2441 2813 2515 peperit
2862 2456 3114 2512 puerum,
3164 2440 3275 2510 jam
3317 2452 3599 2512 pressura

1990 2540 2215 2596 minime
2237 2541 2503 2608 meminit,
2525 2548 2752 2612 prepter
2773 2539 3033 2612 gaudium
3068 2538 3215 2611 quod
3238 2538 3409 2594 homo
3432 2545 3598 2593 natus

1994 2637 2078 2685 est
2107 2630 2160 2684 in
2189 2631 2451 2686 mundum
2484 2631 2667 2698 (toan.
2685 2632 2818 2700 xvi).
2840 2630 2968 2685 Hec
2996 2628 3191 2684 mulier
3211 2634 3293 2683 est
3322 2626 3598 2693 Ecclesia,

1997 2743 2118 2798 qua:
2149 2743 2292 2783 nunc
2347 2727 2402 2782 in
2461 2726 2678 2782 tristitia
2728 2725 2965 2791 laborat,
2998 2735 3056 2778 ut
3085 2722 3349 2796 pepulum
3379 2723 3600 2779 ﬁdelem

1997 2815 2217 2871 Christo
2272 2817 2475 2887 pariat.
2540 2815 2672 2871 Cum
2717 2823 2897 2871 autem
2954 2821 3078 2886 post
3136 2812 3604 2868 resurrectionem

1997 2921 2216 2969 aeternae
2242 2913 2365 2969 vitae
2395 2912 2629 2985 peperit,
2657 2912 2772 2983 jam
2827 2925 3098 2983 pressurae
3150 2910 3313 2981 hujus
3339 2909 3466 2966 vitm
3494 2923 3606 2964 non

286 2989 375 3055 τίεν
429 2988 822 3100 οοηεξξρξξιίοηε
880 2988 1140 3100 πηλοτξιιπο
1196 2989 1282 3100 ‘Ex
1332 2991 1888 3100 ῐξξὲοξδείξθίξξῑοιηυε
1920 3035 1971 3100 C
1999 3010 2264 3078 meminit,
2284 3020 2510 3083 prepter
2536 3009 2798 3084 gaudium
2829 3007 3098 3064 ineffabile
3117 3007 3263 3080 quod
3292 3004 3607 3063 tuncomni-

287 3093 481 3133 somno
508 3076 772 3141 reficitur,
805 3077 950 3149 quod
979 3077 1026 3134 si
1081 3078 1408 3151 neglexerit,
1443 3080 1762 3139 lassitudine
1787 3083 1890 3139 de-

287 3171 421 3231 ﬁcit.
455 3174 534 3229 Ex
564 3175 891 3231 necessitate
923 3177 1164 3246 vcstitur,
1197 3179 1343 3250 quod
1373 3179 1419 3234 si
1448 3181 1887 3251 praetermiserit,

287 3262 497 3336 frigore
522 3272 575 3320 et
603 3264 800 3320 ardore
831 3265 1135 3336 perimitur.

361 3379 500 3436 Hinc
531 3386 611 3435 est
641 3384 816 3436 totum
851 3381 994 3453 quod
1045 3380 1378 3451 laberamus,
1409 3393 1467 3441 ut
1495 3385 1654 3442 nobis
1706 3387 1762 3442 in
1806 3385 1892 3444 his

287 3467 706 3525 necessitatibus
737 3469 1144 3526 subveniamus.
1173 3493 1196 3523 et
1235 3472 1494 3543 Primum,
1523 3475 1715 3548 inquit,
1756 3494 1894 3550 quaa-

287 3565 391 3621 rite
420 3582 649 3639 regnum
682 3567 803 3633 Dei,
839 3575 890 3623 et
912 3566 1181 3637 justitiam
1211 3569 1352 3640 ejus,
1370 3579 1423 3627 et
1444 3571 1560 3629 haec
1591 3574 1775 3630 omnia
1798 3577 1896 3632 ad-

281 3654 539 3725 jicientur
569 3653 724 3713 vobis
777 3652 995 3727 (Matth.
1037 3659 1141 3728 vr).
1183 3681 1203 3706 υ
1255 3660 1322 3714 Et
1350 3675 1419 3716 ne
1447 3661 1563 3717 sitis
1600 3662 1742 3720 ultra
1770 3681 1894 3723 mo-

1999 3101 2104 3157 bus
2135 3099 2267 3155 filiis
2297 3099 2414 3155 suis
2442 3099 2659 3155 dabitur
2689 3097 2934 3170 plenum,
2992 3096 3116 3169 quia
3148 3105 3278 3152 tunc
3300 3094 3435 3166 justi
3467 3095 3608 3152 sicut

1999 3198 2082 3254 sol
2117 3196 2404 3268 fulgebunt
2434 3203 2488 3252 et
2515 3195 2758 3268 mquales
2785 3191 3005 3266 angelis
3037 3200 3220 3249 erunt.
3257 3189 3604 3258 C-harissimi,

2001 3287 2220 3360 quando
2267 3301 2399 3342 crux
2464 3293 2590 3341 ante
2649 3299 2751 3339 nos
2775 3290 3024 3355 portatur
3052 3298 3153 3338 nos
3182 3281 3481 3353 sequimur,
3534 3279 3609 3336 ita

2001 3381 2251 3455 exempla
2269 3380 2524 3440 eruxitixi
2539 3380 2737 3438 Christi
2758 3395 3073 3452 sequamur,
3092 3387 3147 3434 ut
3161 3395 3259 3450 per
3277 3377 3609 3450 triumphum

2001 3471 2311 3530 vietoriosaa
2342 3470 2524 3528 crucis
2553 3470 2626 3526 ad
2676 3468 2765 3524 illa
2796 3468 2996 3542 gaudia
3041 3465 3334 3541 pervenire
3382 3481 3609 3524 merea-

2001 3587 2125 3626 mur
2178 3585 2300 3643 quzn
2353 3569 2544 3628 oculus
2573 3583 2684 3625 non
2731 3565 2884 3635 vidit,
2943 3574 2997 3623 et
3051 3565 3204 3623 auris
3264 3581 3372 3623 non
3399 3563 3610 3622 audivit

2004 3668 2056 3739 (ι
2083 3667 2210 3725 Cor.
2249 3671 2330 3740 ιι).

1223 4019 1344 4114 ΙΝ
1408 4021 2120 4124 ASCENSIONE
2198 4023 2652 4124 DOMINI.

1564 4201 1952 4270 Secundum
1982 4203 2312 4270 Marcum.

369 4351 391 4378 κ
424 4327 888 4386 Recumbentibus
909 4330 1162 4387 undecim
1192 4331 1496 4408 discipulis,
1519 4341 1772 4411 apparuit
1789 4341 1896 4398 illis
1922 4340 1976 4403 D
2007 4359 2130 4399 eum
2160 4336 2591 4411 contemplantes
2615 4335 2732 4394 sine
2757 4333 2862 4394 fine
2883 4333 3213 4394 collaudant.
3234 4333 3328 4395 Cui
3351 4335 3605 4411 congruit

297 4420 480 4487 Jesus,
496 4426 548 4474 et
567 4419 924 4490 exprobravit
946 4421 1379 4480 incredulitatem
1408 4425 1640 4496 illorum,
1657 4438 1711 4486 et
1738 4431 1896 4487 duri-

300 4507 425 4563 tiam
448 4507 648 4578 cordis,
695 4507 821 4580 quia
867 4509 952 4563 his
981 4509 1075 4582 qui
1104 4510 1354 4568 viderant
1375 4531 1496 4571 eum
1524 4522 1896 4578 resurrexisse

297 4613 408 4653 non
430 4597 775 4654 crediderunt
804 4599 992 4668 (Marc.
1017 4602 1151 4667 xvr).
1178 4624 1199 4649 υ
1227 4603 1487 4660 Undecim
1533 4607 1804 4682 discipuli,
1835 4619 1892 4666 ut

294 4693 578 4750 Matthmus
608 4694 816 4760 scribit,
866 4694 1120 4752 abierunt
1150 4698 1207 4752 in
1237 4699 1513 4758 Galilmam
1542 4705 1594 4760 in
1627 4716 1888 4777 montem,

293 4783 386 4840 ubi
408 4783 886 4840 eonstitueratillis
913 4785 1088 4840 Jesus.
1107 4786 1174 4841 Et
1194 4787 1442 4846 videntes
1471 4809 1592 4848 eum
1625 4796 1890 4853 adorave-

292 4881 452 4940 runt;
491 4872 714 4945 quidam
745 4880 921 4928 autem
954 4873 1342 4932 dubitaverunt
1398 4882 1626 4949 (Matth.
1666 4886 1878 4957 xxvm).

291 4971 353 5026 In
383 4974 568 5026 monte
596 4970 869 5041 apparuit,
901 4973 960 5025 ut
980 4970 1314 5044 significaret
1332 4992 1526 5048 corpus
1546 4991 1889 5053 assumptum

284 5059 402 5129 jam
432 5075 598 5130 super
626 5059 809 5114 omnia
839 5067 1056 5116 terrena
1083 5062 1450 5121 sublevatum.
1492 5067 1677 5135 Quare
1707 5080 1887 5128 autem

289 5147 601 5219 specialiter
630 5163 690 5203 se
718 5146 776 5202 in
805 5148 1088 5204 Galilaeam
1115 5166 1512 5221 prz-ecessurum
1536 5158 1676 5212 etibi
1696 5160 1886 5216 viden-

289 5237 421 5294 dum
450 5237 727 5308 praedixit,
777 5253 901 5294 cum
947 5255 1126 5311 neque
1184 5240 1260 5297 ibi
1318 5244 1524 5312 solum,
1581 5264 1756 5320 neque
1812 5252 1886 5310 ibi

286 5335 529 5407 primum
555 5334 703 5390 visus
729 5333 846 5390 sit?
876 5335 1015 5404 Quia
1035 5336 1258 5394 Galilma
1280 5345 1714 5415 transmigratio
1729 5351 1887 5420 facta

288 5425 374 5480 vel
406 5426 676 5481 revelatio
706 5424 923 5490 dicitur,
983 5434 1038 5480 et
1090 5434 1313 5500 utraque
1370 5432 1745 5506 interpretatio
1816 5439 1883 5494 ad

285 5530 453 5569 unum
487 5512 648 5569 ﬁnem
678 5513 932 5584 respicit:
965 5514 1238 5586 significat
1269 5521 1416 5589 quod
1470 5523 1608 5580 sicut
1635 5526 1886 5583 Christus

287 5611 358 5667 de
414 5618 586 5667 morte
645 5610 789 5665 venit
838 5610 910 5664 ad
942 5610 1125 5676 vitam,
1174 5613 1247 5669 ita
1277 5632 1543 5690 sequaces
1589 5622 1658 5679 de
1713 5633 1887 5682 morte

287 5700 674 5773 transmigrant
699 5701 767 5756 ad
812 5700 998 5767 vitam,
1032 5701 1152 5757 eti‘n
1185 5705 1427 5777 speciem
1443 5725 1556 5765 suae
1585 5711 1886 5772 divinitatis

608 5824 872 5888 Parnoa.
919 5815 1157 5891 CLVII.

2006 4431 2286 4501 revelatio,
2320 4446 2422 4503 qua
2453 4443 2781 4502 quocunque
2828 4429 2993 4484 modo
3045 4427 3352 4484 revelamus
3380 4428 3449 4484 ad
3477 4445 3605 4486 eum

2005 4524 2148 4578 viam
2177 4528 2419 4576 nostram
2467 4527 2521 4575 et
2581 4518 2702 4588 ejus
2734 4516 2968 4590 vestigia
3028 4515 3328 4589 sequimur,
3369 4519 3603 4591 gloriam

2003 4609 2222 4666 Domini
2252 4607 2672 4680 speeulantesin
2715 4606 2964 4662 eamdem
2995 4605 3295 4678 imaginem
3330 4607 3602 4663 transfor-

2001 4725 2239 4764 mamur.
2280 4705 2509 4776 Quidam
2561 4713 2742 4760 autem
2798 4704 3182 4760 dubitaverunt
3246 4706 3603 4776 prepterhoc

2001 4798 2147 4871 quod
2193 4798 2365 4852 Lucas
2423 4795 2542 4850 ait:
2590 4818 2612 4842 ‹‹
2674 4793 2994 4849 Conturbati
3043 4809 3174 4850 vero
3223 4802 3275 4849 et
3319 4795 3601 4850 conterriti

1999 4895 2384 4952 existimabant
2451 4908 2512 4948 se
2577 4892 2756 4948 visum
2839 4891 3135 4964 [spiritum]
3191 4890 3376 4947 videre
3423 4894 3590 4962 (Luc.

2001 4985 2172 5054 xxxv).
2193 5006 2214 5033 υ
2236 4985 2450 5038 Marcus
2479 4988 2656 5036 autem
2680 4979 2754 5035 ait
2779 4995 2790 5033 :
2816 5003 2836 5027 α
2860 4982 2926 5035 Et
2956 4979 3306 5050 exprobravit
3335 4981 3596 5037 incredu-

1992 5081 2204 5137 litatem
2237 5078 2562 5135 etduritiam
2585 5076 2789 5146 cordis,
2810 5077 2938 5148 quia
2954 5077 3039 5130 bis
3081 5075 3172 5148 qui
3195 5075 3445 5132 viderant
3472 5095 3598 5135 eum

1997 5170 2374 5226 resurrexisse
2395 5183 2502 5223 non
2525 5167 2897 5223 crediderunt.
2911 5188 2930 5214 ιι
2950 5164 3594 5238 lnerepavitdiscipulos,

1997 5284 2121 5326 cum
2153 5282 2249 5323 eos
2279 5263 2633 5334 corporaliter
2661 5263 2800 5319 foret
2846 5260 3156 5330 relicturus,
3176 5269 3234 5316 ut
3258 5263 3445 5332 verba,
3474 5283 3596 5336 qum

1995 5364 2280 5413 revertens
2309 5353 2544 5419 dicebat,
2577 5352 2632 5406 in
2679 5351 2848 5408 corde
2895 5349 3230 5405 audientium
3260 5352 3459 5407 arctius
3485 5353 3593 5408 im-

1994 5463 2185 5518 pressa
2241 5451 2602 5499 remanerent.
2694 5441 3006 5512 Exprobrat
3053 5439 3478 5497 incredulitatem
3536 5451 3595 5500 et

1995 5535 2252 5591 duritiam
2284 5531 2488 5597 cordis,
2548 5538 2607 5586 ut
2645 5529 2899 5586 succedat
2931 5528 3227 5586 credulitas
3255 5537 3309 5586 et
3337 5545 3434 5587 cor
3461 5547 3592 5588 car-

1995 5640 2121 5680 nem
2151 5622 2414 5679 charitate
2445 5621 2684 5692 plenum.
2718 5619 2856 5676 Hinc
2885 5624 2970 5675 est
3006 5619 3148 5691 quod
3180 5627 3412 5676 catervae
3440 5636 3592 5676 mar-

1995 5721 2176 5786 tyrum
2208 5718 2436 5767 mortem
2466 5709 2624 5779 hujus
2649 5707 2836 5766 saeculi
2864 5707 3098 5764 libenter
3125 5695 3399 5774 atl'ect‘tﬁtt,
3459 5709 3594 5779 quia

3267 5833 3339 5894 31
