3986 6070
459 203 559 256 971
588 200 593 205 ’

1590 193 1927 250 W'ERNERI
1965 189 2247 246 ABBATIS
2287 192 2349 248 S.
2397 191 2617 248 BLASII
3663 201 3762 254 9η

458 323 654 380 volunt
674 339 776 395 pro
805 320 1094 393 temporali
1146 319 1370 376 interitu
1427 316 1693 392 perpetuo
1724 333 1786 375 se
1818 332 1941 372 esse
1970 314 2055 370 vi-
2083 310 2142 374 Α
2172 313 2284 369 buit
2314 316 2457 384 (Act.
2490 316 2613 385 vn).
2655 315 2863 372 Sedere
2893 332 3131 389 namque
3154 302 3590 389 ju'dicantisest,
3623 328 3765 378 stare

458 420 642 469 cturos
674 428 689 467 ε
740 409 1495 482 beatissimatransmigratio
1543 424 1608 464 ex
1639 409 1744 464 hoc
1771 405 1973 462 saeculo
2003 404 2057 458 in

388 536 391 539 »
456 500 813 558 aeternitatem
827 542 840 556 .

532 650 554 675 ιι
576 626 644 681 Et
670 624 804 681 dixit
831 623 946 681 eis:
971 625 1171 681 Euntes
1200 624 1254 679 in
1286 623 1548 679 mundum
1578 621 1887 678 universum
1918 634 2057 691 prae-

456 714 635 771 dicate
688 713 1043 787 Evangelium
1099 714 1248 769 omni
1304 722 1590 768 creaturis.
1630 736 1650 759 η
1711 709 1873 766 Omni
1896 724 2053 764 crea-

457 811 596 859 tura:
626 819 735 858 non
766 802 964 858 dicitur
1006 802 1426 874 proinseusatis
1476 800 1561 857 vel
1593 800 1765 854 brutis
1796 798 2050 853 animali-

455 891 584 960 bus,
662 892 760 948 sed
817 891 993 948 omnis
1048 898 1313 947 creaturae
1399 890 1619 946 nomine
1712 884 2052 959 significatur

453 988 618 1044 homo
650 987 860 1043 habens
891 1003 1017 1043 esse
1046 1004 1170 1043 cum
1199 984 1493 1057 lapidibus,
1526 987 1709 1041 vivere
1739 999 1861 1040 cum
1881 981 2049 1036 arbo-

451 1077 619 1145 ribus,
655 1077 855 1133 sentire
884 1092 1006 1133 cum
1030 1076 1383 1140 animalibus,
1440 1075 1746 1146 intelligere
1788 1088 1909 1128 cum
1944 1087 2046 1124 an-

452 1167 599 1240 gelo,
631 1174 885 1223 constare
915 1182 981 1220 ex
1011 1165 1187 1219 calido
1219 1173 1271 1219 et
1298 1163 1756 1237 frigido,humido
1787 1169 1839 1216 et
1868 1160 2044 1224 arido,

455 1265 582 1338 quia
609 1264 788 1321 minor
815 1263 1052 1319 mundus
1073 1265 1236 1318 homo
1268 1270 1368 1317 est.
1391 1264 1524 1317 Cum
1542 1276 1676 1333 ergo
1706 1258 1881 1316 omnis
1898 1272 2048 1313 crea-

452 1362 589 1409 turae
621 1352 828 1425 aliquid
861 1352 1061 1407 habeat
1090 1351 1272 1417 homo,
1311 1350 1457 1405 omni
1489 1360 1747 1405 creaturis
1776 1348 2048 1420 prmdica—

453 1449 543 1497 tur
580 1441 958 1513 Evangelium,
993 1456 1117 1495 cum
1170 1439 1377 1494 homini
1426 1438 1769 1509 prmdieatur,
1824 1444 2050 1508 prOpter

455 1514 618 1603 quem
646 1537 842 1585 cuncta
868 1536 1052 1585 creata
1081 1536 1225 1595 sunt,
1258 1536 1311 1583 et
1368 1527 1455 1583 cui
1486 1536 1678 1583 cuncta
1710 1533 1834 1581 sunt
1864 1526 2048 1596 aliquo

453 1616 618 1685 modo
656 1627 900 1693 similia;
942 1627 1029 1684 vel
1094 1645 1195 1699 per
1233 1643 1450 1683 omnem
1516 1635 1819 1682 creaturam
1872 1632 2049 1695 potest

455 1715 733 1788 designari
756 1717 903 1772 natio
940 1719 1217 1790 gentium.
1269 1719 1441 1771 Antea
1473 1717 1615 1770 enim
1649 1715 1850 1769 dictum
1882 1721 2001 1769 erat
2034 1730 2047 1764 :

458 1828 480 1855 ιι
506 1808 567 1861 In
596 1805 740 1861 viam
799 1805 1042 1878 gentium
1081 1822 1150 1860 ne
1192 1804 1443 1859 abieritis
1475 1805 1692 1873 (Matth.
1717 1804 1804 1873 x).
1850 1826 1872 1850 η
1917 1804 2051 1858 Cum

450 1900 750 1974 discipulos
805 1901 873 1957 ad
913 1901 1319 1974 prmdicandum
1359 1900 1577 1957 Veritas
1619 1901 1798 1967 mittit,
1875 1915 2051 1973 grana

447 1992 672 2049 seminis
700 1992 754 2046 in
783 1992 988 2048 mundo
1019 1991 1252 2065 spargit,
1278 1998 1327 2045 et
1347 2006 1521 2062 pauca
1551 1990 1710 2043 mittit
1730 1989 1784 2043 in
1815 1989 2048 2055 semine,

446 2082 523 2137 ιη’
566 2082 860 2137 multarum
901 2079 1162 2137 messium
1236 2079 1427 2152 fruges
1465 2078 1693 2150 recipiat
1747 2094 1818 2134 ex
1858 2086 2046 2133 nostra

445 2169 578 2226 fide.
618 2169 872 2242 Sequitur
903 2187 916 2224 :

520 2319 540 2346 ι.
565 2296 974 2366 Quicrediderit
994 2304 1047 2352 et
1066 2294 1372 2367 baptizatus
1395 2295 1572 2363 fuerit,
1595 2295 1779 2351 salvus
1791 2296 1926 2353 erit:
1953 2294 2045 2366 qui

443 2401 578 2451 vero
607 2401 716 2441 non
749 2385 1039 2441 crediderit
1059 2384 1533 2440 condemnabitur.
1566 2406 1586 2436 ι
1615 2384 1756 2452 Quid
1788 2384 1874 2440 hic
1900 2384 2036 2438 diei-

442 2490 567 2529 mus
594 2474 663 2528 de
694 2471 957 2545 parvulis,
988 2474 1078 2545 qui
1116 2489 1217 2544 per
1238 2481 1451 2528 aetatem
1476 2474 1652 2528 adhuc
1674 2473 1901 2529 credere
1932 2489 2040 2528 non

442 2570 664 2636 valent?
721 2571 802 2627 De
841 2569 1137 2639 majoribus
1173 2569 1321 2624 nulla
1361 2570 1583 2642 quaestio
1612 2577 1713 2625 est.
1757 2571 1859 2625 Per
1895 2568 2038 2625 alios

439 2659 606 2732 igitur
634 2658 846 2730 parvuli
875 2659 1101 2715 credunt
1131 2659 1186 2714 in
1222 2657 1486 2727 Ecclesia,
1513 2658 1653 2714 sicut
1684 2672 1755 2713 ex
1786 2658 1907 2714 aliis
1936 2667 2041 2714 tra-

435 2749 571 2805 hunt
596 2756 828 2821 peccata
859 2764 980 2819 qua:
1009 2747 1117 2801 illis
1146 2746 1201 2801 in
1232 2747 1500 2820 baptismo
1530 2747 1894 2802 remittuntur.

512 2894 535 2925 ε
570 2872 741 2945 Signa
787 2879 969 2928 autem
997 2888 1092 2927 eos
1122 2872 1213 2943 qui
1243 2870 1593 2939 crediderint,
1636 2871 1752 2928 haec
1795 2888 2034 2943 sequen-

434 2978 523 3028 tur
556 2988 571 3025 :
602 2972 663 3025 In
705 2970 927 3026 nomine
954 2985 1077 3026 meo
1113 2968 1378 3026 daemonia
1417 2968 1662 3039 ejicient,
1692 2969 1891 3042 linguis
1946 2970 2025 3026 lo-

435 3067 669 3133 quentur
710 3060 892 3126 novis,
925 3066 1208 3130 serpentes
1240 3057 1431 3113 tollent
1466 3077 1482 3125 ;
1522 3066 1573 3113 et
1611 3058 1657 3112 si
1695 3058 2037 3115 mortiferum

434 3147 563 3219 quid
596 3145 848 3212 biberint,
878 3162 987 3201 non
1010 3145 1089 3201 eis
1120 3145 1364 3201 nocebit.
1425 3146 1600 3216 Super
1629 3162 1807 3217 aegros
1845 3161 2042 3201 manus

429 3233 730 3308 imponent,
772 3242 824 3290 et
864 3235 1003 3290 bene
1032 3234 1331 3290 habebunt.
1363 3256 1384 3284 ο
1429 3234 1689 3306 Nunquid
1721 3235 1850 3306 quia
1925 3236 2042 3291 haec

433 3332 591 3406 signa
620 3350 730 3390 non
760 3333 1009 3400 facimus,
1039 3349 1150 3389 non
1202 3334 1476 3390 credimus
1506 3334 1533 3387 ?
1560 3336 1690 3391 Haec
1729 3334 1785 3389 iu
1814 3335 2042 3390 exordio

434 3422 696 3495 Ecclesia
730 3421 943 3477 fuerunt
973 3422 1310 3490 necessaria,
1342 3429 1400 3477 ut
1428 3420 1566 3478 ﬁdes
1588 3422 1930 3480 credentium
1951 3423 2042 3478 ini-

438 3511 641 3571 raculis
659 3509 970 3565 nutriretur.
984 3511 1099 3566 Nos
1129 3512 1272 3567 enim
1303 3528 1429 3567 cum
1458 3511 1685 3567 arbusta
1705 3512 2037 3584 plantamus,

433 3608 628 3663 tandiu
655 3607 734 3663 eis
764 3623 965 3679 aquam
996 3606 1292 3675 fundimus,
1328 3626 1613 3682 quousque
1643 3611 1696 3665 in
1726 3620 1871 3666 terra
1900 3627 2036 3668 con-

435 3696 739 3753 valescant.
760 3696 896 3752 Hinc
917 3696 1122 3751 Paulus
1143 3713 1155 3751 :
1178 3720 1198 3744 ιι
1222 3697 1445 3769 Linguae
1465 3698 1518 3753 in
1539 3699 1754 3772 signum
1775 3709 1899 3755 sunt
1926 3716 2034 3756 non

435 3784 707 3853 fidelibus,
731 3785 828 3840 sed
857 3784 1227 3852 intidelibus(l
1259 3786 1380 3843 Cor.
1401 3789 1538 3858 xiv).
1568 3808 1588 3841 ι
1624 3788 1822 3845 Sancta
1854 3798 2034 3845 tamen

435 3886 690 3943 Ecclesia
729 3885 972 3959 quotidie
1037 3885 1352 3957 spiritaliter
1398 3886 1530 3943 facit
1573 3888 1719 3960 quod
1764 3896 1890 3945 tunc
1937 3906 2036 3961 per

433 3975 711 4047 apostolos
775 3974 1131 4047 corporaliter
1198 3975 1470 4031 faciebat.
1517 3977 1845 4033 Sacerdotes
1891 3978 2035 4033 enim

430 4080 533 4136 per
569 4064 855 4121 exorcismi
919 4064 1168 4136 gratiam,
1232 4078 1425 4119 manus
1464 4066 1815 4121 credentibus
1854 4066 2034 4138 impo-

433 4171 650 4234 nentes,
677 4163 942 4220 daemonia
962 4163 1207 4234 ejiciunt,
1241 4172 1293 4219 et
1320 4163 1509 4219 fideles
1538 4165 1828 4221 smcularia
1866 4166 2034 4222 verba

433 4253 805 4324 relinquentes
868 4252 1175 4308 Conditoris
1207 4252 1292 4307 sui
1354 4253 1541 4308 laudes
1570 4254 1843 4321 insonant,
1886 4256 2031 4326 quod

433 4349 517 4398 est
544 4341 745 4413 linguis
793 4341 952 4395 novis
1003 4340 1178 4412 loqui.
1227 4340 1332 4410 Qui
1368 4342 1529 4397 etiam
1570 4343 1697 4397 dum
1728 4344 1884 4399 bonis
1925 4360 2027 4399 ex-

430 4429 827 4485 hortationibus
899 4428 1165 4484 malitiam
1204 4430 1273 4485 de
1348 4430 1540 4486 alienis
1576 4433 1834 4487 cordibus
1873 4433 2039 4489 aufe-'

429 4534 573 4591 runt,
614 4534 902 4598 serpentes
938 4526 1157 4582 tollunt.
1207 4528 1273 4583 Et
1325 4529 1454 4585 dum
1483 4529 1763 4600 pestiferas
1803 4531 2031 4589 audiunt

432 4614 739 4683 suasiones,
780 4616 878 4669 sed
910 4624 1092 4671 tamen
1132 4616 1199 4671 ad
1249 4618 1620 4689 operationem
1661 4635 1883 4689 pravam
1921 4621 2027 4674 mi—

427 4706 575 4761 nime
603 4704 1018 4776 pertrahuntur,
1058 4706 1398 4762 mortiferum
1431 4707 1650 4778 quidem
1702 4708 1904 4773 bibunt,
1931 4710 2028 4763 sed

427 4820 538 4860 non
561 4804 639 4859 eis
668 4810 852 4859 nocet.
904 4803 1040 4856 Dum
1068 4812 1247 4859 autem
1279 4805 1445 4860 vitam
1466 4804 1803 4860 infirmorum
1835 4806 1888 4860 in
1923 4805 2029 4863 fide

426 4892 677 4965 exemplo
743 4907 853 4949 sure
890 4892 1227 4963 operationis
1294 4894 1575 4963 roborant,
1645 4912 1810 4966 super
1846 4911 2026 4965 aegros

423 4996 616 5038 manus
645 4982 951 5053 imponunt.
987 4978 1143 5053 Ergo
1175 4989 1324 5038 tanto
1356 4983 1559 5052 majora
1588 4992 1713 5038 sunt
1742 4984 2020 5055 miracula,

425 5080 628 5144 quanto
658 5087 756 5143 per
781 5071 900 5128 haec
929 5085 1035 5126 non
1061 5086 1302 5142 corpora
1330 5071 1427 5127 sed
1448 5073 1644 5129 animae
1675 5074 2019 5129 suscitantur.

499 5210 520 5235 σι
556 5187 622 5240 Et
650 5185 915 5240 Dominus
937 5184 1156 5257 quidem
1178 5184 1365 5255 Jesus,
1389 5195 1673 5261 postquam
1698 5189 1909 5246 locutus
1941 5199 2023 5245 est

420 5274 521 5341 eis,
561 5273 839 5328 benedixit
880 5273 1007 5339 illis,
1042 5281 1095 5329 et
1131 5274 1359 5331 recessit
1390 5276 1458 5330 ab
1491 5277 1587 5343 eis,
1624 5285 1674 5333 et
1711 5286 2023 5350 assumptus

415 5370 500 5419 est
529 5363 584 5417 in
612 5361 829 5430 ctelum,
863 5369 915 5417 et
943 5362 1079 5418 sedit
1109 5379 1140 5418 a
1166 5364 1374 5420 dextris
1405 5365 1523 5420 Dei.
1561 5389 1581 5414 υ
1620 5366 1756 5436 Quia
1798 5370 2025 5426 Redem-

413 5469 540 5533 ptor
573 5464 759 5513 noster
815 5473 959 5514 nunc
986 5459 1173 5515 omnia
1216 5460 1447 5531 judicat,
1505 5471 1557 5518 et
1600 5464 1823 5520 tandem
1848 5467 2020 5536 judex

413 5556 544 5613 olim
588 5560 847 5612 venturus
874 5559 977 5618 est,
1056 5554 1273 5610 Marcus
1321 5574 1443 5611 eum
1483 5559 1678 5616 sedere
1710 5561 1969 5618 describit
2004 5578 2017 5633 ;

407 5658 724 5733 Stephanus
753 5670 886 5712 vero
914 5660 1149 5710 stantem
1192 5655 1348 5725 vidit,
1380 5675 1544 5729 quem
1582 5660 1890 5733 adjutorem
1919 5667 2016 5722 ha-

2168 418 2300 459 vero
2330 404 2621 476 pugnantis
2650 412 2733 460 est
2765 404 2851 461 vel
2881 405 3213 477 adjuvantis.

2244 513 2267 539 α
2304 493 2391 546 llli
2445 502 2623 548 autem
2664 493 2897 566 profecti
2937 495 3372 565 praedicaverunt
3399 496 3621 570 ubique,
3656 498 3769 554 Deo

2167 589 2523 652 c00perante,
2567 589 2621 637 et
2650 598 2964 638 sermonem
3004 584 3363 641 conﬁrmante
3403 587 3769 657 sequentibus

2164 678 2365 751 signis.
2406 701 2426 728 ιι
2479 681 2817 751 Praeceptum
2851 680 3178 748 obedientia,
3220 682 3587 739 obedientiam
3616 684 3770 757 signa

2163 768 2510 824 comitantur.
2544 770 2799 843 Legimus
2821 770 2965 842 quod
2995 771 3141 826 Elias
3171 771 3240 826 sit
3267 782 3455 844 raplus
3486 774 3539 826 in
3570 773 3767 829 emtum

2158 857 2209 924 (1
2222 859 2392 929 I’Reg.
2424 857 2511 925 ii),
2545 860 2642 914 sed
2663 859 2808 914 aliud
2828 867 2911 914 est
2932 859 3130 915 caelum
3153 876 3391 929 aereum,
3422 862 3577 917 aliud
3602 864 3767 918 aethe-

2158 971 2332 1010 reum.
2366 957 2506 1011 Illud
2539 957 2683 1011 enim
2716 967 2798 1013 est
2818 966 2973 1014 terrae
3003 961 3339 1031 proximum.
3372 961 3495 1033 quia
3514 976 3615 1032 per
3632 960 3765 1016 illud

2154 1060 2285 1100 aves
2317 1046 2572 1101 volitant.
2596 1047 2742 1118 Ergo
2775 1057 2957 1118 raptus
2983 1057 3065 1104 est
3084 1049 3227 1103 Elius
3247 1050 3300 1103 in
3324 1065 3570 1117 aereum,
3600 1057 3658 1104 ut
3685 1067 3765 1106 re-

2156 1142 2317 1204 pente
2345 1135 2637 1191 duceretur
2667 1137 2719 1190 in
2744 1138 3037 1208 quamdam
3058 1146 3319 1193 secretam
3354 1139 3640 1211 regionem
3663 1147 3767 1195 ter-

2156 1248 2251 1299 rae,
2280 1232 2370 1286 ubi
2386 1234 2641 1304 usquead
2657 1233 2815 1289 tinem
2837 1234 2960 1291 vitae
2983 1236 3150 1301 vivat,
3172 1243 3226 1290 et
3246 1239 3377 1291 tunc
3398 1237 3524 1292 inde
3548 1237 3762 1305 redeat,

2157 1329 2213 1374 et
2245 1322 2662 1377 moriatur.Non
2685 1323 2828 1377 enim
2859 1324 3033 1379 evasit
3088 1334 3335 1392 mortem,
3391 1326 3488 1380 sed
3531 1325 3762 1381 distulit.

2157 1410 2496 1481 Redemptor
2538 1421 2720 1466 autem
2749 1420 2937 1467 noster
2971 1429 3078 1467 non
3101 1413 3328 1477 distulit,
3363 1414 3460 1469 sed
3483 1415 3768 1485 superavit

2158 1506 2209 1553 et
2248 1499 2481 1570 gloriam
2536 1500 2948 1556 resurrectionis
3015 1503 3369 1558 ascendendo
3426 1504 3757 1559 declaravit.

2158 1588 2335 1642 Curru
2367 1589 2614 1644 ascendit
2644 1588 2812 1653 Elias,
2843 1598 2898 1644 ut
2931 1590 3094 1645 homo
3126 1607 3309 1661 purus,
3352 1592 3611 1665 indigens
3664 1593 3767 1647 ad-

2159 1685 2381 1753 jutorio,
2424 1702 2522 1756 per
2554 1687 2782 1757 angelos
2813 1687 2952 1742 enim
2988 1687 3126 1745 facta
3176 1697 3299 1743 sunt
3328 1688 3420 1743 illa
3449 1690 3765 1757 adjumenta

2159 1782 2211 1829 et
2241 1784 2478 1829 ostensa.
2517 1775 2849 1846 Redemptor
2878 1784 3057 1831 autem
3089 1786 3275 1832 noster
3313 1794 3415 1834 nec
3459 1795 3625 1834 curru
3660 1795 3768 1835 nec

2158 1864 2370 1935 angelis
2399 1864 2598 1935 legitur
2629 1866 2965 1932 sublevatus,
3000 1867 3097 1920 sed
3130 1867 3351 1937 prepria
3382 1869 3610 1924 virtute.

2232 1969 2419 2024 Enoch
2455 1987 2670 2043 quoque
2723 1971 3016 2027 translatus
3046 1971 3117 2027 ad
3156 1988 3376 2028 aereum
3408 1973 3611 2029 coelum
3643 1975 3761 2030 Do-

2156 2058 2409 2113 minicam
2443 2060 2826 2114 ascensionem
2860 2061 3187 2133 designavit,
3230 2063 3368 2117 sicut
3395 2063 3603 2134 Ioseph
3622 2080 3763 2118 ven-

2154 2148 2444 2202 ditionem.
2523 2148 2878 2204 Ascensionis
2948 2166 3083 2221 ergo
3122 2167 3234 2206 suae
3276 2152 3544 2207 Dominus
3588 2157 3760 2208 testes

2153 2236 2342 2290 habuit
2375 2256 2386 2291 :
2421 2253 2584 2292 unum
2617 2245 2742 2292 ante
2764 2238 3033 2310 legem,et
3061 2239 3297 2294 alterum
3318 2241 3421 2294 sub
3444 2243 3587 2312 lege.
3605 2240 3764 2297 Ordo

2154 2333 2207 2388 in
2248 2342 2479 2407 utraque
2538 2336 2916 2392 sublevatione
2984 2353 3087 2407 per
3127 2338 3374 2408 qua‘dam
3420 2338 3764 2395 incrementa

2151 2420 2553 2496 distinguitur:
2598 2441 2718 2478 nam
2762 2426 2945 2480 Enoch
2974 2426 3292 2491 translatus,
3337 2427 3483 2481 Elias
3559 2428 3762 2484 subve-

2150 2521 2269 2567 ctus
2301 2522 2693 2579 memorantur,
2734 2522 2791 2568 ut
2829 2519 3174 2586 postmodum
3233 2515 3445 2571 veniret
3490 2517 3586 2588 qui
3654 2534 3762 2575 nec

2147 2601 2435 2656 translatus
2490 2618 2593 2658 nec
2657 2602 2970 2669 subvectus,
3047 2604 3245 2660 caelum
3281 2605 3582 2661 aethereum
3656 2621 3762 2662 sua

2148 2699 2345 2755 virtute
2384 2708 2725 2770 penetraret.
2780 2700 3009 2756 Pensate
3066 2717 3200 2775 ergo
3257 2703 3533 2774 quomodo
3582 2705 3759 2759 crevit

2145 2789 2407 2843 munditia
2435 2790 2752 2854 sanctitatis,
2789 2792 2935 2861 quod
2967 2799 3155 2861 aperte
3185 2791 3494 2846 ostenditur
3549 2791 3609 2847 in
3666 2793 3757 2847 fa-

2145 2878 2307 2932 mulis
2336 2886 2389 2932 et
2418 2878 2671 2933 Domino.
2701 2879 3016 2934 Translatus
3047 2888 3129 2934 est
3160 2881 3365 2946 Enoch,
3401 2889 3453 2936 et
3512 2897 3614 2952 per
3651 2896 3757 2937 co-

2066 3018 2115 3087 G
2144 2975 2276 3029 itum
2306 2976 2524 3047 genitus
2557 2985 2607 3032 et
2635 2994 2735 3049 per
2758 2979 2954 3033 coitum
2988 2990 3306 3050 generatus,
3343 2996 3572 3036 uxorem
3604 2982 3756 3036 enim

2152 3074 2342 3130 habuit
2360 3083 2411 3129 et
2439 3075 2602 3131 filios.
2640 3078 2847 3149 Raptus
2865 3086 2950 3133 est
2974 3078 3138 3144 Elias,
3163 3096 3262 3149 per
3281 3078 3481 3135 coitum
3504 3080 3751 3152 genitus,

2151 3164 2249 3221 sed
2277 3181 2388 3220 non
2419 3182 2517 3237 per
2546 3166 2743 3221 coitum
2775 3182 3093 3238 generans;
3129 3184 3307 3240 neque
3339 3168 3485 3224 enim
3516 3185 3753 3224 uxorem

2147 3263 2338 3318 habuit
2374 3279 2476 3320 nec
2523 3262 2682 3319 filios.
2735 3268 3061 3336 Assumptus
3109 3274 3198 3321 est
3235 3275 3418 3321 autem
3476 3267 3750 3322 Dominus

2149 3368 2325 3424 neque
2354 3369 2455 3423 per
2483 3353 2681 3410 coitum
2712 3370 3005 3427 generans,
3040 3371 3214 3428 neque
3243 3372 3342 3427 per
3387 3356 3593 3412 coitum
3642 3372 3752 3429 ge-

2149 3450 2364 3497 neratus
2377 3483 2390 3496 .

2360 3556 2600 3614 SERMO
2638 3558 2713 3615 IN
2751 3559 3203 3616 ASCENSIONE
3251 3559 3530 3617 DOMINI.

2217 3672 2411 3741 Hodie,
2453 3673 2645 3729 fratres
2702 3674 3033 3740 charissimi,
3113 3682 3196 3730 est
3246 3676 3611 3732 Ascensionis
3637 3677 3756 3731 Do—

2146 3761 2279 3817 mini
2303 3763 2543 3831 jucunda
2583 3762 2870 3819 festivitas.
2903 3763 3077 3819 Hodie
3119 3763 3395 3820 destructa
3423 3765 3757 3820 esthumani

2143 3852 2363 3925 generis
2395 3852 2683 3920 captivitas
2718 3872 2732 3918 ;
2775 3852 2937 3908 hodie
3002 3854 3243 3909 secunda
3270 3854 3506 3909 victoria
3549 3854 3759 3909 Christi

2143 3939 2414 4010 completa
2444 3948 2554 4003 est;
2588 3940 2749 3996 hodie
2780 3941 3131 4013 triumphalia
3153 3942 3352 3997 vexilla
3381 3942 3503 4011 ejus
3532 3943 3755 4015 erigun-

2142 4034 2245 4093 tur,
2286 4028 2356 4084 de
2425 4029 2800 4099 despolatione
2838 4046 2933 4084 sua
3007 4030 3158 4085 dolet
3197 4046 3321 4086 cum
3360 4030 3613 4103 principe
3652 4047 3752 4086 suo

2142 4124 2401 4172 tartarus.
2441 4118 2523 4173 De
2561 4118 2962 4174 restauratione
2992 4119 3177 4174 damni
3206 4119 3288 4174 sui
3326 4120 3534 4190 gaudet
3570 4121 3749 4177 caele-

2141 4207 2235 4260 stis
2263 4207 2554 4262 exercitus.
2588 4207 2765 4262 Hodie
2796 4207 2888 4261 illa
2919 4223 3073 4273 caro,
3109 4225 3233 4280 quae
3260 4208 3329 4263 de
3359 4209 3520 4264 terris
3549 4210 3747 4265 suble—

2138 4303 2263 4351 vata
2301 4302 2401 4363 est,
2441 4296 2514 4351 ad
2585 4296 2863 4351 dexteram
2908 4296 3078 4351 Patris
3130 4297 3397 4353 collocata
3433 4304 3539 4363 est,
3618 4302 3751 4370 quia

2055 4381 2109 4443 D
2142 4385 2290 4441 omni
2318 4393 2583 4441 creaturas
2606 4386 2829 4455 prtelata
2866 4394 2969 4453 est,
3002 4397 3056 4440 et
3104 4386 3284 4440 omnis
3328 4386 3667 4457 principatus
3691 4396 3750 4443 et

2137 4482 2383 4545 potestas
2451 4482 2575 4529 ante
2606 4489 2728 4529 eam
2793 4483 3011 4531 curvata
3042 4482 3150 4529 est.
3224 4474 3398 4529 Hodie
3435 4474 3621 4547 itaque
3656 4477 3749 4531 via

2137 4579 2302 4629 nova,
2344 4563 2415 4618 de
2450 4579 2555 4635 qua
2592 4562 2729 4619 dicit
2773 4562 3063 4633 Apostolus
3083 4563 3244 4633 (Heb.
3276 4563 3352 4633 χ),
3388 4563 3600 4619 initiata
3639 4573 3743 4631 est,

2138 4653 2266 4725 quia
2295 4669 2395 4722 per
2425 4667 2646 4707 carnem
2677 4651 2873 4705 Christi
2904 4651 3081 4707 aditus
3101 4652 3248 4717 cmli,
3279 4669 3380 4723 per
3398 4670 3565 4724 quem
3595 4654 3746 4709 nulla

2137 4743 2288 4813 prius
2317 4758 2444 4797 caro
2496 4741 2806 4806 transierat,
2842 4751 3119 4796 reseratas
3157 4749 3265 4795 est.
3314 4742 3489 4798 Hodie
3526 4745 3746 4814 apertio

2135 4830 2261 4885 libri
2326 4829 2564 4901 perfecta
2603 4838 2703 4895 est,
2767 4845 2930 4901 quem
2969 4846 3132 4885 nemo
3159 4830 3337 4901 potuit
3373 4833 3598 4902 aperire
3639 4833 3744 4887 nisi

2134 4927 2325 4996 Agnus
2356 4923 2448 4994 qui
2485 4922 2701 4979 occisus
2730 4930 2815 4978 est
2842 4924 3031 4995 (Apoc.
3051 4928 3130 4988 v),
3154 4923 3371 4994 quando
3392 4934 3744 4980 sacramenta

2133 5014 2258 5084 ejus
2288 5012 2530 5069 revelata
2560 5020 2685 5067 sunt
2715 5027 2838 5067 cum
2864 5010 2944 5067 eis
2984 5028 3106 5084 quin
3134 5011 3190 5066 in
3218 5012 3341 5084 lege
3367 5021 3421 5069 et
3449 5014 3742 5084 prophetis

2132 5102 2483 5158 inveniuntur
2511 5101 2581 5156 de
2609 5100 2846 5156 Christo.
2869 5100 3043 5155 Hodie
3074 5116 3293 5173 quoque
3323 5102 3601 5172 completa
3631 5110 3737 5167 est,

2132 5197 2511 5248 consummata
2539 5188 2879 5260 dispensatio
2907 5189 3254 5245 humanitatis
3300 5190 3445 5260 ejus.
3483 5191 3738 5249 Descen-

2131 5280 2209 5335 dit
2238 5279 2411 5351 primo
2451 5277 2832 5350 Omnipotens,
2899 5285 2959 5334 ut
3020 5284 3226 5334 nostrae
3261 5278 3545 5351 particeps
3581 5278 3738 5336 ﬁeret

2130 5378 2363 5435 naturae,
2405 5375 2685 5439 postremo
2722 5366 2986 5433 ascendit,
3043 5372 3101 5421 ut
3138 5383 3252 5422 suae
3291 5382 3394 5422 nos
3430 5368 3739 5441 participes

2129 5459 2336 5515 faceret
2371 5456 2584 5531 gloriae.
2626 5455 2938 5522 Descendit,
2980 5463 3038 5511 ut
3058 5471 3159 5511 nos
3187 5456 3497 5521 exultaret;
3531 5475 3735 5515 ascen-

2129 5550 2226 5617 dit,
2259 5558 2315 5603 ut
2346 5565 2445 5602 nos
2475 5563 2660 5602 secum
2691 5547 2985 5601 ascendere
3016 5546 3236 5601 faceret.

2202 5664 2311 5720 Sed
2341 5663 2633 5719 videndum
2664 5670 2746 5720 est
2806 5677 2975 5735 quare
3000 5677 3112 5717 non
3150 5661 3329 5717 statim
3355 5671 3481 5735 post
3510 5666 3726 5721 Ascen-
