4042 6080
265 253 370 305 973

1248 245 1826 301 DEl’LOilATlO’NES
1867 242 1973 300 SS.
2027 243 2331 298 PATRUM.
2368 255 2432 300 εθ-
2472 243 2595 298 LIB.
2618 245 2660 301 Ι.

3471 249 3577 304 οτι

265 371 498 442 sionem,
521 371 629 428 sed
660 378 785 442 post
811 371 1006 427 decem
1035 369 1155 426 dies-
1184 369 1396 424 miserit
1423 368 1688 440 apostolis
1731 367 1858 438 Spi-
1887 371 1941 429 A
1969 366 2233 422 mundum
2258 367 2442 437 (Joan.
2471 366 2533 435 ι),
2565 365 2634 421 ad
2660 365 2929 436 coelestia,
2969 368 3098 440 quia
3145 385 3246 441 per
3291 371 3578 432 ascensio,-

266 463 431 518 ritum
460 469 708 516 sanctum
749 461 896 532 (Act.
951 442 1032 528 η).
1085 458 1170 514 Ob
1219 467 1329 514 tres
1370 460 1558 528 utique
1613 473 1812 514 causas
1849 474 1863 510 :
1903 488 1906 492 ι

260 551 442 621 primo
475 591 489 616 ,
531 557 585 605 ut
621 548 854 621 apostoli
887 548 1118 619 jujuniis
1151 555 1203 604 et
1232 547 1572 604 orationibus
1602 564 1662 603 se
1709 555 1868 617 aptos

271 663 396 704 esse
423 647 689 705 adventui
719 656 1096 719 praepararent
1127 648 1283 716 ejus;
1327 647 1592 713 secundo,
1635 647 1780 718 quod
1813 645 1869 700 hi

271 737 532 807 Spiritum
563 745 811 792 sanetum
842 737 1213 807 perciperent,
1245 737 1333 808 qui
1368 737 1559 791 decem
1593 743 1866 806 praecepta

269 827 548 897 explerent
581 845 594 893 ;
631 826 810 894 tertio,
847 826 990 897 quod
1021 826 1077 880 in
1107 825 1563 898 quinquagesimo
1593 825 1680 879 die
1712 839 1745 878 a
1777 840 1871 879 re-

269 923 626 989 surrectione,
662 924 802 979 sicut
831 923 1062 994 populus
1093 923 1193 979 Dei
1222 931 1353 994 post
1381 922 1765 978 liberationem
1800 922 1868 976 ab

267 1013 523 1086 Egypto,
555 1012 1013 1084 quinquagesimo
1044 1012 1138 1068 die
1169 1013 1379 1082 accepit
1411 1013 1591 1083 legem
1635 1011 1867 1074 timoris.

267 1102 340 1156 ita
370 1101 612 1172 populus
630 1099 868 1157 fidelium
889 1111 1012 1170 post
1030 1101 1416 1156 liberationem
1435 1117 1590 1156 suam
1614 1116 1646 1156 a
1667 1101 1869 1156 mundo

267 1199 728 1271 quinquagesimo
759 1199 847 1254 die
878 1200 1155 1270 acciperet
1188 1200 1370 1271 legem
1399 1200 1621 1254 amoris.
1667 1201 1726 1252 In
1774 1199 1869 1268 ju—

269 1289 430 1344 bilmo
461 1289 646 1355 etiam,
678 1288 733 1342 id
780 1296 862 1343 est
915 1288 1380 1361 quinquagesimo
1436 1304 1605 1355 anno,
1664 1287 1870 1358 recepit

263 1377 498 1448 populus
536 1377 798 1432 amissam
851 1376 1164 1433 libertatem
1222 1386 1274 1432 et
1330 1379 1756 1446 haereditatem;
1819 1385 1872 1432 et

267 1475 373 1532 hac
431 1476 520 1532 die
583 1475 788 1546 recepit
870 1476 1106 1546 populus
1189 1476 1532 1530 Christianus
1611 1475 1870 1530 amissam

266 1563 572 1620 libertatem
605 1573 658 1620 et
702 1564 944 1635 paradisi
992 1565 1398 1620 hmreditatem.
1456 1565 1634 1620 Habet
1688 1565 1871 1635 itaque

269 1654 514 1710 Christus
534 1670 678 1710 nunc
694 1653 910 1724 plenum
933 1654 1194 1726 gaudium
1219 1673 1232 1721 ;
1258 1653 1672 1726 quodammodo
1689 1655 1867 1719 habet,

1974 485 2099 524 nem
2129 468 2249 539 ejus
2279 468 2407 523 luna
2435 467 2582 523 stetit
2610 468 2665 522 in
2695 469 2914 526 ordine.
2952 471 3103 526 Luna
3141 471 3391 530 Ecclesia
3434 473 3579 531 dici-.v

1978 575 2084 633 tur,
2117 566 2242 637 quia
2272 565 2418 622 sicut
2445 565 2571 620 luna
2600 565 2782 622 lumen
2813 567 3007 639 recipit
3035 584 3068 626 a
3097 568 3238 636 sole,
3271 570 3350 626 ita
3376 571 3580 628 Eccle-

1977 654 2072 708 siae
2101 653 2352 709 defectus
2380 670 2413 708 a
2442 654 2664 710 Christo
2696 655 3054 723 illuminatur,
3091 666 3143 713 et
3173 659 3313 715 sicut
3343 659 3472 715 luna
3491 676 3583 731 pa-

1979 743 2107 796 titur
2136 742 2430 812 aliquando
2462 743 2734 814 eclipsim,
2767 744 2839 800 ita
2859 745 3108 804 Ecclesia
3129 746 3269 803 inter
3304 749 3582 806 mundana

1978 841 2191 897 tolerat.
2225 842 2333 898 Sed
2362 843 2479 898 haec
2507 842 2633 897 luna
2664 851 2788 913 post
2815 845 3196 904 ascensionem
3225 847 3426 903 Christi
3460 855 3580 906 ste-

1979 931 2037 985 tit
2065 931 2120 985 in
2152 931 2347 986 ordine
2375 947 2504 987 suo.
2545 932 2719 998 Stetit,
2773 934 2896 1005 quia
2943 933 3000 988 in
3044 936 3441 1006 praedicatione
3487 953 3582 994 ex-

1978 1019 2169 1086 crevit,
2205 1020 2328 1092 quia
2357 1021 2427 1078 ad
2458 1021 2832 1078 tribulationes
2862 1024 3157 1094 patiendus
3180 1026 3406 1082 exarsit.
3429 1028 3584 1084 Tunc

1981 1119 2188 1183 Petrus,
2223 1118 2317 1188 qui
2346 1118 2417 1174 ad
2450 1134 2638 1174 vocem
2671 1119 2906 1176 ostiaria-
2938 1123 3242 1190 succubuit,
3276 1124 3348 1181 ad
3386 1140 3579 1183 vocem

1977 1207 2216 1262 Neronis
2246 1208 2554 1262 resistentis
2584 1223 2692 1263 non
2724 1211 2980 1266 recessit.
3020 1212 3150 1269 Haec
3197 1214 3453 1270 ascensio
3494 1223 3581 1274 est

1979 1313 2120 1352 unus
2151 1296 2219 1351 de
2248 1297 2475 1351 saltibus
2506 1297 2742 1364 Domini,
2777 1298 2845 1354 de
2875 1299 3072 1371 quibus
3093 1300 3224 1357 facit
3245 1303 3584 1361 mentionem

1979 1393 2238 1448 Salomon
2268 1393 2323 1447 in
2355 1394 2592 1448 Canticis
2623 1411 2638 1448 :
2675 1416 2698 1442 α
2733 1396 2878 1450 Ecce
2909 1395 3088 1452 veniet
3117 1397 3321 1453 saliens
3343 1398 3398 1454 in
3417 1415 3585 1456 mon-

1981 1481 2146 1550 tibus,
2180 1490 2231 1536 et
2264 1481 2579 1538 transiliens
2608 1491 2823 1538 montes
2847 1483 3048 1554 (Cant.
3084 1484 3167 1557 u).
3195 1504 3216 1538 ι
3252 1487 3467 1543 Saliens
3483 1503 3588 1545 vc-

1979 1569 2077 1638 nit,
2113 1570 2205 1642 qui
2235 1571 2505 1626 veniendo
2537 1571 2608 1626 ad
2636 1571 3074 1644 redemptionem
3120 1583 3368 1630 nostram
3409 1592 3583 1648 quos:-

1981 1667 2111 1722 dem
2144 1668 2312 1724 saltus
2341 1669 2491 1723 dedit
2519 1670 2587 1725 de
2615 1669 2780 1737 coelo,
2819 1673 3040 1727 veniens
3059 1673 3112 1727 in
3133 1680 3295 1729 utero
3317 1673 3579 1748 Virginis,

269 1753 676 1823 quodammodo
705 1768 814 1807 non
845 1753 1043 1812 habet;
1073 1760 1336 1822 quantum
1358 1753 1427 1806 ad
1450 1752 1532 1806 sui
1571 1767 1864 1822 personam
1895 1735 1948 1794 Β
1979 1757 2048 1812 de
2072 1767 2228 1813 utero
2245 1757 2314 1811 {in
2344 1758 2693 1828 praesepium,
2717 1760 2786 1814 de
2809 1761 3078 1832 praesepio
3101 1762 3246 1818 venit
3262 1761 3318 1817 in
3341 1735 3583 1830 crucem,

266 1841 645 1911 plenissimum
673 1859 687 1907 ;
719 1849 979 1912 quantum
1011 1841 1080 1896 ad
1113 1857 1314 1911 corpus
1354 1857 1533 1905 suum,
1587 1841 1736 1911 quod
1784 1849 1868 1896 est

265 1929 533 1995 Ecclesia,
566 1930 745 1985 adhuc
776 1929 1017 1985 minime.
1086 1932 1135 1984 Λ
1189 1930 1401 1988 Judaeis
1469 1929 1615 1984 enim
1681 1929 1866 1984 adhuc

267 2027 696 2097 blasphematur,
731 2044 761 2081 a
790 2028 1045 2100 gentibus
1075 2027 1460 2092 subsannatur,
1495 2028 1563 2082 ab
1595 2027 1867 2084 haereticis

263 2115 612 2181 dilaceratur,
644 2132 677 2171 a
707 2117 865 2172 malis
897 2116 1224 2171 Christianis
1272 2116 1645 2187 impugnatur,
1696 2134 1726 2171 a
1765 2133 1865 2170 sa-

263 2205 578 2260 cerdotibus
608 2205 832 2260 luxuriae
857 2204 1078 2271 deditis,
1111 2213 1164 2260 et
1193 2207 1264 2259 ob
1310 2206 1416 2260 hoc
1464 2206 1681 2276 publice
1725 2221 1867 2261 ana-

262 2303 642 2366 thematizatis,
695 2303 1072 2372 vilipenditur.
1113 2305 1175 2356 In
1225 2303 1490 2358 membris
1540 2303 1703 2358 etiam
1753 2303 1866 2358 suis

264 2388 504 2459 quotidie
533 2388 745 2458 patitur.
783 2389 915 2443 Cum
945 2389 1066 2443 haec
1093 2389 1276 2444 omnia
1323 2388 1397 2443 ad
1449 2405 1508 2443 se
1556 2388 1863 2459 collegerit,

265 2485 393 2532 tunc
424 2477 644 2548 plenum
675 2478 938 2550 gaudium
970 2477 1206 2532 habebit.
1259 2477 1548 2546 Quomodo
1599 2493 1730 2533 vero
1782 2482 1867 2532 est

265 2575 514 2632 Ecclesia
546 2577 660 2645 ejus
688 2592 908 2646 corpus,
938 2583 990 2631 et
1021 2575 1179 2631 electi
1209 2577 1458 2630 membra
1484 2575 1512 2629 ?
1542 2576 1698 2631 Sicut
1739 2592 1867 2633 cor-

266 2681 369 2744 pus
395 2665 560 2735 capiti
598 2665 830 2721 inhmret
886 2672 938 2719 et
982 2665 1051 2720 ab
1097 2681 1163 2720 eo
1208 2665 1435 2738 regitur,
1494 2665 1567 2719 ita
1625 2665 1867 2720 Ecclesia

275 2770 378 2824 per
406 2762 804 2810 sacramentum
853 2754 1104 2825 corporis
1150 2753 1348 2808 Christi
1399 2754 1448 2808 ei
1490 2754 1865 2825 conjungitur,

269 2851 382 2908 imo
408 2868 574 2908 unum
606 2869 726 2909 cum
757 2869 823 2909 eo
854 2851 1106 2920 efficitur,
1151 2868 1184 2907 a
1232 2869 1340 2924 quo
1381 2868 1576 2907 omnes
1627 2853 1763 2922 justi
1812 2853 1866 2907 in

265 2957 366 2997 suo
397 2942 592 2998 ordine
624 2950 680 2998 ut
711 2943 958 2998 membra
987 2957 1019 2997 a
1047 2942 1226 3014 capite
1255 2943 1650 3014 gubernantur.
1699 2942 1867 3011 Cujus

265 3029 464 3102 capitis
479 3031 625 3087 oculi
647 3033 954 3103 prophetas,
974 3031 1065 3104 qui
1087 3032 1266 3088 futura
1288 3031 1691 3103 prmviderunt;
1731 3047 1865 3086 san-

262 3127 336 3184 cti
364 3128 616 3198 apostoli,
649 3128 741 3199 qui
769 3128 905 3184 alios
933 3129 1002 3184 de
1033 3129 1119 3184 via
1143 3129 1348 3185 erroris
1377 3128 1445 3184 ad
1473 3129 1658 3184 lumen
1697 3129 1863 3197 justi-
1892 3104 1941 3168 Ο

267 3217 362 3272 tiae
382 3217 753 3272 deduxerunt.
785 3220 961 3274 Aures
992 3225 1116 3272 sunt
1143 3219 1484 3285 obedientes,
1525 3233 1688 3280 nares
1736 3225 1864 3274 sunt

268 3305 492 3361 discreti
525 3324 540 3373 ;
570 3305 772 3378 ﬂegma
801 3305 948 3377 quod
975 3322 1072 3376 per
1111 3322 1275 3362 nares
1330 3307 1546 3376 ejicitur
1593 3307 1858 3373 haeretici,

263 3404 357 3474 qui
379 3403 578 3472 judicio
605 3403 970 3460 discretorum
998 3404 1067 3460 de
1097 3405 1271 3475 capite
1303 3405 1504 3460 Christi
1545 3421 1860 3478 emungun-

260 3499 366 3547 tur.
400 3492 475 3547 Os
505 3501 725 3550 sanctos
765 3494 1037 3562 doctores,
1099 3494 1292 3551 dentes
1347 3510 1518 3550 sacrae
1565 3494 1862 3566 Scriptura

260 3582 626 3652 expositores,
660 3599 854 3640 manus
885 3583 1145 3641 Ecclesiae
1164 3585 1506 3652 defensores,
1528 3584 1698 3654 pedes
1717 3583 1861 3656 agri-

260 3679 401 3738 colae
432 3681 732 3736 Ecclesiam
761 3689 1068 3752 pascentes.
1105 3683 1276 3738 Porro
1305 3682 1482 3751 timus,
1511 3681 1600 3753 qui
1631 3682 1699 3736 de
1721 3698 1859 3738 ven-

259 3777 342 3825 tre
373 3769 636 3842 egeritur,
670 3779 793 3825 sunt
818 3771 1082 3827 immundi
1111 3780 1166 3827 et
1213 3771 1474 3826 luxuriosi
1520 3771 1707 3827 altaris
1752 3771 1860 3825 mi-

259 3858 436 3924 nistri,
471 3867 524 3913 et
551 3859 644 3914 alii
669 3859 804 3914 infra
840 3860 1145 3916 Ecclesiam
1200 3859 1511 3929 facinorosi,
1573 3861 1663 3932 qui
1719 3877 1866 3918 ven-.

260 3962 399 4012 trem
431 3958 626 4011 matris
656 3957 922 4014 Ecclesiae
949 3965 1193 4026 onerant,
1228 3974 1366 4029 quos
1394 3974 1496 4028 per
1516 3959 1709 4014 mortis
1728 3974 1860 4028 ege-

262 4044 495 4101 stionem
526 4046 809 4102 dzemones
839 4055 896 4102 ut
926 4047 1079 4117 porci
1108 4048 1409 4105 devorant.
1448 4047 1621 4118 Igitur
1645 4048 1774 4118 quia
1803 4047 1859 4100 in

262 4133 596 4189 ascensione
627 4134 832 4189 domini
863 4135 1035 4189 induti
1068 4152 1255 4190 sumus
1287 4136 1557 4207 corporali
1577 4136 1692 4205 ejus
1711 4151 1858 4206 prae-

262 4223 458 4287 sentia,
500 4223 570 4277 ad
608 4231 869 4284 aeternam
908 4223 1174 4281 visionem
1223 4225 1343 4294 ejus
1399 4232 1512 4280 tota
1556 4223 1858 4279 intentione

261 4309 606 4367 festinemus.

949 4444 1178 4485 DIVISIO.

331 4569 670 4625 Dominioam
701 4570 1080 4626 ascensionem
1113 4571 1364 4626 Habacuc
1398 4571 1664 4641 pr0pheta
1714 4585 1857 4640 prae-

259 4657 454 4712 videns
484 4658 554 4712 ait
587 4675 598 4712 :
638 4681 658 4706 ει
696 4659 950 4714 Elevatus
980 4668 1064 4712 est
1097 4661 1200 4726 sol,
1235 4669 1287 4714 et
1318 4660 1443 4713 luna
1476 4660 1622 4714 stetit
1651 4658 1706 4713 in
1755 4674 1854 4713 or—

261 4746 387 4801 dine
417 4763 514 4801 suo
535 4748 758 4817 (Ilabac.
793 4755 870 4818 v).
911 4770 932 4794 η
969 4749 1100 4802 Cum
1122 4749 1267 4802 enim
1291 4749 1553 4803 Dominus
1574 4748 1631 4802 in
1653 4749 1857 4803 mundo

261 4858 389 4902 cum
415 4845 695 4916 discipulis
726 4853 1034 4902 moraretur
1063 4846 1202 4914 suis,
1234 4846 1464 4917 apostoli
1504 4846 1558 4900 in
1609 4863 1857 4917 praesen-

264 4933 335 4988 tia
364 4934 576 4989 Domini
606 4933 966 5004 confidentes,
1001 4951 1108 4990 non
1137 4936 1208 4990 ad
1245 4935 1488 4990 caelestia
1513 4936 1855 5006 aspirabant,

265 5022 388 5088 sed,
421 5031 709 5094 postquam
741 5040 802 5079 se
836 5024 1103 5078 Dominus
1129 5023 1199 5078 ad
1230 5039 1416 5079 eorum
1447 5024 1623 5079 oculis
1655 5024 1857 5080 absen—

263 5120 418 5186 tavit,
452 5129 504 5174 et
530 5121 584 5173 in
613 5121 816 5175 coelum
849 5122 1110 5177 ascendit.
1143 5121 1270 5190 Quo
1301 5121 1565 5177 Dominus
1595 5122 1858 5178 ascende-

261 5218 365 5275 rat,
388 5209 584 5264 milites
605 5208 866 5266 inbiando
898 5211 1122 5281 cupiunt
1151 5211 1478 5266 ascendere.
1539 5213 1666 5266 Haec
1713 5212 1858 5266 enim

261 5299 602 5354 consuetudo
631 5298 771 5355 inter
801 5317 900 5354 nos
922 5308 1002 5356 est
1024 5310 1076 5355 ut
1100 5299 1310 5355 familia
1334 5317 1519 5371 regem
1541 5301 1858 5372 praeceden-

261 5402 372 5450 tem
407 5397 561 5467 sequi
592 5397 888 5452 desideret.
922 5398 1075 5453 Unde
1105 5399 1179 5452 ait
1209 5398 1462 5455 Ecclesia
1494 5399 1546 5453 in
1577 5400 1815 5455 Canticis
1844 5419 1857 5455 :

265 5508 288 5536 α
323 5486 503 5539 Trahe
533 5503 619 5540 me
649 5495 772 5556 post
799 5495 852 5542 te
883 5489 1068 5555 (Cum.
1103 5493 1164 5558 ι),
1199 5511 1220 5535 ι
1257 5488 1419 5543 Trahi
1451 5489 1593 5544 enim
1638 5490 1858 5544 deside-

259 5573 420 5630 rabat
448 5574 513 5628 ad
545 5576 755 5646 Regem
788 5577 1197 5643 ascendentem,
1229 5587 1521 5650 postquam
1536 5579 1711 5634 caruit
1731 5594 1861 5634 con-

262 5672 531 5729 solatione
560 5671 683 5741 ejus
709 5674 1043 5744 praesentiae.
1076 5675 1206 5731 Ideo
1237 5675 1480 5731 elevatus
1513 5685 1596 5732 est
1632 5677 1736 5744 sol,
1767 5677 1861 5748 qui

261 5761 531 5824 illuminat
585 5778 806 5820 omnem
878 5763 1153 5821 hominem
1205 5765 1516 5824 venientem
1585 5765 1643 5822 in
1715 5767 1858 5822 hunc

1976 1845 2045 1900 de
2075 1861 2240 1901 cruce
2272 1846 2418 1901 venit
2447 1846 2500 1902 in
2531 1848 2863 1918 sepulcrum,
2897 1849 2966 1904 de
3025 1851 3279 1923 sepulcro
3328 1851 3490 1908 rediit
3529 1852 3586 1906 in

1975 1943 2192 1999 caelum.
2225 1944 2379 2000 Unde
2407 1945 2482 1998 ait
2510 1946 2774 2016 prapheta
2807 1963 2822 2000 :
2852 1969 2872 1994 ε
2900 1947 3204 2004 Exsultavit
3243 1956 3302 2003 ut
3335 1949 3519 2022 gigas,
3555 1973 3578 2002 .-

1975 2040 2080 2093 etc.
2115 2034 2295 2103 (Paul.
2327 2038 2496 2102 xvm.)
2547 2035 2698 2090 Hanc
2753 2035 3170 2092 exsultationem
3227 2037 3356 2098 alibi
3411 2039 3585 2095 deno-

1978 2120 2108 2176 tavit
2140 2137 2153 2175 :
2193 2143 2214 2170 α
2250 2122 2329 2177 De
2360 2129 2603 2179 torrente
2630 2122 2687 2177 in
2717 2123 2801 2179 via
2840 2124 2990 2180 bibet
3031 2126 3212 2195 (Psal.
3263 2128 3398 2198 cxx).
3437 2149 3460 2176 ιο
3512 2129 3577 2182 In

1976 2218 2178 2272 mundo
2201 2227 2319 2274 erat
2341 2227 2562 2275 torrens
2583 2220 2774 2276 mortis
2789 2221 3037 2278 deﬂuens
3076 2237 3109 2278 a
3148 2231 3372 2295 peccato
3419 2223 3580 2296 primi

1977 2306 2237 2377 parentis.
2269 2309 2349 2364 De
2378 2308 2463 2362 his
2494 2308 2546 2363 in
2579 2310 2666 2364 via
2693 2310 2848 2376 bibit,
2883 2311 3012 2382 quia
3037 2319 3266 2370 mortem
3299 2313 3357 2368 in
3395 2321 3577 2369 trans—

1975 2396 2051 2450 itu
2079 2397 2340 2468 gustavit,
2375 2405 2536 2469 atque
2578 2398 2702 2454 ideo
2747 2399 3015 2456 exultavit
3054 2409 3238 2472 caput,
3297 2401 3423 2473 quia
3473 2403 3580 2459 hoc

1977 2495 2120 2564 quod
2146 2495 2433 2550 moriendo
2465 2496 2519 2550 in
2543 2497 2805 2567 sepulcro
2824 2498 3025 2568 posuit,
3049 2500 3393 2571 resurgendo
3415 2516 3582 2572 super

1976 2585 2210 2655 angelos
2238 2585 2461 2641 levavit.
2498 2585 2718 2647 Levavit
2749 2603 2914 2658 super
2938 2587 3169 2661 angelos
3201 2598 3581 2661 postresurre-

1976 2672 2210 2727 ctionem
2241 2673 2541 2727 humanam
2573 2682 2842 2740 naturam,
2873 2692 2995 2747 quae
3037 2676 3193 2746 prius
3239 2685 3359 2733 erat
3404 2677 3584 2738 minor

1977 2769 2213 2842 angelis.
2247 2770 2401 2826 Unde
2430 2771 2694 2843 scriptum
2726 2778 2806 2827 est
2846 2789 2860 2826 :
2898 2795 2919 2821 ιι
2955 2773 3196 2829 Minuisti
3240 2790 3367 2830 eum
3413 2774 3580 2845 paulo

1975 2857 2158 2912 minus
2188 2859 2256 2913 ab
2292 2859 2507 2932 angelis
2535 2863 2719 2931 (Prol.
2756 2860 2898 2930 vni).
2937 2885 2959 2914 ν
2995 2861 3246 2930 Quandiu
3275 2863 3422 2922 enim
3448 2880 3582 2935 pas-

1976 2947 2150 3002 sibilis
2181 2947 2274 3002 fuit
2306 2956 2359 3004 et
2387 2949 2656 3016 mortalis,
2690 2949 2869 3006 minor
2915 2950 3011 3007 fuit
3060 2951 3319 3023 angelica
3359 2961 3575 3021 natura,

1975 3062 2096 3116 qua:
2127 3046 2448 3102 immortalis
2479 3056 2580 3101 est.
2613 3047 2724 3102 Sed
2755 3056 3044 3119 postquam
3074 3049 3221 3106 Deus
3255 3051 3418 3107 Pater
3446 3051 3576 3124 glo-

1973 3133 2054 3188 ria
2085 3135 2508 3192 resurrectionis
2537 3144 2588 3191 et
2617 3136 2824 3194 honore
2853 3136 3276 3194 immortalitatis
3305 3155 3430 3194 eum
3482 3154 3577 3196 co-

1973 3223 2206 3293 ronavit,
2241 3223 2334 3296 qui
2362 3225 2510 3294 prius
2558 3225 2738 3281 minor
2793 3235 2927 3296 erat,
2979 3242 3146 3298 super
3203 3227 3434 3299 angelos
3492 3236 3578 3285 est

1973 3310 2150 3367 factus
2163 3353 2176 3367 .
3507 3343 3510 3346 ~

2042 3460 2179 3514 Cum
2211 3460 2376 3534 igitur
2403 3461 2585 3534 angeli
2640 3462 2930 3517 humanam
2987 3471 3238 3520 naturam
3300 3462 3567 3538 angelicae

1970 3558 2247 3629 praelatam
2278 3557 2550 3626 viderent,
2587 3560 2678 3631 qui
2707 3561 2855 3631 prius
2885 3561 2954 3615 ab
2984 3560 3300 3616 hominibus
3352 3579 3412 3618 se
3465 3563 3572 3619 ad-

1969 3647 2110 3702 orari
2141 3647 2502 3718 patiebantur,
2531 3649 2598 3702 ab
2630 3650 2866 3705 humano
2900 3667 3104 3723 genere
3135 3651 3207 3705 ita
3241 3652 3476 3707 exaltato
3511 3667 3573 3707 se

1970 3735 2183 3790 adorari
2205 3747 2388 3808 postea
2417 3739 2728 3793 timuerunt.
2762 3739 3040 3794 Abraham
3095 3739 3347 3797 adoravit
3394 3755 3580 3819 ange-_

1968 3833 2080 3888 lum
2111 3851 2233 3890 cum
2264 3843 2373 3890 tres
2406 3835 2555 3902 vidit,
2589 3845 2645 3892 et
2674 3854 2843 3892 unum
2867 3836 3134 3905 adoravit,
3167 3854 3270 3894 nec
3291 3836 3573 3908 prohibuit

1967 3925 2130 3994 (Gen.
2164 3927 2333 3996 xvut).
2361 3926 2544 3980 Voluit
2573 3926 2803 3982 adorare
2848 3925 3092 3982 Joannes
3132 3925 3390 3999 angelum
3449 3934 3572 3996 post

1969 4013 2445 4083 resurrectionem,
2476 4031 2579 4070 nec
2605 4016 2675 4069 ab
2715 4016 2915 4088 angelo
2943 4014 3245 4086 permissus
3268 4022 3350 4069 est
3379 4015 3565 4086 (Apoc.

1968 4115 2108 4182 XIX).
2149 4113 2537 4183 Despiciebant
2563 4113 2836 4169 hominem
2889 4114 3040 4185 prius
3095 4129 3258 4185 quem
3315 4111 3569 4169 videbant

1968 4201 2130 4271 culpa
2159 4218 2253 4255 sua
2283 4203 2588 4256 exsulatum
2623 4221 2637 4271 ;
2678 4203 3083 4258 honoraverunt
3130 4201 3371 4256 hominis
3418 4209 3569 4258 natu-

1968 4307 2108 4357 ram,
2141 4307 2304 4363 quam
2335 4291 2595 4346 videbant
2618 4308 2780 4363 super
2827 4307 2887 4347 se
2937 4291 3251 4347 exaltatam.
3310 4290 3569 4347 Sciebant

1969 4389 2186 4458 quidem
2217 4387 2494 4466 hominem
2513 4385 2712 4470 factum
2744 4403 2869 4442 esse
2900 4394 3024 4468 ante
3055 4393 3344 4458 peccatum
3374 4387 3444 4442 ad
3475 4404 3567 4444 re-

1767 4478 1774 4484 ’
1813 4464 1845 4473 ”
1885 4471 1937 4532 D
1966 4464 2356 4533 staurationem
2390 4464 2654 4548 angelicas
2683 4470 2940 4548 legionis.
2974 4464 3084 4548 qua
3121 4476 3419 4544 ceciderat,
3470 4476 3568 4532 sed

1971 4566 2402 4637 redemptionem
2430 4567 2546 4635 ejus
2579 4582 2674 4636 per
2704 4565 2896 4619 Filium
2926 4563 3274 4636 ignorabant.
3309 4566 3370 4620 In
3409 4565 3569 4637 prin-

1967 4665 2109 4736 cipio
2127 4664 2271 4720 enim
2292 4663 2479 4718 mundi
2502 4663 2627 4718 fecit
2645 4665 2795 4718 Deus
2815 4663 3076 4736 angelum
3102 4661 3397 4734 quemdam
3419 4680 3568 4735 pra:-

1969 4754 2256 4810 cellentem
2286 4753 2425 4822 aliis,
2459 4752 2620 4807 valde
2652 4751 2961 4823 speciosum
3018 4759 3072 4807 et
3127 4751 3431 4822 sapientem
3489 4753 3570 4808 De

1969 4859 2076 4916 quo
2104 4849 2294 4914 postea
2323 4859 2424 4914 per
2453 4842 2780 4912 PrOpbetam
2815 4858 2827 4893 :
2867 4864 2888 4890 ε
2915 4840 2994 4896 Tu
3011 4839 3349 4912 signaculum
3371 4839 3569 4896 simili-

1968 4932 2167 4987 tudinis
2197 4930 2316 5000 Dei,
2349 4930 2544 5004 plenus
2573 4929 2860 5001 sapientia,
2913 4937 2966 4985 et
3015 4929 3288 5001 perfectus
3343 4929 3566 5006 decore,

1965 5030 2019 5084 in
2051 5029 2262 5095 deliciis
2311 5027 2550 5100 paradisi
2579 5027 2680 5083 Dei
2702 5027 2849 5084 fuisti
2875 5027 3098 5091 (Ezech.
3122 5028 3340 5099 xxviii).
3370 5051 3393 5076 ιι
3419 5027 3481 5082 In
3505 5043 3569 5083 eo

1967 5117 2112 5174 enim
2141 5119 2262 5172 erat
2291 5115 2544 5170 subtilior
2572 5125 2780 5183 natura,
2814 5115 2867 5169 in
2899 5114 2992 5170 illo
3041 5113 3226 5186 imago
3274 5114 3374 5170 Dei
3427 5113 3571 5170 tilio-

1967 5223 2108 5272 rum,
2139 5205 2288 5276 quod
2318 5204 2620 5260 insinuatur
2651 5219 2777 5260 cum
2836 5203 3053 5259 dicitur.
3117 5225 3139 5251 α
3177 5202 3371 5260 Omnis
3425 5203 3570 5276 lapis

1966 5305 2239 5376 pretiosus
2267 5303 2665 5374 operimentum
2685 5309 2837 5357 tuum
2852 5301 3058 5372 (ibid.),
3093 5324 3117 5349 κ
3135 5301 3259 5372 quia
3275 5316 3470 5358 novem
3485 5319 3575 5362 or.-

1968 5389 2190 5442 dinibus
2219 5388 2308 5443 ille
2340 5388 2545 5458 primus
2573 5387 2800 5458 angelus
2829 5393 3054 5442 ornatus
3082 5393 3136 5441 et
3189 5395 3414 5457 opertus
3451 5387 3570 5455 fuit,

1967 5486 2100 5540 dum
2123 5486 2331 5541 cunctis
2358 5485 2669 5558 agminibus
2699 5483 3020 5554 angelorum
3076 5483 3333 5553 praelatus
3390 5489 3475 5542 est
3523 5493 3574 5541 et

1969 5587 2158 5626 eorum
2187 5571 2594 5641 comparatione
2623 5569 2830 5626 clarior
2859 5568 2978 5625 fuit.
3013 5569 3124 5625 Sed
3154 5569 3245 5626 ille
3287 5587 3476 5627 versus
3519 5570 3576 5626 in

1969 5678 2302 5749 superbiam,
2335 5694 2400 5733 ex
2430 5675 2597 5731 nimia
2623 5676 2871 5733 claritate
2901 5675 3042 5732 dixit
3073 5692 3092 5728 :
3129 5695 3151 5724 α
3185 5677 3500 5734 Ascendam
3520 5676 3580 5733 in

1968 5767 2193 5839 coelum,
2231 5781 2432 5839 ponam
2463 5765 2653 5824 sedem
2679 5781 2860 5824 meam
2886 5767 2956 5823 ad
3004 5763 3335 5837 aquilonem,
3391 5770 3446 5822 et
3479 5777 3577 5820 ero
