3986 6070
490 189 594 266 975

1639 205 1945 262 VERNERI
1983 205 2270 263 ABBATIS
2310 205 2367 262 S.
2412 206 2635 264 BLASII

3693 218 3787 269 976

486 350 680 405 similis
708 348 1133 419 AltissimoUsa.
1166 349 1313 421 XIV).
1349 369 1372 400 ι
1408 347 1651 404 Fuerunt
1679 346 1823 402 enim
1854 362 2086 403 consen-
2112 332 2168 395 A
2198 330 2361 385 homo
2390 328 2573 385 locum
2604 329 2805 386 summi
2834 331 3017 405 angeli
3048 332 3341 404 supplevit
3374 334 3481 390 Alii
3512 352 3643 392 vero
3689 338 3787 393 ho-

473 448 513 500 ti
533 456 687 503 entes
716 447 764 504 ei
795 464 860 503 ex
890 447 1104 521 angelis
1134 447 1263 518 alii;
1297 446 1411 519 qui,
1442 462 1565 503 cum
1601 446 1717 500 Deo
1748 444 1959 499 similes
1982 459 2089 501 vo-

490 536 677 591 lebant
705 536 825 592 fieri
853 544 906 593 et
936 538 1180 608 impares
1205 536 1441 609 angelis,
1474 534 1723 590 minores
1741 532 1919 590 eﬂecti
1940 541 2086 589 sunt.

486 626 554 681 Et
584 625 791 697 primus
820 626 912 681 ille
942 625 1172 697 angelus
1202 633 1256 682 et
1305 625 1389 680 sui
1444 623 1739 695 complices
1795 623 1865 678 de
1925 622 2085 689 cmlo,

489 721 611 778 aliis
640 724 801 779 bonis
829 722 1111 795 spiritibus
1152 722 1583 786 remanentibus,
1628 719 1962 786 ceciderunt,
2014 720 2089 774 ita

490 813 636 885 quod
653 813 723 867 de
734 811 965 883 singulis
983 828 1178 868 novem
1191 812 1472 869 ordinibus
1488 810 1804 883 angelorum
1822 808 2088 865 cecidisse

487 902 764 957 credatur.
789 904 976 974 Itaque
1006 917 1133 958 cum
1163 908 1350 958 essent
1381 908 1505 958 octo
1535 899 1777 967 ordines,
1825 899 1893 953 de
1941 913 2086 955 nono

485 989 729 1047 decimus
760 990 936 1047 factus
966 998 1067 1058 est,
1102 990 1194 1063 qui
1226 989 1410 1062 periit,
1446 997 1499 1045 et
1529 989 1599 1044 ad
1639 987 1823 1044 locum
1872 986 2085 1043 illorum

482 1087 847 1161 supplendum
875 1088 1049 1146 factus
1078 1096 1161 1144 est
1210 1088 1396 1144 homo.
1455 1086 1560 1155 Qui
1616 1085 1722 1141 nisi
1778 1092 2083 1158 peccasset,

483 1192 676 1234 omnes
702 1178 837 1234 salvi
867 1178 1117 1245 fuissent,
1150 1186 1204 1234 et
1234 1176 1447 1251 angelis
1476 1175 1684 1231 similes
1713 1182 1766 1231 et
1794 1175 2083 1231 immorta-

479 1276 563 1333 les
592 1283 797 1332 essent.
830 1276 952 1331 Nisi
982 1274 1136 1332 enim
1169 1282 1427 1348 peccaret
1448 1273 1621 1329 Adam
1642 1273 1695 1328 in
1712 1272 1988 1346 paradiso,
2006 1272 2084 1328 vi-

477 1375 640 1422 voret
667 1366 735 1421 de
766 1365 943 1421 fructu
968 1366 1245 1432 arborum,
1276 1372 1333 1419 et
1360 1362 1501 1420 ﬁlios
1530 1362 1648 1419 sine
1680 1362 2079 1434 concupiscen-

479 1464 555 1519 tia
584 1471 887 1534 generaret,
919 1472 973 1519 et
999 1471 1181 1518 tamen
1224 1460 1596 1533 unusquisque
1644 1460 1698 1515 in
1747 1468 1894 1515 terra
1948 1476 2079 1531 per-

474 1560 745 1617 maneret,
777 1551 951 1607 donec
978 1552 1046 1605 ad
1075 1550 1366 1606 terminum
1396 1550 1767 1606 constitutum.
1834 1547 2083 1616 Qualiter

477 1648 659 1696 autem
707 1639 1015 1713 gignerent,
1073 1640 1121 1695 si
1174 1639 1229 1694 in
1284 1638 1542 1711 paradiso
1598 1634 2161 1733 permansissent‘lB

475 1729 943 1800 Quemadmodum
973 1744 1167 1785 manus
1197 1729 1396 1793 manui,
1430 1728 1502 1783 ita
1530 1727 1648 1783 sine
1674 1726 2075 1798 concupiscen-

479 1829 555 1882 tia
580 1827 942 1899 jungerentur
970 1844 986 1893 ;
1019 1835 1070 1882 et
1101 1828 1240 1882 sicut
1270 1825 1463 1882 oculus
1493 1841 1553 1880 se
1584 1824 1731 1880 levat
1763 1824 1830 1878 ad
1870 1822 2073 1879 viden-

478 1918 631 1983 dum,
655 1918 727 1972 ita
757 1917 875 1972 sine
896 1915 1258 1972 delectatione
1288 1915 1423 1970 illud
1461 1914 1719 1970 sensibile
1764 1912 2074 1968 membrum

477 2014 769 2080 perageret
800 2004 1039 2062 officium
1073 2022 1250 2071 suum,
1280 2004 1470 2076 sicque
1500 2004 1617 2059 sine
1646 2002 1837 2059 dolore
1864 2003 2074 2075 absque

479 2096 641 2152 sorde
670 2102 951 2166 parerent.
991 2097 1148 2151 Esset
1178 2093 1357 2149 infans
1385 2094 1462 2149 ita
1501 2092 1699 2147 debilis
1748 2101 1797 2147 et
1844 2106 1953 2148 non
1995 2091 2075 2147 lo-

478 2211 671 2267 quens,
694 2202 750 2249 ut
771 2208 917 2249 nunc
936 2193 964 2248 ?
988 2193 1106 2247 Mox
1130 2200 1185 2247 ut
1206 2198 1527 2248 nasceretur
1546 2191 1869 2257 ambularet,
1902 2198 1949 2246 et
1980 2192 2074 2245 ab-

478 2283 655 2338 solute
679 2282 1014 2353 loqueretur,
1069 2289 1122 2336 et
1168 2289 1357 2337 contra
1407 2279 1658 2352 singulos
1704 2279 1954 2335 defectus
2000 2279 2071 2335 de

479 2370 648 2443 lignis
679 2369 752 2424 ibi
780 2368 973 2441 positis
1002 2376 1329 2438 uterctur,et
1359 2368 1583 2440 prmﬁxo
1613 2383 1645 2423 a
1676 2370 1792 2423 Deo
1823 2376 2070 2439 tempore

472 2460 543 2515 de
573 2459 724 2532 ligno
753 2459 881 2515 vitae
910 2459 1116 2524 ederet,
1149 2466 1200 2513 et
1231 2458 1313 2513 sic
1342 2458 1395 2512 in
1426 2474 1534 2514 uno
1556 2466 1699 2513 statu
1721 2458 2067 2528 postmodum

468 2564 845 2630 permaneret.
885 2556 949 2612 Et
978 2556 1164 2612 tandiu
1192 2555 1499 2612 debuerunt
1529 2572 1652 2611 esse
1692 2556 1747 2611 in
1788 2556 2063 2627 paradiso,

470 2662 754 2719 quousque
780 2644 1099 2717 impleretur
1127 2660 1391 2700 numerus
1420 2644 1743 2718 angelorum
1775 2644 1867 2717 qui
1910 2644 2065 2701 ceci-

466 2732 681 2802 derant,
715 2742 768 2790 et
795 2733 887 2790 ille
915 2750 1177 2789 numerus
1206 2733 1504 2790 electorum
1536 2734 1627 2806 qui
1658 2742 1779 2789 erat
1826 2733 2064 2806 implen-

463 2824 590 2891 dus,
622 2824 669 2879 si
699 2822 884 2896 angeli
914 2839 1023 2879 non
1055 2822 1403 2879 cecidissent.
1425 2822 1713 2891 Quomodo
1732 2829 1913 2878 autem
1939 2837 2065 2894 pos-

462 2921 548 2969 set
574 2912 862 2985 paradisus
886 2927 1079 2969 omnes
1094 2927 1294 2984 capere
1325 2913 1353 2966 ?
1400 2912 1547 2969 Sicut
1582 2927 1727 2968 nunc
1775 2910 2063 2984 generatio

467 3026 569 3083 per
588 3017 844 3077 mortem,
875 3009 931 3065 id
957 3018 1040 3067 est
1066 3008 1373 3077 moriendo,
1404 3008 1661 3081 praeterit,
1694 3015 1749 3065 et
1775 3006 2063 3081 generatio

455 3116 557 3172 per
586 3099 768 3167 vitam,
799 3098 856 3154 id
883 3107 968 3155 est
995 3098 1301 3166 nascenlo,
1336 3097 1577 3167 advenit,
1610 3098 1685 3153 ita
1712 3105 1840 3153 tunc
1857 3112 2060 3169 paren-

460 3197 543 3245 tes
574 3188 629 3243 in
657 3188 941 3244 meliorem
964 3194 1161 3243 statum
1182 3196 1604 3243 assumerentur
1629 3204 1644 3255 ;
1665 3184 1907 3242 ﬁliivero
1927 3202 2063 3259 pra:-

458 3276 610 3333 ﬁnito
626 3285 877 3349 tempore
900 3277 1050 3350 quod
1078 3276 1322 3333 creditur
1342 3277 1490 3332 circa
1510 3275 1731 3348 triginta
1744 3290 1920 3331 annos
1941 3283 2063 3347 post

457 3392 614 3431 esum
644 3374 776 3448 ligni
808 3374 933 3431 vita:
961 3373 1080 3430 suis
1110 3373 1343 3445 posteris
1369 3372 1652 3442 cederent,
1685 3380 1737 3429 et
1766 3372 1836 3428 ad
1878 3383 2063 3429 extre-

455 3479 607 3519 mum
622 3480 817 3519 omnes
830 3461 1041 3534 pariter
1057 3462 1271 3535 angelis
1292 3462 1345 3517 in
1366 3462 1521 3519 caelis
1540 3470 1978 3534 comquarentur,
2007 3469 2062 3518 et

456 3553 515 3607 in
543 3552 739 3610 coelum
773 3551 880 3607 vivi
911 3551 1368 3607 transferrentur.
1407 3552 1516 3607 Sed
1548 3560 1811 3622 peccante
1843 3550 2061 3607 homine

453 3640 706 3714 ingressa
734 3648 818 3696 est
848 3657 996 3696 mors
1027 3640 1080 3694 in
1112 3640 1396 3707 mundum,
1449 3640 1615 3712 periit
1659 3639 2057 3708 immortalitas,

458 3739 617 3813 periit
645 3755 908 3796 ascensus
936 3738 990 3795 in
1022 3738 1239 3795 coelum.
1274 3738 1381 3794 Sed
1413 3738 1547 3795 deus
1576 3756 1805 3795 summae
1834 3738 2061 3795 miseri-

456 3828 657 3886 cordias
678 3826 977 3896 hominem,
1011 3827 1174 3885 homo
1194 3828 1387 3897 lactus,
1404 3828 1633 3884 redemit
1662 3845 1675 3893 ;
1701 3844 1798 3900 per
1828 3836 2060 3884 mortem

457 3942 615 3983 suam
646 3934 878 3983 mortem
910 3934 1155 3984 nostram
1211 3925 1497 3995 destruxit,
1549 3942 1651 3998 per
1696 3924 2060 3983 resurrectio-

458 4033 587 4073 nem
617 4014 1076 4073 immortalitatem
1118 4014 1483 4088 recuperavit,
1533 4032 1632 4088 per
1680 4014 2060 4071 ascensionem

457 4114 662 4173 aditum
690 4112 849 4173 nobis
878 4112 933 4171 in
990 4114 1193 4173 cwlum
1249 4113 1397 4186 fecit,
1455 4121 1509 4172 et
1561 4112 1679 4187 ipse
1737 4111 2059 4171 Dominicus

2196 424 2373 480 mines
2401 424 2687 481 inferiores
2716 426 3037 482 inferiorum
3066 429 3320 484 ordinum
3344 430 3559 486 ruinam
3583 440 3791 487 restau-

2196 522 2487 569 raverunt.
2528 515 2712 586 Itaque
2760 515 3006 571 Christus
3054 519 3355 573 secundum
3403 520 3788 577 humanitatem

2195 604 2355 659 etiam
2387 620 2555 674 super
2582 619 2773 660 omnes
2804 614 3089 663 creaturas
3118 616 3223 663 est.
3258 607 3413 665 Unde
3444 608 3520 664 ait
3563 610 3790 665 Psalmi-

2195 706 2326 756 sta:
2368 724 2389 749 α
2428 701 2627 757 Omnia
2675 702 2954 771 subjecisti
3002 704 3103 759 sub
3151 705 3382 776 pedibus
3430 706 3557 778 ejus
3605 710 3783 771 (Paul.

2193 791 2341 862 vni).
2388 810 2411 841 ι
2446 791 2553 846 Sed
2584 792 2732 847 Deus
2763 794 2937 862 major
2966 803 3049 848 est
3081 802 3133 850 et
3162 796 3412 865 superior
3442 812 3511 852 eo
3551 797 3789 863 homine,

2194 878 2354 935 Pater
2380 895 2515 936 vero
2545 890 2595 937 et
2628 879 2792 937 Filius
2822 890 2877 938 et
2920 882 3154 955 Spiritus
3202 893 3443 953 sanctus,
3488 888 3793 942 secundum

2193 976 2529 1035 divinitatem
2562 984 2671 1036 est.
2709 980 2865 1038 Unde
2898 983 3195 1054 Apostolus
3241 984 3314 1039 ait
3345 1000 3360 1039 :
3424 1007 3447 1034 ι
3480 985 3635 1042 Tunc
3678 986 3793 1057 ipse

2192 1067 2361 1123 Filius
2391 1068 2666 1138 subjectus
2714 1070 2816 1126 erit
2867 1070 2949 1126 illi
3005 1072 3097 1143 qui
3155 1072 3389 1143 subjecit
3445 1073 3549 1129 sibi
3609 1075 3795 1130 omnia

2190 1156 2241 1227 (1
2260 1157 2389 1213 Cor.
2425 1157 2544 1230 xv).
2582 1181 2604 1207 ι
2642 1159 2933 1216 Hominum
2964 1168 3144 1217 autem
3174 1162 3408 1218 aliorum
3437 1163 3529 1219 alii
3550 1163 3675 1218 aliis
3694 1180 3793 1235 pro

2188 1254 2396 1309 meritis
2426 1255 2737 1327 superiores
2766 1266 2929 1313 erunt
2957 1272 3081 1314 cum
3124 1259 3244 1314 aliis
3290 1260 3479 1332 positi.
3536 1261 3696 1317 Unde
3740 1261 3796 1316 in

2188 1343 2492 1415 Evangelio
2524 1361 2537 1401 :
2578 1367 2599 1393 ει
2627 1346 2685 1400 In
2715 1346 2881 1402 domo
2914 1348 3087 1402 Patris
3116 1348 3222 1403 mei
3253 1349 3573 1405 mansiones
3615 1350 3795 1406 multa:

2190 1439 2315 1485 sunt
2348 1431 2534 1497 (Joan.
2569 1435 2702 1504 xiv).
2734 1459 2753 1484 ι
2794 1436 2862 1490 Et
2881 1435 3046 1490 alibi:
3083 1460 3104 1484 ο
3132 1439 3197 1493 Et
3219 1446 3378 1493 erunt
3398 1454 3593 1493 omnes
3616 1456 3795 1510 aequa-

2188 1526 2269 1583 les
2299 1529 2513 1600 angelis
2544 1531 2699 1597 (Luc.
2726 1532 2845 1599 xx).
2870 1554 2892 1579 ιι
2926 1531 2981 1587 Si
3013 1533 3260 1604 qureritis
3286 1542 3416 1605 quot
3445 1534 3586 1589 salvi
3606 1543 3791 1601 erunt,

2188 1612 2275 1667 vel
2306 1622 2437 1684 quot
2464 1615 2660 1669 animae
2689 1615 2760 1670 ad
2790 1616 2992 1671 coelum
3023 1618 3354 1687 perveniant,
3390 1618 3577 1673 audite
3610 1622 3789 1691 Augu-

2192 1701 2398 1759 stinum
2428 1720 2442 1757 :
2479 1724 2501 1753 ι
2539 1703 2685 1772 Quot
2712 1705 2897 1776 angeli
2930 1704 3006 1759 ibi
3038 1715 3447 1771 remanserunt,
3481 1715 3635 1762 tanta
3665 1708 3794 1764 illuc

2180 1816 2474 1859 ascensura
2518 1802 2759 1857 creditur
2787 1802 3087 1859 multitudo
3135 1804 3435 1869 hominum,
3479 1814 3535 1859 et
3578 1803 3793 1877 singuli

2179 1891 2414 1963 singulis
2444 1890 2730 1947 ordinibus
2755 1892 3074 1964 angelorum
3120 1894 3560 1960 associabuntur,
3619 1902 3788 1965 prout

2179 1979 2234 2035 in
2264 1979 2472 2035 meritis
2510 1994 2545 2035 a
2589 1982 2705 2035 Deo
2751 1979 3156 2048 discernuntur,
3206 1981 3349 2037 sicut
3390 1982 3661 2054 scriptum
3709 1990 3789 2038 est

2179 2090 2236 2143 in
2265 2082 2522 2154 propheta
2559 2081 2813 2137 :Statuit
2850 2084 3119 2138 terminos
3156 2082 3417 2153 gentium
3468 2083 3787 2140 secundum

2179 2191 2485 2232 numerum
2507 2173 2759 2242 ﬁliarum
2790 2170 3099 2239 Dei(Deut.
3132 2174 3293 2230 xxii).
3333 2174 3465 2228 Hinc
3511 2181 3597 2228 est
3650 2189 3786 2247 ergo

2177 2264 2273 2321 illa
2301 2264 2440 2332 dies,
2475 2262 2668 2316 fratres
2697 2258 3025 2326 charissimi,
3056 2260 3109 2314 in
3134 2277 3236 2333 qua
3270 2262 3429 2317 ruina
3450 2262 3787 2335 angelorum

2181 2368 2482 2418 restaurata
2531 2366 2634 2425 est,
2681 2357 2737 2412 in
2786 2372 2893 2429 qua
2940 2358 3265 2430 angelorum
3289 2359 3483 2414 militia
3506 2362 3787 2417 consortio

2174 2458 2453 2515 hominum
2490 2457 2673 2512 lmtata
2703 2462 2804 2510 est.
2838 2456 2965 2512 Haec
2992 2464 3076 2511 est
3104 2456 3192 2511 illa
3226 2457 3495 2513 festivitas
3516 2476 3642 2531 qua:
3665 2459 3783 2515 fons

2174 2548 2418 2605 omnium
2449 2544 2806 2601 festivitatum
2838 2554 2920 2599 est
2947 2544 3199 2613 aliarum,
3250 2548 3369 2602 sine
3415 2564 3526 2618 qua
3576 2549 3781 2605 utilitas

2174 2643 2415 2701 omnium
2437 2643 2661 2715 periret.
2696 2642 2812 2697 Nisi
2834 2642 2979 2697 enim
3000 2650 3145 2698 esset
3174 2659 3438 2700 ascensus
3469 2645 3525 2699 in
3558 2646 3780 2712 cmlum,

2174 2748 2335 2790 cassa
2393 2738 2539 2787 esset
2585 2730 2864 2798 nativitas,
2912 2731 3252 2787 infructuosa
3301 2733 3510 2804 passio,
3568 2734 3782 2789 inutilis

2172 2819 2522 2878 resurrectio.
2557 2820 2684 2875 Haec
2712 2826 2792 2875 est
2823 2826 2965 2874 tanta
2995 2819 3139 2891 quod
3172 2820 3223 2875 in
3247 2828 3496 2893 tempore
3524 2822 3784 2880 Silvestri

2170 2935 2326 2992 papae
2355 2918 2413 2974 in
2445 2918 2657 2974 honore
2684 2916 3043 2986 ascensionis,
3066 2917 3251 2990 quinta
3273 2917 3432 2987 feria,
3460 2935 3564 2991 per
3583 2920 3781 2993 singu-

2095 3034 2147 3100 α
2174 3008 2256 3100 las
2285 3007 2656 3100 hebdomadas
2685 3006 2760 3062 ita
2787 3005 3021 3100 celebris
3070 3007 3394 3100 habebatur,
3413 3098 3423 3100 ξ
3442 3009 3587 3100 sicut
3635 3025 3782 3067 nunc

2175 3096 2461 3154 Dominica
2479 3096 2599 3153 dies
2616 3095 2669 3151 in
2692 3095 3007 3151 memoriam
3048 3098 3479 3154 resurrectionis.
3533 3099 3781 3172 Congre-

2170 3187 2408 3243 tulemur
2432 3185 2669 3257 angelis,
2702 3184 2791 3255 qui
2821 3186 3090 3241 hodierna
3118 3186 3207 3241 die
3237 3202 3356 3242 cum
3384 3203 3592 3262 magno
3638 3206 3778 3262 gau-

2167 3276 2260 3332 dio
2289 3282 2616 3332 occurentes
2646 3273 2826 3346 regali
2882 3275 3016 3331 Filio
3075 3276 3347 3333 ascenditi
3397 3277 3469 3332 ad
3526 3280 3770 3335 Patrem.

2168 3374 2434 3431 Dixerunt
2464 3374 2607 3430 enim
2642 3391 2656 3428 :
2692 3396 2714 3421 α
2744 3372 2878 3443 Quis
2901 3381 2981 3429 est
3016 3374 3115 3429 iste
3141 3376 3254 3431 Rex
3277 3375 3472 3449 glorise
3493 3378 3523 3431 ?
3548 3402 3570 3429 ι
3598 3380 3775 3445 (Psal.

2168 3465 2364 3535 χχιιι.)
2421 3462 2526 3519 Alii
2585 3463 2880 3518 Dominum
2936 3463 3257 3520 comitantes
3322 3466 3775 3536 responderunt:

2174 3576 2196 3601 ε
2230 3552 2494 3609 Dominus
2524 3550 2680 3607 fortis
2710 3560 2763 3607 et
2793 3560 3009 3624 potens,
3044 3553 3310 3609 Dominus
3331 3563 3532 3626 potens
3557 3555 3613 3613 in
3633 3574 3778 3628 prae-

2168 3651 2243 3708 lio
2271 3651 2494 3722 (ibid.);
2532 3674 2554 3699 ιι
2590 3658 2644 3707 ει
2670 3665 2805 3707 vere
2830 3650 3044 3707 exstitit
3075 3652 3242 3708 Filius
3273 3653 3442 3724 regis.
3490 3655 3603 3711 Sed
3650 3658 3777 3729 quid

2167 3740 2313 3797 valet
2343 3739 2590 3796 liberatio
2623 3740 3029 3810 sociorum,nisi
3054 3740 3353 3797 eﬁiciamur
3372 3743 3510 3799 socii
3535 3760 3725 3801 eorum
3751 3749 3779 3800 ?

2167 3829 2522 3896 Laboremus,
2554 3828 2877 3897 charissimi,
2911 3838 2966 3884 ut
2997 3830 3137 3886 sicut
3164 3846 3354 3886 sumus
3404 3832 3606 3889 eodem
3658 3849 3780 3890 san-

2166 3926 2333 4000 guine
2361 3926 2651 3998 redempti,
2682 3926 2757 3982 ita
2802 3927 2999 3983 eodem
3045 3928 3268 3998 praemio
3312 3931 3661 3987 ascensionis
3702 3934 3779 3989 si-

2168 4033 2290 4072 mus
2349 4017 2727 4074 remunerandi
2758 4057 2773 4085 ,
2806 4024 3100 4090 praestante
3138 4017 3258 4091 ipso
3304 4019 3555 4078 Domino
3594 4032 3780 4080 nostro

2168 4116 2297 4172 Jesu
2327 4113 2564 4172 Christo.

1071 4412 1690 4523 DOMINICA
1745 4410 2080 4521 POST
2155 4411 3086 4522 ASCENSIONEM.

1710 4633 2104 4701 Secundum
2131 4633 2498 4702 Joannem.

541 4822 675 4888 Cum
698 4821 906 4887 venerit
925 4820 1265 4893 Paracletus,
1300 4837 1460 4896 quem
1487 4832 1593 4897 ego
1613 4820 1823 4878 mittam
1845 4820 2005 4879 vobis
2036 4834 2071 4879 a
2098 4822 2150 4884 D
2181 4820 2365 4895 plures
2393 4837 2459 4880 ex
2490 4820 2569 4879 eis
2599 4820 2764 4880 faciat
2791 4821 2846 4879 in
2890 4838 2979 4882 me
3024 4825 3277 4886 credere.
3328 4829 3491 4889 Venit
3549 4833 3782 4907 Spiritus

472 4924 651 4987 Patre,
685 4917 945 4991 Spiritum
974 4912 1220 4973 veritatis
1249 4912 1343 4987 qui
1384 4930 1415 4969 a
1472 4914 1625 4969 Patre
1662 4911 1931 4985 procedit,
1982 4910 2074 4969 ille

469 5007 836 5066 testimonium
867 5004 1178 5078 perhibebit
1206 5002 1275 5059 de
1324 5019 1413 5059 me
1456 5003 1639 5075 (Joan.
1677 5004 1798 5073 xv).
1841 5024 1863 5050 η
1916 5001 2077 5058 Venit

472 5099 529 5154 in
555 5100 643 5155 die
671 5100 1021 5154 Pentecostes
1050 5093 1280 5166 Spiritus
1309 5101 1528 5149 sanctus
1556 5091 1614 5147 in
1642 5099 1859 5149 centum
1883 5091 2074 5163 viginti

472 5187 721 5241 homines
750 5190 1143 5258 congregatos,
1178 5182 1233 5237 in
1267 5183 1465 5255 quibus
1494 5189 1549 5239 et
1592 5180 1827 5254 apostoli
1881 5195 2073 5237 omnes

476 5283 656 5332 erant.
695 5274 799 5343 Qui
828 5290 952 5330 cum
982 5272 1184 5346 linguis
1213 5271 1585 5344 loquerentur,
1635 5270 1825 5342 plures
1874 5286 1939 5326 ex
1987 5270 2072 5325 his

474 5364 567 5438 qui
595 5363 823 5420 aderant
851 5370 999 5418 tanto
1028 5360 1291 5418 miraculo
1350 5359 1635 5432 stupefacti
1704 5368 1756 5415 et
1814 5360 2073 5431 loquente

474 5454 634 5510 Petro
661 5452 825 5509 corde
852 5450 1163 5521 compuncti
1206 5449 1465 5505 conversi
1508 5457 1635 5505 sunt
1674 5456 1726 5505 et
1772 5447 2075 5518 indulgen-

470 5544 602 5600 tiam
631 5546 1018 5614 perceperunt.
1049 5540 1161 5595 Hoc
1190 5553 1328 5611 ergo
1347 5539 1560 5594 intuens
1582 5537 1845 5594 Dominus
1874 5537 2073 5609 loque-

469 5634 627 5687 batur
657 5638 915 5701 tanquam
948 5626 1196 5681 diceret:
1250 5625 1391 5681 Odio
1440 5643 1530 5682 me
1585 5625 1909 5695 habuerunt,
1971 5625 2070 5681 sed

466 5720 576 5777 tale
607 5721 675 5777 de
706 5733 793 5774 me
832 5712 1145 5771 Paracletus
1197 5713 1566 5772 testimonium
1620 5713 1955 5785 perhibebit,
2013 5720 2071 5770 ut

2183 4920 2403 4969 sanctus
2433 4920 2647 4984 sponte,
2678 4920 2736 4968 ut
2765 4913 2911 4970 Deus
2923 4914 3087 4972 mittit
3103 4932 3225 4973 eum
3254 4918 3419 4976 Filius
3438 4938 3473 4978 ι
3512 4924 3687 4994 Patre,
3717 4927 3782 4985 ad

2182 5016 2345 5071 quem
2374 5001 2565 5069 refert,
2598 5009 2650 5057 et
2680 5002 2826 5074 quod
2856 5002 2975 5074 ipse
3000 5004 3069 5061 de
3098 5004 3194 5062 illo
3224 5015 3327 5074 est,
3359 5018 3412 5065 et
3434 5015 3587 5083 quod
3617 5016 3783 5088 Spiri-

2181 5096 2267 5143 tus
2294 5089 2363 5144 ab
2391 5096 2623 5162 utroque
2651 5090 2924 5159 procedit.
2962 5090 3051 5147 Sic
3098 5092 3168 5149 de
3222 5095 3360 5152 Filio
3416 5098 3625 5156 dictum
3686 5120 3783 5174 per

2180 5179 2499 5250 prophetam
2535 5196 2549 5233 :
2586 5199 2610 5226 ι
2644 5179 2851 5235 Caelum
2883 5186 2937 5236 et
2958 5187 3164 5237 terram
3217 5199 3323 5256 ego
3380 5186 3589 5259 impleo
3646 5196 3777 5262 (Jer.

2182 5270 2359 5340 XXIII).
2396 5288 2420 5320 ι
2456 5266 2579 5337 Quo
2607 5268 2808 5324 missus
2837 5276 2922 5324 est
2951 5269 3063 5325 nisi
3090 5270 3181 5326 ubi
3211 5282 3329 5328 erat
3358 5276 3387 5328 ?
3416 5277 3477 5332 Si
3497 5280 3569 5335 de
3599 5283 3777 5352 Patre,

2180 5357 2274 5412 ubi
2303 5358 2476 5429 potuit
2504 5373 2628 5413 esse
2654 5357 2773 5413 sine
2816 5358 3086 5430 sapientia
3120 5376 3240 5429 sua,
3290 5384 3312 5410 ι
3348 5380 3455 5435 qua
3497 5370 3719 5444 attingit
3747 5388 3779 5428 a

2181 5445 2288 5502 ﬁne
2318 5462 2491 5519 usque
2520 5446 2587 5500 ad
2618 5445 2780 5501 ﬁnem
2810 5447 2838 5500 ?
2871 5470 2893 5495 ιι
2929 5448 3082 5521 (Sap.
3115 5453 3255 5517 vni.)
3285 5452 3395 5508 Sed
3433 5471 3618 5530 neque
3664 5464 3777 5517 sine

2181 5536 2383 5607 Spiritu
2412 5550 2511 5591 suo
2539 5551 2771 5607 usquam
2802 5552 2924 5592 esse
2978 5538 3171 5608 potuit.
3228 5542 3375 5613 Ergo
3430 5553 3485 5600 et
3544 5548 3776 5620 Spiritus

2180 5632 2401 5680 sanctus
2430 5623 2629 5680 missus
2659 5632 2742 5680 est
2771 5625 2862 5680 ubi
2887 5636 3026 5683 erat.
3060 5628 3212 5684 Unde
3240 5631 3541 5691 Psalmista
3567 5652 3581 5692 :
3608 5664 3633 5688 ιι
3656 5640 3774 5710 Quo

2178 5713 2269 5770 ibo
2299 5727 2333 5771 tt
2361 5713 2556 5786 spiritu
2585 5722 2697 5783 tuo,
2727 5722 2781 5773 et
2811 5730 2918 5788 quo
2946 5730 2977 5772 a
3006 5716 3146 5776 facie
3174 5725 3266 5776 tua
3278 5717 3483 5794 fugiam
3504 5726 3534 5781 ?
3555 5729 3768 5802 -(Psal.
