4042 6080
267 292 371 348 977

1197 284 1776 345 DEFLORATIONES
1815 285 1926 344 SS.
1974 285 2278 345 PATRUM.
2315 315 2388 328 --
2423 285 2550 341 LIB.
2592 286 2635 340 Ι.

3461 288 3565 342 9'18

266 418 569 489 cxxxvm.)
626 416 784 473 Pater
839 430 1103 488 nusquam
1152 413 1349 488 legitur
1401 413 1616 470 missus.
1675 411 1857 484 Quaeri
1885 413 1947 476 Α
1975 412 2103 484 quia
2129 427 2239 468 non
2269 417 2534 468 noverunt
2558 410 2770 466 Patrem
2828 425 3002 482 neque
3051 425 3159 465 me.
3211 408 3319 467 Sed
3347 410 3463 466 haec
3491 409 3570 466 lo-

266 518 404 573 solet
458 531 554 571 cur
600 514 830 588 Spiritus
883 514 939 569 in
986 514 1114 587 igne
1171 512 1434 585 apparuit,
1492 528 1588 568 cur
1631 511 1688 567 in
1733 511 1859 584 igne

269 606 431 664 simul
480 613 536 662 et
590 605 811 678 linguis,
869 620 964 660 cur
1011 603 1300 675 aliquando
1348 603 1402 657 in
1449 601 1722 668 columba,
1754 600 1860 656 ali-

265 703 481 776 quando
509 705 566 758 in
593 703 721 775 igne
751 709 1106 770 monstratur;
1139 718 1235 757 cur
1266 716 1428 770 super
1453 699 1647 756 Filium
1677 698 1776 755 Dei
1805 699 1861 754 in

261 794 444 864 specie
469 793 758 861 columbae,
799 801 850 848 et
891 808 1052 864 super
1091 790 1383 862 discipulos
1429 789 1484 845 in
1526 789 1653 862 igne
1681 804 1858 861 appa-

264 883 417 941 ruif‘!
446 885 574 939 Haec
603 889 834 952 quatuor
872 881 1148 954 pr0posita
1191 879 1489 936 videamus.
1532 878 1762 948 Spiritus
1805 877 1861 934 in

263 982 393 1054 igne
413 986 756 1047 monstratur,
791 979 918 1050 quia
964 978 1254 1051 Apostolus
1280 978 1355 1034 ait
1385 995 1398 1033 :
1436 999 1458 1026 «ι
1492 977 1637 1033 Deus
1679 984 1862 1032 noster

263 1070 410 1143 ignis
435 1085 760 1125 consumens
787 1075 868 1123 est
913 1069 1097 1137 (Hebr.
1143 1068 1263 1138 xu).
1295 1090 1318 1115 ιι
1354 1067 1553 1122 Verum
1592 1072 1690 1129 est,
1733 1065 1862 1136 quia

264 1175 365 1230 per
410 1161 552 1214 hunc
596 1156 793 1230 rubigo
849 1164 1192 1230 peccatorum
1232 1155 1584 1212 consumitur.
1636 1155 1717 1210 De
1757 1155 1862 1211 hoc

267 1256 396 1328 igne
415 1255 623 1311 Veritas
652 1255 817 1311 dicit:
856 1277 878 1303 ‹ι
929 1257 1122 1327 Ignem
1151 1253 1274 1310 veni
1307 1253 1514 1308 mittere
1557 1252 1613 1308 in
1641 1261 1859 1321 terram,

268 1344 469 1416 etquid
498 1345 622 1400 volo
671 1343 772 1399 nisi
821 1351 881 1398 ut
926 1343 1158 1399 ardeat?
1192 1365 1214 1390 η
1265 1343 1419 1399 (Luc.
1452 1355 1571 1412 xu;
1615 1343 1738 1399 Act.
1772 1342 1861 1412 ιι.)

266 1435 489 1490 Terram
519 1433 650 1490 dicit
676 1432 840 1490 corda
869 1440 1098 1501 terrena,
1121 1448 1241 1503 quae
1262 1429 1474 1487 infirma
1494 1430 1860 1504 congerenda,

269 1539 302 1578 a
331 1522 585 1595 malignis
612 1522 887 1594 spiritibus
939 1522 1337 1578 conculcantur.
1377 1523 1438 1576 In
1467 1520 1641 1594 igneis
1668 1520 1866 1593 linguis

269 1628 594 1676 monstratus
625 1627 723 1687 est,
757 1621 883 1691 quia
911 1620 1097 1692 lingua
1141 1619 1308 1675 verbo
1346 1619 1612 1692 congriut,
1644 1625 1699 1674 et
1726 1620 1866 1674 Ver-

268 1719 422 1787 bum,
473 1718 618 1790 quod
674 1727 754 1773 est
811 1717 914 1774 Dei
971 1717 1158 1780 Filius,
1185 1733 1295 1772 una
1349 1725 1428 1773 est
1473 1716 1770 1772 substantia
1806 1715 1862 1771 in

270 1807 472 1878 Spiritu
527 1815 740 1865 sancto.
798 1807 893 1862 Vel
937 1806 1060 1862 ideo
1110 1807 1166 1861 in
1196 1805 1414 1878 linguis,
1447 1806 1574 1877 quia
1602 1805 1739 1860 sicut
1765 1821 1864 1875 per

266 1897 509 1970 linguam
562 1895 804 1969 procedit
847 1895 1096 1964 verbum,
1155 1896 1228 1950 ita
1281 1896 1373 1966 qui
1418 1902 1602 1951 sancto
1659 1894 1862 1966 Spiritu

267 1997 522 2069 tangitur,
582 1996 679 2050 Dei
727 1995 1075 2068 Unigenitum
1133 1993 1447 2064 conﬁtetur;
1510 1993 1597 2049 vel
1646 1992 1768 2048 ideo
1809 1991 1865 2048 in

269 2084 447 2156 igneis
475 2084 692 2156 linguis,
729 2084 856 2153 quia
897 2099 1033 2154 quos
1059 2083 1249 2154 replet,
1281 2082 1528 2138 ardentes
1556 2089 1610 2136 et
1635 2081 1866 2152 loquen-

267 2182 346 2229 tes
372 2174 535 2242 tacit;
569 2173 657 2243 qui
689 2172 832 2227 enim
865 2174 1037 2227 Deum
1076 2172 1309 2227 amando
1355 2170 1669 2242 praedicant,
1701 2169 1866 2226 corda

269 2263 600 2318 audientium
632 2262 993 2316 inflammant.
1031 2261 1336 2332 Aliquando
1369 2261 1424 2316 in
1452 2260 1724 2328 columba,
1757 2259 1863 2314 ali-

271 2351 488 2423 quando
516 2352 569 2405 in
597 2351 722 2424 igne
772 2359 1114 2419 monstratur,
1156 2351 1282 2420 quia
1327 2366 1463 2421 quos
1489 2350 1680 2420 replet,
1727 2348 1863 2402 sim-

271 2451 440 2522 plices
487 2457 540 2504 et
585 2449 835 2504 ardentes
877 2449 1022 2504 facit.
1080 2449 1204 2504 Non
1257 2449 1400 2503 enim
1430 2448 1605 2520 placet
1633 2448 1746 2502 Deo
1775 2458 1867 2508 aut

270 2538 588 2609 simplicitas
615 2539 733 2593 sine
761 2538 896 2604 zelo,
922 2545 1011 2592 aut
1032 2537 1128 2593 iste
1148 2538 1264 2593 sine
1285 2537 1395 2592 illa.
1419 2535 1580 2593 Unde
1618 2536 1862 2592 Veritas:

277 2665 300 2690 ιι
345 2641 524 2696 Estote
573 2640 862 2712 prudentes
927 2639 1063 2695 sicut
1135 2646 1430 2711 serpentes,
1490 2646 1544 2694 et
1596 2637 1868 2710 simplices

269 2739 407 2794 sicut
435 2738 702 2794 columbae
757 2738 980 2809 (Παίων
1033 2737 1111 2806 x).
1148 2758 1171 2785 ιι
1207 2736 1551 2793 Prudentium
1605 2733 1868 2806 serpentis

268 2828 493 2897 exponit
522 2827 733 2890 Paulus,
792 2827 1008 2882 dicens:
1049 2849 1071 2875 α
1104 2826 1282 2882 Nolite
1336 2825 1487 2896 pueri
1529 2824 1664 2880 effici
1690 2822 1866 2878 sensi-

267 2919 372 2974 bus
403 2919 427 2972 1
456 2918 578 2972 Cor.
630 2918 762 2987 xiv).
805 2939 826 2964 »
862 2917 939 2970 De
995 2915 1336 2988 simplicitate
1394 2915 1554 2970 etiam
1601 2913 1869 2969 columbae

267 3014 432 3069 dicit:
471 3037 492 3062 ιι
528 3011 637 3068 Sed
665 3011 868 3066 malitia
899 3012 1107 3081 parvuli
1147 3019 1318 3067 estote
1347 3009 1554 3081 (ibid).
1597 3032 1619 3058 ιι
1658 3009 1718 3064 In
1759 3008 1867 3064 Do-

267 3102 418 3158 mino
448 3119 544 3173 per
571 3102 900 3168 columbam,
932 3101 987 3155 in
1017 3100 1293 3172 discipulis
1348 3116 1443 3172 per
1471 3100 1652 3172 ignem
1689 3115 1864 3170 appa-

263 3191 393 3258 ruit,
427 3191 551 3261 quia
574 3190 752 3260 justus
769 3190 937 3260 judex
967 3189 1139 3245 noluit
1194 3197 1502 3260 peccatores
1556 3188 1734 3256 ferire,
1769 3186 1866 3242 sed

270 3288 547 3337 mansuete
579 3280 870 3351 corrigere.
924 3279 990 3333 lli
1040 3285 1218 3334 autem
1267 3278 1354 3347 qui
1402 3277 1720 3349 simpliciter
1747 3284 1869 3332 sunt

270 3369 536 3437 homines,
562 3376 612 3423 et
650 3368 772 3422 ideo
812 3375 1140 3439 peccatores,
1192 3366 1489 3422 debuerunt
1527 3365 1870 3438 spiritualiter

271 3474 457 3524 contra
483 3466 628 3538 ipsos
648 3465 867 3520 accendi
889 3473 941 3520 et
963 3481 1059 3536 per
1085 3465 1457 3535 pmnitentiam
1488 3463 1706 3519 salvari.

351 3598 372 3622 «
415 3573 484 3628 Et
512 3589 609 3629 vos
656 3572 1014 3628 testimonium
1058 3570 1408 3644 perhibebitis
1457 3571 1582 3641 quia
1617 3570 1687 3625 ab
1717 3569 1868 3625 initio

272 3680 485 3720 mecum
519 3662 644 3718 estis
687 3663 869 3728 (Joan.
902 3665 1046 3730 XIII),
1093 3684 1114 3709 ιι
1168 3659 1251 3714 Ab
1292 3660 1442 3714 initio
1471 3658 1675 3715 scilicet
1719 3675 1866 3728 pra:-

272 3752 556 3808 dicationis
618 3767 774 3805 mete.
849 3750 1012 3804 Dabit
1082 3749 1238 3805 vobis
1293 3747 1549 3820 loquendi
1612 3747 1865 3803 ﬁduciam

271 3842 501 3898 Charitas
556 3839 749 3894 diffusa
804 3839 857 3892 in
913 3837 1164 3894 cordibus
1219 3839 1409 3895 vestris
1462 3853 1561 3908 per
1607 3837 1865 3909 Spiritum

271 3947 537 3995 sanctum.
562 3939 712 3993 lianc
731 3939 917 3992 Petrus
937 3935 1177 3991 nondum
1215 3935 1471 4001 habebat,
1515 3936 1730 4007 quando
1761 3952 1864 3990 ne-

270 4029 423 4102 gavit
475 4027 786 4082 Dominum.
810 4024 1041 4094 Spiritus
1066 4032 1279 4079 sanctus
1309 4024 1613 4095 perhibebit
1640 4025 1693 4077 in
1736 4039 1865 4080 cor-

273 4119 431 4173 dibus
450 4117 657 4182 vestris,
710 4130 806 4169 vos
861 4122 1039 4168 autem
1090 4113 1144 4167 in
1200 4113 1424 4169 vocibus
1453 4113 1642 4168 vestris
1676 4121 1734 4167 ut
1763 4113 1863 4167 im-

270 4207 480 4277 pleatur
508 4204 638 4259 illud
671 4222 684 4258 :
723 4225 745 4250 α
769 4205 831 4258 In
851 4218 1066 4257 omnem
1095 4209 1287 4256 terram
1308 4201 1474 4256 exivit
1497 4217 1659 4258 sonus
1678 4216 1864 4256 eorum

271 4295 445 4364 (Psal.
477 4293 656 4362 xvul).
693 4315 714 4341 υ
759 4315 780 4342 u
814 4293 942 4347 Ilaec
963 4291 1170 4347 locutus
1187 4307 1305 4345 sum
1326 4291 1482 4344 vobis
1501 4297 1560 4345 ut
1588 4307 1695 4346 non
1713 4307 1866 4344 scau-

273 4390 607 4446 dalizemini.
661 4390 876 4459 Absque
941 4388 1234 4460 synagogis
1280 4385 1480 4442 facient
1526 4402 1621 4442 vos
1667 4388 1856 4455 (Joan.

275 4481 417 4548 xvi).
445 4503 466 4529 υ
510 4479 774 4550 Exprimit
802 4494 922 4548 quae
953 4477 1156 4548 passuri
1199 4483 1370 4532 erant.
1402 4477 1518 4532 lloc
1545 4476 1862 4532 determinat
1890 4480 1944 4540 D

277 4570 403 4640 quia
432 4569 598 4624 Judaei
630 4583 737 4622 non
766 4567 1067 4636 reciperent
1103 4582 1248 4633 eum,
1288 4572 1341 4620 et
1387 4564 1510 4620 ideo
1539 4565 1870 4636 expellerent

279 4685 374 4724 eos
402 4668 491 4738 qui
525 4668 591 4722 de
629 4683 693 4721 eo
724 4666 1096 4737 praedicarent.
1155 4663 1261 4719 Sed
1317 4663 1568 4734 prmdixit
1593 4664 1660 4718 de
1693 4663 1869 4736 Spiri-

281 4766 336 4814 tu
386 4757 476 4828 qui
532 4755 893 4821 confirmabit,
973 4762 1032 4808 ut
1085 4770 1193 4808 non
1256 4753 1324 4807 sit
1379 4754 1484 4808 illis
1535 4753 1867 4819 scandalum,

279 4847 404 4918 quia
435 4863 539 4918 pax
578 4845 746 4900 multa
773 4843 1122 4916 diligentibus
1150 4843 1328 4914 legem
1359 4842 1478 4909 Dei,
1513 4858 1632 4912 qua:
1650 4849 1728 4897 est
1755 4842 1874 4914 ipsa

279 4945 528 5001 Charitas.

360 5075 382 5100 «
418 5051 525 5106 Sed
555 5050 702 5107 venit
756 5050 886 5105 hora
916 5055 974 5103 ut
997 5047 1173 5103 omnis
1229 5046 1319 5118 qui
1373 5045 1620 5102 interﬁcit
1655 5062 1752 5102 vos
1782 5062 1874 5102 ar-

282 5141 509 5195 bitretur
536 5138 853 5209 obsequium
883 5154 941 5193 se
972 5145 1224 5208 praestare
1255 5138 1368 5191 Deo
1411 5136 1615 5206 (ibid.).
1635 5158 1657 5184 υ
1713 5134 1877 5205 Quasi

286 5230 472 5284 dicat:
542 5229 704 5282 Extra
756 5242 1068 5298 synagogas
1133 5225 1329 5280 facient
1389 5241 1504 5292 vos,
1561 5223 1657 5280 sed
1713 5225 1878 5279 nolite

287 5326 629 5382 solitudinem
687 5323 1001 5379 formidare.
1042 5323 1283 5394 Separati
1333 5323 1533 5393 quippe
1575 5339 1606 5377 a
1644 5337 1879 5394 congre-

289 5415 506 5487 gatione
528 5429 711 5468 eorum
737 5420 813 5465 tot
829 5412 882 5464 in
901 5411 1120 5465 nomine
1145 5426 1264 5465 meo
1286 5410 1706 5482 congregabitis,
1727 5418 1786 5464 ut
1805 5410 1882 5464 illi

292 5509 588 5558 metuentes
617 5518 682 5554 ne
716 5499 971 5568 templum
1004 5507 1058 5553 et
1103 5499 1190 5552 lex
1226 5515 1408 5553 eorum
1439 5499 1769 5565 deserantur,
1805 5498 1885 5552 in-

293 5597 556 5654 terﬁcient
581 5612 697 5662 vos,
729 5596 1047 5651 arbitrantes
1077 5613 1132 5650 se
1162 5595 1300 5648 bene
1331 5594 1526 5650 facere.
1561 5596 1700 5651 Ecce
1741 5594 1886 5666 quod

295 5686 372 5743 ait
399 5685 684 5758 Apostolus
715 5700 729 5742 :
765 5705 788 5736 ι
822 5683 1006 5740 Zetum
1035 5683 1135 5739 Dei
1181 5681 1400 5751 habent,
1430 5682 1526 5738 sed
1562 5698 1672 5740 non
1699 5698 1888 5740 secun-

1970 509 2125 559 cutus
2151 517 2270 557 sum
2299 499 2474 568 vobis,
2506 507 2565 554 ut
2583 515 2705 556 cum
2727 500 2936 557 venerit
2968 500 3102 555 hora
3130 514 3317 556 eorum
3337 499 3566 555 remini-

1967 591 2195 648 scamini
2225 589 2352 662 quia
2370 605 2475 663 ego
2503 587 2616 645 dixi
2644 589 2801 646 vobis
2821 590 3004 660 (Joan.
3039 590 3175 660 xvr).
3212 611 3235 639 υ
3271 587 3399 644 Ideo
3428 603 3568 659 pra:-

1968 687 2082 744 dixi
2136 703 2206 744 ne
2261 688 2481 760 ignaros
2535 686 2831 758 improvisa
2882 686 3174 753 turbarent,
3205 685 3407 741 scilicet
3442 700 3568 756 pro-

1969 779 2086 835 visa
2115 776 2379 849 patienter
2423 777 2683 848 ferantur,
2715 791 2838 833 cum
2869 775 3078 835 venerit
3120 777 3254 832 hora
3283 774 3566 836 tenebrosa

1967 867 2256 923 malorum.

1967 993 2048 1052 Dc
2069 992 2261 1050 decem
2293 989 2749 1050 dccccmionibu:
2776 989 3009 1061 Christi,
3049 994 3106 1051 ct
3147 993 3268 1050 octo
3294 990 3568 1051 ascensio-

2545 1086 2710 1143 nibu:
2730 1087 2966 1146 animw.

2041 1213 2103 1268 In
2129 1211 2267 1268 libro
2297 1219 2485 1282 quarto
2522 1211 2733 1284 Regum
2763 1211 2960 1283 legitur
2986 1211 3114 1283 quia
3142 1228 3266 1268 cum
3307 1213 3564 1270 Ezechias

1969 1319 2066 1360 rex
2121 1317 2292 1372 usque
2358 1300 2428 1357 ad
2479 1308 2708 1357 mortem
2762 1309 3067 1373 aegrotaret,
3099 1302 3266 1358 Isaias
3310 1304 3574 1375 propheta

1971 1391 2041 1448 ad
2069 1407 2192 1446 eum
2223 1389 2520 1456 intraverit,
2553 1397 2608 1446 et
2645 1389 2694 1446 ei
2724 1406 2756 1446 a
2784 1389 3019 1446 Domino
3076 1390 3279 1448 diceret
3323 1391 3451 1461 quia
3487 1409 3571 1447 sa-

1974 1479 2087 1536 nari
2114 1478 2352 1535 deberet.
2371 1478 2470 1535 Cui
2497 1478 2588 1534 ille
2617 1499 2636 1536 :
2673 1502 2694 1527 η
2739 1477 2897 1548 Quod
2925 1479 3025 1534 erit
3051 1479 3289 1552 signum,
3317 1481 3443 1550 quia
3462 1481 3571 1537 Do-

1972 1568 2150 1624 minus
2177 1583 2266 1624 me
2296 1566 2504 1623 curabit
2529 1568 2557 1622 ει
2597 1567 2678 1623 Ad
2705 1569 2822 1624 haec
2851 1567 3048 1624 lsaias:
3087 1568 3203 1625 Hoc
3230 1568 3349 1637 erit,
3378 1569 3571 1641 inquit,

1970 1668 2186 1741 signum
2220 1683 2252 1724 a
2280 1667 2552 1723 Domino:
2585 1667 2678 1723 Vis
2704 1675 2762 1723 ut
2788 1667 3043 1724 ascendat
3077 1667 3271 1724 umbra
3297 1667 3484 1725 decem
3514 1669 3578 1725 li-

1890 1773 1944 1834 B
1971 1758 2106 1824 neis,
2141 1773 2208 1814 an
2241 1763 2295 1812 ut
2318 1763 2612 1812 revertatur
2639 1755 2858 1812 totidem
2890 1756 3150 1829 gradibus
3172 1759 3201 1812 ?
3243 1758 3310 1815 Et
3337 1758 3412 1814 ait
3447 1759 3576 1813 Eze-

1969 1846 2150 1906 chias:
2193 1844 2327 1901 Volo
2356 1851 2415 1900 ut
2438 1850 2733 1900 revertatur
2747 1843 3097 1904 etdescendat
3115 1845 3171 1901 in
3191 1847 3474 1920 horologio
3493 1863 3578 1904 re-

1973 1948 2203 2000 trorsum
2233 1941 2421 1998 decem
2477 1942 2570 2011 (IV
2600 1943 2727 2014 Reg.
2747 1957 2854 2012 xx;
2886 1942 2996 2000 ιω.
3028 1943 3280 2015 xxxvui).
3299 1967 3321 1994 ι»
3343 1943 3501 2014 Quod
3521 1943 3576 2001 et

1973 2041 2046 2097 ita
2074 2039 2322 2113 contigit.
2353 2037 2511 2109 Quod
2547 2039 2804 2095 Ezechias
2832 2056 2932 2113 pro
2950 2041 3106 2114 signo
3120 2041 3580 2098 conferendesibi

1971 2129 2340 2202 salutispetiit,
2378 2135 2436 2183 ut
2468 2127 2562 2184 Sol
2584 2129 2831 2185 retroiret
2857 2129 3144 2199 perdecem
3167 2130 3337 2186 lineas
3349 2130 3575 2186 horolo-

1973 2219 2220 2292 gii,quas
2230 2218 2347 2289 jam
2381 2217 2680 2284 transierat,
2701 2216 2970 2289 signiﬁcat
2988 2218 3176 2274 decem
3206 2219 3422 2275 ordines
3451 2226 3577 2274 tem-

1973 2323 2303 2379 porum,per
2319 2322 2455 2378 quos
2493 2305 2750 2370 Christus,
2775 2307 2858 2361 sol
2877 2307 3118 2378 justitiae,
3147 2308 3299 2379 quasi
3328 2307 3578 2364 umbram

1977 2396 2115 2468 legis
2160 2395 2457 2462 descendit,
2485 2401 2538 2450 et
2568 2394 2719 2466 quasi
2775 2395 3037 2466 quosdam
3083 2395 3251 2451 saltus
3287 2395 3453 2464 dedit,
3482 2413 3581 2468 per

1978 2511 2114 2566 quos
2152 2494 2342 2550 iterum
2383 2500 2504 2565 post
2569 2493 3010 2549 resurrectionem
3058 2494 3324 2550 ascendit.
3373 2494 3582 2549 Primus

1976 2582 2176 2657 gradus
2233 2581 2598 2637 descensionis
2654 2581 2773 2652 ejus
2813 2582 2914 2638 fuit
2952 2582 3023 2638 de
3074 2582 3190 2639 Deo
3219 2582 3276 2638 in
3303 2583 3582 2655 angelum,

1978 2672 2104 2743 quia
2140 2670 2256 2742 ipse
2311 2669 2411 2725 fuit
2461 2668 2646 2742 magni
2701 2671 2910 2726 consilii
2968 2672 3206 2743 Angelus
3245 2687 3260 2742 ;
3318 2668 3584 2726 secundus

1979 2771 2342 2828 descensionis
2395 2771 2514 2842 ejus
2569 2770 2770 2843 gradus
2796 2771 2864 2826 de
2891 2773 3090 2844 angelo
3119 2773 3171 2827 in
3203 2772 3532 2844 patriarchas
3562 2786 3578 2839 ;

1980 2861 2179 2924 tertius,
2213 2860 2270 2914 in
2307 2859 2444 2932 legis
2471 2859 2728 2927 datioue;
2782 2868 3002 2930 quartus
3059 2860 3113 2916 id
3157 2861 3281 2916 Jesu
3308 2860 3484 2928 Nave,
3525 2867 3582 2916 ut

1980 2949 2242 3022 populum
2298 2947 2354 3002 in
2415 2956 2610 3003 terram
2679 2947 3112 3020 repromissionis
3163 2947 3578 3016 introduceret;

1981 3047 2214 3118 quintus,
2265 3046 2322 3101 in
2373 3045 2604 3116 judices,
2638 3045 2763 3117 quia
2792 3061 2917 3100 eum
2968 3045 3229 3118 populum
3260 3062 3358 3117 per
3383 3061 3477 3102 eos
3499 3047 3581 3118 ju-

1896 3126 1946 3191 C
1975 3135 2189 3191 dicabat
2242 3142 2296 3190 et
2345 3135 2604 3207 regebat;
2663 3142 2865 3202 sextus,
2920 3134 2976 3188 in
3032 3150 3193 3207 reges
3245 3133 3576 3204 Iudaeorum,

1975 3224 2100 3295 quia
2119 3224 2175 3278 in
2203 3223 2282 3278 eis
2335 3223 2453 3294 ipse
2497 3223 2776 3294 regnavit;
2835 3222 3115 3293 septimus,
3162 3223 3220 3278 in
3262 3225 3575 3296 prophetas,

1975 3313 2102 3384 quia
2158 3328 2255 3384 per
2296 3327 2390 3367 eos
2428 3311 2700 3366 nuntiatus
2756 3317 2866 3377 est;
2899 3318 3139 3380 octavus,
3173 3311 3230 3366 in
3268 3310 3579 3384 pontiﬁces,

1975 3400 2102 3472 quia
2146 3400 2261 3472 ipse
2301 3407 2382 3456 est
2417 3415 2660 3454 summus
2720 3397 2970 3454 sacerdos
3028 3399 3230 3467 Patris;
3281 3415 3474 3472 nonus,
3499 3401 3578 3456 'in

1974 3499 2296 3566 hominem;
2340 3496 2604 3562 decimus,
2650 3496 2706 3551 in
2748 3495 3074 3568 passionem.
3120 3498 3222 3553 Per
3257 3499 3358 3554 hos
3383 3497 3574 3554 decem

1973 3586 2175 3661 gradus
2204 3586 2354 3657 quasi
2385 3601 2482 3657 per
2508 3585 2755 3640 umbram
2803 3585 2939 3658 legis
2990 3584 3181 3657 prisce
3216 3585 3455 3643 Christus
3481 3587 3575 3643 de-

1972 3674 2197 3743 scendit,
2256 3681 2310 3730 et
2362 3690 2582 3730 omnem
2631 3673 2880 3729 umbram
2937 3673 3076 3746 legis
3129 3674 3282 3731 radio
3334 3675 3574 3732 veritatis

1971 3773 2274 3839 illustravit,
2330 3772 2560 3828 obscura
2621 3771 2887 3840 revelans,
2963 3771 3146 3829 clausa
3199 3789 3461 3845 reserans,
3518 3780 3574 3830 et

1972 3863 2156 3918 omnia
2210 3868 2347 3916 tecta
2395 3861 2692 3916 denudaus.
2753 3860 2996 3932 Denique
3034 3861 3171 3918 sicut
3209 3862 3446 3918 Christus
3488 3862 3572 3917 his

1971 3951 2160 4006 decem
2189 3950 2447 4022 gradibus
2487 3949 2557 4004 ad
2613 3949 2859 4006 homines
2911 3950 3206 4018 descendit,
3237 3951 3311 4005 ita
3339 3959 3392 4006 et
3419 3950 3571 4008 Chri-

1969 4054 2083 4103 stus
2133 4063 2230 4120 per
2283 4054 2498 4102 sanctos
2527 4061 2653 4101 suos
2709 4046 2955 4102 homines
3009 4055 3130 4103 octo
3186 4045 3445 4119 gradibus
3497 4047 3569 4103 ad

1971 4155 2144 4212 Deum
2171 4153 2458 4208 ascendere
2485 4151 2685 4206 docuit.
2735 4151 2982 4207 Ezechiel
3032 4168 3264 4223 namque
3306 4153 3376 4209 de
3401 4151 3569 4210 aediﬁ-

1969 4242 2055 4298 cio
2084 4241 2309 4311 loquens
2345 4239 2402 4294 in
2448 4246 2632 4295 monte
2659 4239 2963 4308 constituto,
2997 4239 3110 4296 ait:
3148 4263 3170 4289 u
3207 4241 3268 4296 In
3295 4247 3416 4297 octo
3445 4257 3569 4314 gra-

1971 4337 2129 4392 dibus
2183 4351 2434 4392 ascensus
2474 4334 2593 4404 ejus
2637 4335 2865 4408 (Ezcch.
2919 4335 3034 4406 XL).
3071 4357 3094 4385 ιι
3131 4337 3317 4393 Petrus
3351 4353 3566 4409 quoque

1972 4443 2092 4493 octo
2146 4433 2399 4489 virtutum
2454 4433 2654 4505 gradus
2704 4441 2992 4490 numerat:
3048 4433 3246 4503 ﬁdem,
3293 4435 3565 4504 virtutem,

1974 4523 2284 4591 scientiam,
2370 4521 2782 4590 abstinentiam,
2864 4523 3210 4595 patientiam,
3291 4525 3566 4598 pietatem,

1977 4611 2321 4668 fraternitatis
2347 4627 2609 4680 amorem,
2655 4611 3010 4678 charitatem;
3068 4614 3262 4684 quibus
3301 4612 3569 4686 fugientes

1979 4701 2266 4758 mundialis
2318 4701 2766 4772 concupiscentia:
2819 4702 3215 4774 corruptionem
3257 4701 3325 4758 ad
3355 4703 3568 4759 caeleste

1977 4815 2206 4873 regnum
2238 4799 2389 4868 quasi
2417 4797 2483 4852 de
2505 4797 2644 4853 valle
2675 4797 3030 4868 lacrymarum
3060 4799 3129 4854 ad
3159 4799 3336 4854 locum
3365 4799 3572 4855 anima-

1980 4905 2122 4957 rum,
2171 4887 2373 4942 scilicet
2411 4886 2742 4956 paradisum,
2812 4887 3102 4942 ascendere
3148 4887 3430 4943 debemus.
3487 4887 3572 4944 Ait

1982 4977 2194 5047 itaque:
2255 4975 2543 5048 Fugientes
2597 4973 2715 5044 ejus
2743 4991 2862 5045 quae
2892 4975 2947 5029 in
2971 4975 3172 5031 mundo
3216 4984 3294 5031 est
3323 4976 3576 5049 concupi-

1983 5065 2200 5122 scentia:
2250 5063 2669 5136 corruptionem,
2729 5079 2795 5118 ne
2849 5063 3104 5120 videlicet
3155 5064 3576 5136 corrumpamini

1986 5171 2020 5210 a
2076 5153 2544 5224 concupiscentia,
2615 5168 2799 5208 curam
2869 5168 3088 5208 omnem
3153 5152 3575 5222 subinferentes,

1986 5249 2046 5298 ut
2085 5242 2140 5296 in
2181 5242 2296 5296 solo
2339 5242 2452 5296 Deo
2494 5241 2562 5294 sit
2599 5241 2776 5296 omnis
2815 5257 2940 5297 cura
2981 5249 3176 5310 vestra,
3208 5240 3342 5296 etin
3372 5243 3582 5298 occulto

1988 5330 2165 5387 cordis
2209 5346 2276 5384 ne
2329 5329 2444 5384 sitis
2495 5329 2686 5383 molles
2740 5336 2795 5384 et
2857 5329 3135 5399 dissoluti;
3192 5329 3490 5388 ministrate
3527 5331 3584 5386 in

1989 5418 2096 5473 ﬁde
2126 5434 2254 5472 vera
2285 5417 2553 5486 virtutem,
2593 5417 2648 5471 in
2675 5417 2854 5472 servili
2902 5425 2956 5474 et
2991 5417 3181 5473 humili
3222 5419 3385 5475 modo
3414 5429 3583 5476 osten-

1992 5506 2099 5561 dite
2132 5505 2381 5560 fratribus
2411 5505 2598 5560 vestris
2625 5505 2981 5561 constantiam
3027 5505 3186 5562 bonaz
3229 5509 3587 5564 conversatio.

1995 5595 2096 5663 uis,
2129 5609 2249 5664 quae
2291 5591 2415 5649 ﬁdei
2471 5593 2850 5666 subjungenda
2904 5602 2999 5664 est,
3063 5611 3130 5650 ne
3178 5594 3295 5651 sine
3337 5596 3591 5668 operibus

1994 5681 2128 5739 ﬁdes
2156 5688 2368 5738 mortua
2412 5680 2498 5752 sit,
2540 5688 2593 5738 et
2620 5688 2679 5738 ut
2705 5681 2842 5739 alios
2867 5688 3045 5740 vestro
3076 5681 3328 5756 exemplo
3357 5683 3415 5740 in
3443 5682 3590 5740 bona

297 5771 428 5830 dum
455 5771 930 5847 ιιςὶοιιιὶιιιιιζυξοηι.
975 5772 1054 5846 κ).
1083 5793 1105 5821 η
1129 5799 1202 5814 -
1225 5792 1246 5822 «ι
1279 5771 1344 5828 Et
1372 5770 1488 5829 htec
1514 5769 1714 5828 facient
1733 5769 1891 5831 vobis
1997 5767 2408 5832 conversatione
2454 5767 2799 5829 confirmatis.
2863 5771 2928 5831 in
2965 5770 3159 5832 virtute
3197 5776 3379 5830 autem
3420 5769 3592 5830 celen-
