4042 6080
446 236 551 292 979

1578 216 1942 297 WERNERI,
1964 216 2275 277 ABBATIS.
2295 216 2349 273 s.
2392 214 2612 275 BLASII

3651 225 3763 278 980

442 356 598 424 tiam,
636 351 694 410 id
742 354 829 406 est
862 343 1050 402 discite
1104 343 1160 399 in
1205 342 1352 399 bona
1386 339 1798 399 conversatione
1840 323 2133 402 bonum'A
2165 347 2278 411 tas;
2304 346 2486 395 tamen
2512 342 2759 399 membra
2788 360 2900 401 suae
2951 347 3127 403 carnis
3170 348 3371 404 leviora
3412 354 3593 418 portat
3634 348 3770 402 ani-

443 446 641 511 facere,
670 454 769 512 spe
810 442 1159 500 mternorum,
1199 448 1310 488 non
1332 430 1733 502 temporalium.
1780 430 1841 482 In
1879 425 2051 482 scienL

445 533 519 589 tia
540 538 720 587 autem
750 524 1156 584 abstinentiam.
1190 521 1325 576 Cum
1365 520 1512 575 bona
1568 519 1745 574 facere
1790 516 2054 577 ,didiceri-

445 629 534 698 tis,
567 642 665 699 spe
712 624 838 682 vita:
894 629 1110 677 aeternae
1158 633 1288 673 mox
1318 633 1350 671 a
1379 616 1538 671 malis
1585 614 1867 682 abstinete,
1918 621 1972 668 et
1999 613 2056 667 in

446 715 780 790 cpgitatione
810 718 864 767 et
892 711 949 766 in
968 724 1152 781 opere,
1184 723 1251 761 ne
1282 705 1338 760 in
1367 721 1597 761 vacuum
1653 703 1877 759 scientia
1902 703 2055 758 cocle-

448 806 612 863 stium
641 801 885 867 decedat,
926 799 972 854 si
1012 814 1071 854 se
1100 796 1169 852 ab
1198 794 1468 851 illecebris
1500 792 1683 849 saeculi
1712 792 1921 864 aliquos
1948 807 2059 848 non

449 908 711 962 coerceat.
771 900 834 954 In
858 894 1180 954 abstinentia
1235 900 1413 949 autem
1478 889 1814 963 patientiam,
1862 895 1921 943 ut
1969 888 2060 959 qui

459 1008 493 1049 a
542 988 910 1062 voluptatibus
975 982 1164 1040 mundi
1220 994 1277 1037 se
1334 979 1592 1064 continet,
1666 979 1891 1035 adversa
1946 976 2064 1046 ejus

456 1080 732 1136 sustineat.
762 1079 826 1132 In
852 1073 1111 1147 patientia
1165 1078 1345 1126 autem
1402 1069 1679 1141 pietatem,
1711 1075 1770 1121 ut
1797 1082 1931 1139 erga
1971 1082 2065 1121 eos

455 1192 591 1249 quos
642 1172 902 1243 toleratis,
952 1170 1043 1243 pie
1089 1167 1303 1225 solliciti
1347 1166 1499 1235 sitis;
1551 1166 1606 1219 in
1635 1165 1833 1234 pietate
1863 1171 2062 1219 autem,

458 1263 808 1321 fraternitatis
863 1274 1126 1325 amorem,
1182 1264 1243 1311 ut
1298 1271 1408 1311 non
1479 1254 1697 1310 alterius
1743 1253 1821 1309 rei
1876 1251 2070 1306 intuitu

419 1397 422 1399 Α
456 1369 625 1425 opera
652 1349 868 1424 pietatis
914 1345 1236 1403 adversariis
1284 1342 1629 1413 impendatis,
1662 1341 1763 1396 nisi
1819 1342 2071 1397 fraternae

458 1440 781 1506 dilectionis,
805 1445 875 1499 ut
894 1452 994 1507 pro
1032 1435 1110 1491 eis
1156 1432 1337 1501 oretis,
1363 1440 1421 1486 ut
1438 1438 1817 1487 convertantur
1845 1430 1935 1501 qui
1965 1430 2070 1485 do-

459 1540 631 1598 ctrina
687 1544 865 1595 vestra
920 1535 1007 1592 vel
1062 1529 1557 1603 increpationibus
1596 1530 1883 1585 noluerunt
1936 1544 2075 1584 con-

460 1628 617 1685 verti.
640 1628 701 1681 In
730 1622 1081 1681 fraternitatis
1140 1629 1321 1681 autem
1372 1635 1558 1676 amore
1612 1618 1948 1684 charitatem,
1978 1617 2079 1674 sci-

2159 429 2275 495 ma,
2301 446 2425 485 cum
2455 430 2511 485 in
2539 431 2763 487 sanitate
2800 434 3021 491 robusta
3071 445 3210 505 sunt,
3259 454 3422 509 quam
3450 439 3506 492 in
3536 438 3773 510 languo-

2162 536 2224 574 re
2252 535 2374 575 cum
2404 536 2583 574 macra
2604 529 2748 590 sunt,
2777 530 2830 578 et
2858 540 2979 579 cum
3025 527 3143 582 aliis
3188 527 3523 603 gestantibus
3554 543 3769 581 onero-

2162 615 2272 671 sior
2299 616 2367 671 sit
2393 633 2555 672 sanus
2582 627 2636 673 et
2678 620 2886 676 validus
2941 639 3105 693 quam
3163 625 3318 680 exilis
3347 631 3399 679 et
3426 624 3718 679 morbidus
3751 643 3766 678 :

2165 704 2281 777 ipse
2310 714 2489 761 tamen
2520 706 2588 761 ad
2616 725 2772 763 suum
2828 726 3023 782 corpus
3069 713 3395 770 movendum
3452 721 3613 784 atque
3640 729 3774 782 por-

2168 794 2388 849 tandum
2445 796 2640 867 agilior
2690 806 2787 866 est,
2839 815 2961 855 cum
2991 801 3047 855 in
3074 801 3219 857 bona
3278 802 3587 859 valetudine
3644 802 3775 873 plus

2166 891 2332 949 habet
2358 893 2517 949 molis
2546 910 2706 964 quam
2736 913 2858 952 cum
2913 897 2971 952 in
3017 908 3165 972 peste
3218 900 3303 956 vel
3333 901 3387 954 in
3418 900 3563 957 fame
3613 900 3775 954 minio

2169 996 2318 1035 mum
2348 980 2582 1037 roboris.
2621 984 2848 1040 Tantum
2888 987 3031 1042 valet
3084 989 3245 1043 etiam
3277 989 3331 1043 in
3361 989 3628 1044 habendis
3651 997 3771 1043 ter-

2170 1069 2315 1124 renis
2369 1071 2699 1142 corporibus,
2779 1076 3025 1144 quamvis
3088 1077 3265 1132 adhuc
3330 1078 3776 1149 corruptibilibus

2173 1175 2331 1238 atque
2360 1169 2694 1234 mortalibus.
2751 1188 2860 1227 non
2914 1175 3219 1245 quantitatis
3258 1176 3491 1245 pondus,
3520 1176 3617 1230 sed
3646 1184 3772 1232 ten-

2177 1257 2391 1311 tationis
2420 1258 2635 1312 modus.
2692 1261 2761 1314 Et
2802 1263 2920 1331 quis
2969 1264 3148 1321 verbis
3203 1264 3440 1335 explicat
3510 1273 3773 1334 quantum

2178 1345 2338 1400 distat
2371 1346 2507 1401 inter
2534 1357 2872 1419 praesentem,
2905 1368 3066 1421 quam
3119 1353 3349 1408 dicimus
3408 1354 3692 1409 sanitatem
3721 1362 3780 1409 et

2179 1433 2636 1511 immortalitatem
2689 1437 2923 1495 futuram
2954 1442 2982 1494 ‘?
3036 1442 3160 1498 Non
3209 1443 3283 1497 ita
3325 1443 3651 1515 redarguam
3678 1460 3783 1498 no-

2179 1539 2343 1604 stram
2375 1532 2591 1605 quidem
2624 1535 2929 1609 philosophi
2976 1538 3043 1594 de
3098 1555 3386 1611 corporum
3416 1540 3779 1612 ponderibus.

2188 1622 2281 1676 Est
2307 1623 2449 1677 enim
2482 1623 2559 1677 sic
2584 1623 2709 1679 hinc
2738 1642 2947 1681 sursum
2975 1644 3159 1685 versus
3184 1648 3195 1683 :
3249 1635 3386 1683 terra
3415 1630 3611 1700 prima,
3642 1646 3787 1700 aqua

460 1702 588 1774 1icet
614 1715 735 1784 Dei,
768 1726 888 1786 qua
938 1712 1133 1768 merito
1183 1709 1358 1766 amori
1417 1708 1767 1765 fraternitatis
1807 1706 2075 1779 adiungi-

2187 1718 2441 1787 secunda,
2474 1734 2568 1774 aer
2596 1722 2798 1791 tertius,
2827 1723 3024 1778 omium
3070 1732 3337 1800 quartum,
3377 1733 3437 1781 ut
3461 1743 3626 1798 super
3652 1743 3785 1782 om-

462 1826 566 1885 tur,
637 1816 762 1887 quia
807 1828 907 1869 nec
944 1813 1091 1868 Deus
1142 1810 1258 1865 sine
1310 1808 1581 1880 proximo,
1641 1822 1742 1863 nec
1796 1806 2074 1878 proximus

462 1914 579 1970 sine
613 1914 729 1969 Deo
759 1910 1037 1984 diligitur;
1069 1907 1160 1979 qui
1188 1906 1333 1962 enim
1364 1908 1541 1961 Deum
1572 1920 1682 1959 non
1711 1903 1905 1975 diligit,
1939 1919 2072 1974 pro-

463 2003 673 2060 ximum
704 2007 959 2071 tanquam
989 1997 1228 2068 seipsum
1282 2010 1393 2050 non
1446 1993 1645 2066 diligit,
1697 1992 1824 2062 quia
1850 2008 1951 2048 nec
1977 2008 2069 2046 se-

463 2093 643 2166 ipsum
694 2088 899 2162 diligit.
972 2088 1068 2143 Est
1115 2085 1318 2156 quippe
1372 2083 1573 2154 impius
1601 2089 1656 2136 et
1680 2081 1914 2151 iniquus.
1966 2079 2072 2148 Qui

469 2188 651 2237 autem
698 2176 880 2249 diligit
925 2174 1285 2244 iniquitatem,
1338 2172 1502 2242 plane
1555 2186 1665 2225 non
1720 2169 1916 2241 diligit,
1974 2168 2070 2225 sed

468 2269 585 2325 edit
603 2267 844 2323 animam
872 2278 1052 2321 suam.
1090 2261 1393 2333 Diligamus
1448 2274 1549 2313 nos
1601 2259 1782 2327 itaque
1811 2258 2068 2325 invicem,

464 2357 607 2413 sicut
633 2369 734 2409 nos
760 2352 1018 2409 Christus.
1078 2349 1206 2406 Ideo
1256 2354 1479 2418 prepter
1524 2347 1696 2402 Deum
1735 2346 2066 2415 habendum,

470 2459 527 2508 et
550 2449 811 2525 quidquid
873 2446 1020 2503 aliud
1073 2444 1320 2517 praecipit
1373 2443 1651 2512 faciemus,
1681 2450 1739 2497 ut
1767 2442 1932 2514 ipsius
1968 2443 2070 2498 ad-

464 2540 670 2612 jutorio
699 2553 798 2611 per
823 2539 922 2593 has
949 2525 1069 2591 ceto
1123 2534 1464 2590 escensiones
1519 2532 1609 2588 ad-
1644 2548 1765 2586 eum
1806 2532 2069 2591 ascenda-

469 2645 612 2685 mus.
670 2629 816 2683 Inter
858 2626 986 2683 haec
1039 2622 1333 2680 videndum
1397 2627 1478 2677 est
1534 2621 1807 2692 quomodo
1862 2628 2073 2677 terrena

470 2741 704 2798 corpora
728 2725 786 2781 in
814 2724 951 2781 uelo
979 2729 1253 2779 maneant.

542 2834 686 2890 Item
705 2829 975 2903 quomodo
994 2833 1223 2887 terrena
1242 2842 1476 2900 corpora
1495 2828 1559 2883 in
1579 2827 1716 2883 calo
1737 2829 2037 2882 maneant.

543 2928 775 2985 Necesse
831 2934 928 2995 est,
987 2925 1137 2982 aiunt
1191 2924 1430 2995 quidam,
1489 2930 1547 2978 ut
1603 2930 1813 2980 terrena
1848 2938 2077 2995 corpora

473 3018 719 3075 naturale
774 3014 986 3088 pondus
1039 3014 1127 3072 vel
1181 3013 1237 3068 in
1292 3020 1433 3068 terra
1478 3018 1657 3067 teneat
1698 3012 1786 3068 vel
1814 3019 1974 3083 cogat
2008 3010 2078 3067 ad

478 3116 701 3163 terram.
740 3105 815 3160 Et
842 3104 964 3159 ideo
1019 3103 1075 3158 in
1124 3102 1261 3159 cmlo
1316 3116 1434 3156 esse
1488 3116 1597 3156 non
1626 3108 1872 3172 possunt.
1912 3100 2077 3181 Primi

479 3195 680 3267 quippe
706 3193 786 3248 illi
814 3191 1062 3249 homines
1110 3189 1165 3246 in
1222 3198 1361 3246 terra
1398 3194 1549 3245 erant
1604 3204 1891 3244 nemorosa
1918 3197 2079 3258 atque

481 3283 777 3348 fructuosa,
837 3296 959 3351 quas
1009 3278 1243 3351 paradisi
1317 3293 1519 3334 nomen
1586 3277 1835 3333 obtinuit.
1894 3277 1961 3331 Et
2010 3278 2081 3333 de

480 3370 810 3443 pericla-ibus
837 3370 1225 3425 elementorum
1251 3366 1331 3422 sic
1358 3372 1779 3439 argumentatur.
1804 3366 2079 3438 (August.)

482 3466 770 3535 Quomodo
796 3465 1002 3520 scilicet
1030 3464 1288 3537 magistro
1334 3464 1557 3518 Platone
1601 3462 1901 3518 didicerunt
1926 3477 2085 3516 mun-

484 3555 541 3610 di
594 3554 701 3609 duo
754 3568 983 3625 corpora
1035 3553 1278 3607 maxime
1332 3559 1492 3622 atque
1545 3559 1819 3620 postrema
1873 3551 2086 3606 duobus

484 3641 698 3712 mediis,
760 3656 884 3697 aere
938 3640 1139 3696 scilicet
1165 3648 1220 3696 et
1246 3652 1406 3710 aqua,
1465 3654 1581 3694 esse
1637 3640 1885 3709 copulata
1926 3646 2086 3709 atque

489 3740 795 3810 coniuncta,
815 3753 879 3795 ac
896 3753 995 3810 per
1014 3739 1120 3793 hoc
1168 3736 1414 3808 inquiunt
1437 3736 1691 3807 quoniam
1722 3744 1862 3790 terra
1890 3736 2088 3792 abhinc

491 3840 700 3885 sursum
729 3843 914 3884 versus
955 3833 1036 3882 est
1081 3825 1292 3898 prima;
1349 3824 1583 3881 secunda
1623 3841 1762 3895 aqua
1787 3840 1950 3894 super
1976 3832 2089 3880 ter-

490 3928 646 3987 ram;
680 3917 863 3974 tertius
888 3931 983 3972 aer
1008 3930 1170 3987 super
1214 3929 1408 3985 aquam
1436 3928 1450 3984 ;
1511 3922 1758 3984 quartum
1801 3929 1963 3984 super
1989 3928 2087 3970 ae-

492 4032 633 4074 rem'
668 4015 883 4072 omium.
943 4014 1065 4068 Non
1112 4019 1287 4084 potest
1341 4026 1458 4066 esse
1515 4017 1785 4066 terrenum
1813 4028 2008 4085 corpus
2035 4012 2091 4066 in

494 4106 653 4162 uelo.
709 4101 996 4160 Momentis
1050 4101 1195 4157 enim
1252 4100 1482 4172 propriis
1536 4108 1595 4156 ut
1648 4101 1895 4158 ordinem
1935 4116 2092 4157 suum

497 4200 713 4252 teneant
741 4193 1008 4249 elementa
1034 4190 1313 4245 librantur.
1354 4190 1494 4246 Ecce
1521 4189 1769 4259 qualibus
1796 4206 2093 4261 argumen-

498 4284 565 4344 tis
592 4280 997 4352 omnipotentiaa
1025 4278 1125 4333 Dei
1172 4278 1407 4341 humana
1435 4278 1752 4333 contradicit
1793 4277 2090 4345 inﬁrmitas,

501 4386 663 4451 quam
718 4368 956 4441 possidet
1001 4367 1229 4425 vanitas.
1290 4365 1433 4436 Quid
1485 4382 1616 4439 ergo
1647 4367 1849 4422 faciunt
1886 4368 1939 4421 in
1970 4383 2095 4424 aere
2121 4409 2174 4470 Π

501 4471 713 4534 terrena
741 4467 819 4518 tot
856 4475 1102 4534 corpora,
1148 4476 1270 4515 cum
1298 4475 1330 4515 a
1358 4467 1499 4515 terra
1544 4460 1613 4514 sit
1639 4476 1732 4514 aer
1760 4460 1961 4530 tertius,
1994 4461 2094 4515 nisi

504 4528 644 4619 forte
671 4559 763 4633 qui
950 4528 1269 4632 “plumarum
1299 4566 1353 4614 et
1379 4574 1659 4628 poenarum
1691 4528 1963 4615 levitatem
1981 4560 2096 4615 do—

503 4651 653 4711 navit
697 4649 881 4708 avium
929 4648 1153 4705 terrenis
1205 4648 1540 4720 corporibus,
1600 4656 1658 4704 ut
1712 4656 1990 4720 portentur
2042 4649 2097 4703 in

502 4765 629 4806 aere
651 4788 665 4817 ,
719 4745 1116 4804 immortalibus
1181 4745 1337 4801 factis
1406 4745 1723 4815 corporibus
1774 4747 2055 4802 hominum
2079 4785 2095 4815 ,

503 4848 614 4891 non
658 4831 854 4905 poterit
906 4830 1035 4885 dare
1087 4829 1337 4889 virtutem
1396 4844 1502 4899 qua
1537 4829 1593 4884 in
1637 4830 1774 4885 caelo
1816 4830 1977 4885 etiam
2009 4848 2101 4887 va-

499 4923 653 4978 leant
695 4920 938 4977 habitare
958 4920 987 4974 ?
1041 4919 1185 4975 Nam
1240 4934 1364 4974 cum
1411 4925 1740 4974 tcrrenorum
1789 4933 2102 4989 corporum,

503 5020 640 5077 sicut
710 5034 878 5076 onera
931 5017 1193 5091 gestando
1248 5017 1446 5074 sentire
1497 5018 1895 5086 consuevimus,
1974 5019 2101 5088 quia

506 5115 707 5179 quiante
733 5107 913 5180 major
938 5115 1022 5165 est
1048 5106 1336 5179 quantitas,
1362 5112 1507 5163 tanto
1536 5104 1603 5162 ﬁt
1641 5106 1819 5176 major
1843 5114 1897 5161 et
1922 5108 2103 5179 gravi-

2143 1804 2147 1808 .
2182 1816 2272 1871 nia
2299 1816 2497 1870 animm
2532 1817 2601 1871 sit
2645 1826 2853 1874 natura.
2886 1821 3026 1875 Nam
3066 1829 3117 1878 et
3162 1822 3473 1893 Aristoteles
3526 1831 3780 1893 quartum

2181 1919 2374 1974 corpus
2404 1920 2524 1960 eam
2557 1906 2691 1961 dixit
2720 1923 2855 1977 esse,
2894 1917 2949 1964 et
2976 1910 3124 1965 Plato
3167 1911 3397 1967 nullum.
3437 1911 3495 1968 Si
3525 1922 3779 1982 quartum

2179 2007 2337 2070 esset,
2373 2010 2515 2057 certe
2544 2004 2788 2073 superius
2824 2014 2964 2062 esset
2991 2010 3219 2063 caeteris.
3252 2009 3387 2064 Cum
3417 2025 3548 2066 vero
3567 2010 3778 2065 nullum

2179 2092 2277 2150 est,
2301 2087 2469 2141 multo
2491 2089 2667 2159 magis
2693 2099 2909 2160 superat
2937 2092 3138 2147 omnia.
3163 2094 3221 2147 In
3255 2101 3465 2149 terreno
3489 2111 3623 2167 ergo
3646 2095 3778 2165 quid

2178 2173 2307 2228 facit
2334 2190 2558 2245 corpore
2586 2178 2614 2229 ‘P
2643 2178 2704 2231 In
2731 2180 2833 2233 hac
2862 2180 3004 2235 mole
3034 2180 3163 2250 quid
3217 2183 3331 2254 agit
3378 2182 3624 2238 subtilior
3660 2200 3781 2240 om-

2179 2262 2337 2316 nibus
2358 2263 2386 2315 ?
2416 2265 2477 2316 In
2506 2265 2608 2319 hoc
2638 2266 2878 2335 pondere
2925 2268 3052 2338 quid
3073 2270 3203 2356 \agit
3250 2270 3422 2325 levior
3466 2272 3722 2327 omnibus
3748 2272 3779 2324 ἓ

2177 2361 2238 2414 In
2295 2362 2397 2415 hac
2453 2362 2694 2417 tarditate
2725 2364 2853 2433 quid
2887 2366 2999 2437 agit
3021 2367 3243 2423 celerior
3270 2369 3522 2424 omnibus
3550 2370 3578 2422 ?
3633 2370 3783 2426 itane

2176 2466 2275 2520 per
2322 2449 2483 2518 hujus
2541 2458 2645 2505 tam
2721 2454 3035 2510 excellentis
3108 2463 3311 2513 natura).
3360 2458 3611 2513 meritum
3670 2475 3783 2514 non

2177 2538 2372 2610 poterit
2389 2537 2547 2600 efﬁci.
2591 2547 2649 2595 ut
2666 2557 2859 2617 corpus
2876 2544 2992 2614 ejus
3012 2544 3215 2600 levetur
3232 2546 3284 2600 in
3306 2548 3500 2602 caelum
3518 2548 3546 2601 ?
3563 2548 3633 2603 Et
3652 2564 3784 2603 cun-

2178 2634 2356 2690 valeat
2385 2652 2527 2690 nunc
2554 2645 2743 2693 natura
2773 2654 3063 2710 corporum
3097 2648 3427 2698 tcrrenorum
3458 2643 3781 2715 depromere

2181 2723 2293 2777 alas
2321 2722 2590 2794 deorsum,
2642 2726 2931 2796 aliquando
2987 2738 3039 2783 et
3094 2731 3290 2786 animae
3336 2732 3519 2788 levare
3565 2750 3782 2788 sursum

2182 2820 2393 2868 terrena
2420 2830 2647 2887 corpora
2705 2832 2811 2871 non
2869 2817 3128 2875 valebunt
3154 2821 3182 2874 ‘?
3214 2821 3486 2877 Postremo
3515 2822 3559 2878 si
3590 2822 3664 2878 ita
3703 2831 3787 2879 est

2183 2901 2569 2957 elementorum
2621 2904 2753 2959 ordo
2794 2904 3081 2976 dispositus
3103 2916 3160 2963 ut
3185 2910 3475 2965 secundum
3499 2911 3783 2968 Platonem

2184 2998 2394 3054 duobus
2423 3000 2631 3067 mediis,
2692 3001 2745 3055 id
2793 3011 2872 3059 est
2919 3019 3043 3060 aere
3096 3014 3150 3061 et
3203 3024 3364 3081 aqua,
3395 3008 3501 3065 duo
3536 3017 3785 3067 extrema

2188 3088 2331 3161 ignis
2359 3096 2411 3143 et
2448 3097 2585 3144 terra
2609 3090 2930 3164 junguntur,
2965 3094 3087 3149 cmli
3126 3111 3339 3167 quoque
3363 3098 3643 3154 obtineant
3688 3100 3786 3155 illa

2185 3178 2382 3232 summi
2412 3177 2609 3233 locum.
2640 3180 2770 3236 Haec
2797 3190 2973 3236 autem
3022 3192 3145 3239 sunt
3174 3185 3318 3241 velut
3370 3186 3789 3244 fundamentum

2189 3265 2284 3320 imi
2314 3266 2519 3335 mundi,
2552 3274 2603 3323 et
2632 3267 2753 3323 ideo
2781 3268 2834 3323 in
2863 3271 3000 3326 cmlo
3030 3288 3136 3327 non
3168 3281 3343 3345 potest
3361 3292 3480 3330 esse
3502 3283 3659 3332 terra.
3679 3277 3792 3333 Cur

2193 3361 2271 3409 est
2299 3354 2440 3426 ignis
2469 3355 2523 3409 in
2554 3363 2695 3411 terra
2714 3358 2742 3410 ?
2772 3357 3078 3414 Secundum
3108 3363 3250 3417 hanc
3278 3363 3477 3436 quippe
3498 3365 3785 3433 rationem,

2194 3453 2268 3506 ita
2289 3452 2388 3507 ista
2416 3451 2523 3507 duo
2570 3453 2835 3509 elementa
2860 3456 2913 3509 in
2940 3456 3073 3511 locis
3113 3460 3364 3531 propriis,
3405 3460 3515 3515 imo
3541 3476 3604 3517 ac
3632 3478 3791 3516 sum-

2194 3555 2305 3609 mo,
2329 3547 2469 3596 terra
2499 3550 2553 3596 et
2578 3542 2719 3613 ignis
2748 3559 2863 3598 esse
2889 3545 3206 3615 debuerunt,
3247 3556 3306 3603 ut
3331 3550 3791 3619 quemadmodum

2197 3636 2385 3692 nolunt
2430 3638 2485 3692 in
2530 3656 2743 3698 summo
2796 3659 2910 3697 esse
2956 3638 3113 3711 pesse
3161 3643 3303 3713 quod
3334 3643 3427 3698 imi
3458 3651 3554 3712 est,
3586 3645 3661 3700 ita
3690 3652 3793 3700 nec

2194 3725 2249 3780 in
2278 3726 2389 3781 imo
2429 3743 2542 3783 esse
2567 3746 2723 3801 posse
2752 3731 2895 3801 quod
2950 3732 3145 3785 summi
3195 3740 3290 3787 est.
3326 3730 3473 3787 Sicut
3510 3750 3644 3806 ergo
3674 3735 3793 3789 nul-

2196 3814 2303 3869 lam
2362 3824 2549 3887 putant
2603 3819 2688 3875 vel
2744 3835 2858 3874 esse
2905 3820 2991 3875 vel
3048 3819 3279 3875 futuram
3315 3836 3431 3877 esse
3472 3823 3789 3893 particulam

2199 3918 2352 3968 terrae
2381 3914 2436 3967 in
2465 3915 2623 3983 coelo,
2673 3915 2745 3970 ita
2773 3917 2974 3970 nullam
3006 3917 3317 3988 particulam
3373 3919 3555 3975 videre
3599 3920 3791 3975 debui-

2199 4019 2317 4056 mus
2346 4003 2487 4075 ignis
2513 4003 2565 4057 in
2597 4012 2760 4059 terra.
2797 4006 2957 4059 Nunc
2984 4022 3111 4061 vero
3150 4023 3259 4062 non
3304 4008 3479 4063 solum
3508 4010 3565 4062 in
3613 4011 3788 4077 terris,

2200 4088 2385 4146 verum
2442 4093 2601 4146 etiam
2658 4093 2757 4147 sub
2814 4095 2966 4149 terris
3015 4095 3090 4149 ita
3117 4103 3214 4149 est.
3267 4096 3337 4152 Ut
3363 4096 3507 4151 enim
3553 4105 3796 4153 eructant

2200 4181 2426 4236 vertices
2453 4182 2714 4235 montium
2774 4190 2992 4254 propter
3021 4183 3163 4253 quod
3200 4184 3254 4239 in
3284 4185 3468 4240 usibus
3509 4187 3795 4242 hominum

2202 4283 2255 4331 et
2284 4293 2396 4331 esse
2427 4277 2607 4349 ignem
2638 4279 2691 4333 in
2722 4287 2880 4347 terra,
2941 4288 2993 4334 et
3047 4281 3191 4336 nasci
3240 4281 3485 4337 videmus
3530 4300 3597 4337 ex
3626 4291 3793 4348 terra.

2205 4366 2524 4437 quandoque
2555 4373 2608 4421 et
2635 4368 2703 4423 de
2733 4368 2893 4441 lignis
2921 4375 2971 4423 et
3014 4369 3081 4424 de
3127 4369 3395 4445 lapidibus
3424 4371 3676 4440 nascitur,
3708 4369 3797 4443 qui

2204 4462 2325 4509 sunt
2352 4450 2579 4525 Corpora
2606 4456 2719 4512 sine
2748 4456 3079 4513 dubitatione
3127 4465 3329 4514 terrena
3347 4500 3360 4513 .
3408 4458 3521 4517 Cur
3548 4477 3683 4534 ergo
3711 4478 3800 4515 vo-

2203 4551 2316 4606 lunt
2371 4559 2428 4606 ut
2484 4552 2764 4608 credamus
2820 4563 3063 4610 naturam
3122 4572 3406 4628 corporum
3466 4564 3798 4614 terrenorum

2205 4648 2492 4720 aliquando
2514 4649 2991 4721 incorruptibilem,
3012 4652 3208 4708 factam
3227 4653 3364 4709 coelo
3385 4655 3798 4711 convenientem

2207 4738 2458 4809 futuram,
2515 4739 2651 4794 sicut
2704 4757 2846 4797 nunc
2897 4741 3040 4813 ignis
3087 4741 3447 4813 corruptibilis
3484 4743 3567 4798 his
3603 4760 3803 4800 convc-

2208 4835 2284 4890 nit
2315 4836 2466 4890 terris
2495 4836 2522 4889 ‘2
2550 4837 2697 4891 Nihil
2734 4846 2979 4893 asserunt
3005 4855 3071 4895 ex
3100 4838 3427 4910 ponderibus
3468 4849 3629 4911 atque
3658 4841 3802 4896 ordi-

2208 4941 2274 4979 ne
2304 4925 2709 4994 elementorum,
2767 4926 2909 4981 unde
2979 4927 3332 4998 omnipotenti
3404 4920 3802 5000 Deo,'iquomi-

2210 5037 2308 5076 nus
2365 5021 2526 5077 faciat
2582 5038 2807 5094 corpora
2852 5031 3031 5079 nostra
3088 5023 3230 5093 talia,
3263 5025 3509 5097 utetiam
3567 5025 3624 5081 in
3662 5026 3802 5083 caelo

2208 5110 2412 5182 possint
2440 5110 2699 5179 habitare,
2731 5110 3096 5182 praescribunt.

1059 5358 1203 5447 IN
1299 5356 1519 5445 DIE
1624 5353 2145 5449 ΒΑΜ]Το
2249 5312 3226 5455 PENTECOSTES.

1766 5496 2157 5566 Secundum
2199 5500 2561 5566 Joannem.

577 5652 602 5683 αι
632 5628 837 5701 Siquis
862 5627 1044 5701 diligit
1068 5642 1176 5691 me,
1207 5639 1515 5681 semonem
1546 5640 1733 5681 meum
1763 5626 2018 5696 servabit,
2051 5633 2105 5682 et

490 5721 659 5777 Pater
684 5733 836 5774 meus
863 5716 1055 5788 diligat
1106 5730 1250 5780 eum,
1310 5720 1365 5769 et
1410 5711 1485 5775 ad
1520 5728 1643 5767 eum
1700 5714 2000 5784 veniemus,
2050 5724 2105 5772 et

2205 5629 2539 5685 mansionem
2596 5630 2740 5701 apud
2795 5646 2920 5685 eum
2980 5630 3267 5686 faciemus.
3332 5630 3436 5700 Qui
3486 5646 3597 5686 non
3627 5630 3807 5703 diligit

2202 5733 2309 5787 me,
2334 5733 2615 5773 sermones
2652 5734 2805 5774 meos
2834 5734 2941 5774 non
2970 5726 3147 5775 servat
3183 5720 3372 5789 (lacn.
3406 5721 3542 5783 nr).
3570 5740 3592 5768 υ
3616 5718 3796 5774 'Judas
