3986 6070
284 208 385 262 981

279 331 374 404 qui
402 330 638 390 Domino
696 332 832 390 dixit
891 354 902 390 :

277 415 404 485 quia
432 415 589 470 nobis
616 418 1055 476 manifestaturus
1087 439 1148 478 es
1179 431 1229 478 te
1259 424 1457 495 ipsum,
1494 434 1545 481 et
1575 442 1684 481 non
1717 443 1877 481 mun-

274 503 350 558 do
379 504 604 574 (ibid)!
639 530 660 553 ι›
697 524 805 561 non
837 517 917 563 est
948 510 1037 566 ille
1066 513 1378 579 Iscariotes,
1410 513 1617 569 scilicet
1644 515 1745 569 iste
1774 530 1874 569 eu-

268 593 362 661 jus
421 593 664 664 Epistola
727 595 869 651 inter
926 598 1232 671 Scriptores
1297 603 1590 657 canonicas
1655 603 1874 673 legitur.

273 682 346 736 Et
378 681 645 737 Dominus
697 687 979 756 respondit
1029 688 1077 743 ei
1110 708 1123 743 :
1160 712 1181 738 α
1220 690 1274 745 Si
1323 692 1450 762 quis
1482 680 1665 763 diligit.
1704 709 1810 759 me.
1848 716 1870 741 η

273 777 404 849 etc.,
440 778 494 825 ut
523 773 836 829 ostenderet
867 775 914 830 ei
947 777 1080 849 quia
1128 796 1224 849 per
1262 780 1610 835 dilectionem
1658 781 1875 836 discer-

271 848 423 914 nitur
450 876 586 930 gens
648 870 833 917 sancta
890 880 919 918 a
978 883 1085 920 non
1142 877 1355 926 sancta.
1424 869 1673 924 Charitas
1728 872 1869 924 enim

271 946 402 1019 facit
453 947 735 1003 unanimes
795 950 848 1005 in
905 953 1069 1009 domo
1124 956 1178 1009 in
1218 955 1338 1028 quia
1389 957 1587 1013 faciunt
1637 960 1788 1013 Pater
1820 966 1873 1013 et

269 1035 439 1110 Filius
488 1039 850 1107 mansionem,
901 1042 995 1114 qui
1042 1043 1246 1098 donant
1305 1054 1358 1099 et
1411 1045 1570 1116 ipsan
1618 1047 1872 1102 dilectio-

266 1140 420 1178 nem.
453 1127 566 1179 Erit
598 1127 778 1197 itaque
808 1130 864 1182 in
911 1141 1113 1185 (eterna
1157 1133 1336 1203 gloria
1369 1135 1503 1190 visio
1547 1142 1599 1189 et
1656 1137 1868 1190 mansio

266 1229 384 1267 non
416 1215 753 1286 transitoria,
788 1218 884 1272 sed
914 1228 1115 1275 aeterna
1147 1239 1159 1281 ;
1191 1232 1243 1276 et
1274 1223 1388 1278 hmo
1410 1224 1512 1278 erit
1542 1224 1866 1279 manifesta-

265 1301 341 1355 tio
366 1301 431 1356 de
463 1319 571 1374 qua
596 1304 685 1359 ille
712 1307 1029 1375 quaesierat.
1062 1310 1218 1365 Venit
1260 1318 1434 1366 autem
1488 1313 1632 1367 Deus
1663 1313 1729 1367 ad
1763 1314 1864 1367 1ιο-

262 1390 490 1467 minem,
524 1392 653 1447 dum
682 1394 844 1451 homo
867 1397 1011 1453 venit
1040 1399 1106 1452 ad
1140 1400 1339 1455 Deum.
1376 1402 1525 1455 Venit
1558 1403 1719 1457 homo
1740 1418 1862 1459 cre-

261 1478 477 1549 dendo,
511 1481 838 1551 obediendo,
872 1486 1155 1555 intuendo,
1189 1489 1453 1560 capiendo
1490 1509 1502 1553 ;
1535 1492 1681 1546 Deus
1712 1493 1865 1546 venit

262 1564 660 1637 Subveniendo,
698 1571 1079 1642 iliuminando,
1133 1577 1436 1649 implendo.
1476 1581 1861 1636 Verumtamen

260 1651 317 1710 in
359 1659 717 1729 quorumdam
760 1663 926 1716 corda
959 1665 1125 1731 venit,
1177 1674 1227 1719 et
1264 1666 1602 1722 mansionem
1643 1668 1717 1721 ibi
1748 1685 1857 1723 non
1891 1702 1941 1762 Β

262 1743 303 1762 ,.,
356 1745 385 1762 .,
526 1748 536 1757 .
1028 1753 1038 1762 .
1262 1756 1292 1762 _
1345 1756 1354 1762 .

258 1743 411 1821 facit,
449 1748 570 1816 quia
602 1765 704 1819 per
731 1753 1206 1822 compunctionem
1262 1756 1356 1809 Dei
1389 1765 1697 1828 respectum
1724 1775 1856 1829 pero

259 1834 487 1907 cipiunt,
523 1837 619 1893 sed
650 1839 1090 1911 interpretatione
1123 1842 1405 1900 deﬁciunt.

339 1988 362 2020 ι
395 1971 463 2025 Ει
492 1987 802 2028 sermonem
826 1991 989 2046 quem
1022 1978 1247 2033 audistis
1278 1984 1387 2033 non
1437 1988 1519 2035 est
1555 1997 1730 2046 meus,
1761 1981 1860 2036 sed

257 2059 384 2129 ejus
413 2061 509 2130 qui
537 2061 680 2115 misit
708 2079 796 2117 me
827 2064 1020 2119 Patris.
1051 2088 1072 2115 ιο
1110 2068 1234 2122 Non
1264 2076 1346 2123 est
1370 2069 1532 2123 Filius
1552 2070 1733 2124 minor
1759 2072 1859 2124 Pa—

256 2155 358 2214 tre,
394 2157 445 2203 et
480 2165 586 2204 non
616 2158 700 2204 est
728 2166 759 2206 a
789 2152 997 2223 seipso.
1036 2156 1150 2210 Nec
1172 2155 1314 2211 is'ud
1337 2165 1419 2211 est
1439 2158 1765 2213 contrarium
1789 2159 1857 2212 ad

252 2236 362 2291 hoc
391 2238 535 2308 quod
566 2238 752 2293 dixit:
792 2260 814 2291 ι
868 2240 972 2310 Qui
1024 2259 1130 2297 non
1193 2244 1371 2315 diligit
1411 2262 1517 2313 me,
1571 2262 1859 2302 sermones

252 2340 410 2380 meos
438 2342 545 2381 non
576 2336 775 2386 servat.
805 2327 989 2402 (Joan.
1022 2332 1162 2402 xxv).
1207 2356 1229 2381 »ι
1279 2335 1344 2388 Ει
1374 2333 1605 2389 fortasse
1631 2344 1858 2406 preptcr

249 2414 496 2487 aliquam
526 2416 928 2474 distinctionem
960 2420 1241 2491 pluraliter
1270 2423 1400 2479 dicit
1420 2439 1723 2478 sermones.
1754 2424 1856 2480 Hic

249 2512 438 2559 autem
470 2521 782 2561 sermonem
832 2508 959 2564 dicit
1006 2526 1128 2565 esse
1179 2510 1356 2566 Patris
1400 2512 1664 2582 Verbum,
1710 2512 1853 2585 quod

248 2601 370 2648 erat
398 2592 452 2647 in
480 2594 779 2666 principio.

324 2733 345 2759 α
380 2710 509 2766 Hteo
552 2709 763 2766 locutus
812 2728 932 2767 sum
988 2711 1142 2769 vobis
1185 2714 1330 2786 apud
1383 2732 1479 2773 vos
1522 2732 1768 2771 manens.
1828 2740 1849 2765 ι

248 2798 442 2854 Adhuc
473 2815 703 2854 manens
750 2802 1022 2873 corporali
1065 2805 1353 2874 praesentia
1402 2805 1510 2860 cito
1558 2806 1719 2860 vobis
1750 2821 1853 2860 au-

250 2887 475 2943 ferenda
505 2888 618 2942 dixi
647 2888 715 2943 de
744 2890 978 2960 spiritali
1010 2892 1308 2949 mansione.
1356 2893 1456 2948 Illa
1503 2895 1557 2947 in
1587 2903 1851 2949 aeternum

249 2975 523 3032 beatiﬁcat
550 2976 810 3034 liberatos
843 2997 855 3034 :
889 2981 1007 3036 haec
1039 2980 1091 3034 in
1124 2988 1376 3053 tempore
1408 2982 1590 3038 visitat
1620 2983 1851 3038 liberan-

247 3065 377 3121 dos.

254 3244 257 3247 γ
325 3204 347 3239 ι
381 3184 695 3242 Paracletus
725 3194 900 3243 autem
949 3186 1184 3258 Spiritus
1235 3194 1476 3253 sanctus,
1521 3205 1683 3260 quem
1715 3189 1843 3244 mit-

246 3280 322 3328 tet
355 3275 511 3328 Pater
542 3274 597 3329 in
630 3275 849 3329 nomine
878 3290 1018 3339 meo,
1052 3262 1279 3330 ille'vos
1310 3276 1523 3331 docebit
1560 3278 1759 3346 omnia,
1794 3286 1846 3331 et

244 3371 508 3435 suggeret
539 3363 694 3417 vobis
724 3363 905 3418 omnia
936 3380 1277 3434 quaecunque
1300 3365 1494 3419 dixero
1527 3349 1704 3419 vobis.
1731 3390 1752 3414 ι)
1782 3365 1840 3419 In

242 3452 461 3506 nomine
491 3467 634 3519 meo,
669 3452 722 3505 id
755 3462 835 3506 est
866 3452 1137 3507 iunotitia
1161 3453 1286 3519 mei,
1312 3454 1556 3509 videlicet
1579 3454 1843 3509 confiten-

240 3540 386 3595 tibus
416 3557 503 3595 me
548 3541 721 3596 mittet
762 3542 915 3596 Pater
958 3542 1234 3612 Spiritum.
1287 3543 1383 3597 Vel
1415 3542 1481 3596 ita
1518 3561 1530 3596 :
1571 3543 1737 3597 Miltet
1787 3543 1839 3597 in

239 3628 462 3684 nomine
494 3645 636 3697 meo,
670 3630 725 3685 id
771 3638 853 3686 est
892 3630 960 3684 ad
1009 3630 1459 3702 gloriﬁcationem
1505 3631 1609 3685 mei
1652 3631 1703 3687 in
1753 3632 1840 3685 di-

236 3717 537 3777 lectoribus
576 3718 711 3773 meis
754 3737 767 3784 ;
822 3720 949 3795 vel,
978 3719 1034 3773 in
1068 3719 1285 3775 nomine
1322 3737 1465 3786 meo,
1522 3721 1626 3776 hoc
1674 3728 1757 3775 est
1786 3721 1842 3775 in

236 3806 457 3862 nomine
493 3806 740 3871 Deitatis,
776 3808 906 3880 quia
938 3825 1078 3863 unus
1110 3810 1254 3863 Deus
1277 3826 1465 3863 sumus
1487 3825 1590 3881 ego
1610 3818 1659 3863 et
1687 3811 1841 3865 Pater

238 3899 292 3947 et
332 3891 566 3962 Spiritus
613 3902 859 3947 sanctus.
924 3893 1025 3948 Ubi
1081 3893 1238 3949 docet
1300 3893 1531 3963 Spiritus
1592 3902 1835 3960 sanctus,

240 3981 399 4047 docet
446 3982 604 4035 Pater
641 3990 693 4035 et
728 3981 914 4037 Filius.
977 3981 1083 4035 Sed
1128 3983 1389 4053 quoniam
1445 3982 1681 4038 Trinitas
1735 3991 1835 4051 est,

240 4068 531 4149 pportebat
585 4070 829 4140 singulas
879 4070 1138 4125 insinuari
1184 4087 1474 4141 personas.
1536 4071 1839 4127 Paracletus

238 4158 631 4229 interpretatur
676 4159 994 4227 aduocatus,
1048 4159 1175 4231 quia
1229 4176 1365 4232 quos
1414 4159 1704 4230 repleverit
1748 4176 1839 4214 ex-

240 4254 469 4303 orantes
500 4246 650 4302 facit.
691 4247 844 4303 Unde
878 4247 1107 4302 Paulus:
1133 4270 1154 4294 α
1183 4250 1308 4318 Ipse
1341 4248 1585 4320 Spiritus
1608 4248 1841 4319 postulat

239 4351 340 4415 pro
369 4324 530 4391 nabis
553 4334 847 4409 gemitibus
891 4336 1355 4391 inenarrabilibus
1395 4340 1579 4406 (Rom.
1623 4340 1763 4410 vni).
1809 4362 1830 4387 κ

1218 213 1804 277 DEFLORATIONES
1844 218 1939 283 SS,
1984 220 2279 280 PATRUM.
2315 251 2383 265 —-
2419 221 2547 278 LIB.
2594 222 2639 279 I.

970 359 992 385 α
1051 336 1310 406 Domine,
1370 339 1499 413 quid
1549 340 1751 397 factum
1795 350 1878 399 est
1907 344 1961 405 A
1990 345 2104 402 Iloc
2136 352 2219 401 est
2249 346 2395 421 quod
2444 345 2676 420 legimus
2720 349 2866 420 apud
2910 350 3236 422 prophetam
3270 370 3282 409 :
3322 375 3342 401 σι
3391 354 3589 409 Pacem

1877 3059 1925 3121 C

3487 232 3594 289 982

1987 450 2162 505 super
2189 451 2406 506 pacem.
2426 458 2448 482 ιι
2495 437 2693 492 Pacem
2715 437 2879 512 nobis
2910 439 3160 510 relinquit
3180 440 3236 495 in
3264 440 3369 497 hoc
3386 443 3588 500 saeculo

1988 540 2090 594 qua
2122 526 2334 579 hostem
2366 525 2670 597 vincamus.
2704 542 2811 597 qua
2856 526 3089 583 invicem
3138 543 3237 584 nos
3268 528 3584 603 diligamus.

1987 611 2179 666 Pacem
2210 629 2369 667 suam
2402 614 2557 668 nobis
2589 614 2736 668 dabit
2761 616 2816 669 in
2856 616 3056 683 futuro,
3091 618 3308 689 quando
3339 619 3459 674 sine
3488 621 3586 675 ho-

1984 708 2066 754 ste
2097 710 2148 755 et
2178 701 2296 756 sine
2325 702 2669 756 dissensione
2699 704 3076 774 regnabimus.
3103 706 3299 761 Pacem
3329 706 3586 781 relinquit

1983 789 2159 852 nobis,
2203 806 2270 842 ne
2302 790 2370 844 de
2396 790 2625 846 occultis
2671 792 3004 859 jullicemus.
3060 795 3251 851 Pacem
3291 812 3447 850 suam
3480 798 3582 851 da-

1984 878 2060 931 bit
2089 878 2266 948 nobis,
2302 894 2425 932 cum
2457 879 2826 934 manifestabit
2855 881 3212 951 cogitationes
3234 884 3437 939 cordis.
3456 885 3579 957 Ipse

1981 974 2064 1029 est
2095 983 2197 1035 pax
2230 975 2417 1021 nostra
2449 968 2539 1038 qui
2586 966 2712 1022 fecit
2744 978 2973 1046 utraque
3021 988 3185 1026 unum
3231 960 3452 1043 (Ephes.
3485 974 3570 1043 ιι).

1979 1055 2085 1129 Sed
2118 1071 2289 1132 quare
2319 1072 2425 1130 non
2458 1056 2660 1110 addidit
2693 1073 2888 1122 meam,
2924 1058 3112 1120 dicens
3147 1061 3428 1137 relinquo,
3460 1063 3577 1137 sic-

1977 1151 2032 1196 ut
2064 1143 2152 1197 ubi
2184 1147 2257 1197 ait
2288 1145 2356 1199 do
2377 1146 2403 1198 ‘2
2435 1143 2579 1212 Quid
2610 1145 2655 1197 si
2705 1162 2894 1215 pacem
2943 1164 3096 1202 suam
3147 1134 3319 1228 voluit
3346 1134 3577 1224 intelligi

1976 1232 2193 1303 qualem
2224 1232 2339 1303 ipse
2370 1233 2469 1301 ait,
2500 1234 2552 1287 in
2587 1250 2695 1305 qua
2726 1234 2871 1289 nulla
2918 1238 3281 1310 repugnantia
3309 1249 3389 1293 est
3423 1256 3435 1295 :
3469 1256 3571 1310 pa-

1975 1336 2095 1375 cem
2126 1329 2307 1376 autem
2342 1338 2503 1392 quam
2535 1322 2693 1376 nobis
2726 1323 2949 1395 reliquit
2980 1322 3097 1379 sine
3127 1322 3353 1395 peccato
3393 1343 3515 1382 esse
3546 1328 3575 1380 ?

1974 1410 2127 1465 Unde
2184 1409 2415 1465 dicimus
2474 1430 2485 1464 :
2550 1435 2569 1458 ιι
2634 1411 2854 1467 Dimitte
2918 1413 3081 1467 nobis
3137 1414 3320 1468 debita
3385 1423 3575 1473 nostra

1972 1486 2194 1570 ζΜιιίίΙι.
2230 1498 2324 1569 vi).
2360 1522 2381 1546 »
2408 1502 2527 1554 Non
2560 1508 2644 1554 est
2672 1516 2805 1570 ergo
2834 1516 2938 1571 pax
2984 1500 3073 1557 hic
3114 1500 3294 1574 plena,
3347 1520 3452 1576 qua
3477 1520 3570 1560 se-

1969 1588 2206 1659 cundum
2237 1587 2551 1645 interiorem
2583 1586 2860 1644 hominem
2910 1588 3021 1662 legi
3066 1590 3169 1645 Dei
3217 1591 3573 1648 condelect'a-

1972 1693 2109 1745 mur,
2141 1677 2240 1731 sed
2270 1676 2513 1731 videmus
2541 1676 2704 1732 aliam
2748 1678 2929 1749 legem
2976 1678 3030 1732 in
3077 1679 3339 1735 membris
3370 1681 3571 1739 nostris

1974 1772 2369 1837 repugnantem
2403 1765 2510 1837 lrgi
2555 1766 2750 1819 mentis
2799 1779 3005 1821 nostra}
3051 1767 3227 1836 (Rom.
3273 1768 3388 1839 vn).
3434 1771 3568 1825 Item

1970 1846 2160 1926 pacem
2193 1854 2480 1919 habemus,
2517 1854 2806 1927 diligentes
2837 1870 2939 1909 nos
2968 1873 2981 1918 ;
3027 1855 3267 1934 sednec
3314 1856 3434 1927 ipsa
3463 1876 3568 1930 pax

1969 1942 2126 2025 plena
2159 1951 2258 2007 est,
2324 1943 2451 2014 quia
2496 1942 2856 2013 cogitationes
2903 1951 3121 1999 nostras
3177 1943 3407 2000 invicem
3456 1964 3567 2003 non

1970 2030 2233 2105 videmus,
2270 2039 2322 2086 et
2350 2032 2601 2102 quaedam
2634 2031 2703 2085 de
2731 2031 2910 2107 nobis,
2947 2048 3069 2104 quae
3095 2049 3203 2088 non
3234 2034 3430 2089 suntin
3460 2051 3566 2091 no-

1970 2119 2071 2186 bis,
2107 2120 2191 2176 vel
2222 2121 2274 2174 in
2306 2120 2501 2175 melius
2549 2120 2803 2190 invicem,
2851 2121 2941 2175 vel
2981 2122 3035 2175 in
3083 2121 3324 2176 deterius
3367 2122 3565 2194 Opina-

1968 2226 2114 2263 mur.
2152 2210 2267 2265 Nec
2297 2209 2493 2282 ignoro
2522 2210 2628 2264 hoc
2659 2209 2737 2264 sic
2766 2209 2941 2275 accipi
2991 2225 3176 2280 posse,
3227 2219 3282 2265 ut
3315 2212 3566 2281 repetitio

1968 2299 2234 2366 videatur,
2271 2306 2321 2352 et
2351 2314 2523 2352 meam
2557 2296 2711 2369 prius
2759 2298 3139 2353 subaudiatur.
3192 2299 3425 2354 Mundus
3463 2316 3568 2356 au-

1966 2384 2093 2452 tem,
2126 2386 2182 2441 id
2211 2394 2293 2441 est
2322 2387 2576 2441 homines
2612 2384 2703 2458 qui
2734 2385 2967 2461 diligunt
2996 2385 3278 2454 mundum,
3311 2394 3566 2460 propter-

1965 2490 2029 2529 ea
2060 2475 2191 2529 dant
2220 2475 2324 2529 sibi
2353 2491 2572 2545 pacem,
2609 2482 2664 2529 ut
2693 2473 2811 2529 sine
2842 2474 2933 2529 lite
2964 2490 3073 2529 non
3117 2475 3251 2543 Deo,
3285 2476 3383 2531 sed
3413 2493 3568 2532 mun-

1964 2563 2033 2618 do
2065 2562 2328 2618 fruantur.
2366 2564 2429 2618 Et
2478 2563 2695 2636 quando
2739 2562 2902 2633 justis
2948 2563 3076 2619 dant
3124 2579 3317 2637 pacem
3365 2568 3422 2621 ut
3451 2581 3566 2622 non

1964 2642 2058 2707 eos
2085 2657 2499 2724 persequantur,
2538 2668 2650 2707 non
2680 2657 2763 2707 est
2795 2667 2922 2707 vera
2951 2668 3075 2724 pax,
3106 2653 3232 2726 quia
3254 2652 3423 2709 corda
3454 2654 3566 2709 dis-

1956 2737 2139 2805 juncta
2171 2745 2322 2791 sunt.
3477 2742 3489 2757 "

2034 2884 2055 2908 υ
2093 2861 2213 2915 Non
2245 2860 2487 2915 turbetur
2516 2875 2614 2915 cor
2643 2868 2905 2929 vestrum,
2938 2874 3119 2931 neque
3141 2857 3427 2915 formidet.
3459 2863 3562 2919 Au-

1959 2949 2114 3003 distis
2146 2949 2271 3021 quia
2303 2964 2407 3022 ego
2439 2948 2547 3002 dixi
2579 2948 2732 3003 vobis
2768 2966 2779 3002 :
2814 2948 2971 3003 Vado
2995 2957 3046 3002 et
3068 2946 3281 3003 veniam
3303 2948 3371 3003 ad
3402 2965 3554 3003 vos.»

1961 3037 2098 3106 Quia
2130 3053 2325 3108 pacem
2355 3038 2539 3102 (ιο,λυῖ
2580 3044 2822 3091 vestrum
2870 3050 2966 3091 cor
3012 3051 3239 3090 sursum
3290 3037 3557 3104 habeatis,

1956 3143 2024 3181 ne
2056 3126 2347 3181 turbomini
2377 3127 2446 3181 de
2475 3127 2579 3182 hoc
2605 3124 2751 3197 quod
2780 3124 2897 3179 dixi
2931 3140 2945 3180 :
2977 3124 3150 3189 Vado.
3186 3125 3345 3195 quasi
3375 3132 3558 3196 pasto-

1952 3215 2031 3270 ris
2062 3216 2310 3271 absentia
2340 3232 2571 3288 gregem
2589 3214 2749 3284 lupus
2770 3213 3013 3270 invadat.
3038 3215 3106 3268 Et
3134 3213 3179 3268 si
3203 3229 3237 3271 a
3258 3214 3412 3271 vobis
3433 3230 3558 3271 cor-

1949 3320 2087 3374 pore
2117 3304 2278 3369 vado,
2314 3312 2372 3358 ut
2422 3304 2605 3369 homo,
2649 3317 2843 3357 maneo
2889 3318 3135 3373 praesens
3179 3316 3278 3371 per
3322 3302 3376 3357 id
3405 3301 3553 3374 quod

1950 3396 2105 3449 Deus
2136 3409 2282 3448 sum.
2325 3392 2602 3462 Objiciunt
2633 3390 2797 3446 nobis
2838 3390 3029 3445 Ariani
3076 3389 3176 3446 Dei
3206 3390 3397 3448 Filium
3428 3407 3553 3447 esse

1948 3491 2256 3538 creaturam
2286 3496 2359 3536 ex
2389 3481 2548 3536 dictis
2574 3479 2888 3535 Salomonis
2919 3477 3148 3535 dicentis
3182 3496 3195 3533 :
3234 3501 3256 3531 α
3285 3479 3551 3537 Dominus

1947 3572 2151 3627 creavit
2184 3586 2269 3625 me
2299 3570 2353 3624 in
2384 3569 2654 3640 principio
2686 3568 2895 3625 viarum
2939 3584 3184 3633 suarum,
3224 3566 3548 3639 priusquam

1944 3667 2144 3715 terram
2170 3660 2375 3715 faceret
2405 3660 2586 3724 (Prov.
2624 3658 2762 3726 vnt).
2807 3679 2828 3704 ιι
2858 3656 2968 3711 Sed
2995 3656 3065 3711 de
3098 3654 3427 3716 humanitate
3455 3655 3545 3713 di-

1943 3756 2089 3803 ctum
2146 3755 2247 3815 est,
2301 3746 2510 3803 creavit
2565 3762 2652 3801 me
2706 3745 2762 3800 in
2811 3744 2967 3799 initio
3025 3744 3241 3801 viarum
3296 3759 3539 3811 suarum,

1941 3837 1998 3892 id
2028 3846 2111 3892 est
2140 3844 2198 3891 ut
2226 3836 2381 3890 initia
2406 3835 2616 3889 viarum
2666 3843 2720 3889 et
2765 3848 2995 3904 operum
3035 3834 3159 3903 ejus
3206 3847 3307 3903 per
3348 3833 3541 3891 Evan-

1943 3925 2148 3996 gelium
2179 3925 2603 3979 demonstraret.
2644 3922 3002 3991 Subsequens
3045 3930 3227 3975 autem
3272 3919 3543 3977 divinitati

1943 4022 2197 4078 convenit
2232 4041 2243 4076 :
2285 4044 2306 4069 α
2341 4025 2484 4075 Ante
2523 4020 2780 4075 saeculum
2832 4016 3081 4072 fundavit
3127 4030 3215 4071 me
3259 4015 3469 4085 (ibid).
3512 4038 3536 4065 η

1942 4110 2088 4180 Quid
2144 4117 2227 4164 est
2288 4109 2472 4163 dicere
2533 4125 2546 4161 :
2608 4115 2744 4161 Ante
2794 4104 2975 4161 omnia
3041 4112 3288 4174 tempora
3352 4104 3540 4174 genuit

1940 4209 2086 4260 me?
2118 4205 2249 4259 [tem
2299 4204 2485 4258 dicunt
2539 4218 2551 4257 :
2603 4201 2786 4271 Quare
2834 4212 3058 4255 carnem
3104 4213 3268 4271 quam
3317 4208 3536 4255 creatu-

1941 4319 2059 4357 ram
2082 4317 2205 4357 esse
2227 4316 2333 4356 non
2350 4316 2543 4374 negas,
2568 4314 2690 4354 cum
2712 4298 2993 4355 divinitate
3014 4298 3216 4353 adoras
3232 4298 3260 4352 ‘2
3282 4298 3536 4368 Propter-

236 4403 358 4483 Non
388 4427 447 4478 ut
492 4403 672 4479 ωἶηοι.
723 4424 975 4495 pastum,
1031 4423 1127 4479 sed
1172 4440 1272 4480 nos
1319 4403 1413 4480 ad‘
1448 4403 1834 4495 ροειυιαηέιίπη
1863 4418 1915 4479 D
1947 4425 2012 4465 ea
2043 4408 2165 4481 quia
2192 4407 2264 4462 ita
2296 4406 2564 4463 divinitati
2593 4405 2741 4461 unita
2773 4412 2873 4469 est,
2924 4413 2981 4460 ut
3020 4405 3123 4461 Dei
3171 4403 3341 4460 Filius
3385 4405 3537 4460 Deus

238 4512 556 4569 inﬂammat.
618 4513 771 4567 Idem
827 4512 1060 4583 Spiritus
1116 4520 1345 4568 vocatur
1387 4523 1439 4569 et
1491 4514 1831 4584 Consolator,

239 4601 362 4674 quia
391 4601 518 4655 dum
575 4600 964 4672 pmnitentibus
1018 4600 1160 4656 viam
1212 4611 1499 4674 praeparat,
1543 4618 1575 4659 a
1622 4605 1835 4662 tristitia

238 4706 474 4757 mentem
497 4699 658 4769 levat.
681 4698 860 4768 Quare
882 4698 1030 4766 dicit,
1062 4722 1083 4748 α
1110 4709 1371 4772 suggeret
1391 4700 1419 4755 ?
1444 4726 1464 4751 ο
1492 4718 1612 4757 cum
1633 4719 1834 4777 sugge-

239 4814 363 4854 rere
383 4797 554 4855 soleat
574 4796 804 4853 minoris
820 4813 962 4864 esse,
979 4798 1105 4871 quia
1127 4813 1426 4871 suggerere
1443 4799 1734 4870 aliquando
1757 4800 1836 4854 di-

239 4895 384 4953 citur
411 4893 846 4960 subministrare,
872 4903 928 4949 ut
951 4895 1058 4961 hic,
1084 4910 1189 4951 non
1212 4894 1356 4966 quod
1376 4896 1534 4951 nobis
1556 4897 1834 4953 scientiam

234 4993 311 5048 ab
330 4992 440 5048 imo
457 4992 680 5060 inferat,
696 4991 796 5047 sed
818 4992 889 5047 ab
909 4992 1144 5049 occulto.
1166 4993 1503 5066 Augustinus
1521 5009 1626 5047 non
1650 4994 1831 5063 habet,

243 5098 503 5163 suggeret
530 5089 686 5146 vobis
707 5089 910 5156 omnia,
930 5091 1046 5157 sed,
1066 5090 1528 5146 commemorabit
1548 5091 1704 5145 vobis
1722 5107 1839 5147 om-

236 5188 351 5242 nia.
374 5187 441 5243 Et
470 5187 545 5244 ita
565 5186 787 5259 exponit
810 5202 823 5241 :
854 5210 876 5236 α
903 5187 1212 5259 Intelligere
1233 5187 1498 5244 debemus
1520 5189 1666 5261 quod
1678 5188 1838 5259 jube-

244 5300 372 5339 mur
399 5299 506 5338 non
537 5282 789 5340 oblivisci
821 5283 1216 5339 saluberrimos
1244 5284 1480 5340 monitus
1501 5284 1570 5341 ad
1600 5287 1838 5357 gratiam

247 5379 533 5452 pertinere,
567 5381 711 5455 quod
741 5398 844 5437 nos
874 5389 1273 5437 commemorat
1303 5382 1556 5454 Spiritus.
1596 5407 1618 5433 υ

242 5568 243 5573 η
323 5526 346 5556 ι
384 5505 576 5562 Pacem
610 5506 855 5579 relinquo
886 5507 1061 5572 vobis,
1112 5522 1300 5577 pacem
1353 5523 1529 5562 meum
1560 5509 1629 5564 do
1660 5510 1837 5566 vobis.

239 5601 363 5684 .Non
394 5602 670 5674 quomodo
700 5602 931 5656 mundus
962 5602 1071 5667 dat,
1119 5617 1223 5674 ego
1270 5602 1341 5657 do
1388 5603 1561 5657 vobis.
1603 5630 1624 5652 υ
1660 5607 1841 5660 Itnrus

249 5698 316 5757 ad
349 5699 589 5771 Patrem,
613 5698 974 5770 sequentibus
994 5697 1259 5771 relinquo,
1283 5700 1724 5771 pervenientibus
1749 5704 1838 5760 do.

1943 4507 2012 4563 sit
2043 4517 2094 4562 et
2123 4509 2313 4563 homo.
2341 4506 2585 4578 Denique
2610 4505 2654 4560 si
2680 4503 2958 4560 hominem
2982 4502 3324 4574 separaveris
3344 4517 3376 4557 a
3396 4503 3533 4570 Deo,

1941 4620 2221 4677 nunquam
2249 4604 2296 4660 ei
2327 4605 2523 4672 servio,
2557 4602 2699 4659 velut
2731 4601 2775 4656 si
2806 4600 2925 4674 quis
2958 4614 3250 4672 purpuram
3286 4608 3379 4654 aut
3414 4598 3537 4652 dia-

1944 4703 2103 4758 dema
2134 4702 2315 4776 regale
2344 4703 2602 4771 inveniat,
2638 4699 2884 4771 nunquid
2916 4697 3206 4754 adorabit?
3237 4698 3370 4752 Cum
3396 4709 3537 4752 vero

1938 4802 2037 4857 rex
2067 4800 2221 4855 fue'it
2253 4802 2333 4856 eis
2378 4799 2619 4868 indutus,
2678 4797 2979 4870 periculum
3028 4794 3223 4851 mortis
3267 4793 3531 4853 incurret.

1946 4898 2034 4969 qui
2064 4913 2130 4953 ea
2161 4914 2284 4953 cum
2314 4913 2447 4970 rege
2478 4895 2868 4967 contempserit
2888 4894 3141 4949 adorare.
3167 4890 3223 4947 Si
3253 4890 3373 4963 quis
3398 4906 3534 4963 ergo

1945 4995 2177 5049 adorare
2207 4993 2592 5066 contempserit
2621 5007 2840 5049 carnem
2870 4989 3053 5046 deitati
3072 4987 3296 5057 auitam,
3317 4998 3535 5059 penam

1944 5099 2168 5147 aeternae
2198 5089 2386 5145 mortis
2417 5089 2675 5161 patietur.
3419 5096 3441 5126 -'

2023 5236 2043 5264 ι
2079 5214 2134 5269 Si
2166 5214 2461 5289 diligeretis
2492 5230 2599 5283 me,
2641 5209 2955 5286 gauderetis
2998 5209 3205 5283 utique,
3236 5209 3366 5284 quia
3395 5209 3537 5266 vado

1946 5312 2015 5368 ad
2046 5313 2277 5378 Patrem,
2319 5313 2449 5386 quia
2477 5313 2637 5369 Pater
2668 5310 2845 5381 major
2883 5325 2969 5365 me
3010 5315 3121 5365 est.
3167 5333 3189 5358 ι
3227 5300 3539 5364 Secundum

1948 5411 2175 5467 formam
2207 5412 2351 5468 servi
2383 5428 2514 5484 puer
2562 5410 2809 5466 Christus
2856 5409 3018 5466 etiam
3065 5407 3391 5481 parentibus
3421 5407 3541 5489 suis

1948 5512 2129 5566 minor
2159 5519 2292 5566 erat.
2327 5507 2677 5574 Gauderetis,
2710 5504 2904 5580 inquit,
2938 5508 3062 5581 quia
3092 5500 3346 5562 humanae
3374 5512 3541 5559 natu—

1939 5588 2023 5682 ra:
2056 5600 2433 5682 gratulandum
2464 5590 2565 5673 est,
2599 5623 2718 5679 qum
2761 5606 2973 5661 levatur
3014 5604 3080 5659 ad
3130 5604 3406 5667 dexteram
3440 5600 3545 5654 Pa-

1952 5707 2251 5783 tris,_quod
2284 5708 2428 5763 idem
2462 5705 2562 5761 sibi
2595 5713 2816 5778 sperant
2846 5703 3056 5783 exteri.
3166 5778 3169 5781 _
3256 5702 3284 5776 ὀ
3370 5764 3373 5769 ν
3424 5763 3429 5769 ,
