3986 6070
437 282 540 336 933

1627 276 1963 332 \VERNElll
2002 271 2288 331 ABBATIS
2329 273 2385 331 S.
2421 273 2640 330 BLASH

3593 242 3600 252 ’
3641 274 3740 329 ssi

513 426 536 452 ι
570 405 638 460 Ει
678 400 824 465 nunc
868 401 980 459 dixi
1023 400 1200 470 vobis,
1250 399 1578 474 priusquam
1626 399 1738 468 ﬁat,
1789 409 1866 469 ut,
1913 417 2037 460 eum
2067 400 2126 465 Α
2154 399 2333 473 ipsum
2362 400 2430 457 de
2461 399 2690 458 occultis
2721 399 2989 458 thesauris
3019 397 3304 472 sapientia:
3328 398 3593 471 producta
3623 406 3743 454 sunt

441 492 639 551 factum
669 492 848 565 fuerit,
899 491 1166 549 credatis.
1205 512 1227 540 υ
1282 487 1538 545 Praedixit
1587 505 1648 546 se
1694 490 1772 546 ire
1820 490 1887 544 ad
1936 491 2040 544 Pa-

438 589 579 638 trem
608 588 662 638 et
690 580 749 636 hi
779 589 901 653 post
929 588 1163 636 mortem
1196 578 1362 634 visuri
1389 585 1543 634 erant
1585 594 1712 633 eum
1741 579 2038 644 viventem,

440 677 499 727 et
525 670 598 727 ad
627 671 842 726 Patrem
873 669 1287 726 ascendentem.
1319 666 1441 735 Quo
1465 667 1583 722 viso
1604 666 1863 723 credituri
1886 673 2044 722 erant

441 760 590 834 quod
618 759 784 816 Filius
814 759 913 814 Dei
940 765 1092 813 esset
1120 756 1212 830 qui
1241 757 1346 812 hoc
1391 755 1582 826 potuit.
1625 757 1761 810 Nam
1796 755 1932 811 ﬁdes
1961 763 2043 811 est

439 865 622 906 rerum
655 864 776 920 qua:
797 845 1096 904 creduntur
1125 853 1180 901 et
1209 860 1320 900 non
1347 844 1618 899 videntur.
1640 844 1932 909 Credituri,
1961 845 2042 898 in-

443 954 626 1012 quam,
657 944 812 992 erant
845 934 1051 991 Filium
1084 933 1183 990 Dei
1213 950 1324 988 non
1356 949 1498 988 nova
1527 930 1657 998 ﬁde,
1683 947 1791 1004 qua
1822 940 1874 988 et
1893 932 2044 1004 prius

443 1027 808 1091 crediderant,
839 1025 939 1081 sed
967 1031 1128 1080 aucta
1163 1021 1271 1078 ﬁde
1300 1029 1353 1078 et
1379 1021 1599 1088 referta,
1642 1022 1766 1094 quia
1797 1030 1851 1076 et
1882 1020 2044 1077 modo

441 1132 566 1174 cum
599 1115 719 1172 haec
745 1114 972 1184 diceret,
1005 1127 1170 1186 parva
1191 1115 1329 1180 erat,
1352 1119 1551 1168 etcum
1575 1119 1883 1168 moreretur
1903 1126 2046 1183 pene

439 1207 558 1278 jam
587 1203 758 1260 nulla.

520 1328 542 1352 α
571 1304 693 1360 Jam
737 1317 848 1359 non
893 1300 1069 1357 multa
1114 1299 1305 1371 loquar
1350 1299 1655 1355 vobiscum.
1707 1297 1867 1355 Venit
1899 1297 2048 1355 enim

442 1391 702 1468 princeps
730 1391 919 1450 mundi
971 1390 1154 1460 hujus,
1206 1396 1260 1444 et
1305 1387 1361 1443 in
1402 1404 1491 1443 me
1536 1403 1647 1444 non
1689 1387 1855 1443 habet
1884 1387 2048 1460 quid-

446 1498 629 1556 quam.
669 1504 690 1530 ι
730 1480 990 1551 Princeps
1019 1487 1366 1549 peccatorum
1407 1492 1518 1532 non
1547 1486 1866 1532 naturarum
1898 1475 2050 1532 venit

445 1579 666 1643 accepta
695 1568 910 1626 licentia
937 1584 968 1622 a
998 1569 1138 1634 Deo,
1187 1574 1244 1622 ut
1289 1581 1378 1621 me
1419 1566 1596 1621 tradat
1624 1565 1680 1620 in
1725 1581 1919 1620 manus
1946 1567 2048 1620 Ju-

447 1660 713 1723 daeorum,
745 1665 800 1713 et
829 1672 934 1730 ego
963 1663 1158 1728 sponte
1190 1670 1412 1726 sequar,
1444 1670 1576 1710 cum
1605 1653 1662 1708 in
1694 1670 1782 1709 me
1812 1669 1922 1709 non
1957 1654 2052 1708 ha-

2147 489 2466 546 multimoda
2515 489 2735 546 flumina
2809 490 3237 561 Scripturarum.
3316 491 3418 544 Per
3482 489 3743 560 Spiritum

2150 587 2398 635 sanctum
2429 579 2760 650 patriarchas
2790 579 2858 635 de
2907 578 3126 635 Christo
3173 587 3227 636 et
3275 579 3526 635 Ecclesia
3574 577 3744 632 futura

2149 668 2342 742 ﬁguris
2373 669 2736 740 designabant
2767 688 2780 733 ;
2814 685 2914 740 per
2939 669 3114 740 ipsum
3146 669 3428 740 propheta:
3449 668 3616 723 locuti
3646 683 3744 722 ea-

2149 757 2274 812 dem
2315 757 2610 828 Scripturis
2639 758 3146 829 prwmonstrabant.
3171 759 3274 813 Per
3301 757 3481 829 ipsum
3513 755 3747 827 apostoli

2151 845 2480 913 conﬁrmati,
2513 854 2791 903 transacta
2819 846 3010 902 eadem
3034 846 3089 901 in
3109 847 3314 901 mundo
3337 846 3706 917 praedicabant
3728 861 3744 904 :

2150 952 2248 1007 per
2303 935 2482 1006 ipsum
2533 936 2786 992 doctores
2838 936 3093 1008 inspirali
3154 937 3464 1007 Scripturas
3515 950 3749 1006 expone-

2150 1024 2306 1079 bant.
2337 1025 2440 1080 Per
2470 1025 2666 1079 Filium
2699 1026 2862 1081 homo
2909 1025 3231 1097 redemptus
3273 1041 3304 1079 a
3350 1031 3531 1080 morte
3562 1023 3751 1078 libera-

2149 1119 2238 1168 tur
2268 1130 2281 1176 ;
2313 1113 2409 1168 sed
2439 1130 2538 1184 per
2566 1113 2826 1186 Spiritum
2858 1123 3102 1170 sanctum
3134 1113 3189 1169 in
3220 1114 3552 1185 baptismate
3572 1113 3640 1167 ad
3669 1112 3752 1167 vi-

2151 1210 2261 1257 tam
2315 1211 2704 1275 regeneratur.
2765 1203 2866 1258 Per
2919 1203 3168 1272 spiritum
3225 1211 3478 1258 sanetum
3529 1209 3754 1273 peccata

2154 1291 2504 1358 relaxantur;
2536 1308 2637 1363 per
2657 1291 2835 1363 ipsum
2865 1292 3062 1349 animae
3090 1307 3120 1346 a
3152 1300 3321 1348 morte
3351 1292 3646 1348 criminum
3674 1307 3756 1346 re-

2156 1381 2508 1436 suscitantur.
2568 1381 2671 1436 Per
2722 1381 2982 1453 Spiritum
3037 1389 3281 1436 sanctum
3331 1379 3492 1436 multi
3555 1380 3757 1436 stmulo

2156 1477 2470 1540 contempto
2531 1469 2844 1542 religiosam
2882 1471 3046 1524 vitam
3097 1471 3365 1525 duxerunt
3398 1485 3414 1540 ;
3449 1485 3553 1540 per
3582 1469 3758 1540 ipsum

2154 1558 2375 1631 plurimi
2403 1558 2576 1632 signis
2609 1567 2664 1614 et
2701 1559 2969 1631 prodigiis
3019 1558 3306 1615 fulserunt.
3359 1561 3464 1615 Per
3494 1559 3758 1630 Spiritum

2157 1655 2404 1705 sanctum
2453 1648 2618 1703 etiam
2669 1649 2830 1705 hodie
2884 1649 3133 1722 plerique
3163 1649 3233 1703 ad
3275 1648 3567 1704 meliorem
3601 1647 3760 1701 vitam

447 1749 541 1804 bet
571 1747 861 1818 quidquam
893 1745 1038 1818 quod
1083 1744 1153 1800 ad
1200 1760 1262 1800 se
1309 1743 1598 1815 pertineat.
1646 1743 1833 1798 Noluit
1862 1742 2049 1798 Domi-
2076 1764 2129 1824 Β
2157 1745 2550 1793 convertuntur
2579 1755 2593 1800 ;
2626 1753 2725 1808 per
2774 1737 2953 1808 ipsum
3011 1737 3364 1810 quamplures
3411 1737 3481 1791 ad
3512 1737 3762 1792 coelestia

448 1854 554 1894 nus
581 1835 788 1891 habere
815 1835 960 1906 quod
987 1833 1264 1905 perderet.
1298 1833 1513 1904 Pauper
1541 1831 1707 1897 venit,
1730 1847 1798 1886 ne
1826 1831 2052 1888 haberet

451 1923 704 1982 diabolus
732 1923 879 1997 quod
915 1923 1172 1978 auferret.
1217 1921 1474 1992 Princeps
1518 1919 1706 1976 mundi
1757 1919 1922 1991 hujus
1967 1928 2049 1977 est

452 2013 707 2070 diabolus
741 2028 753 2080 ;
789 2011 1044 2077 mundus,
1079 2010 1266 2066 mundi
1285 2019 1575 2065 amatores.
1599 2009 1755 2066 Unde
1785 2009 2052 2080 scriptum

453 2111 541 2160 est
573 2121 588 2160 :
625 2126 646 2151 α
682 2101 786 2173 Qui
815 2100 1045 2158 voluerit
1075 2116 1197 2156 esse
1229 2099 1440 2156 amicus
1462 2097 1628 2168 hujus
1649 2097 1851 2166 sreculi,
1877 2097 2053 2153 inimi-

454 2208 553 2250 cus
583 2191 681 2248 Dei
710 2189 1058 2248 constituitur
1087 2191 1226 2258 (Jac.
1260 2192 1357 2254 ιν).
1397 2210 1420 2236 ο

531 2313 554 2336 κ
589 2288 697 2344 Sed
721 2291 784 2344 ut
809 2293 1107 2359 cognoscat
1153 2285 1391 2340 mundus
1437 2285 1568 2356 quia
1616 2283 1786 2358 diligo
1814 2285 2051 2352 Patrem,

455 2385 509 2433 et
538 2377 679 2432 sicut
707 2375 1024 2435 mandatum
1052 2374 1204 2430 dedit
1230 2373 1364 2428 mihi
1392 2373 1472 2429 sic
1521 2373 1681 2430 facio.
1719 2397 1741 2420 ι»
1776 2374 1892 2430 Hoc
1919 2376 2053 2429 sub-

451 2465 585 2537 jecit
616 2463 771 2538 quasi
800 2462 848 2519 ei
881 2463 1158 2520 diceretur
1190 2480 1205 2518 :
1235 2463 1345 2518 Cur
1369 2462 1621 2528 moreris,
1668 2462 1714 2516 si
1743 2478 1853 2518 non
1883 2463 2056 2518 babes

457 2561 744 2628 peccatum
769 2555 797 2608 ?
827 2551 966 2622 Quia
1014 2553 1176 2607 Pater
1213 2550 1512 2607 mandavit.
1563 2551 1880 2606 Notandum
1923 2567 2056 2609 sane

459 2642 590 2716 quia
618 2643 780 2699 Pater
808 2640 1030 2697 tradidit
1058 2640 1272 2696 Filium.
1321 2639 1484 2696 Filius
1515 2639 1775 2711 seipsum,
1809 2640 2056 2713 discipu-

457 2731 544 2789 lus
575 2730 927 2804 magistrum,
957 2729 1211 2786 diabolus
1265 2729 1624 2798 Salvatorem,
1665 2728 1838 2784 Judaei
1866 2746 2054 2802 regem

459 2835 615 2875 suum
646 2819 904 2894 gentibus
932 2825 990 2875 et
1035 2817 1205 2875 cruci.
1251 2818 1397 2875 Ecce
1439 2831 1580 2890 opus
1619 2831 1923 2888 commune,
1959 2818 2058 2875 sed

457 2908 766 2966 voluntates
796 2907 962 2964 valde
1001 2905 1258 2964 diversae.

726 3041 961 3101 SERMO
1000 3042 1076 3098 IN
1111 3042 1234 3098 DIE
1272 3042 1788 3102 PENTECOSTES.

2157 1834 2337 1882 mente
2371 1825 2674 1897 rapiuntur.
2703 1827 2802 1881 Per
2831 1827 3030 1884 Fi'ium
3066 1827 3124 1881 ﬁt
3154 1827 3485 1882 resurrectio
3519 1834 3762 1880 mortuo-

2158 1931 2277 1969 rum
2309 1933 2323 1978 ;
2355 1931 2455 1986 per
2485 1913 2750 1987 Spiritum
2805 1925 3049 1970 sanctum
3098 1914 3156 1969 ﬁt
3200 1915 3509 1970 immutatio
3542 1931 3759 1970 eorum.

2159 2005 2264 2059 Per
2294 2003 2481 2060 Filium
2514 2004 2752 2059 mundus
2803 2003 3079 2072 jndicatur
3125 2022 3140 2068 ;
3196 2019 3298 2075 per
3327 2003 3598 2075 Spiritum
3626 2019 3760 2057 san-

2160 2103 2305 2150 ctum
2334 2104 2563 2165 utraque
2593 2110 2721 2165 pars
2748 2097 2892 2163 juste
2949 2103 3354 2150 remuneratur.
3414 2096 3523 2150 Per
3566 2095 3766 2150 Filium

2161 2184 2309 2239 Deus
2341 2184 2497 2238 Pater
2521 2183 2724 2240 coelum
2773 2199 2973 2238 novum
3022 2191 3077 2240 et
3117 2191 3315 2239 terram
3355 2199 3560 2240 novam
3603 2200 3765 2240 crea-

2162 2272 2262 2338 bit,
2286 2272 2383 2328 sed
2415 2272 2647 2341 Spiritus
2679 2280 2904 2328 sanctus
2945 2272 3203 2328 universa
3233 2274 3288 2327 in
3328 2272 3621 2329 meliorem
3649 2283 3768 2328 sta-

2163 2369 2276 2416 tum
2301 2361 2606 2417 renovabit.
2635 2361 2844 2416 Ccelum
2875 2377 3071 2432 nempe
3093 2378 3194 2432 per
3215 2362 3393 2433 ipsum
3418 2363 3556 2417 solis
3586 2362 3772 2434 splen-

2165 2451 2302 2507 dore
2323 2450 2612 2514 induatur;
2647 2467 2745 2521 per
2775 2451 2954 2522 ipsum
2976 2449 3058 2506 sol
3088 2451 3430 2522 septemplici
3452 2450 3660 2507 lumine
3683 2469 3774 2506 ve-

2165 2539 2384 2608 stietur;
2415 2555 2513 2610 per
2539 2540 2716 2609 ipsum
2748 2539 2980 2595 radiabit
3009 2540 3135 2594 luna
3165 2539 3296 2594 solis
3337 2540 3590 2595 claritate
3620 2556 3635 2609 ;
3670 2558 3774 2612 per

2164 2627 2342 2699 ipsum
2373 2629 2619 2684 vernabit
2650 2636 2793 2684 terra
2821 2629 3064 2699 paradisi
3117 2629 3449 2685 amoenitate.
3491 2631 3646 2685 Tunc
3677 2630 3772 2685 Fi-

2167 2715 2270 2772 lius
2329 2717 2400 2773 de
2467 2716 2652 2774 labore
2713 2717 3008 2772 translatos
3065 2717 3225 2773 faciet
3291 2717 3666 2786 discumbere,
3717 2725 3776 2774 et

2167 2807 2433 2862 transiens
2464 2806 2570 2861 illis
2607 2805 2953 2874 ministrabit,
3003 2807 3130 2879 quia
3169 2807 3238 2862 de
3267 2807 3475 2878 judicio
3519 2808 3772 2876 rediens,

2167 2895 2372 2953 electos
2402 2911 2498 2967 pro
2528 2895 2761 2950 diversis
2803 2895 3012 2951 meritis
3051 2896 3104 2950 in
3143 2896 3382 2952 diversis
3411 2896 3575 2953 faciet
3605 2914 3775 2952 man-

2168 2983 2415 3042 sionibus
2460 2983 2822 3057 requiescere,
2873 2993 2927 3041 et
2983 2985 3213 3057 gloriam
3261 3003 3374 3041 sua:
3428 2986 3646 3041 deitatis
3691 2986 3775 3041 eis

2168 3073 2307 3129 facie
2355 3073 2423 3127 ad
2470 3073 2668 3129 faciem
2715 3074 3108 3130 demonstrabit
3155 3092 3171 3141 ;
3244 3075 3485 3146 Spiritus
3543 3083 3775 3133 sanctus

539 3182 562 3208 α
597 3157 776 3215 Verbo
799 3155 1016 3214 Domini
1046 3156 1170 3213 ορειὶ
1195 3155 1391 3213 ﬁrmati
1421 3165 1566 3226 sunt,
1601 3165 1655 3214 et
1701 3155 1922 3227 Spiritus
1951 3154 2061 3212 Ol'lS
2091 3127 2141 3191 C‘
2172 3127 2306 3219 vero
2337 3127 2797 3218 tt'ibuitﬁeisvelut
2819 3127 2975 3232 jnbar
3005 3127 3135 3218 solis
3158 3127 3555 3237 'ple‘u‘ogaudio

463 3248 584 3318 ejus
610 3246 794 3304 omnis
822 3247 999 3302 virtus
1028 3261 1216 3302 eorum
1239 3245 1435 3317 (Psal.
1462 3249 1667 3318 χχχιι).
1692 3270 1714 3295 η
1751 3248 1852 3302 Per
1871 3246 2062 3302 Filium

463 3336 557 3408 qui
585 3344 670 3392 est
693 3334 796 3391 Dei
825 3335 1084 3402 Verbum,
1112 3350 1223 3391 non
1252 3335 1431 3390 solum
1462 3335 1606 3405 coeli,
1652 3335 1751 3392 sed
1793 3343 1848 3391 et
1883 3335 2065 3391 omnia

465 3442 537 3482 ex
565 3422 737 3479 nihilo
767 3431 893 3479 sunt
923 3431 1132 3489 creata,
1164 3431 1217 3479 et
1246 3439 1315 3479 ne
1363 3424 1417 3478 in
1438 3424 1666 3482 nihilum
1695 3424 2061 3492 resolvantur,

466 3513 662 3568 eodem
692 3512 860 3567 verbo
890 3510 1125 3577 ﬁrmata,
1159 3515 1216 3568 et
1245 3511 1442 3584 spiritu
1469 3513 1584 3568 oris
1607 3513 1724 3582 ejus
1745 3515 1923 3568 omnis
1954 3513 2066 3568 vir-

465 3608 555 3655 tus
583 3615 784 3656 eorum
801 3606 1011 3655 ornata.
1032 3599 1234 3672 Angeli
1255 3616 1472 3672 quoque
1487 3608 1611 3655 sunt
1638 3599 1762 3657 cmli
1782 3601 2064 3674 appellati,

469 3687 600 3762 quia
626 3686 749 3744 aliis
776 3688 1182 3755 corruentibus,
1206 3703 1305 3758 per
1327 3689 1565 3744 Verbum
1590 3690 1690 3744 Dei
1727 3689 1781 3744 in
1801 3689 2066 3746 cbaritate

468 3784 597 3834 sunt
623 3775 846 3842 limati,
879 3784 933 3832 et
970 3791 1077 3849 per
1121 3776 1382 3847 Spiritum
1431 3777 1550 3846 ejus
1595 3778 1649 3832 iu
1679 3778 1826 3834 omni
1873 3779 2066 3834 virtute

467 3864 782 3940 perornati.
822 3865 975 3922 Unde
1005 3863 1273 3935 scriptum
1304 3872 1389 3920 est
1433 3883 1448 3920 :
1492 3865 1726 3936 Spiritus
1768 3865 1868 3921 Dei
1898 3867 2067 3923 caelos

469 3955 690 4013 ornavit
713 3955 828 4021 (Job
856 3956 1024 4024 χχι-ι),
1057 3953 1182 4026 quia
1211 3962 1263 4009 et
1291 3953 1426 4009 istos
1453 3954 1626 4010 emlos
1655 3954 1840 4022 astris,
1883 3964 1936 4011 et
1964 3971 2068 4010 an-

469 4043 628 4116 gelos
657 4042 945 4099 virtutibus
973 4042 1272 4100 decoravit.
1308 4045 1410 4099 Per
1440 4043 1630 4099 Filium
1661 4045 1860 4116 quippe
1888 4059 2065 4117 ange-

472 4133 564 4190 lici
591 4132 817 4206 spiritus
845 4139 1120 4198 creantur,
1151 4130 1250 4188 sed
1281 4148 1382 4204 per
1412 4132 1670 4205 Spiritum
1701 4141 1950 4189 sanctum
1980 4134 2067 4190 vi-

471 4221 774 4279 viﬁcautur.
800 4222 912 4277 Per
931 4221 1123 4277 Filium
1145 4220 1282 4278 lucis
1303 4221 1612 4278 substantia
1629 4221 1801 4278 eluxit
1813 4243 1831 4290 ;
1846 4223 1947 4278 sed
1969 4239 2069 4295 per

477 4317 737 4390 Spiritum
763 4327 1009 4375 sanctum
1039 4317 1308 4390 splendor
1334 4319 1458 4391 ejus
1479 4317 1704 4376 effulsit.
1747 4321 1849 4376 Per
1870 4321 2066 4376 Filium

475 4416 877 4473 ﬁrmamentum
903 4415 1209 4485 formatur;
1239 4416 1337 4472 sed
1383 4434 1483 4489 per
1527 4419 1788 4490 Spiritum
1817 4428 2069 4476 sanctum

2172 3252 2417 3320 descere,
2451 3259 2503 3308 et
2543 3251 2858 3309 Trinitatem
2903 3252 2959 3310 in
3008 3253 3215 3310 unitate
3261 3252 3502 3327 perfecte
3549 3268 3772 3325 ceguo-

2173 3356 2350 3398 scere.

2851 3501 3086 3543 DlVlSlO.

2247 3695 2377 3751 llaec
2405 3694 2672 3750 festivitas
2695 3694 2928 3767 Spiritus
2957 3695 3130 3752 sancti
3161 3712 3260 3768 per
3284 3703 3491 3768 septem
3523 3696 3647 3753 dies
3680 3713 3777 3754 ce-

2175 3782 2439 3850 lebratur,
2471 3784 2595 3857 quia
2625 3785 2741 3856 ipse
2770 3785 2823 3839 in
2856 3793 3065 3856 septem
3109 3785 3265 3841 donis
3311 3797 3631 3853 veneratur,
3663 3787 3775 3841 sic-

2177 3881 2232 3928 ut
2261 3889 2362 3944 per
2390 3874 2708 3943 prephetam
2755 3875 3148 3944 praznuntiatur
3181 3889 3194 3928 :
3223 3899 3245 3922 ιι
3284 3875 3516 3946 Spiritus
3549 3876 3778 3946 sapien-

2177 3962 2264 4017 tiae
2295 3968 2348 4016 et
2385 3961 2708 4029 intellectus,
2761 3962 2982 4033 spiritus
3019 3962 3239 4018 consilii
3276 3972 3331 4019 et
3379 3962 3717 4018 fortitudinis
3759 3982 3772 4027 ;

2178 4049 2401 4120 spiritus
2422 4050 2660 4105 scientia:
2689 4058 2743 4105 et
2771 4051 3006 4122 pietatis,
3056 4051 3280 4122 spiritus
3322 4051 3536 4107 timoris
3574 4053 3775 4108 Domi-

2176 4138 2232 4192 ni
2262 4137 2391 4210 (lsa.
2425 4140 2573 4210 χή.»
2607 4139 2736 4195 Πωο
2764 4148 2890 4196 sunt
2917 4149 3126 4211 septem
3156 4140 3429 4207 mulieres,
3463 4159 3589 4214 quas
3608 4159 3776 4198 unum

2177 4227 2350 4283 virum
2390 4228 2866 4299 apprehenderunt
2923 4229 3054 4300 tim.
3107 4230 3203 4299 tv),
3246 4230 3374 4302 quia
3413 4239 3628 4302 septem
3672 4233 3775 4287 do-

2177 4333 2245 4372 na
2275 4317 2509 4388 Spiritus
2538 4318 2712 4373 sancti
2742 4318 2916 4373 solum
2943 4317 3218 4373 Christum
3239 4320 3608 4391 corporaliter
3636 4338 3776 4393 pos-

2177 4407 2464 4462 sederunt.
2513 4407 2684 4476 Hujus
2724 4408 2960 4477 Spiritus
3007 4408 3149 4463 dona
3205 4407 3452 4464 cmlestia
3508 4401 3775 4466 scandant

477 4513 647 4572 celeri
675 4511 1018 4569 volubilitate
1042 4520 1270 4569 rotatur.
1321 4515 1422 4569 Per
1465 4513 1660 4569 Filium
1703 4514 1805 4580 sol,
1839 4521 1889 4570 et
1919 4514 2068 4582 luna,
2099 4490 2150 4552 Ο
2182 4512 2374 4551 omnes
2405 4495 2493 4568 qui
2525 4495 2713 4551 limem
2743 4497 2943 4552 Deum-
2983 4497 3087 4553 Per
3118 4501 3298 4570 ipsum
3349 4514 3584 4571 uanique
3615 4499 3775 4556 timor

479 4618 534 4670 et
551 4610 736 4667 sidera
765 4609 1106 4681 temporibus
1125 4607 1526 4681 praeﬁciuntur;
1560 4610 1659 4666 sed
1679 4627 1781 4681 per
1801 4610 2068 4682 Spiritum

478 4715 723 4766 sanctum
753 4706 891 4763 lucis
937 4706 1115 4763 nitore
1156 4706 1552 4779 perpoliuntur.
1599 4707 1700 4762 Per
1740 4708 1936 4764 Filium
1969 4709 2070 4765 llu-

476 4807 629 4865 miua
655 4805 949 4863 funduntur
979 4821 993 4869 ;
1025 4805 1126 4862 sed
1156 4821 1257 4877 per
1287 4805 1544 4876 Spiritum
1574 4813 1820 4862 sanctum
1851 4805 2068 4864 labilem

479 4920 696 4962 cursum
729 4903 1052 4960 sortiuntur.
1091 4903 1192 4960 Per
1223 4903 1415 4959 Filium
1464 4911 1608 4960 terra
1637 4903 1936 4969 formatur;
1971 4907 2070 4961 sed

475 5019 579 5077 per
606 5001 867 5073 Spiritum
894 5009 1146 5058 sanetum
1189 4999 1456 5058 fructibus
1503 5009 1555 5058 et
1583 5000 1810 5057 floribus
1839 5001 2068 5059 decora-

474 5107 582 5156 tur.
615 5100 717 5156 Per
744 5099 938 5155 Filium
967 5098 1182 5156 diversa
1233 5098 1486 5155 animalia
1527 5100 1934 5172 producuntur;
1966 5103 2068 5158 sed

473 5212 576 5266 per
628 5196 884 5267 Spiritum
939 5204 1188 5254 sanctum
1226 5196 1378 5252 vitali
1432 5205 1576 5252 statu
1631 5197 1965 5266 imbuuntur,
2015 5207 2070 5257 et

472 5306 606 5346 aves
635 5290 838 5358 volatu,
869 5289 1055 5362 pisces
1084 5299 1287 5359 natatu,
1322 5291 1531 5359 bestiae,
1575 5292 1805 5365 reptilia,
1840 5310 2068 5366 serpen-

473 5387 551 5442 tia
578 5401 776 5456 gressu
805 5402 910 5457 per
937 5403 1060 5442 eum
1092 5387 1403 5443 fulciunlur.
1437 5389 1541 5443 Per
1577 5388 1772 5444 Filium
1802 5389 1965 5445 homo
1994 5392 2063 5446 ad

468 5480 766 5557 imaginem
795 5483 893 5539 Dei
923 5484 1256 5556 plasmatur;
1289 5488 1388 5544 sed
1407 5504 1508 5559 per
1527 5486 1790 5559 Spiritum
1812 5495 2062 5546 sanctum

465 5580 524 5641 in
551 5579 738 5639 anima
777 5579 1097 5639 viviﬁcatur.
1145 5583 1376 5654 Spiritus
1419 5593 1639 5642 sanctus
1684 5587 1911 5658 inspirat
1970 5587 2059 5644 di-

469 5690 634 5738 versa
661 5673 914 5753 ingenia;
945 5673 1062 5751 ipse
1093 5677 1253 5735 etiam
1281 5679 1376 5736 dat
1422 5680 1642 5741 diversa
1670 5680 1913 5744 artiﬁcia.
1946 5683 2062 5742 Per

467 5771 726 5851 Spiritum
758 5779 1009 5844 sanetum
1039 5770 1166 5834 data
1194 5780 1320 5834 sunt
1349 5790 1552 5850 genere
1579 5776 1922 5852 linguarum;
1953 5783 2062 5856 per

2179 4584 2451 4651 tribuitur,
2485 4585 2574 4656 qui
2604 4586 2658 4640 in
2688 4585 2798 4640 duo
2845 4586 3120 4644 dividitur.
3162 4588 3302 4642 Nam
3347 4595 3430 4642 est
3462 4588 3628 4642 timor
3653 4605 3774 4644 ser-

2179 4673 2302 4730 vilis
2333 4682 2385 4728 et
2411 4682 2493 4729 est
2519 4674 2682 4730 timor
2726 4673 2924 4730 ﬁlialis.
2972 4676 3175 4730 Servus
3225 4676 3427 4748 quippe
3472 4678 3629 4732 timet
3671 4676 3778 4733 Do-

2179 4763 2404 4830 minum,
2436 4779 2504 4817 ne
2543 4779 2668 4818 eum
2715 4763 2972 4830 damnet;
3024 4763 3167 4820 ﬁlius
3214 4766 3368 4819 timet
3417 4767 3662 4832 Patrem,
3715 4783 3785 4822 ne

2179 4867 2303 4908 cum
2333 4852 2663 4908 ethredet.
2697 4855 3002 4924 (Aucusr.)
3046 4875 3068 4906 ι
3105 4854 3280 4910 Timet
3310 4855 3562 4911 adultera
3613 4856 3782 4911 mario

2180 4949 2316 5008 tum,
2356 4957 2426 4997 ne
2464 4941 2692 5006 veniat;
2743 4941 2896 4998 timet
2941 4958 3078 4997 uxor
3119 4952 3290 5010 casta,
3322 4960 3392 5000 ne
3436 4945 3710 5002 discedat.
3753 4968 3778 4995 ι

2179 5030 2314 5086 Cum
2363 5030 2596 5102 Spiritus
2640 5039 2891 5098 sanctus,
2942 5032 3032 5104 qui
3097 5040 3179 5088 est
3226 5033 3491 5100 charitas,
3537 5045 3778 5090 mentem

2177 5119 2502 5192 possederit,
2539 5120 2789 5176 servilem
2837 5121 3088 5178 timorem
3128 5121 3274 5176 foras
3323 5124 3534 5179 emittet
3567 5142 3580 5187 ;
3614 5125 3776 5180 timor

2177 5211 2358 5261 autem
2389 5205 2618 5276 Spiritus
2648 5205 2864 5261 Domini
2894 5206 2948 5262 in
2978 5206 3236 5263 saeculum
3257 5208 3444 5263 szecnli
3464 5219 3771 5280 permanet.

2175 5295 2300 5349 Jam
2339 5295 2482 5350 enim
2514 5295 2819 5366 gehennam
2849 5302 2906 5348 ut
2934 5310 3126 5350 servus
3156 5297 3368 5366 peccati
3400 5314 3512 5353 non
3541 5299 3766 5364 timebit,

2176 5383 2303 5455 quia
2332 5381 2540 5436 nullum
2569 5391 2850 5453 peccalum
2882 5384 3221 5439 committere
3261 5387 3478 5456 quaerit.
3522 5388 3640 5442 Deo
3668 5404 3767 5441 au-

2175 5479 2280 5528 tem
2309 5485 2365 5526 ut
2392 5470 2531 5525 ﬁlius
2566 5488 2666 5542 per
2707 5472 3127 5528 delectationem
3164 5472 3417 5528 virtutum
3448 5476 3765 5540 adhaerebit,

2171 5582 2224 5632 et
2253 5572 2376 5630 ideo
2405 5573 2522 5643 ejus
2551 5573 2920 5632 hmreditatem
2951 5574 3270 5646 possidebit.
3301 5575 3387 5630 Ab
3424 5575 3598 5648 ipsius
3637 5594 3766 5650 gra-

2169 5679 2239 5738 tia
2261 5679 2603 5738 obtineamus
2636 5680 2869 5753 orando,
2919 5687 3186 5755 quatenus
3227 5695 3327 5736 nos
3376 5681 3526 5739 servi
3565 5681 3766 5740 Domi-

2166 5787 2298 5842 num
2323 5781 2503 5843 Deum
2531 5785 2776 5844 nostrum
2813 5780 3116 5858 timeamus,
3150 5796 3180 5840 ι
3218 5781 3364 5844 malo
3405 5781 3752 5852 declinando.
