4042 6080
325 231 431 285 985

1274 230 1855 290 DEFLORATIONES
1893 231 1998 290 SS.
2044 234 2343 295 PATRUM.
2370 269 2443 281 -—
2477 237 2605 296 LIB.
2646 244 2690 298 Ι.

3526 241 3629 297 986

326 371 397 412 ne
422 370 523 413 nos
570 371 669 429 per
694 361 1063 430 contemptum
1109 365 1501 429 praeceptorum
1541 374 1761 415 suorum
1815 358 1921 416 ali-
1948 357 2004 421 Α
2035 366 2147 417 tum
2176 363 2256 419 eis
2282 364 2485 430 inﬂuit,
2515 366 2661 437 quod
2697 366 2777 423 eis
2804 366 2992 424 notitia
3014 366 3257 424 omnium
3293 381 3473 422 rerum
3494 400 3499 409 ο
3521 365 3621 421 tri-

328 446 544 517 quando
572 444 748 517 pcenis
774 445 971 502 subdat
1001 460 1016 517 ;
1045 446 1158 504 imo
1203 448 1350 506 velut
1390 450 1572 505 hostes
1615 448 1720 505 sibi
1747 448 1922 504 rebel-

325 533 406 590 les
429 534 646 590 aeternis
700 534 979 590 tenuantis
1004 535 1209 608 puniat.
1267 537 1542 610 Rogemus
1568 553 1692 595 eum
1736 544 1796 593 ut
1830 537 1920 593 iu-

325 629 436 679 star
459 621 694 680 ﬁliorum
736 624 953 682 Israelis
1005 640 1308 693 vereamur,
1355 633 1414 682 ut
1441 633 1668 699 patrem,
1715 625 1920 684 bonum

327 721 598 791 faciendo,
632 728 895 793 quatenus
947 723 1255 781 cohaeredes
1306 722 1400 780 filii
1448 723 1530 780 sui
1563 724 1732 781 simus
1782 724 1923 782 facie

325 810 497 868 Patris
518 810 862 881 perfruendo.
923 811 1050 869 Post
1076 812 1324 870 timorem
1371 813 1465 870 dat
1518 812 1746 886 Spiritus
1797 815 1920 886 pie-

327 905 510 969 tatem,
545 907 603 955 ut
623 902 786 957 homo
808 899 998 958 factori
1025 917 1124 958 suo
1145 903 1338 960 devote
1352 902 1568 972 serviat,
1597 904 1920 976 etproximo

325 1006 449 1061 qua:
474 990 775 1059 praevalent
796 990 942 1047 bona
962 991 1259 1063 impendat.
1291 992 1501 1050 Deinde
1521 993 1802 1049 scientiam
1828 992 1919 1049 in-

322 1087 510 1159 spirat,
581 1096 639 1144 ut
692 1089 823 1161 quid
861 1091 1024 1147 homo
1066 1091 1245 1148 facere
1300 1092 1386 1149 vel
1412 1091 1654 1149 devitarc
1704 1091 1918 1161 debeat,

323 1176 477 1232 sciat.
510 1177 634 1233 Post
660 1179 798 1234 hanc
816 1178 1071 1235 fortitudo
1119 1180 1190 1237 ab
1218 1180 1336 1251 ipso
1365 1180 1612 1249 donatur,
1643 1188 1703 1237 ut
1754 1183 1920 1237 homo

325 1280 429 1322 nec
453 1266 687 1334 blandis,
717 1283 821 1323 nec
860 1268 1100 1325 adversis
1145 1268 1216 1325 ad
1243 1268 1371 1326 vitia
1393 1269 1654 1328 ﬂectatur.
1712 1269 1923 1327 Deinde

324 1355 613 1411 consilium
668 1355 863 1412 rationi
899 1356 1286 1427 subministrat,
1317 1367 1375 1415 ut
1400 1359 1530 1416 utile
1583 1359 1767 1432 eligat,
1823 1374 1921 1415 no-

323 1468 485 1509 cuum
514 1462 750 1526 respuat.
783 1455 909 1512 Post
935 1457 1040 1512 hoc
1080 1456 1406 1514 intellectum
1437 1465 1671 1531 prestat,
1710 1466 1768 1513 ut
1795 1456 1919 1514 ani-

323 1559 414 1599 ma
440 1559 537 1615 per
591 1542 825 1601 visibilia
851 1546 1181 1618 sempiterna
1236 1545 1525 1620 intelligat.
1576 1546 1784 1606 Deinde
1836 1562 1920 1601 sa-

324 1632 586 1706 pientiam
618 1633 860 1705 inspirat,
896 1642 955 1690 ut
980 1634 1257 1692 rationalis
1308 1642 1551 1693 creatura
1602 1635 1917 1693 mutabilem

322 1738 624 1787 creaturam
681 1730 961 1805 despiciat,
1019 1733 1328 1790 Creatorem
1356 1750 1512 1790 suum
1560 1734 1650 1806 qui
1679 1741 1759 1792 est
1801 1734 1913 1790 im-
1940 1716 1994 1779 Β

321 1828 585 1887 mutabile
638 1830 843 1887 bonum
894 1831 1106 1906 diligat,
1159 1833 1336 1890 solum
1394 1833 1598 1891 fontem
1640 1832 1918 1908 sapientia:

322 1918 594 1976 Christum
618 1920 673 1975 in
702 1920 907 1994 Spiritu
932 1930 1118 1979 sancto
1136 1922 1336 1995 sapiat.

392 2034 497 2104 Qui
554 2052 653 2108 per
677 2035 1050 2111 septiformem
1089 2037 1348 2110 Spiritum
1398 2038 1454 2096 in
1499 2038 1583 2095 his
1634 2038 1919 2097 virtutibus

324 2122 611 2190 ﬂorebunt,
667 2141 768 2196 per
802 2126 981 2198 ipsum
1031 2135 1240 2200 septem
1295 2144 1519 2186 munera
1560 2129 1616 2184 in
1669 2144 1915 2201 corpore,

320 2221 528 2286 septem
556 2213 702 2270 dona
738 2215 791 2270 in
823 2216 1006 2273 anima
1058 2217 1393 2285 obtinebunt,
1426 2217 1642 2289 quando
1696 2218 1751 2274 in
1782 2227 1920 2275 terra

323 2327 423 2366 sua
453 2311 689 2384 duplicia
728 2313 1098 2385 possidebunt,
1152 2330 1276 2370 cum
1305 2313 1360 2370 in
1387 2330 1612 2386 corpore
1647 2314 1786 2371 sicut
1835 2314 1920 2371 sol

327 2399 632 2473 fulgebunt,
692 2409 746 2457 et
798 2401 853 2457 in
899 2402 1080 2458 anima
1107 2404 1344 2473 aquales
1397 2404 1606 2477 angelis
1632 2411 1803 2459 erunt.
1834 2403 1918 2460 Ab

323 2488 444 2562 ipso
474 2505 707 2561 namque
753 2490 910 2561 cujus
945 2491 1397 2564 pulchritudinem
1449 2493 1532 2548 sol
1560 2493 1757 2549 etluna
1809 2493 1919 2548 mi-

322 2586 527 2645 rantur,
560 2579 760 2651 septies
788 2596 901 2652 prae
927 2580 1040 2636 sele
1068 2580 1264 2637 clarius
1292 2581 1349 2636 in
1375 2596 1601 2654 corpore
1650 2582 1920 2637 illustrau-

325 2683 449 2732 tur:
480 2676 721 2733 Christus
749 2677 951 2749 quippe
979 2693 1077 2749 per
1105 2678 1364 2751 Spiritum
1389 2687 1630 2735 sanetum
1648 2678 1920 2736 reforma-

325 2763 410 2822 bit
445 2781 641 2839 corpus
693 2766 1010 2823 humilitatis
1040 2783 1204 2833 verse,
1254 2766 1652 2840 conﬁguratum
1708 2768 1922 2839 corpori

327 2854 585 2912 claritatis
601 2870 713 2911 sua:
743 2855 1016 2932 (Philipp.
1058 2856 1159 2920 Ill).
1185 2857 1395 2913 Etcum
1422 2857 1491 2913 sit
1542 2872 1737 2929 corpus
1762 2857 1919 2929 spiri-

329 2942 454 3013 tale,
488 2943 578 2999 ille
608 2943 764 3014 cujus
788 2960 966 3001 sermo
994 2945 1254 3002 velociter
1279 2945 1444 3002 currit
1470 2945 1648 3017 (Psal.
1688 2948 1919 3019 cxnvu),

2028 449 2161 506 buit.
2206 453 2469 510 Ineﬂ'abili
2517 456 2753 513 amicitia
2795 456 3130 528 copulantur,
3191 456 3317 528 quia
3362 456 3528 512 aDeo
3559 462 3618 510 ut

2027 540 2145 614 ﬁlii,
2202 542 2271 598 ab
2301 545 2510 617 angelis
2542 552 2602 601 ut
2642 546 2832 602 fratres
2870 554 3134 603 amantur.
3175 543 3619 617 Incomparabilis

2028 631 2316 689 concordia
2342 648 2437 690 eos
2474 635 2827 708 conglutinet,
2871 636 2997 707 quia
3022 651 3124 693 nec
3157 636 3319 705 Deus,
3364 651 3463 691 nec
3506 633 3614 691 ali-

2029 729 2149 799 quis
2175 737 2478 786 sancterum
2508 733 2577 789 ab
2624 733 2863 805 ipsorum
2901 733 3171 790 voluntate
3200 732 3487 802 discrepat.
3519 732 3616 787 In-

2028 818 2332 875 aestimabili
2362 826 2620 892 potestate
2648 822 3022 892 sublimantur,
3062 822 3188 893 quia
3224 838 3365 879 neve
3384 821 3522 877 cmlo
3565 828 3620 878 et

2028 923 2185 964 novae
2215 916 2369 965 terrae
2395 911 2787 983 principantur.
2826 911 3174 968 Inenarrabili
3215 914 3422 968 honore
3457 911 3614 966 exal-

2029 1003 2222 1068 tantur,
2255 999 2381 1071 quia
2408 999 2478 1054 ab
2506 1000 2622 1072 ipso
2652 1002 2765 1057 Deo
2794 1008 2847 1056 et
2872 1001 2942 1057 ab
2968 1001 3230 1058 universis
3271 1002 3479 1074 angelis
3519 1018 3614 1057 ve-

2027 1104 2296 1154 nerantur.
2329 1098 2553 1155 Summa
2580 1101 2859 1155 securitate
2890 1101 3113 1173 pollent,
3145 1101 3272 1171 quia
3298 1116 3457 1157 nemo
3493 1101 3611 1159 haec

2027 1195 2097 1251 ab
2125 1196 2204 1251 eis
2230 1212 2463 1267 unquam
2497 1197 2663 1253 tollet.
2704 1198 2931 1253 Plenum
2976 1197 3232 1270 gaudium
3274 1197 3331 1253 in
3368 1198 3451 1253 his
3495 1197 3610 1253 sine

2024 1282 2131 1339 ﬁne
2160 1284 2436 1340 habebunt
2465 1301 2480 1355 ;
2512 1302 2701 1341 omnes
2732 1286 2935 1343 amicos
2973 1302 3122 1355 suos,
3182 1301 3317 1356 quos
3356 1286 3610 1357 diligunt,

2025 1372 2216 1429 iisdem
2244 1373 2404 1431 bonis
2432 1374 2535 1431 frui
2551 1382 2809 1447 perpetuo
2833 1375 3165 1448 gaudebunt.
3187 1376 3315 1431 Haec
3333 1375 3613 1431 suntdoua

2026 1487 2146 1543 quas
2185 1473 2422 1529 Christus
2458 1474 2512 1528 in
2551 1474 2716 1530 altum
2749 1473 3043 1531 ascendens
3089 1473 3398 1529 hominibus
3443 1473 3609 1542 dedit,

2025 1576 2159 1634 quos
2187 1577 2220 1619 a
2274 1561 2492 1619 diabolo
2541 1571 2745 1633 captes,
2802 1562 2872 1620 de
2923 1570 3094 1620 morte
3143 1563 3383 1634 captives
3439 1561 3610 1632 duxit,

2024 1650 2398 1725 astrigerisque
2411 1651 2809 1724 sedibus_victor
2822 1652 3088 1726 gloriosus
3104 1650 3327 1709 invexit.

2698 1766 2907 1809 DIVISIO
2918 1793 2933 1809 .

2094 1855 2158 1909 In
2190 1860 2328 1909 terra
2356 1851 2543 1925 positis
2577 1852 2840 1909 Dominus
2867 1851 3009 1909 dona
3059 1868 3156 1908 sua
3183 1851 3424 1919 contulit,
3481 1850 3610 1907 dum

2022 1956 2123 2013 per
2153 1942 2474 1999 charismata
2495 1944 2665 1999 sancti
2724 1941 2954 2013 Spiritus
2997 1957 3092 1998 eos
3125 1942 3295 2015 signis
3350 1948 3403 1996 et
3458 1942 3614 1996 nevis

2025 2031 2229 2104 linguis
2262 2047 2540 2089 coruscare
2600 2031 2810 2088 tribuit.
2865 2032 3030 2088 Porro
3072 2031 3163 2103 qui
3201 2038 3407 2102 septem
3456 2029 3612 2085 donis

2026 2129 2256 2201 Spiritus
2293 2129 2463 2187 sancti
2516 2130 2671 2185 vacui
2737 2129 3096 2197 inveniuntur,
3151 2136 3282 2198 quot
3326 2128 3412 2184 isti
3454 2128 3612 2183 bonis

2026 2218 2388 2290 perfruuntur,
2420 2225 2499 2275 tot
2553 2219 2628 2275 illi
2668 2220 2842 2291 pmnis
2892 2217 3286 2275 eruciabuntur.
3317 2219 3449 2274 Hinc
3491 2223 3617 2272 sunt

2025 2306 2155 2364 olim
2212 2307 2267 2363 in
2314 2308 2437 2381 lege
2466 2306 2804 2380 praeﬁgurata
2835 2326 2851 2375 ;
2882 2310 2999 2363 haec
3028 2323 3124 2380 per
3151 2308 3440 2379 prophetas
3462 2321 3610 2375 p11!!-

2026 2405 2285 2462 nuntiata.
2318 2406 2398 2461 De
2427 2405 2589 2474 legali
2617 2403 2818 2476 quippe
2846 2403 3171 2461 candelabro
3199 2410 3404 2475 septem
3433 2403 3612 2459 lucer-

2025 2511 2111 2551 nse
2136 2493 2447 2566 praecedunt
2475 2494 2679 2568 (Exod.
2733 2497 2856 2564 xv),
2895 2494 3021 2564 quia
3048 2493 3116 2548 de
3146 2493 3354 2549 Christo
3407 2499 3614 2565 septem

2026 2591 2170 2648 dona
2198 2592 2428 2664 Spiritus
2483 2592 2651 2647 sancti
2694 2590 2946 2647 Ecclesia:
2990 2589 3271 2662 prodeunt.
3321 2589 3449 2645 Haec
3491 2594 3614 2643 sunt

2025 2689 2232 2753 septem
2260 2681 2526 2736 columna)
2583 2680 2778 2751 quibus
2811 2679 3005 2736 domus
3057 2677 3347 2750 Sapientiae
3400 2676 3617 2732 fulcitur

2026 2770 2215 2842 (Prov.
2254 2772 2353 2837 ιιι),
2387 2770 2513 2839 quia
2536 2769 2693 2825 donis
2721 2776 2926 2841 septem
2957 2767 3186 2839 Spiritus
3212 2766 3379 2823 sancti
3417 2763 3615 2821 Eccle-

2026 2859 2126 2929 sia,
2157 2875 2277 2930 qua:
2296 2858 2594 2914 estdomus
2620 2857 2740 2926 Dei,
2783 2856 3087 2929 insigniter.
3137 2855 3205 2911 Hi
3233 2861 3356 2910 sunt
3409 2861 3615 2926 septem

2027 2957 2191 3026 oculi,
2224 2972 2359 3027 quos
2383 2958 2650 3028 propheta
2698 2954 2754 3010 in
2779 2970 2888 3011 uno
2915 2953 3094 3026 lapide
3122 2952 3274 3009 videt
3297 2951 3488 3022 (Zach.
3510 2949 3615 3022 ιιι),

325 3046 475 3097 tanta
495 3041 627 3098 illud
656 3042 848 3100 vestiet
885 3043 1187 3110 velocitate,
1245 3050 1304 3099 ut
1331 3059 1493 3114 quam
1514 3044 1619 3100 cito
1647 3060 1789 3100 nunc
1842 3044 1923 3101 vi-
1948 3069 1999 3136 ο
2027 3047 2155 3120 quia
2181 3046 2431 3102 videlicet
2459 3053 2611 3117 petra
2641 3044 2878 3101 Christus
2931 3051 3138 3114 septem
3168 3041 3338 3136 _dona
3392 3040 3620 3136 Spiritus

326 3146 417 3186 sus
445 3131 641 3187 coelum
662 3132 750 3188 vel
780 3131 1049 3207 cogitatus
1083 3132 1231 3190 orbis
1257 3140 1558 3190 extremum
1587 3133 1801 3206 attingit
1825 3149 1922 3190 sua

328 3228 590 3301 agilitate,
625 3235 734 3285 tam
762 3230 970 3287 concito
1001 3236 1127 3286 tunc
1150 3230 1277 3287 illuc
1312 3229 1512 3287 feratur
1536 3231 1777 3303 corporis
1794 3247 1921 3287 mo-

328 3316 555 3374 bilitate.
577 3318 660 3374 Ab
680 3318 798 3391 ipso
838 3318 1001 3375 etiam
1029 3319 1121 3389 qui
1135 3328 1214 3376 est
1227 3318 1470 3376 omnium
1492 3319 1764 3390 fortitudo,
1794 3327 1920 3376 tan-

330 3412 384 3462 ta
427 3407 772 3464 roborabitur
798 3407 1129 3475 fortitudine,
1160 3416 1220 3463 ut
1246 3408 1420 3464 moles
1443 3410 1708 3465 montium
1762 3409 1922 3466 facile

332 3504 506 3575 possit
532 3505 669 3576 pede
698 3505 1028 3562 subvertere.
1061 3505 1152 3560 Ab
1192 3504 1312 3577 ipso
1342 3521 1554 3577 quoque
1584 3506 1675 3576 qui
1704 3505 1806 3561 fuit
1830 3506 1921 3562 in-

331 3599 413 3649 ter
440 3600 679 3650 mortuos
707 3594 847 3651 liber
884 3595 1063 3665 (Prol.
1118 3595 1398 3662 Lxxxvu),
1462 3601 1607 3650 tanta
1634 3594 1794 3651 inerit
1843 3595 1923 3651 eis

329 3681 507 3754 gratia
536 3682 816 3753 libertatis,
844 3691 902 3738 ut
929 3682 1107 3740 omnis
1127 3682 1300 3738 solida
1344 3689 1586 3738 creatura
1613 3682 1681 3739 sit
1709 3684 1757 3739 ei
1817 3700 1922 3757 pe-

329 3771 625 3827 netrabilis.
654 3774 715 3827 In
746 3772 900 3844 cujus
937 3772 1146 3830 visione
1185 3772 1365 3845 angeli
1393 3788 1595 3844 magna
1639 3771 1921 3830 dulcedine

327 3866 634 3924 redundant
668 3882 897 3932 ;emnes
936 3868 1106 3924 sancti
1161 3867 1415 3923 maximis
1460 3867 1667 3924 deliciis
1711 3869 1921 3925 exube-

329 3963 470 4022 rant,
502 3955 571 4011 ab
599 3956 717 4026 ipse
747 3955 894 4011 omni
921 3955 1193 4013 atlluentia
1220 3957 1510 4027 voluptatis
1555 3958 1919 4027 perfruuntur,

332 4046 462 4101 dum
493 4045 547 4099 in
575 4045 775 4119 gaudio
812 4046 1032 4102 Domini
1078 4045 1160 4101 sui
1206 4061 1368 4116 super
1396 4046 1580 4101 omnia
1631 4045 1777 4103 bona
1824 4063 1921 4105 sua

333 4143 745 4209 constituuntur,
804 4142 895 4198 ubi
926 4142 1134 4214 Regem
1179 4142 1368 4215 gloria:
1396 4141 1550 4197 sicuti
1606 4150 1688 4198 est
1703 4151 1923 4200 cernent

330 4232 387 4288 in
414 4248 512 4287 suo
543 4230 757 4299 decore,
788 4231 841 4286 in
863 4247 1023 4302 quem
1036 4230 1921 4302 desiderantprospicerc,ubiom-

330 4321 481 4377 nium
513 4320 833 4393 angelorum
862 4328 916 4375 et
942 4327 1248 4375 sanctorum
1276 4318 1507 4392 gloriam
1530 4318 1789 4387 vident,et
1823 4335 1922 4376 sua

2029 3136 2199 3192 sancti
2229 3136 2299 3192 ad
2326 3134 2777 3191 illuminationem
2831 3132 3133 3188 animarum
3159 3130 3407 3187 ﬁdelibus
3445 3129 3613 3186 dedit.

2026 3234 2158 3289 Hec
2184 3240 2310 3288 sunt
2335 3247 2537 3288 cornua
2563 3229 2706 3302 Agni
2733 3237 2953 3301 propter
2978 3244 3079 3284 nos
3096 3227 3257 3284 occisi
3307 3228 3515 3299 (Apoc.'
3537 3226 3617 3296 v),

2030 3323 2224 3394 quibus
2250 3320 2529 3377 credentes
2574 3319 2866 3391 proderunt
2905 3318 3084 3390 capita
3126 3324 3332 3388 septem
3368 3314 3617 3370 draconis

2024 3409 2146 3468 rufi.
2174 3408 2329 3467 Unde
2357 3417 2411 3465 et
2434 3408 2606 3464 isdem
2636 3407 2865 3479 Spiritus
2891 3414 3105 3462 sanctus
3121 3421 3284 3476 super
3319 3396 3611 3460 Dominum

2026 3499 2354 3571 baptizatum
2384 3497 2441 3552 in
2466 3496 2735 3554 columba:
2747 3493 3274 3568 speciedeseendisse
3295 3492 3617 3564 praedicatur

2026 3605 2249 3668 propter
2272 3604 2479 3667 septem
2509 3602 2725 3651 naturas
2751 3608 2871 3663 quae
2889 3592 2946 3648 in
2981 3591 3235 3648 columba
3278 3607 3394 3647 esse
3412 3605 3618 3647 memo-

2026 3694 2230 3753 rantur,
2291 3684 2555 3741 Columba
2599 3682 2657 3738 in
2694 3689 2846 3755 petra
2899 3679 3156 3747 nidiﬁcat,
3214 3680 3342 3751 quia
3386 3678 3616 3749 Spiritus

2027 3782 2243 3831 sanctus
2270 3773 2325 3830 in
2365 3773 2573 3830 Christo
2627 3771 2978 3844 corporaliter
3003 3770 3230 3839 habitat,
3262 3768 3472 3825 alienos
3499 3768 3617 3840 pul-

2028 3864 2110 3921 los
2130 3862 2313 3932 nutrit,
2334 3862 2464 3917 dum
2493 3868 2731 3918 errantes
2749 3876 2781 3916 a
2798 3876 2969 3932 regno
3008 3859 3107 3914 Dei
3138 3859 3343 3913 alienos
3369 3873 3470 3927 per
3493 3873 3618 3928 poe-

2027 3961 2308 4018 nitentiam
2356 3959 2607 4025 reducit;
2648 3974 2783 4030 pura
2833 3972 3004 4030 grana
3031 3955 3201 4028 eligit,
3223 3955 3536 4025 quiabonos
3561 3954 3630 4010 de

2029 4046 2206 4110 malis.
2236 4053 2296 4102 ut
2320 4061 2493 4119 grana
2520 4043 2589 4099 de
2625 4042 2794 4114 paleis
2813 4041 3043 4098 secernit
3072 4058 3087 4105 ;
3121 4039 3245 4095 felle
3292 4046 3457 4105 caret,
3496 4039 3623 4109 quia

2028 4135 2236 4192 malitia
2289 4150 2384 4190 eos
2402 4139 2627 4190 evacuat
2655 4147 2790 4202 quos
2818 4129 3057 4201 possidet
3086 4147 3103 4196 ;
3134 4144 3241 4184 non
3262 4127 3409 4183 laedit
3425 4135 3616 4196 rostro,

2030 4223 2157 4295 quia
2182 4222 2384 4295 Spiritu
2410 4229 2594 4278 sancte
2622 4221 2857 4293 repletus
2872 4234 2983 4275 non
3011 4216 3291 4273 insidiatur
3326 4216 3574 4289 proximo
3598 4234 3612 4273 :

2023 4321 2182 4393 juxta
2226 4321 2425 4376 ﬂuenta
2452 4319 2676 4386 habitat,
2708 4317 2835 4389 quia
2853 4316 3083 4389 Spiritus
3095 4323 3309 4372 sanctus
3332 4314 3389 4371 in
3402 4314 3623 4385 sapien-

331 4410 581 4466 membra
611 4417 802 4466 cuncta
836 4407 1113 4481 perlucida
1141 4408 1283 4462 intus
1308 4415 1363 4462 et
1380 4414 1531 4463 extra
1585 4407 1873 4479 inspiciunt
1903 4427 1920 4477 ;
1956 4424 2011 4489 ι)
2032 4412 2177 4468 tibus
2229 4409 2437 4466 habitat
2467 4409 2773 4481 ;gregatim
2813 4407 2978 4476 volat,
3021 4406 3148 4476 quia
3179 4403 3522 4478 congregatis
3564 4403 3623 4459 in

329 4498 422 4554 ubi
441 4498 648 4571 jugiter
674 4496 898 4553 audiunt
942 4511 1194 4552 resonare
1251 4510 1457 4567 organa
1510 4503 1819 4551 sanctorum
1874 4505 1929 4554 et

330 4604 623 4654 concentus
667 4595 983 4667 angelorum
1015 4611 1029 4662 ;
1060 4593 1151 4648 ubi
1204 4592 1534 4648 cinnamomi
1590 4601 1643 4649 et
1696 4594 1925 4663 balsami

333 4684 500 4742 odore
546 4684 862 4741 suavissimo
921 4681 1321 4749 recreabuntur,
1376 4680 1512 4736 etin
1557 4690 1774 4754 aspectu
1825 4680 1927 4740 Dei

335 4772 663 4830 exsultantes
688 4772 990 4845 epulentur,
1021 4777 1076 4827 et
1128 4770 1183 4825 in
1204 4769 1388 4825 laetitia
1442 4770 1788 4839 delectentur,
1847 4779 1927 4829 at-

333 4878 441 4934 que
470 4861 539 4917 ab
573 4861 816 4917 ubertate
837 4860 1031 4915 domus
1048 4858 1149 4915 Dei
1177 4857 1607 4934 inebriabuntur,
1622 4866 1673 4915 et
1695 4866 1924 4918 torrente

331 4950 634 5023 voluptatis
651 4950 770 5021 ejus
796 4947 1125 5020 petabuntur
1154 4947 1555 5017 (Psal.xxxv).
1574 4947 1656 5002 Ab
1686 4947 1805 5017 ipso
1832 4950 1925 5020 qui

331 5057 416 5105 est
440 5049 586 5105 salus
612 5047 853 5105 omnium
881 5053 1030 5101 tanta
1074 5045 1300 5101 sanitate
1318 5043 1632 5110 solidantur,
1679 5052 1738 5100 ut
1789 5045 1927 5103 sicut

335 5160 481 5200 nunc
504 5142 686 5198 radius
713 5142 843 5198 solis
884 5141 1088 5196 nullam
1146 5138 1459 5204 sectionem,
1516 5139 1590 5194 ita
1640 5139 1744 5211 ipsi
1797 5147 1925 5197 tunc

331 5241 539 5296 nullam
559 5239 800 5310 corporis
837 5237 1145 5307 passionem
1168 5235 1455 5308 patiantur.
1484 5235 1569 5290 Ab
1606 5235 1699 5292 illo
1729 5237 1819 5308 qui
1847 5244 1925 5295 est

330 5329 444 5385 vita
473 5335 693 5394 aeterna,
724 5326 803 5381 sic
823 5326 1166 5398 longaevitate
1185 5323 1737 5395 conﬁrmantur,quod
1791 5342 1925 5381 nun-

328 5434 493 5488 quam
521 5416 577 5470 in
605 5424 864 5471 aeternum
895 5421 1067 5469 morte
1086 5414 1377 5469 solventur.
1409 5414 1537 5469 llaec
1554 5420 1762 5484 septem
1780 5414 1925 5470 bona

325 5512 609 5570 habebunt
635 5511 689 5567 in
720 5526 946 5582 corpore
958 5526 1056 5583 per
1068 5518 1274 5581 septem
1316 5510 1483 5566 sancti
1513 5510 1743 5580 Spiritus
1758 5510 1920 5567 dona.

319 5600 576 5668 Totidem
605 5607 663 5665 in
690 5605 872 5665 anima
925 5604 1220 5675 habebunt,
1260 5605 1355 5663 ubi
1382 5604 1449 5662 de
1495 5604 1654 5663 benis
1703 5606 1925 5665 Domini

318 5708 638 5787 perenniter
662 5706 993 5786 gaudebunt.
1025 5705 1167 5767 Nam
1195 5706 1311 5784 ipse
1359 5705 1481 5767 fons
1507 5706 1786 5783 sapientia
1817 5713 1927 5787 tan-_

2034 4499 2255 4557 nomine
2292 4498 2512 4554 Domini
2531 4497 2762 4568 Spiritus
2788 4503 3003 4552 sanctus
3029 4510 3126 4550 sua
3165 4509 3391 4550 munera
3434 4492 3619 4548 donat.

2032 4584 2186 4642 Unde
2240 4584 2548 4654 propheta:
2597 4604 2619 4631 «ι
2652 4582 2810 4650 Ecce,
2840 4578 3034 4650 inquit,
3074 4594 3237 4649 quam
3290 4577 3516 4644 bonum,
3574 4582 3629 4631 et

2034 4698 2197 4754 quam
2229 4679 2531 4752 jucundum
2584 4678 2826 4734 habitare
2884 4678 3072 4733 fratres
3123 4676 3179 4730 in
3233 4691 3398 4731 unum
3434 4677 3447 4730 l
3482 4674 3630 4729 Sicut

2031 4785 2367 4852 unguentum
2394 4776 2451 4831 in
2477 4774 2651 4847 capite
2683 4773 2828 4844 quod
2856 4771 3131 4829 descendit
3154 4771 3210 4826 in
3229 4770 3477 4837 barbam,
3511 4767 3628 4823 bar-

2031 4868 2159 4923 bam
2179 4870 2376 4933 Aaron,
2409 4865 2553 4935 qued
2581 4861 2857 4918 descendit
2883 4861 2938 4916 in
2965 4876 3116 4916 oram
3162 4857 3464 4915 vestimenti
3508 4856 3626 4926 ejus

2032 4956 2170 5012 sicut
2196 4970 2285 5011 res
2310 4955 2570 5023 Hermen,
2604 4952 2694 5021 qui
2731 4949 3007 5006 descendit
3062 4948 3118 5003 in
3162 4954 3405 5003 montem
3455 4945 3613 5003 Sion.

2032 5054 2213 5125 (Psal.
2270 5051 2506 5120 cxxxu).
2547 5071 2569 5099 υ
2606 5046 3063 5103 Fratresinunum
3086 5043 3366 5098 unanimes
3380 5059 3501 5098 cum
3526 5042 3624 5114 ju-

2031 5142 2296 5200 cuncitate
2336 5137 2671 5203 habitabant,
2710 5133 2927 5207 quando
2972 5131 3255 5187 multitudo
3291 5130 3621 5187 credentium

2029 5256 2125 5298 cor
2161 5254 2326 5293 unum
2355 5244 2410 5292 et
2436 5235 2672 5291 animam
2700 5247 2863 5287 unam
2893 5230 3181 5295 habebant,
3212 5227 3341 5284 Ideo
3370 5245 3623 5302 unguen-

2031 5337 2142 5386 tum
2172 5327 2242 5382 de
2282 5325 2456 5395 capite
2496 5324 2554 5377 in
2594 5322 2821 5377 barbam
2842 5321 3021 5374 Aaron
3054 5317 3349 5387 descendit,
3392 5318 3517 5388 quia
3552 5317 3619 5374 de

2031 5426 2207 5498 capite
2243 5422 2484 5479 omnium
2525 5421 2639 5476 Deo
2659 5417 2862 5475 scilicet
2897 5416 3125 5488 Spiritus
3159 5423 3391 5482 sanctus,
3431 5415 3622 5487 quiest

2030 5512 2282 5588 spiritalis
2310 5509 2512 5580 unctio,
2570 5506 2626 5563 in
2647 5506 2920 5579 apostolos
2943 5505 3106 5561 venit.
3138 5503 3240 5559 Per
3282 5505 3479 5571 Aaron,
3528 5503 3620 5574 qui

2029 5626 2192 5694 mort:
2220 5605 2587 5683 fortitudini:
2616 5602 2827 5675 dicitur,
2872 5600 3110 5660 Christus
3147 5599 3478 5694 intelligitur,
3523 5613 3622 5694 per

2031 5691 2191 5784 quem
2212 5702 2399 5765 fideles
2425 5707 2611 5764 contra
2636 5698 2769 5765 vitia
2795 5696 2959 5759 fortes
2987 5695 3239 5767 existunt,
3270 5702 3429 5769 atque
3457 5692 3513 5751 in
3541 5691 3618 5751 al-
