3986 6070
439 239 544 294 987
1541 237 1893 294 WERNERI
1946 236 2045 293 ΑΒ]

2151 236 2233 294 us
2271 237 2327 293 s.
2380 224 2631 295 ausu.
2696 271 2700 273 -
3634 236 3731 294 sas

430 371 556 420 tum
586 363 655 418 de
688 362 883 421 virtute
910 362 966 418 in
984 363 1235 419 virtutem
1265 362 1436 418 ibunt.
1467 363 1641 435 Hujus
1673 364 1844 419 barba
1888 378 2028 435 apo-
2057 360 2111 422 A
2140 378 2263 419 suas
2291 378 2388 434 pro
2431 364 2624 418 ovibus
2668 361 2773 418 sibi
2830 362 3148 429 commissis,
3199 361 3389 434 praevii
3417 361 3586 418 duces
3634 378 3737 433 po-

442 451 563 507 stoli
593 459 761 520 erant,
785 452 912 507 dum
944 452 992 508 ei
1024 454 1112 523 qui
1144 461 1223 509 est
1250 469 1313 508 os
1336 453 1504 523 patris
1539 453 1688 523 quasi
1733 452 1904 507 barba
1953 451 2032 506 ori

445 534 801 596 adhmserant.
827 542 905 596 De
960 541 1129 596 barba
1155 550 1487 614 unguentum
1547 542 1604 597 in
1657 541 2033 598 vestimentum

436 628 618 706 ﬂuxit,
652 638 779 693 dum
802 632 1030 709 Spiritus
1076 648 1289 695 sanctus
1315 656 1415 710 per
1466 639 1864 711 impositionem
1923 654 2036 692 ma-

446 730 612 781 nuum
652 729 1020 799 apOstolorum
1077 746 1135 783 se
1164 718 1504 784 credentibus
1558 727 1771 783 inludit.
1807 720 1915 784 Ros
1968 724 2037 782 de

445 824 705 895 Harmon,
733 827 877 896 quod
918 828 1226 883 anathema
1272 834 1444 891 sonat,
1503 826 1557 881 in
1612 833 1851 882 montem
1882 825 2033 893 Sion,

447 913 591 983 quod
618 918 847 988 specula
877 916 1070 970 dicitur
1094 915 1388 982 descendit,
1420 916 1546 969 dum
1578 931 1808 985 superna
1863 914 2036 986 gratia

440 1002 517 1056 "de
548 1003 844 1077 Synagoga
866 1005 917 1058 in
947 1005 1246 1060 Ecclesium
1276 1004 1439 1060 venit.
1454 1006 1610 1060 Mons
1636 1005 1870 1058 Hermon
1880 1002 2036 1072 juxta

444 1102 736 1157 'Jordanem
784 1111 863 1157 est
918 1103 1068 1170 situs,
1108 1103 1200 1158 ubi
1257 1103 1517 1157 Dominus
1572 1108 1650 1156 est
1702 1100 2025 1169 baptizatus.

447 1191 557 1246 Ros
583 1207 713 1263 ergo
769 1193 1005 1247 Hermon
1035 1200 1116 1247 est
1170 1192 1398 1261 Spiritus
1452 1199 1683 1259 sanctus,
1742 1190 1829 1259 qui
1877 1206 2038 1260 super

443 1272 740 1334 Dominum
770 1278 823 1335 in
878 1274 1147 1350 baptismo
1178 1281 1245 1335 ad
1274 1281 1431 1335 istum
1489 1287 1725 1335 montem
1755 1279 1919 1345 venit,
1945 1279 2036 1349 qui

2139 455 2376 502 suerunt.
2403 449 2691 518 Postquam
2714 448 2856 503 Deus
2884 450 3066 503 omnia
3095 448 3149 501 in
3170 447 3438 517 principio
3493 463 3590 503 sex
3621 447 3739 501 die-

2140 536 2241 592 bus
2268 538 2488 603 creavit,
2538 539 2827 606 septimum
2875 536 3246 605 sanctiﬁcavit,
3270 537 3394 607 quia
3426 537 3480 590 in
3510 537 3631 607 ipso
3654 553 3741 590 re-

2142 634 2420 706 quiescens
2450 635 2516 689 ab
2544 651 2706 705 opere
2729 636 2988 690 cessavit.
3030 635 3118 689 Sic
3149 636 3237 705 qui
3269 635 3323 689 in
3342 652 3438 689 sex
3495 635 3744 688 aetatibus

2142 728 2327 787 mundi
2388 730 2442 787 in
2490 731 2645 785 donis
2703 730 2934 803 Spiritus
2962 733 3131 787 sancti
3179 733 3389 801 operari
3420 731 3657 793 student,
3693 731 3742 784 in

2141 822 2371 893 septima
2420 836 2519 890 per
2546 821 2720 891 ipsum
2781 815 2849 875 ab
2878 821 3025 875 omni
3048 821 3232 875 labore
3259 818 3623 890 requiescent.
3657 818 3744 874 Sic

2142 925 2240 966 nos
2271 926 2483 980 quoque
2528 926 2623 963 sex
2688 909 2877 964 diebus
2906 910 2961 963 in
3008 903 3349 965 hebdomada
3407 906 3740 969 laboramus,

2141 1000 2196 1053 in
2225 999 2453 1070 septima
2479 1014 2755 1065 vacamus,
2788 999 2913 1068 quia
2942 1015 3041 1069 per
3079 998 3450 1070 septiformem
3482 994 3743 1068 Spiritum

2142 1103 2284 1142 nunc
2337 1087 2494 1141 bonis
2545 1087 2797 1158 operibus
2826 1087 3137 1155 insistimus,
3196 1087 3251 1140 in
3282 1086 3462 1141 futuro
3495 1086 3568 1141 ab
3596 1085 3743 1139 omni

2142 1191 2305 1247 Opere
2330 1175 2556 1229 feliciter
2601 1176 3002 1245 requiescimus,
3033 1175 3123 1229 ubi
3155 1192 3252 1246 per
3275 1176 3454 1247 ipsum
3514 1173 3741 1231 vacabi-

2142 1281 2279 1331 mus,
2314 1273 2366 1320 et
2395 1267 2569 1319 Deum
2599 1265 2751 1320 sicuti
2781 1271 2863 1321 est
2890 1264 3212 1320 videbimus.

445 1368 611 1424 hodie
639 1369 695 1423 in
725 1377 961 1423 montem
1019 1369 1149 1425 Sion
1177 1370 1230 1424 in
1265 1370 1409 1441 quod
1437 1369 1536 1425 sita
1568 1378 1645 1424 est
1675 1367 2031 1438 Hierusalem,
2132 1373 2136 1377 '

446 1473 613 1527 super
640 1458 917 1513 credentes
945 1458 1245 1515 descendit.

523 1571 763 1641 Qualiter
787 1580 964 1627 autem
992 1573 1095 1628 hoc
1123 1574 1424 1647 contigerit,
1450 1575 1721 1648 Scriptura
1748 1575 1905 1631 nobis
1931 1577 2034 1630 ho-

453 1656 540 1715 die
586 1661 790 1716 retulit.
827 1661 967 1716 Dum
1025 1663 1411 1736 quinquaginta
1448 1666 1562 1719 dies
1590 1681 1621 1720 a
1653 1666 2037 1720 resurrectione

455 1748 646 1805 Christi
667 1751 995 1820 transissent,
1052 1751 1396 1824 et-discipuli,
1454 1760 1512 1809 ut
1548 1772 1690 1825 sepe
1746 1754 2038 1809 ascendens

451 1855 802 1918 princeperat,
838 1846 892 1903 in
916 1847 1250 1906 Hierusalem
1281 1852 1479 1922 pariter
1495 1853 1832 1915 resedissent,
1863 1850 2038 1907 subito

439 1932 646 2009 ingens
673 1952 836 1992 sonus
874 1942 1127 2009 tanquam
1156 1941 1490 1995 vehementis
1508 1943 1652 1998 venti
1682 1940 1897 1997 advenit
1949 1940 2039 2011 qui

443 2031 617 2081 totam
673 2025 895 2082 domum
950 2028 1044 2082 ubi
1082 2037 1232 2084 erant
1287 2029 1533 2085 sedentes
1579 2032 1849 2102 replevit:
1881 2038 2040 2101 atque

448 2113 625 2187 igneae
644 2115 845 2188 linguae
874 2115 979 2171 illis
1032 2126 1412 2189 apparuerunt,
1458 2120 1652 2188 quibus
1680 2119 1882 2173 incensi
1927 2137 2042 2175 om-

451 2204 600 2258 nium
632 2204 875 2275 gentium
912 2205 1110 2278 linguis
1138 2208 1410 2279 magnalia
1430 2208 1527 2263 Dei
1556 2209 1701 2277 loqui
1730 2216 2031 2279 cmperunt.

453 2300 618 2356 Porro
639 2310 857 2372 prepter
881 2302 1165 2358 instantem
1216 2303 1556 2360 festivitatem
1585 2306 1754 2361 Judaei
1808 2322 1873 2360 ex
1894 2306 2040 2361 omni

454 2389 671 2445 natione
725 2390 884 2445 totius
937 2392 1084 2446 orbis
1140 2392 1193 2446 in
1249 2393 1582 2449 Hierusalem
1653 2395 2037 2464 conﬂuxerant,

455 2478 583 2547 quia
612 2478 959 2535 Pentecosten
1014 2480 1241 2553 singulis
1293 2482 1447 2537 annis
1499 2483 1570 2538 ob
1626 2492 1903 2554 acceptam
1948 2485 2041 2540 illo

444 2579 694 2647 .tempore
729 2575 910 2648 legem
963 2578 1349 2644 celebrabant;
1385 2580 1474 2649 qui
1532 2582 1635 2635 hoc
1654 2580 1834 2635 audito
1881 2580 2041 2635 si-nul

439 2673 835 2732 convenerant,
868 2672 922 2721 et
973 2666 1170 2739 singuli
1200 2668 1441 2741 linguam
1471 2670 1525 2723 in
1556 2686 1662 2739 qua
1685 2670 1794 2723 nati
1824 2678 1947 2724 sunt
1974 2669 2041 2724 de

456 2767 551 2807 ore
580 2768 766 2808 eorum
794 2755 1076 2827 stupefacti
1107 2756 1416 2812 audiebant.
1450 2757 1597 2826 Quos
1627 2760 1809 2813 Petrus
1833 2760 2039 2813 allocu-

457 2849 539 2897 tus
568 2841 705 2898 dixit
731 2845 865 2912 baec,
908 2862 1005 2916 per
1030 2848 1323 2916 prophetas
1376 2848 1651 2918 praedicta,
1712 2865 1807 2919 per
1857 2850 2041 2903 Jesum

454 2956 584 2997 vero
613 2941 682 2996 ab
712 2941 791 2996 eis
816 2942 1129 2998 cruciﬁxum
1158 2944 1446 3016 completa.
1470 2944 1572 3013 Qui
1595 2946 1907 3017 pcenitentia
1934 2946 2041 3000 du-

454 3029 622 3085 ctiad
681 3030 779 3087 tria
832 3032 1003 3087 millia
1045 3034 1322 3089 hominum
1379 3033 1633 3106 baptizati
1688 3043 1828 3102 sunt,
1860 3043 1916 3090 et
1942 3035 2041 3106 ipsi

456 3118 656 3189 Spiritu
676 3128 859 3175 sancto
914 3121 1052 3176 sicut
1103 3123 1193 3177 alii
1220 3124 1410 3193 repleti
1452 3133 1591 3178 sunt.
1617 3124 1736 3179 Alia
1764 3124 1870 3191 die,
1915 3141 2037 3179 cum

452 3207 642 3268 Petrus
669 3216 722 3264 et
746 3210 981 3266 Joannes
1026 3211 1277 3268 claudum
1336 3228 1433 3283 per
1486 3213 1742 3284 Spiritum
1797 3221 2040 3269 sanctum

454 3314 751 3383 sanassent,
784 3307 1021 3378 quinque
1050 3308 1221 3363 millia
1266 3309 1519 3379 baptizati
1548 3318 1688 3376 sunt,
1721 3312 1809 3380 qui
1857 3327 2045 3366 omnes

455 3392 661 3463 Spiritu
684 3404 868 3451 sancto
898 3396 1052 3452 ditati
1081 3406 1222 3465 sunt,
1240 3405 1291 3453 et
1304 3399 1625 3471 sanguinem
1641 3400 1852 3468 Christi,
1885 3417 2044 3469 quem

442 3481 605 3551 'prius
660 3482 932 3538 furibundi
983 3485 1251 3552 fuderunt,
1308 3488 1650 3556 postmodum
1707 3488 2047 3548 tremebundi

442 3567 728 3637 .biberunt,
786 3588 847 3627 ao
900 3574 1177 3643 perplures
1217 3575 1538 3647 sanguinem
1566 3593 1720 3631 suum
1778 3594 1874 3649 pro
1931 3578 2046 3649 ipso

458 3665 736 3721 fuderunt.
800 3669 1040 3740 Apostoli
1086 3678 1285 3737 autem,
1343 3680 1564 3744 accepto
1612 3674 1811 3745 Spiritu
1841 3682 2045 3743 sancto,

444 3760 741 3819 duodecim
771 3779 944 3821 annos
985 3766 1039 3820 in
1096 3767 1428 3823 Hierusalem
1458 3770 1649 3824 eodem
1706 3772 2049 3843 prurcipiente

458 3853 892 3923 commanebant,
915 3872 1036 3925 qua:
1062 3856 1114 3911 in
1172 3857 1374 3913 mundo
1393 3858 1598 3914 docturi
1627 3869 1778 3915 erant
1833 3861 2048 3923 insimul

430 3950 829 4019 conferebant,
889 3954 945 4008 in
1000 3954 1223 4010 circuitu
1277 3956 1513 4013 Judazos
1545 3973 1608 4012 ac
1662 3958 1891 4030 gentiles
1946 3957 2049 4013 do-

458 4039 671 4109 cebant,
703 4041 871 4114 signis
920 4059 985 4098 ac
1039 4043 1301 4118 prodigiis
1328 4047 1395 4101 ad
1432 4045 1594 4101 ﬁdem
1625 4048 1885 4118 plurimos
1915 4062 2050 4102 con-

443 4129 758 4186 “vertebant.
818 4130 921 4200 Qui
975 4148 1163 4188 omnes
1192 4151 1288 4205 per
1340 4134 1738 4207 impositionem
1795 4152 2051 4191 manuum

463 4227 829 4297 apostolorum
877 4229 1132 4301 Spiritum
1152 4239 1397 4287 ‘sanctum
1445 4234 1799 4304 accipiebant,
1834 4242 1885 4288 et
1937 4234 2052 4290 vir-

438 4321 601 4369 ‘tutes
640 4315 737 4371 Dei
770 4317 925 4372 novis
980 4318 1213 4374 edebant
1248 4321 1465 4393 linguis.
1525 4323 1765 4392 Apostoli
1820 4339 2052 4392 namque

460 4416 562 4473 per
589 4401 845 4473 Spiritum
870 4413 1110 4462 sanctum
1131 4410 1287 4464 caecis
1315 4410 1495 4464 lumen
1522 4410 1897 4480 refundebant,
1929 4427 2053 4465 sur-

463 4498 550 4553 dis
602 4516 757 4555 aures
817 4503 1189 4575 recludebaut,
1241 4507 1401 4562 mutis
1456 4507 1695 4579 linguam
1752 4509 2053 4577 solvebant,

465 4586 685 4644 claudos
705 4606 890 4662 gressu
920 4593 1219 4665 erigebant,
1253 4596 1491 4664 leprosos
1528 4596 1878 4665 mundabant,
1937 4597 2056 4654 dse-

465 4685 650 4742 monia
705 4685 774 4741 ab
829 4687 1061 4743 obsessis
1117 4689 1445 4763 efi‘ugabant,
1476 4699 1716 4747 mortuos
1769 4694 2058 4749 resuscita-

434 4781 614 4851 'bant,
665 4785 883 4857 insuper
932 4800 1031 4855 per
1082 4784 1304 4842 baculos
1330 4789 1418 4845 vel
1448 4804 1545 4860 per
1571 4790 1908 4860 vestimenta,
1932 4791 2056 4861 qui-

466 4870 591 4928 dam
620 4872 833 4929 illorum
889 4874 1049 4931 etiam
1072 4892 1170 4945 per
1200 4876 1446 4932 umbram
1478 4894 1628 4933 suam
1661 4879 1866 4933 debiles
1909 4880 2049 4934 sani-

448 4975 574 5024 ‘tate
602 4972 991 5028 reStaurabant.
1070 4973 1195 5029 Post
1250 4976 1366 5030 hare
1393 4975 1678 5031 duodecim
1736 4993 1832 5047 per
1888 4984 2055 5032 totum

466 5057 725 5113 mundum
756 5059 953 5128 diﬂ'usi,
1005 5069 1226 5134 septeno
1275 5079 1495 5119 munere
1566 5064 1794 5133 Spiritus
1848 5074 2062 5121 sanctus

466 5144 688 5215 perfusi,
721 5163 818 5218 per
845 5151 1207 5221 septenarium
1248 5168 1531 5206 numerum
1562 5151 1795 5209 duodeni
1826 5153 2060 5209 ofﬁcium

440 5247 622 5286 “suum
672 5246 1012 5308 peregerunt,
1038 5238 1166 5294 dum
1224 5247 1453 5310 quatuor
1470 5247 1653 5310 partes
1679 5243 1865 5297 mundi
1894 5243 1961 5298 ad
1988 5244 2059 5297 ti-

466 5327 591 5382 dem
637 5338 836 5386 sanctaa
893 5334 1167 5391 Trinitatis
1232 5337 1618 5408 perduxerunt.
1651 5340 1782 5395 Tres
1834 5342 1976 5396 enim
2010 5348 2063 5396 et

466 5431 713 5493 quatuor,
772 5429 914 5495 quod
952 5440 1156 5500 septem
1214 5442 1352 5499 sunt,
1415 5435 1698 5491 duodecim
1746 5435 1897 5492 fiunt.
1956 5438 2059 5508 Qui

465 5511 593 5566 boni
624 5511 913 5582 piscatores
962 5532 1165 5587 sagena
1192 5518 1315 5575 fidei
1361 5522 1535 5590 pisces
1590 5524 1716 5577 olim
1775 5526 1841 5580 ad
1897 5526 2060 5583 vitam

444 5608 876 5680 ‘przedestinatos
929 5611 1097 5682 signis
1126 5622 1179 5667 et
1209 5615 1476 5671 miraculis
1505 5619 1571 5673 de
1613 5622 1725 5675 salo
1770 5625 1948 5677 seaculi
1994 5624 2059 5679 ad

467 5706 613 5760 littus
642 5706 768 5762 vitae
801 5714 1193 5778 pertraxerunt,
1226 5719 1278 5765 et
1301 5706 1311 5734 ί
1329 5713 1521 5767 Christi
1551 5718 1800 5786 exemplo
1855 5720 2062 5776 animas

2072 3080 2118 3146 C

2824 1427 3051 1474 DIVlSlO.

2215 1570 2275 1622 In
2314 1566 2797 1623 diluvio‘columba
2824 1583 3032 1623 ramum
3054 1567 3211 1623 oliva:
3248 1575 3535 1637 reportans
3572 1562 3739 1637 (Gen.

2146 1667 2286 1733 vm),
2312 1663 2527 1719 inclusis
2574 1680 2763 1734 pacem
2811 1664 3092 1732 nuntiavit,
3148 1664 3273 1734 quia
3326 1663 3561 1736 Spiritus
3615 1681 3747 1718 san-

2149 1762 2261 1810 ctus
2294 1768 2389 1825 per
2417 1752 2716 1808 chrismatis
2755 1755 3061 1808 unctionem
3118 1753 3402 1808 animabus
3457 1770 3625 1808 carne
3678 1753 3748 1806 in-

2142 1838 2306 1898 clusis
2325 1858 2513 1913 pacem
2546 1843 2797 1897 amissam
2827 1842 3133 1897 redonabit.
3199 1842 3296 1897 Hic
3325 1842 3487 1897 etiam
3548 1842 3747 1914 digitus

2147 1930 2349 1987 dextra:
2378 1932 2475 1987 Dei
2506 1933 2821 2003 appellatur,
2858 1931 2983 2002 quia
3012 1931 3164 1987 sicuti
3196 1948 3389 1986 manus
3419 1948 3521 2001 per
3547 1932 3749 2003 digitos

2136 2030 2423 2093 operatur,
2451 2021 2523 2075 ita
2578 2021 2819 2077 Christus
2849 2020 2941 2091 qui
2969 2027 3053 2075 est
3078 2021 3299 2077 dextera
3328 2020 3520 2088 Patris,
3555 2027 3746 2074 cuncta

2145 2134 2246 2189 per
2272 2118 2564 2173 divisiones
2607 2119 2901 2191 gratiarum
2967 2119 3195 2190 Spiritus
3240 2119 3410 2174 sancti
3464 2126 3742 2189 operatur.

2147 2208 2301 2264 Unde
2338 2207 2483 2279 magi
2514 2207 2800 2278 qui-Moysi
2828 2208 3073 2262 resistam
3117 2223 3225 2263 non
3252 2214 3565 2278 potuerunt,
3606 2206 3747 2278 digi-

2148 2312 2258 2359 tum
2281 2303 2380 2359 Dei
2400 2306 2503 2359 hoc
2530 2320 2645 2359 esse
2675 2304 2925 2359 dixerunt
2974 2305 3337 2373 (Exod.v1u).
3377 2304 3470 2375 qui
3529 2303 3748 2359 eviden-

2149 2399 2230 2448 ter
2282 2393 2439 2464 signa
2468 2408 2566 2462 per
2594 2392 2851 2463 Spiritum
2887 2401 3129 2449 sanctum
3160 2391 3275 2448 ﬁeri
3324 2400 3745 2464 conspexerunt.

2149 2482 2251 2537 Per
2278 2483 2420 2536 hunc
2457 2489 2537 2536 est
2564 2482 2651 2537 lex
2690 2482 2744 2536 in
2774 2482 2984 2538 duabus
3038 2482 3234 2538 tabulis
3288 2481 3583 2551 descripta,
3624 2482 3751 2552 quia

2139 2596 2247 2652 per
2275 2581 2532 2650 Spiritum
2563 2588 2803 2637 sanctum
2837 2581 2889 2635 in
2935 2581 3145 2637 duobus
3173 2580 3459 2652 praeceptis
3514 2580 3751 2636 cbaritas

2151 2687 2228 2733 est
2247 2679 2529 2749 disposita.
2569 2681 2630 2735 In
2668 2681 2771 2735 hoc
2799 2679 2969 2751 digito
2994 2680 3143 2749 ejicit
3165 2680 3432 2735 Dominus
3453 2678 3750 2746 daemonia,

2150 2768 2275 2838 quia
2296 2784 2460 2839 Opera
2508 2768 2628 2823 Filii
2684 2775 2735 2823 et
2775 2769 3005 2840 Spiritus
3054 2768 3223 2823 sancti
3254 2775 3407 2823 erunt
3466 2768 3754 2839 insepara-

2147 2856 2298 2913 bilia.
2329 2857 2471 2913 Olim
2511 2873 2683 2930 genus
2733 2858 3046 2912 humanum
3084 2856 3283 2912 habeat
3328 2864 3536 2911 tantum
3594 2858 3756 2911 unius

2142 2947 2352 3018 linguae
2377 2964 2530 3001 usum
2556 2961 2569 3015 ;
2603 2946 2697 3001 sed
2726 2962 2853 3013 Lxx,
2886 2954 2938 3001 et
2966 2947 3071 3001 duo
3101 2946 3351 3018 gigantes
3386 2946 3579 3000 turrim
3607 2962 3751 3001 con-

2153 3044 2231 3091 tra
2260 3037 2432 3091 Deum
2464 3036 2843 3091 construebant
2874 3050 2888 3103 ;
2920 3035 3046 3090 inde
3073 3034 3308 3090 offensus
3335 3036 3752 3107 linguaseomm

2146 3125 2529 3189 confundebat,
2589 3124 2664 3179 ita
2718 3123 2862 3194 quod
2919 3125 3094 3178 nullus
3148 3125 3367 3179 alterius
3396 3124 3644 3195 linguam
3678 3123 3753 3177 in-

2151 3214 2445 3286 telligebat,
2476 3214 2659 3282 sicque
2688 3229 2788 3282 per
2840 3213 3027 3268 orbem
3057 3212 3385 3284 disperserat
3438 3228 3576 3283 quos
3630 3227 3753 3267 om-

2152 3320 2248 3357 nes
2301 3302 2460 3357 hodie
2497 3302 2725 3373 Spiritus
2751 3310 2966 3357 sauctus
2994 3302 3049 3356 in
3076 3303 3335 3357 unitatem
3358 3300 3483 3356 ﬁdei
3516 3318 3614 3373 per
3638 3318 3748 3373 ge-

2152 3403 2283 3443 nera
2334 3387 2637 3458 linguarum
2696 3393 3147 3459 congregaverat.
3214 3386 3479 3442 Hebraeus
3533 3401 3753 3456 quoque

2155 3476 2405 3547 populus,
2435 3475 2749 3547 Egyptiaca
2789 3475 3041 3530 servitute
3069 3475 3126 3529 in
3179 3474 3415 3545 paschali
3449 3482 3607 3529 nocte
3650 3490 3751 3544 per

2157 3562 2463 3633 paschalem
2516 3577 2717 3631 agnum
2773 3560 3047 3627 liberatus,
3095 3576 3160 3616 ac
3194 3576 3291 3631 per
3309 3576 3460 3615 mare
3505 3558 3751 3615 Rubrum

2140 3658 2457 3722 translatus,
2517 3656 2587 3711 ad
2651 3663 2891 3711 montem
2946 3656 3095 3712 Sinai
3160 3655 3615 3728 quinquagesima
3668 3656 3758 3710 die

2157 3746 2421 3818 pervenit,
2480 3762 2641 3815 quem
2699 3745 2878 3801 fumus
2921 3754 2976 3801 et
3028 3745 3173 3817 ignis
3217 3746 3464 3816 replevit,
3499 3754 3660 3815 atque
3688 3746 3757 3798 de

2139 3835 2337 3892 .medio
2395 3834 2537 3906 ignis
2589 3834 2851 3889 Dominus
2905 3834 2952 3888 ei
3001 3835 3179 3906 legem
3204 3834 3413 3889 timoris
3472 3834 3528 3889 in
3561 3834 3758 3889 tabulis

2156 3923 2408 3995 scriptam
2439 3922 2604 3977 dedit.
2665 3923 2755 3976 Sic
2779 3922 3108 3977 Christianus
3158 3923 3408 3993 populus,
3442 3922 3513 3977 de
3559 3922 3757 3977 diabo-

2157 4012 2262 4068 lica
2320 4011 2666 4082 oppressione
2697 4010 2752 4065 in
2781 4011 3021 4082 paschali
3080 4018 3234 4067 nocte
3291 4028 3388 4081 per
3442 4012 3754 4083 paschalem

2158 4103 2369 4173 Agnum
2395 4100 2659 4154 Christum
2700 4106 2932 4168 ereptus,
2963 4115 3062 4169 per
3088 4099 3417 4171 baptismum
3475 4101 3633 4170 quasi
3661 4116 3759 4172 per

2160 4206 2307 4244 mare
2338 4189 2579 4243 Rubrum
2610 4196 2955 4253 transvectus,
2990 4189 3439 4261 quinquagesimo
3485 4189 3597 4257 die,
3648 4189 3757 4243 sci-

2159 4277 2284 4333 licet
2336 4278 2515 4345 hodie,
2577 4278 2633 4331 in
2672 4277 2798 4349 igne
2854 4277 3035 4351 legem
3067 4278 3268 4333 amoris
3322 4278 3552 4348 accepit,
3597 4295 3758 4348 quam

2160 4381 2282 4421 eum
2314 4365 2578 4420 Dominus
2632 4366 2685 4419 in
2734 4366 2898 4421 corde
2938 4366 3171 4421 scribere
3204 4367 3485 4437 praecepit,
3534 4374 3593 4421 ut
3616 4366 3761 4423 vide-

2080 4431 2133 4493 D
2166 4455 2288 4511 licet
2308 4462 2427 4525 post
2448 4454 2685 4510 facerent
2709 4461 2899 4524 sponte
2932 4454 3030 4510 Dei
3068 4431 3251 4510 amore
3300 4431 3446 4526 quod
3469 4431 3634 4527 prius
3688 4455 3766 4510 fe-

2164 4559 2350 4608 cerant
2374 4552 2546 4607 coacti
2578 4551 2793 4607 timore.
2833 4553 2893 4607 In
2922 4553 3045 4624 lege
3074 4552 3235 4608 etiam
3258 4560 3374 4608 erat
3428 4560 3763 4625 praeceptum

2166 4649 2224 4696 ut
2267 4640 2746 4712 quinquagesimus
2799 4658 2969 4696 annus
3025 4640 3286 4711 jubileus,
3347 4641 3402 4696 id
3472 4649 3551 4696 est
3593 4658 3765 4697 annus

2162 4738 2493 4794 remissionis
2537 4746 2836 4806 vocaretur,
2908 4747 3155 4809 totusque
3212 4740 3283 4795 ab
3338 4755 3505 4811 Opere
3579 4740 3763 4794 servili

2164 4836 2462 4903 feriaretur,
2523 4843 2681 4906 atque
2710 4837 2908 4891 amissa
2934 4837 3219 4893 liaareditas
3246 4837 3480 4908 propriis
3524 4838 3763 4893 haeredi-

2160 4933 2265 4988 bus
2291 4933 2627 4989 redderetur.
2692 4935 2793 4988 Per
2819 4933 2921 4990 hoc
2955 4934 3185 5003 Spiritus
3210 4942 3426 4990 sanctus
3465 4935 3605 4990 illud
3632 4943 3765 4990 tem-

2132 5047 2267 5101 .pus
2292 5030 2623 5103 praeﬁgurari
2680 5032 2851 5086 voluit
2902 5032 2956 5085 in
2986 5031 3130 5100 quod
3159 5032 3420 5103 populum
3476 5047 3635 5087 suum
3690 5033 3762 5088 ab

2164 5143 2328 5200 Opere
2347 5129 2547 5197 servili,
2580 5129 2635 5183 id
2683 5137 2762 5184 est
2790 5145 2822 5183 a
2852 5136 3073 5200 peccato
3119 5144 3315 5186 vacare
3346 5129 3551 5198 docuit,
3605 5130 3765 5200 eique

2163 5226 2416 5281 amissam
2472 5226 2838 5281 hereditatem
2917 5226 3154 5297 paradisi
3209 5227 3455 5283 restituit.
3516 5227 3769 5295 (Gem

2165 5324 2346 5394 mus.)
2378 5323 2606 5394 Spiritus
2652 5331 2865 5379 sanctus
2903 5324 2985 5379 his
3013 5325 3168 5380 datus
3220 5331 3573 5393 memoratur,
3635 5327 3763 5380 dum

2165 5422 2331 5476 semel
2362 5423 2416 5476 in
2449 5429 2606 5485 terra,
2631 5424 2795 5479 semel
2827 5424 2895 5479 de
2949 5424 3086 5479 omlo
3116 5424 3289 5479 datur.
3320 5425 3383 5478 In
3409 5431 3553 5479 terra
3612 5424 3770 5479 datur

2142 5518 2415 5589 Spiritus,
2474 5527 2533 5573 ut
2578 5519 2832 5593 diligatur
2888 5521 3165 5592 proximus
3222 5540 3237 5576 τ
3287 5522 3356 5575 de
3414 5523 3555 5577 caelo
3614 5523 3770 5577 datur

2141 5623 2412 5693 'Spiritus,
2445 5633 2503 5678 ut
2531 5625 2784 5697 diligatur
2826 5628 2993 5681 Deus.
3023 5627 3124 5696 Qui
3156 5627 3297 5681 enim
3330 5628 3505 5682 Deum
3563 5628 3759 5695 diligit,

2166 5736 2470 5776 sermonem
2503 5723 2620 5793 ejus
2648 5725 2882 5782 servabit
2900 5726 3083 5797 (learn.
3109 5726 3248 5796 xxv).
3302 5726 3454 5781 [Iunc
3484 5726 3633 5781 Deus
3653 5727 3758 5781 Pa-
