4042 6080
342 207 449 266 989
1265 208 1859 271 DEFLOBATIONES
1909 209 2010 267 SS.
2075 205 2380 265 PATRUM.
2415 238 2488 250 —-
2516 206 2642 263 LIB.
2673 207 2716 263 I.
3538 206 3644 264 990

343 345 436 394 ter
462 336 642 412 diligit
671 345 723 395 et
747 337 985 397 Trinitas
1014 340 1082 397 ad
1111 356 1234 397 eum
1287 338 1489 407 veniet,
1520 343 1574 393 et
1593 334 1935 391 mansionem
1964 333 2019 395 Α
2048 333 2270 389 rismata
2308 332 2390 389 eis
2428 332 2671 388 donavit.
2709 332 2839 389 Haec
2894 331 3217 388 festivitates
3256 338 3307 389 et
3341 330 3553 405 angelis
3590 343 3645 392 et

340 426 488 498 apud
518 443 639 482 eum
672 428 844 487 faciet.
2046 421 2360 487 hominibus
2391 429 2516 476 sunt
2563 421 2930 489 venerabiles,
2972 421 3098 491 quia
3150 420 3257 491 ipsi
3295 422 3414 476 Deo
3451 430 3644 478 nostro

416 516 567 582 Ideo,
602 517 926 585 charissimi,
961 520 1253 591 diligamus
1283 519 1455 574 Deum
1489 537 1503 582 ;
1536 514 1787 570 mandata
1820 514 1939 583 ejus
2047 518 2171 566 sunt
2202 511 2475 566 celebres.
2524 509 2769 579 Denique
2799 510 2852 563 in
2885 510 3161 565 nativitate
3190 510 3427 576 Domini,
3458 510 3646 565 Domi-

339 605 635 672 servando,
684 613 743 661 ut
807 607 926 679 ipse
964 608 1155 681 diligat
1191 624 1292 663 nos
1330 606 1665 661 mansionem
1707 603 1807 658 sibi
1883 601 1935 654 in
2044 625 2148 664 nus
2180 607 2478 677 majestatis
2507 607 2575 665 de
2625 608 2764 665 solio
2821 608 3008 680 glorise
3065 624 3177 664 suae
3208 608 3462 671 surrexit.
3494 623 3643 664 arma

336 700 500 757 nobis
538 706 1022 775 prmpararido.De
1050 705 1286 777 hospitio
1314 705 1496 759 cordis
1529 703 1693 757 nostri
1725 711 1938 757 stercus
2045 697 2247 753 bellica
2292 696 2487 764 induit,
2521 712 2620 767 pro
2678 696 2838 752 nobis
2877 704 3217 770 pugnaturus
3275 697 3331 751 in
3387 691 3641 753 eXsili‘um

338 799 681 861 peccatorum
724 808 739 847 :
804 794 1124 865 pmnitentia
1187 803 1240 849 et
1277 793 1618 849 confessione
1675 800 1938 863 exterga-
2041 786 2211 849 abiit.
2234 786 2535 855 Parasceve
2564 794 2746 841 autem
2776 785 2893 842 dies
2923 785 3048 851 belli
3080 794 3243 856 atque
3272 786 3514 842 victoria:
3543 802 3643 841 ex-

336 895 484 947 mus,
512 879 769 953 lacrymis
831 884 1024 939 sordes
1080 883 1372 949 diluamus,
1416 882 1638 937 tioribus
1669 881 1936 937 bonorum
2043 869 2195 936 εῑίιίι.
2228 887 2349 927 cum
2382 870 2644 926 Dominus
2676 870 2829 925 ἷοηίε
2864 879 2914 925 ει
2957 878 3155 943 Potens
3184 871 3237 925 ίη
3268 869 3458 942 Pramo
3489 869 3640 941 Frin-

337 992 568 1048 operum
601 993 801 1036 ornare
834 982 1171 1047 Studeamus,
1206 989 1259 1036 ut
1292 981 1525 1051 Spiritus
1555 989 1776 1035 sanctus
1834 980 1938 1034 de-
2044 968 2221 1037 cipem
2253 967 2439 1022 mundi
2469 967 2744 1022 diabolum
2776 982 2897 1023 cum
2962 967 3072 1023 suis
3102 967 3435 1023 satellitibus
3479 967 3640 1042 devi-

336 1066 588 1137 signetur
613 1068 928 1136 adventare,
964 1079 1015 1125 et
1047 1070 1271 1142 dignum
1300 1069 1671 1125 habitaculum
1703 1068 1805 1122 sibi
1882 1069 1921 1122 ir

2043 1057 2133 1124 cit,
2161 1056 2551 1128 victoriamque
2580 1064 2830 1126 potenter
2857 1056 3109 1112 obtinuit.
3185 1057 3313 1111 Dies
3352 1071 3484 1112 vero
3521 1056 3636 1133 Do-

335 1155 499 1210 nobis
530 1171 868 1227 ρι-ερραιιει-θ,
901 1159 1001 1214 Hic
1032 1159 1195 1214 etiam
1229 1174 1392 1229 super
1421 1158 1709 1212 Dominum
1741 1158 1797 1210 in
1839 1172 1934 1213 εο-
2042 1145 2260 1201 minicaa
2289 1145 2714 1200 resurrectionis
2752 1152 2837 1200 est
2890 1144 3007 1200 dies
3063 1161 3170 1216 qua
3216 1153 3437 1216 peracto
3495 1145 3640 1202 bello

337 1240 540 1299 lumbaa
571 1247 814 1315 speciem
837 1247 1140 1313 descendit,
1164 1248 1285 1320 quia
1304 1264 1427 1303 eum
1449 1247 1743 1301 immunem
1769 1261 1934 1312 apec-
2040 1258 2271 1313 regnum
2300 1243 2509 1315 tyranni
2542 1242 2792 1306 vastavit,
2822 1242 3187 1312 captivitatem
3220 1242 3289 1296 ab
3321 1258 3387 1297 eo
3417 1252 3635 1313 captam

335 1341 471 1397 catis
492 1343 748 1399 ostendit.
786 1345 964 1414 Super
994 1346 1293 1417 discipulos
1327 1352 1504 1401 autem
1529 1346 1579 1400 in
1604 1345 1732 1417 igne
1763 1344 1921 1409 venit1

2039 1332 2111 1386 ad
2142 1348 2201 1386 se
2232 1331 2610 1403 congregavit.
2644 1331 2774 1385 Dies
2803 1339 2981 1384 autem
3014 1330 3351 1386 ascensionis
3390 1339 3472 1385 est
3496 1330 3633 1401 haec,

337 1430 465 1501 quia
494 1439 719 1501 peccata
750 1432 801 1487 in
834 1434 914 1488 eis
968 1450 1321 1499 consumens,
1362 1434 1780 1504 chirographum
1804 1448 1932 1504 pec-
2038 1418 2093 1473 in
2125 1435 2234 1491 qua
2264 1435 2383 1476 cum
2414 1420 2582 1475 ηοδίιί
2614 1435 2811 1491 I’Ompﬁ
2843 1419 3106 1474 Dominus
3132 1419 3382 1473 "mnium
3414 1436 3638 1492 "gres"

334 1519 444 1574 cati
475 1520 694 1577 delevit.
735 1521 895 1578 Unde
935 1532 985 1578 et
1041 1523 1186 1596 ignis
1244 1522 1381 1579 ﬁlios
1424 1523 1591 1578 Israel
1627 1523 1929 1594 prmcessit,
2037 1524 2130 1562 διιε
2150 1508 2522 1580 triumphum:
2556 1516 2717 1581 atque
2760 1523 2883 1565 cum
2915 1508 3129 1580 αηεθιίε
3158 1507 3315 1563 malis
3346 1516 3636 1579 susceptus

335 1626 390 1672 et
427 1617 508 1673 eis
538 1617 644 1674 iter
674 1619 740 1674 ad
774 1620 1006 1691 patriam
1037 1622 1333 1694 suggessit,
1368 1622 1495 1693 quia
1525 1620 1669 1694 ignis
1699 1621 1929 1691 Spiritus
1964 1692 2001 1694 _
2036 1621 2259 1694 eam"?
2286 1615 2529 1663 ηοεῑτδω
2559 1622 2734 1694 διψᾷς
2766 1607 2992 1694 Δξῐέηὶθηὶ
3046 1605 3324 1694 ﬁxalitlvit.
3360 1606 3638 1694 Hodierna

335 1706 509 1762 sancti
535 1723 631 1762 eos
660 1690 935 1779 praecedit,
970 1718 1022 1765 et
1057 1690 1171 1765 iter—
1184 1727 1285 1782 per
1344 1690 1655 1781 scripturas
1713 1690 1782 1765 ad
1838 1728 1933 1781 pa-
1962 1692 2015 1752 B
2044 1691 2328 1782 Ῠὲνφηάίθε
2359 1700 2447 1782 esi
2492 1707 2594 1782 qua
2624 1690 2885 1782 militibus
2941 1690 3114 1782 spolia
3154 1690 3459 1782 distribuit,
3504 1690 3635 1782 dum

332 1794 497 1849 "iam
523 1797 762 1866 paradisi
793 1799 1047 1855 ostendit.
1081 1779 1211 1855 mei,
1241 1815 1384 1856 nunc
1435 1779 1704 1870 baptisma
1732 1779 1928 1871 agimr,
2042 1779 2299 1835 ﬁdelibus
2327 1779 2477 1834 varia
2507 1780 2652 1834 dona
2677 1779 2909 1849 Spiritus
2948 1779 3116 1834 sancti
3150 1779 3395 1833 contulit.
3434 1779 3634 1835 Adhuc

334 1884 462 1955 quia
486 1900 585 1956 per
612 1886 862 1958 Spiritum
894 1896 1140 1944 sanctum
1171 1889 1435 1963 originale
1467 1890 1673 1945 crimen
1738 1889 1931 1944 remit-
2038 1884 2215 1963 res“?
2238 1891 2345 1931 υηθο
2373 1876 2492 1931 dies
2523 1891 2630 1948 ειυει
2659 1891 2915 1947 Sponsam
2946 1892 3096 1930 suam
3119 1876 3186 1930 de
3215 1875 3319 1931 hac
3340 1875 3635 1947 Babylonia

334 1981 482 2038 titur.
543 1982 673 2039 Ideo
704 1984 867 2041 etiam
924 1986 1008 2041 his
1052 1987 1245 2043 diebus
1297 1987 1498 2056 jejunia
1558 1987 1921 2058 celebramus,

2039 1973 2121 2019 est
2151 1962 2428 2031 ducturus,
2466 1965 2686 2037 quando
2714 1963 2767 2018 in
2834 1964 3022 2019 ultima
3081 1963 3168 2019 die
3219 1963 3521 2020 Ecclesiam
3578 1965 3635 2019 in

331 2068 458 2142 quia
496 2088 597 2142 per
626 2073 881 2144 Spiritum
913 2083 1157 2132 sanctum
1188 2052 1403 2131 veniam
1457 2076 1711 2148 accipere
1743 2052 1930 2147 spera;
2036 2054 2241 2148 (ἶίΡῙΡδίί
2291 2054 2623 2148 Hier‘fsalf’m
2655 2057 2739 2109 θδι
2785 2052 3161 2148 θοῃθθθξπυῗ·
3195 2052 3502 2148 δῖθωρθέίῗ
3527 2053 3633 2148 ,his

333 2140 513 2214 inus.‘
555 2140 948 2233 Qui'spn.i,um
977 2173 1219 2219 sanctum
1266 2140 1738 2236 blasphemawi,’
1772 2140 1787 2147 ’
1816 2181 1925 2220 non
2036 2142 2232 2197 diebus
2287 2140 2571 2213 praecinuit
2631 2158 2732 2213 per
2787 2150 2956 2198 totum
2993 2141 3328 2197 Psalterium
3400 2140 3629 2213 Spiritus

1568 2243 1615 2311 'm
1642 2263 1691 2311 in
1725 2263 1924 2311 mum-
2036 2246 2275 2295 sanctus.
2310 2241 2543 2310 Insuper
2567 2238 2658 2294 lex
2692 2248 2743 2295 et
2774 2254 2963 2294 omnes
2986 2239 3268 2310 prophetas
3295 2238 3631 2311 persultave-

2035 2335 2162 2383 runt
2215 2329 2333 2384 haec
2380 2343 2622 2384 consona
2659 2343 2819 2383 voce.
2845 2327 3031 2397 Igitur,
3056 2326 3378 2392 charissimi,
3411 2342 3633 2398 conspe-

2034 2417 2144 2473 ctui
2174 2417 2288 2485 ejus
2317 2416 2368 2471 in
2397 2416 2606 2486 iustitia
2638 2431 2780 2471 nunc
2849 2431 3235 2486 apparesmus,
3268 2422 3342 2476 ut,
3376 2431 3500 2470 cum
3529 2431 3630 2486 ap-

2034 2505 2275 2575 paruerit
2315 2504 2496 2577 gloria
2522 2504 2661 2574 ejus,
2700 2505 2754 2558 in
2786 2505 2987 2575 nuptiis
3044 2504 3162 2574 ejus
3219 2503 3401 2558 satiari
3440 2505 3630 2559 valea-

2031 2618 2155 2656 mus
2192 2602 2261 2657 ad
2294 2602 2584 2657 videndum
2614 2601 2666 2656 in
2701 2601 3259 2658 bonitale’electorum
3292 2605 3534 2669 suorum,
3560 2600 3630 2657 ad

2032 2690 2322 2747 laetandum
2353 2691 2407 2744 in
2440 2689 2620 2745 laetitia
2651 2690 2830 2761 gentis
2860 2706 2992 2754 sum,
3062 2690 3117 2743 in
3146 2689 3476 2760 plenitudine
3506 2706 3631 2743 om-

2030 2779 2185 2834 nium
2215 2779 2485 2834 bonorum
2518 2779 2686 2841 (Psal.
2716 2779 2819 2842 ον).
2853 2777 2986 2848 Quae
3015 2779 3202 2833 oculus
3233 2791 3342 2834 non
3385 2772 3543 2845 vidit,
3575 2784 3630 2833 et

2032 2877 2180 2933 auris
2211 2892 2319 2933 non
2350 2876 2559 2933 audivit
2588 2877 2637 2949 (1
2663 2877 2782 2932 Cor.
2818 2879 2900 2947 ιι).

332 2257 637 2313 remittetur
664 2259 733 2325 ei,
768 2277 943 2331 neque
976 2262 1027 2315 in
1055 2263 1160 2318 hoc
1190 2263 1410 2327 saeulo,
1440 2280 1615 2335 neque
1641 2263 1692 2317 in
1725 2263 1924 2319 futuro.

330 2344 439 2400 Per
470 2345 730 2417 Spiritum
782 2357 1027 2405 sanctum
1059 2352 1218 2406 datur
1258 2352 1509 2406 remissio
1540 2360 1917 2423 peccatorum.

330 2430 437 2502 Qui
467 2435 536 2489 de
566 2435 727 2492 venia
758 2438 1034 2509 desperat,
1094 2439 1182 2496 hic
1213 2441 1470 2510 Spiritum
1501 2449 1742 2496 sanctum
1774 2442 1924 2496 blas-

332 2527 605 2602 Sphemat,
667 2542 830 2607 atque
871 2530 1249 2594 irremissibile
1289 2547 1572 2609 peccatum
1623 2548 1916 2610 perpetrat.

337 2626 832 2700 Quemadmodum,
891 2634 1213 2705 charissimi,
1269 2646 1353 2690 est
1395 2636 1664 2691 Nativitas
1709 2634 1925 2691 Domini

326 2717 583 2796 celebris,
621 2721 699 2777 sic
731 2727 783 2777 et
814 2722 914 2777 ista
946 2721 1208 2779 festivitas
1253 2725 1503 2780 omnibus
1546 2724 1794 2780 ﬁdelibus
1832 2726 1926 2781 de-

330 2804 423 2861 bet
451 2823 574 2864 esse
605 2808 886 2879 solemnis,
938 2812 1058 2884 quia
1105 2813 1243 2869 sicut
1271 2813 1324 2867 in
1357 2813 1448 2868 illa
1496 2815 1643 2869 Deus
1674 2813 1726 2868 in
1758 2831 1923 2870 carne

329 2904 563 2979 veniens
592 2907 843 2965 homines
875 2908 1129 2976 visitavit,
1165 2911 1243 2967 sic
1271 2910 1326 2965 in
1356 2911 1458 2965 ista
1489 2912 1635 2966 Deus
1663 2910 1719 2966 in
1793 2911 1922 2983 igne

324 3000 642 3072 adveniens,
675 3021 705 3060 a
734 3007 976 3079 peccatis
1006 3008 1253 3066 homines
1283 3025 1551 3085 purgans,
1585 3010 1752 3068 multa
1784 3011 1920 3068 clla-

1323 3340 1772 3450 FERIA
1882 3346 2625 3459 SECUNDA.

1562 3538 1953 3605 Secundum
2021 3543 2388 3614 Joannem.

403 3723 424 3790 te
460 3696 548 3790 Sic
580 3701 724 3756 enim
753 3701 945 3758 dilexit
975 3703 1121 3758 Deus
1150 3703 1430 3769 mundum,
1465 3713 1523 3759 ut
1548 3704 1735 3759 Filium
1761 3718 1918 3760 suum
1952 3699 2000 3763 C
2031 3710 2204 3767 credit
2237 3729 2345 3769 non
2375 3716 2555 3772 veniet
2578 3708 2637 3773 in
2664 3718 2949 3788 judicium,
2985 3721 3039 3773 et
3069 3716 3161 3773 ille
3191 3717 3280 3790 qui
3312 3733 3420 3772 non
3455 3714 3630 3772 credit

324 3788 663 3861 unigenitum
692 3791 869 3853 daret,
920 3799 976 3846 ut
1000 3791 1177 3846 omnis
1224 3793 1315 3864 qui
1374 3794 1546 3849 credit
1577 3795 1630 3847 in
1662 3811 1782 3850 eum
1814 3812 1922 3851 non
2024 3800 2138 3868 jam
2165 3801 2448 3869 judicatus
2491 3816 2593 3873 est,
2648 3807 2742 3862 ubi
2793 3814 2923 3863 sunt
2969 3802 3108 3879 quos
3152 3788 3493 3874 judicaturus
3546 3811 3630 3859 est

324 3887 538 3968 pereat,
578 3879 675 3968 sed
706 3880 908 3934 habeat
964 3880 1128 3935 vitam
1183 3890 1446 3936 aeternam
1498 3883 1680 3948 (Joan.
1740 3884 1849 3953 ιιι).
1895 3907 1916 3932 υ
2031 3888 2296 3945 Dominus
2325 3891 2376 3946 in
2409 3892 2906 3965 diejudicii?Non
2940 3896 3258 3967 intelligitur
3303 3887 3626 3963 praeteritum

326 3966 516 4036 Aperit
543 3966 768 4023 causam
799 3969 1057 4023 humanae
1086 3970 1294 4035 salutis,
1328 3970 1673 4026 dilectionem
1714 3972 1921 4029 scilicet
2034 3982 2253 4047 tempus
2282 3981 2411 4051 poni
2443 3999 2539 4052 pro
2572 3984 2770 4039 futuro.
2803 3986 2938 4039 Nam
2965 3966 3243 4054 judicatus
3271 3990 3370 4049 est,
3423 3972 3629 4036 dicitur

326 4055 429 4110 Dei
466 4056 632 4110 Patris
660 4072 724 4110 ex
750 4073 858 4128 quo
889 4065 971 4112 est
1001 4058 1179 4113 omnis
1244 4060 1559 4114 restauratio
1590 4059 1672 4114 vel
1703 4061 1919 4116 institu-
2030 4073 2320 4132 damnatus
2350 4089 2431 4134 ρει
2462 4076 2562 4137 Dei
2592 4081 2953 4152 prmscientia,
2989 4082 3078 4154 qui
3110 4080 3258 4136 norit
3282 4080 3410 4154 quid
3457 4076 3629 4135 immi.

332 4153 406 4208 tio
430 4169 538 4223 per
566 4153 759 4208 Filium
792 4170 949 4209 suum
1007 4154 1058 4209 in
1121 4156 1324 4227 Spiritu
1356 4165 1569 4213 sancto.
1610 4158 1757 4213 Idem
1791 4157 1923 4214 dicit
2029 4172 2156 4218 neat
2188 4164 2296 4220 non
2344 4169 2734 4235 credentibus;
2775 4171 2942 4225 etubi
2979 4170 3149 4225 dicit:
3199 4185 3305 4224 non
3356 4153 3627 4225 veniet'ad

329 4267 398 4306 ex
430 4250 567 4306 Filio
598 4250 695 4306 Dei
727 4252 875 4324 quod
908 4269 1073 4323 supra
1092 4270 1156 4308 ex
1189 4252 1298 4309 ﬁlio
1338 4254 1574 4309 hominis
1613 4257 1918 4324 credentes,
2024 4251 2317 4321 judicium,
2356 4256 2423 4310 ita
2459 4257 2871 4331 intelligendum
2906 4264 3022 4315 cst':
3058 4275 3167 4313 nou
3198 4258 3346 4313 venit
3366 4257 3437 4312 ad
3467 4257 3625 4312 dam-

328 4340 610 4412 consequi,
658 4345 713 4395 ut
761 4356 860 4411 per
911 4356 1074 4412 quem
1120 4342 1176 4396 in
1217 4341 1417 4398 deitate
1461 4342 1664 4400 conditi
1736 4360 1921 4400 sumus
2029 4342 2326 4413 nationem,

325 4444 428 4511 per
458 4437 708 4492 eumdem
732 4437 785 4492 in
819 4437 1042 4494 homine
1073 4447 1473 4495 restauremur,
2107 4453 2127 4479 ο
2164 4432 2277 4488 Hoc
2309 4441 2390 4488 est
2421 4441 2600 4491 autem
2628 4435 2917 4506 judicium,
2952 4437 3076 4510 quia
3105 4436 3195 4493 lux
3222 4438 3364 4494 venit
3395 4438 3447 4493 in
3476 4440 3624 4493 mnu-

405 4548 427 4573 α
451 4525 573 4580 Non
605 4526 748 4581 enim
781 4526 929 4580 mist:
968 4528 1114 4582 Deus
1146 4527 1340 4583 Filium
1370 4546 1522 4584 suum
1569 4529 1621 4585 in
1662 4530 1918 4586 mundum
2029 4518 2157 4574 dum
2191 4539 2204 4575 τ
2239 4529 2289 4576 et
2320 4522 2627 4580 dilexerunt
2662 4526 2908 4581 homines
2952 4527 3128 4598 magis
3159 4528 3413 4583 tenebras
3458 4544 3624 4600 quam

320 4613 385 4671 ἰιι
426 4613 641 4687 judicet
692 4615 978 4682 mundum,
1027 4616 1123 4671 sed
1166 4626 1222 4672 ut
1265 4617 1500 4672 mundus
1540 4618 1779 4675 salvetur
1825 4638 1923 4692 per
2028 4608 2232 4665 Ῑιιεεῐη-
2268 4612 2430 4666 Eram
2463 4613 2607 4668 enim
2640 4630 2825 4670 90mm
2856 4631 3019 4687 Opem
3045 4618 3206 4671 ωθιθο
3255 4616 3447 4673 omnis
3479 4617 3624 4671 enim

315 4702 529 4775 ipsum.
563 4727 584 4751 η
616 4704 780 4760 Venit
819 4704 1081 4773 Salvator,
1134 4711 1191 4760 ut
1235 4706 1428 4772 salvet,
1476 4723 1584 4763 non
1616 4706 1915 4779 utjudicet,
1960 4768 1967 4771 ,
2030 4708 2127 4779 qui
2159 4708 2300 4764 male
2341 4710 2454 4781 agit
2482 4711 2598 4766 odit
2628 4712 2842 4777 lucem;
2877 4722 3052 4770 etnon
3074 4714 3224 4769 venit
3251 4717 3317 4769 ad
3339 4714 3536 4778 lucem,
3570 4722 3625 4768 ut

325 4799 382 4855 id
417 4807 497 4854 est
545 4798 788 4867 damnet,
841 4801 938 4856 sed
986 4801 1032 4855 si
1069 4801 1340 4872 judicatur
1377 4803 1562 4872 homo,
1596 4796 1670 4859 εχ
1717 4822 1775 4859 se
1826 4806 1922 4860 ha-
2030 4812 2139 4852 non
2167 4806 2467 4869 arguantur
2486 4814 2663 4870 Opera
2691 4818 2829 4870 ejus.
2865 4824 2887 4852 υ
2921 4803 3197 4858 Iudicium
3218 4803 3621 4858 dicitzeternam

323 4887 462 4952 buit,
498 4888 625 4959 quia
656 4888 907 4944 credidit.
1454 4900 1461 4906 ‘
2028 4885 2457 4953 damnationem,
2491 4889 2635 4959 quod
2665 4890 2769 4944 erit
2800 4906 2905 4945 non
2931 4905 3273 4963 cognoscere
3292 4891 3486 4956 Deum,
3514 4890 3624 4945 sic-

403 4999 425 5024 α
462 4975 567 5045 Qui
594 4975 767 5031 credit
798 4976 853 5030 in
897 4994 1043 5045 eum,
1090 4994 1197 5034 non
1231 4979 1515 5049 judicatur
1547 4996 1559 5049 ;
1612 4981 1703 5053 qui
1738 4991 1915 5038 autem
1949 5047 1994 5056 ι
2032 4980 2111 5036 uti
2140 4988 2342 5037 interna
2371 4981 2481 5037 vita
2510 4992 2593 5039 est
2622 5000 2959 5056 cognoscere
2988 5002 3134 5042 eum.
3168 4985 3308 5054 Quia
3339 4985 3435 5039 lux
3457 4985 3620 5052 venit,

310 5065 435 5131 'non
466 5074 660 5142 credit,
695 5076 809 5144 jam
834 5075 1106 5145 judicatus
1158 5047 1262 5143 est,
1316 5078 1443 5150 quia
1486 5047 1592 5134 non
1631 5047 1823 5137 credit
1862 5082 1915 5139 in
1949 5047 2004 5111 D
2038 5069 2273 5127 Verbum
2303 5070 2514 5128 scilicet
2540 5072 2595 5127 in
2625 5047 2809 5138 carne,
2843 5082 2897 5129 et
2924 5074 3119 5133 excitat
3247 5083 3433 5130 monet
3462 5047 3630 5131 homi-

325 5163 542 5219 nomine
570 5163 835 5237 unigeniti
872 5164 972 5219 Flii
997 5166 1115 5221 Dei.
1162 5188 1184 5215 ι»
1235 5168 1491 5223 Nondum
1535 5171 1787 5241 apparuit
1828 5175 1921 5241 ju-

2032 5174 2128 5215 nes
2156 5172 2492 5230 cognoscere
2520 5176 2622 5216 sua
2673 5162 2836 5230 mala,
2884 5162 2953 5217 in
2981 5163 3180 5235 quibus
3235 5180 3429 5219 omnes
3456 5172 3621 5240 sunt;

325 5250 546 5318 dicium,
578 5250 675 5307 sed
696 5251 805 5322 jam
840 5250 1046 5308 factum
1077 5261 1183 5309 est.
1221 5279 1243 5305 ‹‹
1277 5256 1446 5312 Novit
1470 5258 1611 5313 enim
1655 5259 1918 5318 Dominus
2008 5255 2266 5326 profecto
2294 5256 2697 5327 illijudieantur
2725 5260 2817 5331 qui
2845 5260 3079 5316 oderunt
3125 5260 3510 5320 admonentem
3528 5261 3622 5318 lu-

322 5339 416 5413 qui
448 5345 573 5396 sunt
601 5339 718 5409 ejus
741 5341 816 5413 (II
846 5343 995 5398 Time
1015 5343 1098 5415 ιι).
1136 5364 1158 5392 »
1194 5343 1364 5400 Novit
1400 5346 1544 5400 enim
1577 5348 1666 5419 qui
1697 5362 1921 5420 perma-
2022 5370 2160 5422 cem,
2188 5363 2247 5411 et
2273 5354 2460 5429 fugant
2491 5373 2564 5414 ne
2593 5367 2893 5432 arguantur
2910 5358 3053 5415 male
3084 5375 3273 5416 eorum
3316 5378 3440 5433 quae
3490 5369 3621 5420 sunt

322 5445 488 5494 neant
516 5437 583 5495 ad
615 5451 894 5507 coronam,
929 5441 1020 5513 qui
1045 5441 1114 5496 ad
1144 5441 1438 5497 ﬂammam.
1480 5444 1643 5500 Novit
1684 5446 1735 5500 in
1784 5462 1917 5504 arca
2023 5448 2294 5521 impietas,
2317 5452 2687 5520 incredulitas,
2715 5453 2901 5509 odium
2922 5454 3329 5521 aeternaelucis,
3366 5464 3420 5512 et
3470 5456 3618 5512 nolle

292 5540 423 5582 'sua
451 5526 706 5595 triticum,
740 5528 892 5583 novit
919 5529 1154 5600 paleam,
1187 5533 1338 5587 novit
1366 5541 1629 5605 segetem,
1651 5536 1807 5591 novit
1853 5538 1920 5592 zi-
2023 5554 2142 5595 eam
2172 5542 2436 5612 aspicere,
2470 5543 2573 5597 sed
2605 5543 2750 5598 velle
2778 5541 3094 5597 intenebris
3126 5554 3481 5613 peccatorum
3526 5561 3617 5599 re-

323 5616 507 5703 zania.
539 5616 665 5672 Non
693 5632 792 5672 eos
834 5618 1120 5674 audiamus
1171 5622 1263 5693 qui
1302 5630 1505 5694 negant
1546 5639 1612 5679 ex
1654 5625 1757 5679 hoc
1793 5624 1916 5682 loco
2026 5644 2271 5684 manere.
2306 5631 2504 5702 Utique
2533 5632 2710 5686 omnis
2740 5631 2831 5703 qui
2881 5638 2967 5686 est
3003 5630 3056 5686 in
3088 5632 3385 5687 intentione
3414 5632 3540 5686 mali
3566 5640 3621 5686 et

321 5702 682 5775 diemtjudicii
712 5704 977 5762 futurum.
1014 5707 1214 5765 Dicunt
1241 5709 1387 5765 enim
1421 5711 1525 5767 :‘Si
1575 5721 1628 5767 et
1682 5713 1775 5769 ille
1822 5716 1914 5786 qui
2025 5734 2145 5776 cum
2198 5733 2422 5776 amore'
2458 5720 2629 5793 ipsius
2682 5702 2814 5775 mali
2874 5727 3153 5791 operatur,
3229 5720 3343 5776 odit
3416 5721 3614 5788 lucem,
