  <div class='ocr_page' id='page_1' title='image "/cluster/home/n/w/nwhite01/storage/ocr_20150623/157/hvd.32044054760152/501.png"; bbox 0 0 3986 6070; ppageno 0'>
   <div class='ocr_carea' id='block_1_1' title="bbox 405 230 549 284">
    <p class='ocr_par' dir='ltr' id='par_1_1' title="bbox 405 230 549 284">
     <span class='ocr_line' id='line_1_1' title="bbox 405 230 549 284; baseline 0.035 -5"><span class='ocrx_word' id='word_1_1' title='bbox 405 230 549 284; x_wconf 82' lang='lat'><strong>.991</strong></span> 
     </span>
    </p>
   </div>
   <div class='ocr_carea' id='block_1_2' title="bbox 1578 234 2614 302">
    <p class='ocr_par' dir='ltr' id='par_1_2' title="bbox 1578 234 2614 302">
     <span class='ocr_line' id='line_1_2' title="bbox 1578 234 2614 302; baseline 0.01 -12"><span class='ocrx_word' id='word_1_2' title='bbox 1578 234 1928 294; x_wconf 66' lang='lat' dir='ltr'><strong>“’ERNERI</strong></span> <span class='ocrx_word' id='word_1_3' title='bbox 1965 238 2255 301; x_wconf 75' lang='lat' dir='ltr'><strong>ABDATIS</strong></span> <span class='ocrx_word' id='word_1_4' title='bbox 2294 242 2351 298; x_wconf 91' lang='lat' dir='ltr'><strong>S.</strong></span> <span class='ocrx_word' id='word_1_5' title='bbox 2393 245 2614 302; x_wconf 73' lang='lat' dir='ltr'><strong>BLASII</strong></span> 
     </span>
    </p>
   </div>
   <div class='ocr_carea' id='block_1_3' title="bbox 3643 255 3740 324">
    <p class='ocr_par' dir='ltr' id='par_1_3' title="bbox 3643 255 3740 324">
     <span class='ocr_line' id='line_1_3' title="bbox 3643 255 3740 324; baseline 0.062 -17"><span class='ocrx_word' id='word_1_6' title='bbox 3643 255 3740 324; x_wconf 21' lang='lat'><strong>9,93</strong></span> 
     </span>
    </p>
   </div>
   <div class='ocr_carea' id='block_1_4' title="bbox 453 353 3739 436">
    <p class='ocr_par' dir='ltr' id='par_1_4' title="bbox 453 353 3739 436">
     <span class='ocr_line' id='line_1_4' title="bbox 453 353 3739 436; baseline 0.009 -27"><span class='ocrx_word' id='word_1_7' title='bbox 453 353 578 424; x_wconf 85' lang='lat' dir='ltr'><strong>quia</strong></span> <span class='ocrx_word' id='word_1_8' title='bbox 605 353 812 428; x_wconf 79' lang='lat' dir='ltr'><strong>detegit</strong></span> <span class='ocrx_word' id='word_1_9' title='bbox 853 355 1017 422; x_wconf 88' lang='lat' dir='ltr'><strong>mala,</strong></span> <span class='ocrx_word' id='word_1_10' title='bbox 1064 363 1119 414; x_wconf 92' lang='lat' dir='ltr'><strong>et</strong></span> <span class='ocrx_word' id='word_1_11' title='bbox 1155 358 1228 414; x_wconf 88' lang='lat' dir='ltr'><strong>ita</strong></span> <span class='ocrx_word' id='word_1_12' title='bbox 1269 373 1379 416; x_wconf 92' lang='lat' dir='ltr'><strong>non</strong></span> <span class='ocrx_word' id='word_1_13' title='bbox 1429 357 1582 415; x_wconf 80' lang='lat' dir='ltr'><strong>venit</strong></span> <span class='ocrx_word' id='word_1_14' title='bbox 1618 360 1688 416; x_wconf 89' lang='lat' dir='ltr'><strong>ad</strong></span> <span class='ocrx_word' id='word_1_15' title='bbox 1733 361 1931 432; x_wconf 85' lang='lat' dir='ltr'><strong>lucem,</strong></span> <span class='ocrx_word' id='word_1_16' title='bbox 1977 372 2035 420; x_wconf 89' lang='lat' dir='ltr'><strong>ut</strong></span> <span class='ocrx_word' id='word_1_17' title='bbox 2067 365 2123 431; x_wconf 73' lang='grc' dir='ltr'><strong>ΑΔ</strong></span> <span class='ocrx_word' id='word_1_18' title='bbox 2150 374 2297 435; x_wconf 82' lang='lat' dir='ltr'><strong>neat,</strong></span> <span class='ocrx_word' id='word_1_19' title='bbox 2331 369 2428 424; x_wconf 89' lang='lat' dir='ltr'><strong>sed</strong></span> <span class='ocrx_word' id='word_1_20' title='bbox 2458 370 2627 427; x_wconf 89' lang='lat' dir='ltr'><strong>etiam</strong></span> <span class='ocrx_word' id='word_1_21' title='bbox 2654 386 2688 428; x_wconf 85' lang='lat' dir='ltr'><strong>a</strong></span> <span class='ocrx_word' id='word_1_22' title='bbox 2718 370 3025 430; x_wconf 83' lang='lat' dir='ltr'><strong>minoribus</strong></span> <span class='ocrx_word' id='word_1_23' title='bbox 3041 377 3646 436; x_wconf 87' lang='lat' dir='ltr'><strong>veramcomessionem</strong></span> <span class='ocrx_word' id='word_1_24' title='bbox 3667 380 3739 436; x_wconf 80' lang='lat' dir='ltr'><strong>ia-</strong></span> 
     </span>
    </p>
   </div>
   <div class='ocr_carea' id='block_1_5' title="bbox 401 441 2043 527">
    <p class='ocr_par' dir='ltr' id='par_1_5' title="bbox 401 441 2043 527">
     <span class='ocr_line' id='line_1_5' title="bbox 401 441 2043 527; baseline 0.007 -27"><span class='ocrx_word' id='word_1_25' title='bbox 401 476 404 484; x_wconf 71' lang='lat'>=</span> <span class='ocrx_word' id='word_1_26' title='bbox 452 441 503 500; x_wconf 85' lang='lat' dir='ltr'><strong>ei</strong></span> <span class='ocrx_word' id='word_1_27' title='bbox 526 444 783 516; x_wconf 80' lang='lat' dir='ltr'><strong>jungatur</strong></span> <span class='ocrx_word' id='word_1_28' title='bbox 815 463 830 513; x_wconf 89' lang='lat'><strong>;</strong></span> <span class='ocrx_word' id='word_1_29' title='bbox 862 445 961 502; x_wconf 81' lang='lat' dir='ltr'><strong>sed</strong></span> <span class='ocrx_word' id='word_1_30' title='bbox 992 445 1147 521; x_wconf 75' lang='lat' dir='ltr'><strong>fugat</strong></span> <span class='ocrx_word' id='word_1_31' title='bbox 1177 464 1246 504; x_wconf 90' lang='lat' dir='ltr'><strong>ne</strong></span> <span class='ocrx_word' id='word_1_32' title='bbox 1276 447 1417 504; x_wconf 91' lang='lat' dir='ltr'><strong>mala</strong></span> <span class='ocrx_word' id='word_1_33' title='bbox 1448 465 1568 521; x_wconf 67' lang='lat' dir='ltr'><strong>quae</strong></span> <span class='ocrx_word' id='word_1_34' title='bbox 1596 449 1775 524; x_wconf 77' lang='lat' dir='ltr'><strong>diligit</strong></span> <span class='ocrx_word' id='word_1_35' title='bbox 1803 467 2043 527; x_wconf 85' lang='lat' dir='ltr'><strong>arguan-</strong></span> 
     </span>
    </p>
   </div>
   <div class='ocr_carea' id='block_1_6' title="bbox 453 546 560 596">
    <p class='ocr_par' dir='ltr' id='par_1_6' title="bbox 453 546 560 596">
     <span class='ocr_line' id='line_1_6' title="bbox 453 546 560 596; baseline 0.009 -1"><span class='ocrx_word' id='word_1_36' title='bbox 453 546 560 596; x_wconf 86' lang='lat' dir='ltr'><strong>tur.</strong></span> 
     </span>
    </p>
   </div>
   <div class='ocr_carea' id='block_1_7' title="bbox 529 645 2044 724">
    <p class='ocr_par' dir='ltr' id='par_1_7' title="bbox 529 645 2044 724">
     <span class='ocr_line' id='line_1_7' title="bbox 529 645 2044 724; baseline 0.009 -25"><span class='ocrx_word' id='word_1_37' title='bbox 529 669 552 693; x_wconf 80' lang='grc' dir='ltr'><strong><em>α</em></strong></span> <span class='ocrx_word' id='word_1_38' title='bbox 586 645 688 716; x_wconf 91' lang='lat' dir='ltr'><strong>Qui</strong></span> <span class='ocrx_word' id='word_1_39' title='bbox 704 658 883 707; x_wconf 90' lang='lat' dir='ltr'><strong>autem</strong></span> <span class='ocrx_word' id='word_1_40' title='bbox 899 652 1025 710; x_wconf 80' lang='lat' dir='ltr'><strong>facit</strong></span> <span class='ocrx_word' id='word_1_41' title='bbox 1043 654 1331 711; x_wconf 89' lang='lat' dir='ltr'><strong>veritatem</strong></span> <span class='ocrx_word' id='word_1_42' title='bbox 1353 655 1500 713; x_wconf 81' lang='lat' dir='ltr'><strong>venit</strong></span> <span class='ocrx_word' id='word_1_43' title='bbox 1527 655 1598 712; x_wconf 89' lang='lat' dir='ltr'><strong>ad</strong></span> <span class='ocrx_word' id='word_1_44' title='bbox 1618 654 1816 724; x_wconf 89' lang='lat' dir='ltr'><strong>lucem,</strong></span> <span class='ocrx_word' id='word_1_45' title='bbox 1850 661 1908 710; x_wconf 91' lang='lat' dir='ltr'><strong>ut</strong></span> <span class='ocrx_word' id='word_1_46' title='bbox 1935 670 2044 711; x_wconf 91' lang='lat' dir='ltr'><strong>ma-</strong></span> 
     </span>
    </p>
   </div>
   <div class='ocr_carea' id='block_1_8' title="bbox 451 733 2034 815">
    <p class='ocr_par' dir='ltr' id='par_1_8' title="bbox 451 733 2034 815">
     <span class='ocr_line' id='line_1_8' title="bbox 451 733 2034 815; baseline 0.009 -28"><span class='ocrx_word' id='word_1_47' title='bbox 451 733 781 795; x_wconf 73' lang='lat' dir='ltr'><strong>nifestentur</strong></span> <span class='ocrx_word' id='word_1_48' title='bbox 809 758 972 813; x_wconf 85' lang='lat' dir='ltr'><strong>opera</strong></span> <span class='ocrx_word' id='word_1_49' title='bbox 1003 743 1144 813; x_wconf 89' lang='lat' dir='ltr'><strong>ejus,</strong></span> <span class='ocrx_word' id='word_1_50' title='bbox 1179 745 1303 815; x_wconf 83' lang='lat' dir='ltr'><strong>quia</strong></span> <span class='ocrx_word' id='word_1_51' title='bbox 1353 745 1409 800; x_wconf 92' lang='lat' dir='ltr'><strong>in</strong></span> <span class='ocrx_word' id='word_1_52' title='bbox 1433 746 1597 801; x_wconf 93' lang='lat' dir='ltr'><strong>domo</strong></span> <span class='ocrx_word' id='word_1_53' title='bbox 1635 753 1762 800; x_wconf 90' lang='lat' dir='ltr'><strong>sunt</strong></span> <span class='ocrx_word' id='word_1_54' title='bbox 1811 745 1974 801; x_wconf 83' lang='lat' dir='ltr'><strong>facta.</strong></span> <span class='ocrx_word' id='word_1_55' title='bbox 2012 769 2034 793; x_wconf 80' lang='grc' dir='ltr'><strong>ι·</strong></span> 
     </span>
    </p>
   </div>
   <div class='ocr_carea' id='block_1_9' title="bbox 452 830 2037 911">
    <p class='ocr_par' dir='ltr' id='par_1_9' title="bbox 452 830 2037 911">
     <span class='ocr_line' id='line_1_9' title="bbox 452 830 2037 911; baseline 0.007 -24"><span class='ocrx_word' id='word_1_56' title='bbox 452 830 591 902; x_wconf 87' lang='lat' dir='ltr'><strong>Quia</strong></span> <span class='ocrx_word' id='word_1_57' title='bbox 621 835 827 894; x_wconf 84' lang='lat' dir='ltr'><strong>initium</strong></span> <span class='ocrx_word' id='word_1_58' title='bbox 859 839 986 896; x_wconf 89' lang='lat' dir='ltr'><strong>boni</strong></span> <span class='ocrx_word' id='word_1_59' title='bbox 1016 849 1098 896; x_wconf 88' lang='lat' dir='ltr'><strong>est</strong></span> <span class='ocrx_word' id='word_1_60' title='bbox 1128 844 1402 898; x_wconf 88' lang='lat' dir='ltr'><strong>accusatio</strong></span> <span class='ocrx_word' id='word_1_61' title='bbox 1443 843 1595 911; x_wconf 90' lang='lat' dir='ltr'><strong>mali,</strong></span> <span class='ocrx_word' id='word_1_62' title='bbox 1641 843 1922 899; x_wconf 83' lang='lat' dir='ltr'><strong>veritatem</strong></span> <span class='ocrx_word' id='word_1_63' title='bbox 1953 844 2037 898; x_wconf 84' lang='lat' dir='ltr'><strong>fa-</strong></span> 
     </span>
    </p>
   </div>
   <div class='ocr_carea' id='block_1_10' title="bbox 449 930 2044 1014">
    <p class='ocr_par' dir='ltr' id='par_1_10' title="bbox 449 930 2044 1014">
     <span class='ocr_line' id='line_1_10' title="bbox 449 930 2044 1014; baseline 0.006 -28"><span class='ocrx_word' id='word_1_64' title='bbox 449 930 542 1000; x_wconf 85' lang='lat' dir='ltr'><strong>cit,</strong></span> <span class='ocrx_word' id='word_1_65' title='bbox 577 934 628 988; x_wconf 89' lang='lat' dir='ltr'><strong>id</strong></span> <span class='ocrx_word' id='word_1_66' title='bbox 659 944 742 990; x_wconf 90' lang='lat' dir='ltr'><strong>est</strong></span> <span class='ocrx_word' id='word_1_67' title='bbox 770 953 834 992; x_wconf 89' lang='lat' dir='ltr'><strong>ea</strong></span> <span class='ocrx_word' id='word_1_68' title='bbox 853 956 973 1011; x_wconf 66' lang='lat' dir='ltr'><strong>qua:</strong></span> <span class='ocrx_word' id='word_1_69' title='bbox 1001 940 1204 996; x_wconf 87' lang='lat' dir='ltr'><strong>veritas</strong></span> <span class='ocrx_word' id='word_1_70' title='bbox 1227 941 1410 1012; x_wconf 84' lang='lat' dir='ltr'><strong>jubet.</strong></span> <span class='ocrx_word' id='word_1_71' title='bbox 1450 942 1772 1014; x_wconf 85' lang='lat' dir='ltr'><strong>Quicunque</strong></span> <span class='ocrx_word' id='word_1_72' title='bbox 1803 941 2044 997; x_wconf 84' lang='lat' dir='ltr'><strong>admoni-</strong></span> 
     </span>
    </p>
   </div>
   <div class='ocr_carea' id='block_1_11' title="bbox 446 1025 2040 1100">
    <p class='ocr_par' dir='ltr' id='par_1_11' title="bbox 446 1025 2040 1100">
     <span class='ocr_line' id='line_1_11' title="bbox 446 1025 2040 1100; baseline 0.008 -27"><span class='ocrx_word' id='word_1_73' title='bbox 446 1027 534 1074; x_wconf 88' lang='lat' dir='ltr'><strong>tus</strong></span> <span class='ocrx_word' id='word_1_74' title='bbox 561 1038 663 1091; x_wconf 90' lang='lat' dir='ltr'><strong>per</strong></span> <span class='ocrx_word' id='word_1_75' title='bbox 683 1025 859 1082; x_wconf 88' lang='lat' dir='ltr'><strong>lucem</strong></span> <span class='ocrx_word' id='word_1_76' title='bbox 891 1044 989 1083; x_wconf 88' lang='lat' dir='ltr'><strong>sua</strong></span> <span class='ocrx_word' id='word_1_77' title='bbox 1019 1030 1164 1084; x_wconf 89' lang='lat' dir='ltr'><strong>mala</strong></span> <span class='ocrx_word' id='word_1_78' title='bbox 1191 1037 1433 1096; x_wconf 80' lang='lat' dir='ltr'><strong>accusat,</strong></span> <span class='ocrx_word' id='word_1_79' title='bbox 1467 1039 1525 1086; x_wconf 89' lang='lat' dir='ltr'><strong>ut</strong></span> <span class='ocrx_word' id='word_1_80' title='bbox 1577 1032 1694 1086; x_wconf 72' lang='lat' dir='ltr'><strong>hzec</strong></span> <span class='ocrx_word' id='word_1_81' title='bbox 1723 1031 1846 1100; x_wconf 87' lang='lat' dir='ltr'><strong>ejus</strong></span> <span class='ocrx_word' id='word_1_82' title='bbox 1872 1046 2040 1086; x_wconf 87' lang='lat' dir='ltr'><strong>accu-</strong></span> 
     </span>
    </p>
   </div>
   <div class='ocr_carea' id='block_1_12' title="bbox 447 1111 2040 1189">
    <p class='ocr_par' dir='ltr' id='par_1_12' title="bbox 447 1111 2040 1189">
     <span class='ocr_line' id='line_1_12' title="bbox 447 1111 2040 1189; baseline 0.008 -27"><span class='ocrx_word' id='word_1_83' title='bbox 447 1111 586 1166; x_wconf 85' lang='lat' dir='ltr'><strong>satio</strong></span> <span class='ocrx_word' id='word_1_84' title='bbox 615 1121 668 1166; x_wconf 93' lang='lat' dir='ltr'><strong>et</strong></span> <span class='ocrx_word' id='word_1_85' title='bbox 696 1115 801 1169; x_wconf 87' lang='lat' dir='ltr'><strong>alia</strong></span> <span class='ocrx_word' id='word_1_86' title='bbox 833 1116 972 1171; x_wconf 88' lang='lat' dir='ltr'><strong>bona</strong></span> <span class='ocrx_word' id='word_1_87' title='bbox 1001 1133 1126 1189; x_wconf 87' lang='lat' dir='ltr'><strong>quae</strong></span> <span class='ocrx_word' id='word_1_88' title='bbox 1170 1117 1298 1174; x_wconf 82' lang='lat' dir='ltr'><strong>fecit</strong></span> <span class='ocrx_word' id='word_1_89' title='bbox 1326 1119 1742 1175; x_wconf 79' lang='lat' dir='ltr'><strong>manifestentur</strong></span> <span class='ocrx_word' id='word_1_90' title='bbox 1793 1119 1938 1189; x_wconf 90' lang='lat' dir='ltr'><strong>quod</strong></span> <span class='ocrx_word' id='word_1_91' title='bbox 1967 1119 2040 1174; x_wconf 90' lang='lat' dir='ltr'><strong>il-</strong></span> 
     </span>
    </p>
   </div>
   <div class='ocr_carea' id='block_1_13' title="bbox 444 1196 2040 1280">
    <p class='ocr_par' dir='ltr' id='par_1_13' title="bbox 444 1196 2040 1280">
     <span class='ocr_line' id='line_1_13' title="bbox 444 1196 2040 1280; baseline 0.009 -29"><span class='ocrx_word' id='word_1_92' title='bbox 444 1196 798 1258; x_wconf 87' lang='lat' dir='ltr'><strong>luminatione</strong></span> <span class='ocrx_word' id='word_1_93' title='bbox 825 1205 1004 1260; x_wconf 87' lang='lat' dir='ltr'><strong>divina</strong></span> <span class='ocrx_word' id='word_1_94' title='bbox 1035 1213 1159 1261; x_wconf 92' lang='lat' dir='ltr'><strong>sunt</strong></span> <span class='ocrx_word' id='word_1_95' title='bbox 1190 1206 1358 1262; x_wconf 81' lang='lat' dir='ltr'><strong>facta.</strong></span> <span class='ocrx_word' id='word_1_96' title='bbox 1391 1206 1497 1275; x_wconf 88' lang='lat' dir='ltr'><strong>Qui</strong></span> <span class='ocrx_word' id='word_1_97' title='bbox 1529 1207 1643 1262; x_wconf 86' lang='lat' dir='ltr'><strong>vult</strong></span> <span class='ocrx_word' id='word_1_98' title='bbox 1689 1223 1821 1280; x_wconf 85' lang='lat' dir='ltr'><strong>ergo</strong></span> <span class='ocrx_word' id='word_1_99' title='bbox 1851 1209 2040 1265; x_wconf 85' lang='lat' dir='ltr'><strong>venire</strong></span> 
     </span>
    </p>
   </div>
   <div class='ocr_carea' id='block_1_14' title="bbox 443 1298 2039 1379">
    <p class='ocr_par' dir='ltr' id='par_1_14' title="bbox 443 1298 2039 1379">
     <span class='ocr_line' id='line_1_14' title="bbox 443 1298 2039 1379; baseline 0.004 -24"><span class='ocrx_word' id='word_1_100' title='bbox 443 1298 513 1355; x_wconf 87' lang='lat' dir='ltr'><strong>ad</strong></span> <span class='ocrx_word' id='word_1_101' title='bbox 545 1298 743 1370; x_wconf 86' lang='lat' dir='ltr'><strong>lucem,</strong></span> <span class='ocrx_word' id='word_1_102' title='bbox 784 1317 892 1358; x_wconf 90' lang='lat' dir='ltr'><strong>non</strong></span> <span class='ocrx_word' id='word_1_103' title='bbox 931 1311 1140 1360; x_wconf 89' lang='lat' dir='ltr'><strong>tantum</strong></span> <span class='ocrx_word' id='word_1_104' title='bbox 1181 1319 1212 1360; x_wconf 90' lang='lat' dir='ltr'><strong>a</strong></span> <span class='ocrx_word' id='word_1_105' title='bbox 1250 1305 1553 1378; x_wconf 77' lang='lat' dir='ltr'><strong>grandibus</strong></span> <span class='ocrx_word' id='word_1_106' title='bbox 1592 1307 1833 1379; x_wconf 86' lang='lat' dir='ltr'><strong>peccatis</strong></span> <span class='ocrx_word' id='word_1_107' title='bbox 1862 1305 2039 1362; x_wconf 84' lang='lat' dir='ltr'><strong>absti-</strong></span> 
     </span>
    </p>
   </div>
   <div class='ocr_carea' id='block_1_15' title="bbox 2149 456 3740 541">
    <p class='ocr_par' dir='ltr' id='par_1_15' title="bbox 2149 456 3740 541">
     <span class='ocr_line' id='line_1_15' title="bbox 2149 456 3740 541; baseline 0.008 -29"><span class='ocrx_word' id='word_1_108' title='bbox 2149 456 2275 525; x_wconf 88' lang='lat' dir='ltr'><strong>ciat,</strong></span> <span class='ocrx_word' id='word_1_109' title='bbox 2319 459 2576 528; x_wconf 90' lang='lat' dir='ltr'><strong>quoniam</strong></span> <span class='ocrx_word' id='word_1_110' title='bbox 2607 460 2765 532; x_wconf 91' lang='lat' dir='ltr'><strong>plura</strong></span> <span class='ocrx_word' id='word_1_111' title='bbox 2795 463 3004 520; x_wconf 88' lang='lat' dir='ltr'><strong>minuta</strong></span> <span class='ocrx_word' id='word_1_112' title='bbox 3060 475 3306 536; x_wconf 89' lang='lat' dir='ltr'><strong>peccata,</strong></span> <span class='ocrx_word' id='word_1_113' title='bbox 3349 467 3396 522; x_wconf 91' lang='lat' dir='ltr'><strong>si</strong></span> <span class='ocrx_word' id='word_1_114' title='bbox 3454 469 3740 541; x_wconf 80' lang='lat' dir='ltr'><strong>negligan-</strong></span> 
     </span>
    </p>
   </div>
   <div class='ocr_carea' id='block_1_16' title="bbox 2151 548 3740 630">
    <p class='ocr_par' dir='ltr' id='par_1_16' title="bbox 2151 548 3740 630">
     <span class='ocr_line' id='line_1_16' title="bbox 2151 548 3740 630; baseline 0.009 -30"><span class='ocrx_word' id='word_1_115' title='bbox 2151 552 2259 615; x_wconf 92' lang='lat' dir='ltr'><strong>tur,</strong></span> <span class='ocrx_word' id='word_1_116' title='bbox 2284 548 2568 605; x_wconf 88' lang='lat' dir='ltr'><strong>occidunt.</strong></span> <span class='ocrx_word' id='word_1_117' title='bbox 2615 550 2752 605; x_wconf 86' lang='lat' dir='ltr'><strong>Nam</strong></span> <span class='ocrx_word' id='word_1_118' title='bbox 2783 551 3008 608; x_wconf 73' lang='lat' dir='ltr'><strong>minutae</strong></span> <span class='ocrx_word' id='word_1_119' title='bbox 3036 563 3204 626; x_wconf 64' lang='lat' dir='ltr'><strong>gutta:</strong></span> <span class='ocrx_word' id='word_1_120' title='bbox 3263 555 3472 614; x_wconf 87' lang='lat' dir='ltr'><strong>ﬂumen</strong></span> <span class='ocrx_word' id='word_1_121' title='bbox 3499 558 3740 630; x_wconf 90' lang='lat' dir='ltr'><strong>implent,</strong></span> 
     </span>
    </p>
   </div>
   <div class='ocr_carea' id='block_1_17' title="bbox 2149 635 3745 719">
    <p class='ocr_par' dir='ltr' id='par_1_17' title="bbox 2149 635 3745 719">
     <span class='ocr_line' id='line_1_17' title="bbox 2149 635 3745 719; baseline 0.009 -31"><span class='ocrx_word' id='word_1_122' title='bbox 2149 642 2204 690; x_wconf 88' lang='lat' dir='ltr'><strong>et</strong></span> <span class='ocrx_word' id='word_1_123' title='bbox 2232 635 2435 690; x_wconf 85' lang='lat' dir='ltr'><strong>minuta</strong></span> <span class='ocrx_word' id='word_1_124' title='bbox 2487 654 2662 712; x_wconf 85' lang='lat' dir='ltr'><strong>grana</strong></span> <span class='ocrx_word' id='word_1_125' title='bbox 2727 655 2913 697; x_wconf 70' lang='lat' dir='ltr'><strong>arenae</strong></span> <span class='ocrx_word' id='word_1_126' title='bbox 2945 641 2991 697; x_wconf 91' lang='lat' dir='ltr'><strong>si</strong></span> <span class='ocrx_word' id='word_1_127' title='bbox 3045 643 3214 698; x_wconf 87' lang='lat' dir='ltr'><strong>multa</strong></span> <span class='ocrx_word' id='word_1_128' title='bbox 3259 653 3382 701; x_wconf 91' lang='lat' dir='ltr'><strong>sunt</strong></span> <span class='ocrx_word' id='word_1_129' title='bbox 3435 647 3745 719; x_wconf 88' lang='lat' dir='ltr'><strong>opprimunt</strong></span> 
     </span>
    </p>
   </div>
   <div class='ocr_carea' id='block_1_18' title="bbox 2147 733 3744 813">
    <p class='ocr_par' dir='ltr' id='par_1_18' title="bbox 2147 733 3744 813">
     <span class='ocr_line' id='line_1_18' title="bbox 2147 733 3744 813; baseline 0.009 -28"><span class='ocrx_word' id='word_1_130' title='bbox 2147 747 2368 788; x_wconf 85' lang='lat' dir='ltr'><strong>navem.</strong></span> <span class='ocrx_word' id='word_1_131' title='bbox 2417 733 2483 789; x_wconf 85' lang='lat' dir='ltr'><strong>Et</strong></span> <span class='ocrx_word' id='word_1_132' title='bbox 2521 735 2624 792; x_wconf 92' lang='lat' dir='ltr'><strong>hoc</strong></span> <span class='ocrx_word' id='word_1_133' title='bbox 2658 734 2788 792; x_wconf 76' lang='lat' dir='ltr'><strong>facit</strong></span> <span class='ocrx_word' id='word_1_134' title='bbox 2818 739 3036 798; x_wconf 87' lang='lat' dir='ltr'><strong>sentina</strong></span> <span class='ocrx_word' id='word_1_135' title='bbox 3080 739 3346 813; x_wconf 86' lang='lat' dir='ltr'><strong>neglecta,</strong></span> <span class='ocrx_word' id='word_1_136' title='bbox 3381 743 3525 812; x_wconf 90' lang='lat' dir='ltr'><strong>quod</strong></span> <span class='ocrx_word' id='word_1_137' title='bbox 3556 743 3744 800; x_wconf 81' lang='lat' dir='ltr'><strong>ﬂuctus</strong></span> 
     </span>
    </p>
   </div>
   <div class='ocr_carea' id='block_1_19' title="bbox 2145 819 3746 901">
    <p class='ocr_par' dir='ltr' id='par_1_19' title="bbox 2145 819 3746 901">
     <span class='ocr_line' id='line_1_19' title="bbox 2145 819 3746 901; baseline 0.009 -27"><span class='ocrx_word' id='word_1_138' title='bbox 2145 819 2378 876; x_wconf 80' lang='lat' dir='ltr'><strong>irruens.</strong></span> <span class='ocrx_word' id='word_1_139' title='bbox 2449 825 2706 880; x_wconf 84' lang='lat' dir='ltr'><strong>Paulatim</strong></span> <span class='ocrx_word' id='word_1_140' title='bbox 2744 826 2904 882; x_wconf 91' lang='lat' dir='ltr'><strong>intrat</strong></span> <span class='ocrx_word' id='word_1_141' title='bbox 2934 843 3076 900; x_wconf 88' lang='lat' dir='ltr'><strong>aqua</strong></span> <span class='ocrx_word' id='word_1_142' title='bbox 3139 846 3240 901; x_wconf 87' lang='lat' dir='ltr'><strong>per</strong></span> <span class='ocrx_word' id='word_1_143' title='bbox 3295 832 3610 900; x_wconf 83' lang='lat' dir='ltr'><strong>sentinam;</strong></span> <span class='ocrx_word' id='word_1_144' title='bbox 3651 833 3746 889; x_wconf 85' lang='lat' dir='ltr'><strong>sed</strong></span> 
     </span>
    </p>
   </div>
   <div class='ocr_carea' id='block_1_20' title="bbox 2145 911 3748 994">
    <p class='ocr_par' dir='ltr' id='par_1_20' title="bbox 2145 911 3748 994">
     <span class='ocr_line' id='line_1_20' title="bbox 2145 911 3748 994; baseline 0.008 -29"><span class='ocrx_word' id='word_1_145' title='bbox 2145 911 2239 966; x_wconf 91' lang='lat' dir='ltr'><strong>diu</strong></span> <span class='ocrx_word' id='word_1_146' title='bbox 2268 911 2518 968; x_wconf 86' lang='lat' dir='ltr'><strong>intrando</strong></span> <span class='ocrx_word' id='word_1_147' title='bbox 2547 921 2601 969; x_wconf 91' lang='lat' dir='ltr'><strong>et</strong></span> <span class='ocrx_word' id='word_1_148' title='bbox 2627 931 2738 970; x_wconf 92' lang='lat' dir='ltr'><strong>non</strong></span> <span class='ocrx_word' id='word_1_149' title='bbox 2777 917 3150 974; x_wconf 74' lang='lat' dir='ltr'><strong>exhauriendo</strong></span> <span class='ocrx_word' id='word_1_150' title='bbox 3180 921 3381 994; x_wconf 81' lang='lat' dir='ltr'><strong>mergit</strong></span> <span class='ocrx_word' id='word_1_151' title='bbox 3408 937 3635 978; x_wconf 87' lang='lat' dir='ltr'><strong>navem.</strong></span> <span class='ocrx_word' id='word_1_152' title='bbox 3681 924 3748 978; x_wconf 89' lang='lat' dir='ltr'><strong>Et</strong></span> 
     </span>
    </p>
   </div>
   <div class='ocr_carea' id='block_1_21' title="bbox 2145 1007 3746 1086">
    <p class='ocr_par' dir='ltr' id='par_1_21' title="bbox 2145 1007 3746 1086">
     <span class='ocr_line' id='line_1_21' title="bbox 2145 1007 3746 1086; baseline 0.009 -27"><span class='ocrx_word' id='word_1_153' title='bbox 2145 1007 2268 1078; x_wconf 87' lang='lat' dir='ltr'><strong>quia</strong></span> <span class='ocrx_word' id='word_1_154' title='bbox 2299 1009 2446 1063; x_wconf 90' lang='lat' dir='ltr'><strong>Deus</strong></span> <span class='ocrx_word' id='word_1_155' title='bbox 2510 1019 2830 1081; x_wconf 87' lang='lat' dir='ltr'><strong>peccatores</strong></span> <span class='ocrx_word' id='word_1_156' title='bbox 2892 1014 3132 1086; x_wconf 84' lang='lat' dir='ltr'><strong>ﬂagellat</strong></span> <span class='ocrx_word' id='word_1_157' title='bbox 3197 1017 3253 1072; x_wconf 91' lang='lat' dir='ltr'><strong>in</strong></span> <span class='ocrx_word' id='word_1_158' title='bbox 3292 1019 3393 1074; x_wconf 90' lang='lat' dir='ltr'><strong>hoc</strong></span> <span class='ocrx_word' id='word_1_159' title='bbox 3433 1019 3635 1076; x_wconf 62' lang='lat' dir='ltr'><strong>seculo</strong></span> <span class='ocrx_word' id='word_1_160' title='bbox 3681 1020 3746 1074; x_wconf 88' lang='lat' dir='ltr'><strong>ad</strong></span> 
     </span>
    </p>
   </div>
   <div class='ocr_carea' id='block_1_22' title="bbox 2145 1097 3748 1176">
    <p class='ocr_par' dir='ltr' id='par_1_22' title="bbox 2145 1097 3748 1176">
     <span class='ocr_line' id='line_1_22' title="bbox 2145 1097 3748 1176; baseline 0.007 -24"><span class='ocrx_word' id='word_1_161' title='bbox 2145 1097 2604 1164; x_wconf 85' lang='lat' dir='ltr'><strong>emendationem,</strong></span> <span class='ocrx_word' id='word_1_162' title='bbox 2638 1099 2776 1158; x_wconf 84' lang='lat' dir='ltr'><strong>ferto</strong></span> <span class='ocrx_word' id='word_1_163' title='bbox 2805 1111 3016 1175; x_wconf 87' lang='lat' dir='ltr'><strong>patrem</strong></span> <span class='ocrx_word' id='word_1_164' title='bbox 3048 1105 3420 1176; x_wconf 88' lang='lat' dir='ltr'><strong>crudientem,</strong></span> <span class='ocrx_word' id='word_1_165' title='bbox 3453 1124 3523 1164; x_wconf 87' lang='lat' dir='ltr'><strong>ne</strong></span> <span class='ocrx_word' id='word_1_166' title='bbox 3543 1108 3748 1165; x_wconf 80' lang='lat' dir='ltr'><strong>sentias</strong></span> 
     </span>
    </p>
   </div>
   <div class='ocr_carea' id='block_1_23' title="bbox 2138 1185 2740 1262">
    <p class='ocr_par' dir='ltr' id='par_1_23' title="bbox 2138 1185 2740 1262">
     <span class='ocr_line' id='line_1_23' title="bbox 2138 1185 2740 1262; baseline 0.003 -18"><span class='ocrx_word' id='word_1_167' title='bbox 2138 1185 2379 1258; x_wconf 89' lang='lat' dir='ltr'><strong>judiccm</strong></span> <span class='ocrx_word' id='word_1_168' title='bbox 2405 1188 2740 1262; x_wconf 87' lang='lat' dir='ltr'><strong>punientem.</strong></span> 
     </span>
    </p>
   </div>
   <div class='ocr_carea' id='block_1_24' title="bbox 1508 1593 2666 1706">
    <p class='ocr_par' dir='ltr' id='par_1_24' title="bbox 1508 1593 2666 1706">
     <span class='ocr_line' id='line_1_24' title="bbox 1508 1593 2666 1706; baseline 0.007 -8"><span class='ocrx_word' id='word_1_169' title='bbox 1508 1593 1972 1700; x_wconf 79' lang='lat' dir='ltr'><strong>FERIA</strong></span> <span class='ocrx_word' id='word_1_170' title='bbox 2047 1595 2666 1706; x_wconf 83' lang='lat' dir='ltr'><strong>TERTIA.</strong></span> 
     </span>
    </p>
   </div>
   <div class='ocr_carea' id='block_1_25' title="bbox 1694 1814 2481 1888">
    <p class='ocr_par' dir='ltr' id='par_1_25' title="bbox 1694 1814 2481 1888">
     <span class='ocr_line' id='line_1_25' title="bbox 1694 1814 2481 1888; baseline 0.006 -8"><span class='ocrx_word' id='word_1_171' title='bbox 1694 1814 2087 1881; x_wconf 89' lang='lat' dir='ltr'><strong>Secundum</strong></span> <span class='ocrx_word' id='word_1_172' title='bbox 2141 1817 2481 1888; x_wconf 91' lang='lat' dir='ltr'><strong>Joannem</strong></span> 
     </span>
    </p>
   </div>
   <div class='ocr_carea' id='block_1_26' title="bbox 513 1970 3754 2058">
    <p class='ocr_par' dir='ltr' id='par_1_26' title="bbox 513 1970 3754 2058">
     <span class='ocr_line' id='line_1_26' title="bbox 513 1970 3754 2058; baseline 0.005 -33"><span class='ocrx_word' id='word_1_173' title='bbox 513 1991 536 2016; x_wconf 74' lang='grc' dir='ltr'><strong><em>α</em></strong></span> <span class='ocrx_word' id='word_1_174' title='bbox 573 1970 769 2039; x_wconf 83' lang='lat' dir='ltr'><strong>Amen,</strong></span> <span class='ocrx_word' id='word_1_175' title='bbox 847 1988 1008 2030; x_wconf 88' lang='lat' dir='ltr'><strong>amen</strong></span> <span class='ocrx_word' id='word_1_176' title='bbox 1047 1975 1171 2032; x_wconf 90' lang='lat' dir='ltr'><strong>dico</strong></span> <span class='ocrx_word' id='word_1_177' title='bbox 1210 1976 1384 2043; x_wconf 89' lang='lat' dir='ltr'><strong>vobis,</strong></span> <span class='ocrx_word' id='word_1_178' title='bbox 1455 1976 1545 2050; x_wconf 88' lang='lat' dir='ltr'><strong>qui</strong></span> <span class='ocrx_word' id='word_1_179' title='bbox 1577 1993 1684 2033; x_wconf 92' lang='lat' dir='ltr'><strong>non</strong></span> <span class='ocrx_word' id='word_1_180' title='bbox 1717 1977 1886 2033; x_wconf 88' lang='lat' dir='ltr'><strong>intrat</strong></span> <span class='ocrx_word' id='word_1_181' title='bbox 1940 1994 2039 2049; x_wconf 90' lang='lat' dir='ltr'><strong>per</strong></span> <span class='ocrx_word' id='word_1_182' title='bbox 2068 1976 2120 2037; x_wconf 90' lang='grc' dir='ltr'>Β</span> <span class='ocrx_word' id='word_1_183' title='bbox 2153 1988 2452 2053; x_wconf 88' lang='lat' dir='ltr'><strong>sequuntur</strong></span> <span class='ocrx_word' id='word_1_184' title='bbox 2481 1997 2810 2056; x_wconf 87' lang='lat' dir='ltr'><strong>quocunque</strong></span> <span class='ocrx_word' id='word_1_185' title='bbox 2839 1984 2978 2051; x_wconf 90' lang='lat' dir='ltr'><strong>ierit,</strong></span> <span class='ocrx_word' id='word_1_186' title='bbox 3015 1985 3431 2058; x_wconf 88' lang='lat' dir='ltr'><strong>perseverando</strong></span> <span class='ocrx_word' id='word_1_187' title='bbox 3473 2003 3659 2057; x_wconf 88' lang='lat' dir='ltr'><strong>usque</strong></span> <span class='ocrx_word' id='word_1_188' title='bbox 3699 1989 3754 2042; x_wconf 91' lang='lat' dir='ltr'><strong>in</strong></span> 
     </span>
    </p>
   </div>
   <div class='ocr_carea' id='block_1_27' title="bbox 443 2058 2036 2132">
    <p class='ocr_par' dir='ltr' id='par_1_27' title="bbox 443 2058 2036 2132">
     <span class='ocr_line' id='line_1_27' title="bbox 443 2058 2036 2132; baseline 0.006 -19"><span class='ocrx_word' id='word_1_189' title='bbox 443 2058 634 2114; x_wconf 88' lang='lat' dir='ltr'><strong>ostium</strong></span> <span class='ocrx_word' id='word_1_190' title='bbox 673 2060 726 2114; x_wconf 92' lang='lat' dir='ltr'><strong>in</strong></span> <span class='ocrx_word' id='word_1_191' title='bbox 757 2062 900 2118; x_wconf 88' lang='lat' dir='ltr'><strong>ovile</strong></span> <span class='ocrx_word' id='word_1_192' title='bbox 938 2064 1142 2131; x_wconf 88' lang='lat' dir='ltr'><strong>ovium,</strong></span> <span class='ocrx_word' id='word_1_193' title='bbox 1183 2067 1281 2121; x_wconf 85' lang='lat' dir='ltr'><strong>sed</strong></span> <span class='ocrx_word' id='word_1_194' title='bbox 1321 2068 1568 2122; x_wconf 87' lang='lat' dir='ltr'><strong>ascendit</strong></span> <span class='ocrx_word' id='word_1_195' title='bbox 1631 2066 1869 2132; x_wconf 86' lang='lat' dir='ltr'><strong>aliunde,</strong></span> <span class='ocrx_word' id='word_1_196' title='bbox 1945 2067 2036 2124; x_wconf 90' lang='lat' dir='ltr'><strong>ille</strong></span> 
     </span>
    </p>
   </div>
   <div class='ocr_carea' id='block_1_28' title="bbox 442 2143 2038 2225">
    <p class='ocr_par' dir='ltr' id='par_1_28' title="bbox 442 2143 2038 2225">
     <span class='ocr_line' id='line_1_28' title="bbox 442 2143 2038 2225; baseline 0.006 -25"><span class='ocrx_word' id='word_1_197' title='bbox 442 2143 529 2200; x_wconf 84' lang='lat' dir='ltr'><strong>fur</strong></span> <span class='ocrx_word' id='word_1_198' title='bbox 556 2155 638 2202; x_wconf 88' lang='lat' dir='ltr'><strong>est</strong></span> <span class='ocrx_word' id='word_1_199' title='bbox 659 2155 711 2202; x_wconf 90' lang='lat' dir='ltr'><strong>et</strong></span> <span class='ocrx_word' id='word_1_200' title='bbox 741 2148 884 2206; x_wconf 85' lang='lat' dir='ltr'><strong>latro</strong></span> <span class='ocrx_word' id='word_1_201' title='bbox 913 2151 1102 2220; x_wconf 82' lang='lat' dir='ltr'><strong>(Jonn.</strong></span> <span class='ocrx_word' id='word_1_202' title='bbox 1136 2157 1225 2224; x_wconf 69' lang='grc' dir='ltr'><strong>χ).</strong></span> <span class='ocrx_word' id='word_1_203' title='bbox 1269 2176 1291 2202; x_wconf 78' lang='grc' dir='ltr'><strong><em>υ</em></strong></span> <span class='ocrx_word' id='word_1_204' title='bbox 1329 2153 1464 2223; x_wconf 86' lang='lat' dir='ltr'><strong>Quia</strong></span> <span class='ocrx_word' id='word_1_205' title='bbox 1481 2155 1735 2225; x_wconf 75' lang='lat' dir='ltr'><strong>phariszni</strong></span> <span class='ocrx_word' id='word_1_206' title='bbox 1758 2155 2038 2223; x_wconf 89' lang='lat' dir='ltr'><strong>jactabant</strong></span> 
     </span>
    </p>
   </div>
   <div class='ocr_carea' id='block_1_29' title="bbox 442 2234 2038 2312">
    <p class='ocr_par' dir='ltr' id='par_1_29' title="bbox 442 2234 2038 2312">
     <span class='ocr_line' id='line_1_29' title="bbox 442 2234 2038 2312; baseline 0.007 -24"><span class='ocrx_word' id='word_1_207' title='bbox 442 2249 504 2289; x_wconf 89' lang='lat' dir='ltr'><strong>se</strong></span> <span class='ocrx_word' id='word_1_208' title='bbox 534 2234 717 2292; x_wconf 87' lang='lat' dir='ltr'><strong>videre</strong></span> <span class='ocrx_word' id='word_1_209' title='bbox 747 2239 910 2309; x_wconf 89' lang='lat' dir='ltr'><strong>(quod</strong></span> <span class='ocrx_word' id='word_1_210' title='bbox 936 2240 1151 2308; x_wconf 88' lang='lat' dir='ltr'><strong>quidem</strong></span> <span class='ocrx_word' id='word_1_211' title='bbox 1183 2251 1407 2312; x_wconf 87' lang='lat' dir='ltr'><strong>possent</strong></span> <span class='ocrx_word' id='word_1_212' title='bbox 1434 2244 1482 2299; x_wconf 92' lang='lat' dir='ltr'><strong>si</strong></span> <span class='ocrx_word' id='word_1_213' title='bbox 1551 2259 1683 2299; x_wconf 84' lang='lat' dir='ltr'><strong>oves</strong></span> <span class='ocrx_word' id='word_1_214' title='bbox 1713 2244 1911 2300; x_wconf 88' lang='lat' dir='ltr'><strong>Christi</strong></span> <span class='ocrx_word' id='word_1_215' title='bbox 1942 2261 2038 2299; x_wconf 89' lang='lat' dir='ltr'><strong>cs-</strong></span> 
     </span>
    </p>
   </div>
   <div class='ocr_carea' id='block_1_30' title="bbox 445 2332 2039 2414">
    <p class='ocr_par' dir='ltr' id='par_1_30' title="bbox 445 2332 2039 2414">
     <span class='ocr_line' id='line_1_30' title="bbox 445 2332 2039 2414; baseline 0.009 -30"><span class='ocrx_word' id='word_1_216' title='bbox 445 2332 589 2402; x_wconf 89' lang='lat' dir='ltr'><strong>sent)</strong></span> <span class='ocrx_word' id='word_1_217' title='bbox 629 2333 892 2389; x_wconf 88' lang='lat' dir='ltr'><strong>Dominus</strong></span> <span class='ocrx_word' id='word_1_218' title='bbox 959 2338 1031 2392; x_wconf 92' lang='lat' dir='ltr'><strong>ob</strong></span> <span class='ocrx_word' id='word_1_219' title='bbox 1068 2354 1256 2394; x_wconf 87' lang='lat' dir='ltr'><strong>eorum</strong></span> <span class='ocrx_word' id='word_1_220' title='bbox 1331 2341 1698 2412; x_wconf 81' lang='lat' dir='ltr'><strong>arrogantiam</strong></span> <span class='ocrx_word' id='word_1_221' title='bbox 1755 2343 2039 2414; x_wconf 86' lang='lat' dir='ltr'><strong>proposuit</strong></span> 
     </span>
    </p>
   </div>
   <div class='ocr_carea' id='block_1_31' title="bbox 447 2417 2031 2503">
    <p class='ocr_par' dir='ltr' id='par_1_31' title="bbox 447 2417 2031 2503">
     <span class='ocr_line' id='line_1_31' title="bbox 447 2417 2031 2503; baseline 0.008 -29"><span class='ocrx_word' id='word_1_222' title='bbox 447 2417 590 2474; x_wconf 88' lang='lat' dir='ltr'><strong>hanc</strong></span> <span class='ocrx_word' id='word_1_223' title='bbox 617 2421 1022 2479; x_wconf 86' lang='lat' dir='ltr'><strong>similitudinem</strong></span> <span class='ocrx_word' id='word_1_224' title='bbox 1056 2468 1071 2483; x_wconf 96' lang='lat'><strong>.</strong></span> <span class='ocrx_word' id='word_1_225' title='bbox 1106 2427 1356 2483; x_wconf 86' lang='lat' dir='ltr'><strong>Ostendit</strong></span> <span class='ocrx_word' id='word_1_226' title='bbox 1385 2429 1567 2502; x_wconf 89' lang='lat' dir='ltr'><strong>itaque</strong></span> <span class='ocrx_word' id='word_1_227' title='bbox 1595 2432 1718 2503; x_wconf 91' lang='lat' dir='ltr'><strong>quia</strong></span> <span class='ocrx_word' id='word_1_228' title='bbox 1747 2448 1925 2501; x_wconf 89' lang='lat' dir='ltr'><strong>neque</strong></span> <span class='ocrx_word' id='word_1_229' title='bbox 1953 2449 2031 2486; x_wconf 84' lang='lat' dir='ltr'><strong>sa-</strong></span> 
     </span>
    </p>
   </div>
   <div class='ocr_carea' id='block_1_32' title="bbox 445 2505 2038 2594">
    <p class='ocr_par' dir='ltr' id='par_1_32' title="bbox 445 2505 2038 2594">
     <span class='ocr_line' id='line_1_32' title="bbox 445 2505 2038 2594; baseline 0.011 -33"><span class='ocrx_word' id='word_1_230' title='bbox 445 2505 672 2577; x_wconf 90' lang='lat' dir='ltr'><strong>pientia,</strong></span> <span class='ocrx_word' id='word_1_231' title='bbox 713 2525 888 2580; x_wconf 90' lang='lat' dir='ltr'><strong>neque</strong></span> <span class='ocrx_word' id='word_1_232' title='bbox 918 2514 1241 2572; x_wconf 87' lang='lat' dir='ltr'><strong>observatio</strong></span> <span class='ocrx_word' id='word_1_233' title='bbox 1271 2518 1429 2590; x_wconf 85' lang='lat' dir='ltr'><strong>legis,</strong></span> <span class='ocrx_word' id='word_1_234' title='bbox 1461 2535 1564 2576; x_wconf 89' lang='lat' dir='ltr'><strong>nec</strong></span> <span class='ocrx_word' id='word_1_235' title='bbox 1595 2519 1734 2575; x_wconf 89' lang='lat' dir='ltr'><strong>bona</strong></span> <span class='ocrx_word' id='word_1_236' title='bbox 1759 2521 1868 2577; x_wconf 90' lang='lat' dir='ltr'><strong>vita</strong></span> <span class='ocrx_word' id='word_1_237' title='bbox 1899 2538 2038 2594; x_wconf 62' lang='lat' dir='ltr'><strong>quae-</strong></span> 
     </span>
    </p>
   </div>
   <div class='ocr_carea' id='block_1_33' title="bbox 385 2607 2038 2683">
    <p class='ocr_par' dir='ltr' id='par_1_33' title="bbox 385 2607 2038 2683">
     <span class='ocr_line' id='line_1_33' title="bbox 385 2607 2038 2683; baseline 0.011 -26"><span class='ocrx_word' id='word_1_238' title='bbox 385 2648 388 2649; x_wconf 41' lang='grc' dir='ltr'><em>ν</em></span> <span class='ocrx_word' id='word_1_239' title='bbox 446 2620 660 2674; x_wconf 88' lang='lat' dir='ltr'><strong>cunque</strong></span> <span class='ocrx_word' id='word_1_240' title='bbox 699 2607 840 2663; x_wconf 88' lang='lat' dir='ltr'><strong>valet</strong></span> <span class='ocrx_word' id='word_1_241' title='bbox 903 2611 1005 2666; x_wconf 89' lang='lat' dir='ltr'><strong>nisi</strong></span> <span class='ocrx_word' id='word_1_242' title='bbox 1045 2629 1145 2683; x_wconf 84' lang='lat' dir='ltr'><strong>per</strong></span> <span class='ocrx_word' id='word_1_243' title='bbox 1207 2631 1359 2670; x_wconf 91' lang='lat' dir='ltr'><strong>eum.</strong></span> <span class='ocrx_word' id='word_1_244' title='bbox 1407 2617 1533 2673; x_wconf 86' lang='lat' dir='ltr'><strong>Sive</strong></span> <span class='ocrx_word' id='word_1_245' title='bbox 1597 2617 1742 2673; x_wconf 88' lang='lat' dir='ltr'><strong>enim</strong></span> <span class='ocrx_word' id='word_1_246' title='bbox 1815 2620 2038 2676; x_wconf 71' lang='lat' dir='ltr'><strong>Iudaeus</strong></span> 
     </span>
    </p>
   </div>
   <div class='ocr_carea' id='block_1_34' title="bbox 444 2693 2036 2780">
    <p class='ocr_par' dir='ltr' id='par_1_34' title="bbox 444 2693 2036 2780">
     <span class='ocr_line' id='line_1_34' title="bbox 444 2693 2036 2780; baseline 0.01 -32"><span class='ocrx_word' id='word_1_247' title='bbox 444 2708 542 2748; x_wconf 83' lang='lat' dir='ltr'><strong>seu</strong></span> <span class='ocrx_word' id='word_1_248' title='bbox 577 2693 906 2767; x_wconf 66' lang='lat' dir='ltr'><strong>Pharisasus,</strong></span> <span class='ocrx_word' id='word_1_249' title='bbox 940 2717 1034 2755; x_wconf 84' lang='lat' dir='ltr'><strong>seu</strong></span> <span class='ocrx_word' id='word_1_250' title='bbox 1065 2703 1304 2774; x_wconf 85' lang='lat' dir='ltr'><strong>gentilis,</strong></span> <span class='ocrx_word' id='word_1_251' title='bbox 1338 2721 1434 2760; x_wconf 90' lang='lat' dir='ltr'><strong>seu</strong></span> <span class='ocrx_word' id='word_1_252' title='bbox 1475 2708 1637 2762; x_wconf 89' lang='lat' dir='ltr'><strong>etiam</strong></span> <span class='ocrx_word' id='word_1_253' title='bbox 1677 2707 2036 2780; x_wconf 89' lang='lat' dir='ltr'><strong>philosophus</strong></span> 
     </span>
    </p>
   </div>
   <div class='ocr_carea' id='block_1_35' title="bbox 441 2781 2038 2856">
    <p class='ocr_par' dir='ltr' id='par_1_35' title="bbox 441 2781 2038 2856">
     <span class='ocr_line' id='line_1_35' title="bbox 441 2781 2038 2856; baseline 0.009 -19"><span class='ocrx_word' id='word_1_254' title='bbox 441 2781 638 2842; x_wconf 88' lang='lat' dir='ltr'><strong>doceat</strong></span> <span class='ocrx_word' id='word_1_255' title='bbox 669 2785 806 2842; x_wconf 87' lang='lat' dir='ltr'><strong>bene</strong></span> <span class='ocrx_word' id='word_1_256' title='bbox 838 2789 1041 2856; x_wconf 88' lang='lat' dir='ltr'><strong>vivere,</strong></span> <span class='ocrx_word' id='word_1_257' title='bbox 1075 2792 1160 2846; x_wconf 88' lang='lat' dir='ltr'><strong>vel</strong></span> <span class='ocrx_word' id='word_1_258' title='bbox 1194 2793 1483 2850; x_wconf 74' lang='lat' dir='ltr'><strong>haereticus</strong></span> <span class='ocrx_word' id='word_1_259' title='bbox 1513 2795 1615 2851; x_wconf 92' lang='lat' dir='ltr'><strong>sub</strong></span> <span class='ocrx_word' id='word_1_260' title='bbox 1637 2797 1854 2853; x_wconf 83' lang='lat' dir='ltr'><strong>nomine</strong></span> <span class='ocrx_word' id='word_1_261' title='bbox 1883 2797 2038 2853; x_wconf 84' lang='lat' dir='ltr'><strong>Chri-</strong></span> 
     </span>
    </p>
   </div>
   <div class='ocr_carea' id='block_1_36' title="bbox 443 2873 2037 2953">
    <p class='ocr_par' dir='ltr' id='par_1_36' title="bbox 443 2873 2037 2953">
     <span class='ocr_line' id='line_1_36' title="bbox 443 2873 2037 2953; baseline 0.009 -25"><span class='ocrx_word' id='word_1_262' title='bbox 443 2873 532 2938; x_wconf 90' lang='lat' dir='ltr'><strong>sti,</strong></span> <span class='ocrx_word' id='word_1_263' title='bbox 573 2890 675 2931; x_wconf 91' lang='lat' dir='ltr'><strong>nec</strong></span> <span class='ocrx_word' id='word_1_264' title='bbox 706 2884 887 2932; x_wconf 90' lang='lat' dir='ltr'><strong>tamen</strong></span> <span class='ocrx_word' id='word_1_265' title='bbox 918 2879 972 2933; x_wconf 92' lang='lat' dir='ltr'><strong>in</strong></span> <span class='ocrx_word' id='word_1_266' title='bbox 1023 2880 1238 2938; x_wconf 86' lang='lat' dir='ltr'><strong>Christo</strong></span> <span class='ocrx_word' id='word_1_267' title='bbox 1266 2900 1378 2953; x_wconf 69' lang='lat' dir='ltr'><strong>prae</strong></span> <span class='ocrx_word' id='word_1_268' title='bbox 1399 2884 1572 2940; x_wconf 88' lang='lat' dir='ltr'><strong>licans</strong></span> <span class='ocrx_word' id='word_1_269' title='bbox 1603 2901 1794 2942; x_wconf 91' lang='lat' dir='ltr'><strong>omnes</strong></span> <span class='ocrx_word' id='word_1_270' title='bbox 1823 2887 1940 2942; x_wconf 89' lang='lat' dir='ltr'><strong>sine</strong></span> <span class='ocrx_word' id='word_1_271' title='bbox 1971 2903 2037 2943; x_wconf 89' lang='lat' dir='ltr'><strong>eo</strong></span> 
     </span>
    </p>
   </div>
   <div class='ocr_carea' id='block_1_37' title="bbox 443 2970 2036 3056">
    <p class='ocr_par' dir='ltr' id='par_1_37' title="bbox 443 2970 2036 3056">
     <span class='ocr_line' id='line_1_37' title="bbox 443 2970 2036 3056; baseline 0.009 -33"><span class='ocrx_word' id='word_1_272' title='bbox 443 2970 657 3040; x_wconf 89' lang='lat' dir='ltr'><strong>rapiunt</strong></span> <span class='ocrx_word' id='word_1_273' title='bbox 719 2981 772 3027; x_wconf 90' lang='lat' dir='ltr'><strong>et</strong></span> <span class='ocrx_word' id='word_1_274' title='bbox 798 2974 1075 3031; x_wconf 89' lang='lat' dir='ltr'><strong>occidunt.</strong></span> <span class='ocrx_word' id='word_1_275' title='bbox 1125 2977 1281 3034; x_wconf 82' lang='lat' dir='ltr'><strong>Ovile</strong></span> <span class='ocrx_word' id='word_1_276' title='bbox 1338 2989 1422 3035; x_wconf 64' lang='lat' dir='ltr'><strong>est</strong></span> <span class='ocrx_word' id='word_1_277' title='bbox 1453 2981 1727 3038; x_wconf 85' lang='lat' dir='ltr'><strong>Ecclesia.</strong></span> <span class='ocrx_word' id='word_1_278' title='bbox 1775 2983 1832 3037; x_wconf 87' lang='lat' dir='ltr'><strong>In</strong></span> <span class='ocrx_word' id='word_1_279' title='bbox 1873 3000 2036 3056; x_wconf 88' lang='lat' dir='ltr'><strong>quam</strong></span> 
     </span>
    </p>
   </div>
   <div class='ocr_carea' id='block_1_38' title="bbox 439 3063 2037 3138">
    <p class='ocr_par' dir='ltr' id='par_1_38' title="bbox 439 3063 2037 3138">
     <span class='ocr_line' id='line_1_38' title="bbox 439 3063 2037 3138; baseline 0.011 -28"><span class='ocrx_word' id='word_1_280' title='bbox 439 3063 742 3132; x_wconf 81' lang='lat' dir='ltr'><strong>quicunque</strong></span> <span class='ocrx_word' id='word_1_281' title='bbox 769 3063 882 3117; x_wconf 89' lang='lat' dir='ltr'><strong>vult</strong></span> <span class='ocrx_word' id='word_1_282' title='bbox 909 3064 1126 3130; x_wconf 88' lang='lat' dir='ltr'><strong>intrare,</strong></span> <span class='ocrx_word' id='word_1_283' title='bbox 1160 3083 1258 3138; x_wconf 90' lang='lat' dir='ltr'><strong>per</strong></span> <span class='ocrx_word' id='word_1_284' title='bbox 1321 3068 1592 3124; x_wconf 86' lang='lat' dir='ltr'><strong>Christum</strong></span> <span class='ocrx_word' id='word_1_285' title='bbox 1624 3070 1805 3136; x_wconf 78' lang='lat' dir='ltr'><strong>intret,</strong></span> <span class='ocrx_word' id='word_1_286' title='bbox 1838 3072 2037 3128; x_wconf 89' lang='lat' dir='ltr'><strong>Christi</strong></span> 
     </span>
    </p>
   </div>
   <div class='ocr_carea' id='block_1_39' title="bbox 439 3145 2037 3228">
    <p class='ocr_par' dir='ltr' id='par_1_39' title="bbox 439 3145 2037 3228">
     <span class='ocr_line' id='line_1_39' title="bbox 439 3145 2037 3228; baseline 0.009 -28"><span class='ocrx_word' id='word_1_287' title='bbox 439 3145 677 3218; x_wconf 78' lang='lat' dir='ltr'><strong>gloriam</strong></span> <span class='ocrx_word' id='word_1_288' title='bbox 729 3166 999 3219; x_wconf 69' lang='lat' dir='ltr'><strong>quaerens,</strong></span> <span class='ocrx_word' id='word_1_289' title='bbox 1041 3171 1149 3209; x_wconf 90' lang='lat' dir='ltr'><strong>non</strong></span> <span class='ocrx_word' id='word_1_290' title='bbox 1215 3171 1398 3212; x_wconf 90' lang='lat' dir='ltr'><strong>suam.</strong></span> <span class='ocrx_word' id='word_1_291' title='bbox 1444 3158 1676 3213; x_wconf 83' lang='lat' dir='ltr'><strong>Humilis</strong></span> <span class='ocrx_word' id='word_1_292' title='bbox 1707 3159 1874 3228; x_wconf 86' lang='lat' dir='ltr'><strong>janua</strong></span> <span class='ocrx_word' id='word_1_293' title='bbox 1949 3167 2037 3217; x_wconf 88' lang='lat' dir='ltr'><strong>est</strong></span> 
     </span>
    </p>
   </div>
   <div class='ocr_carea' id='block_1_40' title="bbox 441 3243 2035 3325">
    <p class='ocr_par' dir='ltr' id='par_1_40' title="bbox 441 3243 2035 3325">
     <span class='ocr_line' id='line_1_40' title="bbox 441 3243 2035 3325; baseline 0.01 -29"><span class='ocrx_word' id='word_1_294' title='bbox 441 3243 705 3300; x_wconf 88' lang='lat' dir='ltr'><strong>Christus.</strong></span> <span class='ocrx_word' id='word_1_295' title='bbox 750 3248 898 3320; x_wconf 84' lang='lat' dir='ltr'><strong>Ergo</strong></span> <span class='ocrx_word' id='word_1_296' title='bbox 913 3249 1003 3320; x_wconf 90' lang='lat' dir='ltr'><strong>qui</strong></span> <span class='ocrx_word' id='word_1_297' title='bbox 1033 3250 1200 3307; x_wconf 89' lang='lat' dir='ltr'><strong>intrat</strong></span> <span class='ocrx_word' id='word_1_298' title='bbox 1242 3269 1302 3309; x_wconf 74' lang='lat' dir='ltr'><strong>se</strong></span> <span class='ocrx_word' id='word_1_299' title='bbox 1336 3254 1596 3325; x_wconf 87' lang='lat' dir='ltr'><strong>humiliet,</strong></span> <span class='ocrx_word' id='word_1_300' title='bbox 1630 3271 1698 3311; x_wconf 91' lang='lat' dir='ltr'><strong>ne</strong></span> <span class='ocrx_word' id='word_1_301' title='bbox 1729 3257 2035 3314; x_wconf 86' lang='lat' dir='ltr'><strong>ascendens</strong></span> 
     </span>
    </p>
   </div>
   <div class='ocr_carea' id='block_1_41' title="bbox 440 3335 2111 3418">
    <p class='ocr_par' dir='ltr' id='par_1_41' title="bbox 440 3335 2111 3418">
     <span class='ocr_line' id='line_1_41' title="bbox 440 3335 2111 3418; baseline 0.01 -30"><span class='ocrx_word' id='word_1_302' title='bbox 440 3347 537 3403; x_wconf 88' lang='lat' dir='ltr'><strong>per</strong></span> <span class='ocrx_word' id='word_1_303' title='bbox 568 3336 879 3402; x_wconf 89' lang='lat' dir='ltr'><strong>maceriam,</strong></span> <span class='ocrx_word' id='word_1_304' title='bbox 912 3338 1038 3393; x_wconf 91' lang='lat' dir='ltr'><strong>dum</strong></span> <span class='ocrx_word' id='word_1_305' title='bbox 1071 3341 1340 3397; x_wconf 82' lang='lat' dir='ltr'><strong>exaltatur</strong></span> <span class='ocrx_word' id='word_1_306' title='bbox 1361 3345 1544 3399; x_wconf 88' lang='lat' dir='ltr'><strong>cadat.</strong></span> <span class='ocrx_word' id='word_1_307' title='bbox 1595 3345 1832 3402; x_wconf 79' lang='lat' dir='ltr'><strong>Aliunde</strong></span> <span class='ocrx_word' id='word_1_308' title='bbox 1859 3349 2035 3418; x_wconf 87' lang='lat' dir='ltr'><strong>itaque</strong></span> <span class='ocrx_word' id='word_1_309' title='bbox 2063 3335 2111 3398; x_wconf 88' lang='lat' dir='ltr'>C</span> 
     </span>
    </p>
   </div>
   <div class='ocr_carea' id='block_1_42' title="bbox 437 3423 2034 3505">
    <p class='ocr_par' dir='ltr' id='par_1_42' title="bbox 437 3423 2034 3505">
     <span class='ocr_line' id='line_1_42' title="bbox 437 3423 2034 3505; baseline 0.011 -30"><span class='ocrx_word' id='word_1_310' title='bbox 437 3423 702 3489; x_wconf 88' lang='lat' dir='ltr'><strong>ascendit,</strong></span> <span class='ocrx_word' id='word_1_311' title='bbox 735 3425 823 3496; x_wconf 91' lang='lat' dir='ltr'><strong>qui</strong></span> <span class='ocrx_word' id='word_1_312' title='bbox 855 3429 1128 3497; x_wconf 91' lang='lat' dir='ltr'><strong>quomodo</strong></span> <span class='ocrx_word' id='word_1_313' title='bbox 1158 3441 1380 3502; x_wconf 87' lang='lat' dir='ltr'><strong>propter</strong></span> <span class='ocrx_word' id='word_1_314' title='bbox 1405 3434 1673 3490; x_wconf 87' lang='lat' dir='ltr'><strong>Christum</strong></span> <span class='ocrx_word' id='word_1_315' title='bbox 1720 3436 1904 3505; x_wconf 89' lang='lat' dir='ltr'><strong>intrat,</strong></span> <span class='ocrx_word' id='word_1_316' title='bbox 1949 3436 2034 3492; x_wconf 87' lang='lat' dir='ltr'><strong>vel</strong></span> 
     </span>
    </p>
   </div>
   <div class='ocr_carea' id='block_1_43' title="bbox 441 3511 2033 3595">
    <p class='ocr_par' dir='ltr' id='par_1_43' title="bbox 441 3511 2033 3595">
     <span class='ocr_line' id='line_1_43' title="bbox 441 3511 2033 3595; baseline 0.011 -32"><span class='ocrx_word' id='word_1_317' title='bbox 441 3525 548 3565; x_wconf 89' lang='lat' dir='ltr'><strong>non</strong></span> <span class='ocrx_word' id='word_1_318' title='bbox 577 3511 646 3566; x_wconf 91' lang='lat' dir='ltr'><strong>de</strong></span> <span class='ocrx_word' id='word_1_319' title='bbox 675 3528 740 3566; x_wconf 92' lang='lat' dir='ltr'><strong>co</strong></span> <span class='ocrx_word' id='word_1_320' title='bbox 771 3512 912 3569; x_wconf 89' lang='lat' dir='ltr'><strong>bene</strong></span> <span class='ocrx_word' id='word_1_321' title='bbox 943 3517 1245 3586; x_wconf 88' lang='lat' dir='ltr'><strong>sentiendo,</strong></span> <span class='ocrx_word' id='word_1_322' title='bbox 1279 3521 1363 3576; x_wconf 93' lang='lat' dir='ltr'><strong>vel</strong></span> <span class='ocrx_word' id='word_1_323' title='bbox 1389 3538 1496 3577; x_wconf 93' lang='lat' dir='ltr'><strong>non</strong></span> <span class='ocrx_word' id='word_1_324' title='bbox 1519 3523 1636 3592; x_wconf 90' lang='lat' dir='ltr'><strong>ejus</strong></span> <span class='ocrx_word' id='word_1_325' title='bbox 1657 3524 1910 3595; x_wconf 81' lang='lat' dir='ltr'><strong>gloriam,</strong></span> <span class='ocrx_word' id='word_1_326' title='bbox 1935 3526 2033 3582; x_wconf 89' lang='lat' dir='ltr'><strong>sed</strong></span> 
     </span>
    </p>
   </div>
   <div class='ocr_carea' id='block_1_44' title="bbox 442 3611 2034 3692">
    <p class='ocr_par' dir='ltr' id='par_1_44' title="bbox 442 3611 2034 3692">
     <span class='ocr_line' id='line_1_44' title="bbox 442 3611 2034 3692; baseline 0.011 -30"><span class='ocrx_word' id='word_1_327' title='bbox 442 3622 595 3662; x_wconf 89' lang='lat' dir='ltr'><strong>suam</strong></span> <span class='ocrx_word' id='word_1_328' title='bbox 625 3611 952 3678; x_wconf 71' lang='lat' dir='ltr'><strong>quaerendo.</strong></span> <span class='ocrx_word' id='word_1_329' title='bbox 991 3613 1100 3669; x_wconf 87' lang='lat' dir='ltr'><strong>Fur</strong></span> <span class='ocrx_word' id='word_1_330' title='bbox 1127 3632 1262 3689; x_wconf 88' lang='lat' dir='ltr'><strong>ergo</strong></span> <span class='ocrx_word' id='word_1_331' title='bbox 1313 3627 1396 3674; x_wconf 91' lang='lat' dir='ltr'><strong>est</strong></span> <span class='ocrx_word' id='word_1_332' title='bbox 1434 3621 1525 3692; x_wconf 89' lang='lat' dir='ltr'><strong>qui</strong></span> <span class='ocrx_word' id='word_1_333' title='bbox 1563 3622 1703 3678; x_wconf 89' lang='lat' dir='ltr'><strong>male</strong></span> <span class='ocrx_word' id='word_1_334' title='bbox 1754 3624 1938 3690; x_wconf 88' lang='lat' dir='ltr'><strong>intrat,</strong></span> <span class='ocrx_word' id='word_1_335' title='bbox 1979 3632 2034 3680; x_wconf 90' lang='lat' dir='ltr'><strong>et</strong></span> 
     </span>
    </p>
   </div>
   <div class='ocr_carea' id='block_1_45' title="bbox 438 3695 2033 3772">
    <p class='ocr_par' dir='ltr' id='par_1_45' title="bbox 438 3695 2033 3772">
     <span class='ocr_line' id='line_1_45' title="bbox 438 3695 2033 3772; baseline 0.012 -23"><span class='ocrx_word' id='word_1_336' title='bbox 438 3695 584 3767; x_wconf 90' lang='lat' dir='ltr'><strong>quod</strong></span> <span class='ocrx_word' id='word_1_337' title='bbox 610 3697 846 3753; x_wconf 89' lang='lat' dir='ltr'><strong>alienum</strong></span> <span class='ocrx_word' id='word_1_338' title='bbox 875 3709 963 3756; x_wconf 89' lang='lat' dir='ltr'><strong>est</strong></span> <span class='ocrx_word' id='word_1_339' title='bbox 1007 3720 1163 3758; x_wconf 92' lang='lat' dir='ltr'><strong>suum</strong></span> <span class='ocrx_word' id='word_1_340' title='bbox 1192 3706 1341 3772; x_wconf 89' lang='lat' dir='ltr'><strong>dicit,</strong></span> <span class='ocrx_word' id='word_1_341' title='bbox 1389 3708 1444 3763; x_wconf 71' lang='grc' dir='ltr'><strong>ιὰ</strong></span> <span class='ocrx_word' id='word_1_342' title='bbox 1475 3717 1559 3765; x_wconf 87' lang='lat' dir='ltr'><strong>est</strong></span> <span class='ocrx_word' id='word_1_343' title='bbox 1593 3725 1725 3766; x_wconf 89' lang='lat' dir='ltr'><strong>oves</strong></span> <span class='ocrx_word' id='word_1_344' title='bbox 1753 3712 1853 3767; x_wconf 90' lang='lat' dir='ltr'><strong>Dei</strong></span> <span class='ocrx_word' id='word_1_345' title='bbox 1904 3729 2033 3768; x_wconf 89' lang='lat' dir='ltr'><strong>suas</strong></span> 
     </span>
    </p>
   </div>
   <div class='ocr_carea' id='block_1_46' title="bbox 441 3783 2032 3866">
    <p class='ocr_par' dir='ltr' id='par_1_46' title="bbox 441 3783 2032 3866">
     <span class='ocr_line' id='line_1_46' title="bbox 441 3783 2032 3866; baseline 0.011 -26"><span class='ocrx_word' id='word_1_346' title='bbox 441 3783 590 3840; x_wconf 79' lang='lat' dir='ltr'><strong>facit.</strong></span> <span class='ocrx_word' id='word_1_347' title='bbox 621 3786 784 3842; x_wconf 91' lang='lat' dir='ltr'><strong>Latro</strong></span> <span class='ocrx_word' id='word_1_348' title='bbox 813 3797 916 3856; x_wconf 89' lang='lat' dir='ltr'><strong>est,</strong></span> <span class='ocrx_word' id='word_1_349' title='bbox 949 3793 1070 3861; x_wconf 87' lang='lat' dir='ltr'><strong>quia</strong></span> <span class='ocrx_word' id='word_1_350' title='bbox 1117 3795 1261 3866; x_wconf 93' lang='lat' dir='ltr'><strong>quod</strong></span> <span class='ocrx_word' id='word_1_351' title='bbox 1293 3795 1496 3853; x_wconf 84' lang='lat' dir='ltr'><strong>furatus</strong></span> <span class='ocrx_word' id='word_1_352' title='bbox 1527 3807 1610 3854; x_wconf 92' lang='lat' dir='ltr'><strong>est</strong></span> <span class='ocrx_word' id='word_1_353' title='bbox 1651 3801 1868 3865; x_wconf 89' lang='lat' dir='ltr'><strong>occidit,</strong></span> <span class='ocrx_word' id='word_1_354' title='bbox 1903 3801 2032 3857; x_wconf 90' lang='lat' dir='ltr'><strong>dum</strong></span> 
     </span>
    </p>
   </div>
   <div class='ocr_carea' id='block_1_47' title="bbox 441 3880 2033 3960">
    <p class='ocr_par' dir='ltr' id='par_1_47' title="bbox 441 3880 2033 3960">
     <span class='ocr_line' id='line_1_47' title="bbox 441 3880 2033 3960; baseline 0.012 -24"><span class='ocrx_word' id='word_1_355' title='bbox 441 3880 588 3936; x_wconf 89' lang='lat' dir='ltr'><strong>malo</strong></span> <span class='ocrx_word' id='word_1_356' title='bbox 645 3884 899 3956; x_wconf 73' lang='lat' dir='ltr'><strong>exemplo</strong></span> <span class='ocrx_word' id='word_1_357' title='bbox 939 3903 1034 3942; x_wconf 90' lang='lat' dir='ltr'><strong>seu</strong></span> <span class='ocrx_word' id='word_1_358' title='bbox 1090 3905 1349 3960; x_wconf 86' lang='lat' dir='ltr'><strong>perverse</strong></span> <span class='ocrx_word' id='word_1_359' title='bbox 1397 3893 1646 3952; x_wconf 90' lang='lat' dir='ltr'><strong>docendo</strong></span> <span class='ocrx_word' id='word_1_360' title='bbox 1676 3913 1812 3952; x_wconf 90' lang='lat' dir='ltr'><strong>oves</strong></span> <span class='ocrx_word' id='word_1_361' title='bbox 1841 3914 2033 3954; x_wconf 90' lang='lat' dir='ltr'><strong>vocem</strong></span> 
     </span>
    </p>
   </div>
   <div class='ocr_carea' id='block_1_48' title="bbox 440 3970 2033 4060">
    <p class='ocr_par' dir='ltr' id='par_1_48' title="bbox 440 3970 2033 4060">
     <span class='ocr_line' id='line_1_48' title="bbox 440 3970 2033 4060; baseline 0.013 -37"><span class='ocrx_word' id='word_1_362' title='bbox 440 3970 558 4038; x_wconf 87' lang='lat' dir='ltr'><strong>ejus</strong></span> <span class='ocrx_word' id='word_1_363' title='bbox 587 3971 832 4029; x_wconf 90' lang='lat' dir='ltr'><strong>audiunt.</strong></span> <span class='ocrx_word' id='word_1_364' title='bbox 880 3976 939 4030; x_wconf 91' lang='lat' dir='ltr'><strong>In</strong></span> <span class='ocrx_word' id='word_1_365' title='bbox 971 3993 1077 4046; x_wconf 90' lang='lat' dir='ltr'><strong>quo</strong></span> <span class='ocrx_word' id='word_1_366' title='bbox 1105 3995 1230 4035; x_wconf 92' lang='lat' dir='ltr'><strong>cum</strong></span> <span class='ocrx_word' id='word_1_367' title='bbox 1252 3984 1411 4037; x_wconf 82' lang='lat' dir='ltr'><strong>sonet</strong></span> <span class='ocrx_word' id='word_1_368' title='bbox 1441 3999 1549 4038; x_wconf 88' lang='lat' dir='ltr'><strong>vox</strong></span> <span class='ocrx_word' id='word_1_369' title='bbox 1581 3985 1734 4040; x_wconf 85' lang='lat' dir='ltr'><strong>verbi</strong></span> <span class='ocrx_word' id='word_1_370' title='bbox 1759 3987 1859 4042; x_wconf 93' lang='lat' dir='ltr'><strong>Dei</strong></span> <span class='ocrx_word' id='word_1_371' title='bbox 1891 4005 2033 4060; x_wconf 72' lang='lat' dir='ltr'><strong>pra:-</strong></span> 
     </span>
    </p>
   </div>
   <div class='ocr_carea' id='block_1_49' title="bbox 441 4060 2033 4133">
    <p class='ocr_par' dir='ltr' id='par_1_49' title="bbox 441 4060 2033 4133">
     <span class='ocr_line' id='line_1_49' title="bbox 441 4060 2033 4133; baseline 0.013 -20"><span class='ocrx_word' id='word_1_372' title='bbox 441 4060 696 4117; x_wconf 91' lang='lat' dir='ltr'><strong>destinati</strong></span> <span class='ocrx_word' id='word_1_373' title='bbox 716 4062 784 4118; x_wconf 90' lang='lat' dir='ltr'><strong>ad</strong></span> <span class='ocrx_word' id='word_1_374' title='bbox 814 4064 977 4120; x_wconf 85' lang='lat' dir='ltr'><strong>vitam</strong></span> <span class='ocrx_word' id='word_1_375' title='bbox 1007 4067 1241 4122; x_wconf 91' lang='lat' dir='ltr'><strong>audiunt</strong></span> <span class='ocrx_word' id='word_1_376' title='bbox 1269 4071 1596 4129; x_wconf 89' lang='lat' dir='ltr'><strong>obcdiendo.</strong></span> <span class='ocrx_word' id='word_1_377' title='bbox 1641 4076 1710 4130; x_wconf 89' lang='lat' dir='ltr'><strong>Et</strong></span> <span class='ocrx_word' id='word_1_378' title='bbox 1740 4079 2033 4133; x_wconf 88' lang='lat' dir='ltr'><strong>notandum</strong></span> 
     </span>
    </p>
   </div>
   <div class='ocr_carea' id='block_1_50' title="bbox 439 4149 2033 4236">
    <p class='ocr_par' dir='ltr' id='par_1_50' title="bbox 439 4149 2033 4236">
     <span class='ocr_line' id='line_1_50' title="bbox 439 4149 2033 4236; baseline 0.012 -33"><span class='ocrx_word' id='word_1_379' title='bbox 439 4149 587 4221; x_wconf 92' lang='lat' dir='ltr'><strong>quod</strong></span> <span class='ocrx_word' id='word_1_380' title='bbox 616 4167 724 4207; x_wconf 90' lang='lat' dir='ltr'><strong>non</strong></span> <span class='ocrx_word' id='word_1_381' title='bbox 753 4153 930 4208; x_wconf 90' lang='lat' dir='ltr'><strong>omnis</strong></span> <span class='ocrx_word' id='word_1_382' title='bbox 994 4156 1086 4226; x_wconf 91' lang='lat' dir='ltr'><strong>qui</strong></span> <span class='ocrx_word' id='word_1_383' title='bbox 1112 4156 1278 4212; x_wconf 89' lang='lat' dir='ltr'><strong>intrat</strong></span> <span class='ocrx_word' id='word_1_384' title='bbox 1305 4175 1406 4230; x_wconf 90' lang='lat' dir='ltr'><strong>per</strong></span> <span class='ocrx_word' id='word_1_385' title='bbox 1435 4161 1654 4231; x_wconf 83' lang='lat' dir='ltr'><strong>ostium,</strong></span> <span class='ocrx_word' id='word_1_386' title='bbox 1714 4174 1902 4236; x_wconf 83' lang='lat' dir='ltr'><strong>pastor</strong></span> <span class='ocrx_word' id='word_1_387' title='bbox 1929 4175 2033 4235; x_wconf 88' lang='lat' dir='ltr'><strong>est,</strong></span> 
     </span>
    </p>
   </div>
   <div class='ocr_carea' id='block_1_51' title="bbox 445 4248 2034 4321">
    <p class='ocr_par' dir='ltr' id='par_1_51' title="bbox 445 4248 2034 4321">
     <span class='ocr_line' id='line_1_51' title="bbox 445 4248 2034 4321; baseline 0.013 -20"><span class='ocrx_word' id='word_1_388' title='bbox 445 4248 572 4318; x_wconf 86' lang='lat' dir='ltr'><strong>quia</strong></span> <span class='ocrx_word' id='word_1_389' title='bbox 600 4257 652 4304; x_wconf 89' lang='lat' dir='ltr'><strong>et</strong></span> <span class='ocrx_word' id='word_1_390' title='bbox 679 4266 811 4306; x_wconf 89' lang='lat' dir='ltr'><strong>oves</strong></span> <span class='ocrx_word' id='word_1_391' title='bbox 838 4253 1065 4308; x_wconf 88' lang='lat' dir='ltr'><strong>intrant.</strong></span> <span class='ocrx_word' id='word_1_392' title='bbox 1113 4256 1500 4315; x_wconf 80' lang='lat' dir='ltr'><strong>Verumtamen</strong></span> <span class='ocrx_word' id='word_1_393' title='bbox 1575 4263 1756 4318; x_wconf 89' lang='lat' dir='ltr'><strong>unitas</strong></span> <span class='ocrx_word' id='word_1_394' title='bbox 1810 4265 2034 4321; x_wconf 86' lang='lat' dir='ltr'><strong>univer-</strong></span> 
     </span>
    </p>
   </div>
   <div class='ocr_carea' id='block_1_52' title="bbox 441 4336 2026 4425">
    <p class='ocr_par' dir='ltr' id='par_1_52' title="bbox 441 4336 2026 4425">
     <span class='ocr_line' id='line_1_52' title="bbox 441 4336 2026 4425; baseline 0.013 -35"><span class='ocrx_word' id='word_1_395' title='bbox 441 4336 613 4391; x_wconf 81' lang='lat' dir='ltr'><strong>sitatis</strong></span> <span class='ocrx_word' id='word_1_396' title='bbox 642 4338 900 4397; x_wconf 79' lang='lat' dir='ltr'><strong>Ecclesiae</strong></span> <span class='ocrx_word' id='word_1_397' title='bbox 930 4343 1097 4400; x_wconf 90' lang='lat' dir='ltr'><strong>verbo</strong></span> <span class='ocrx_word' id='word_1_398' title='bbox 1137 4353 1192 4402; x_wconf 90' lang='lat' dir='ltr'><strong>et</strong></span> <span class='ocrx_word' id='word_1_399' title='bbox 1220 4349 1469 4419; x_wconf 82' lang='lat' dir='ltr'><strong>exemplo</strong></span> <span class='ocrx_word' id='word_1_400' title='bbox 1524 4351 1766 4422; x_wconf 88' lang='lat' dir='ltr'><strong>quotidie</strong></span> <span class='ocrx_word' id='word_1_401' title='bbox 1821 4355 2026 4425; x_wconf 85' lang='lat' dir='ltr'><strong>pascit.</strong></span> 
     </span>
    </p>
   </div>
   <div class='ocr_carea' id='block_1_53' title="bbox 442 4423 2038 4511">
    <p class='ocr_par' dir='ltr' id='par_1_53' title="bbox 442 4423 2038 4511">
     <span class='ocr_line' id='line_1_53' title="bbox 442 4423 2038 4511; baseline 0.015 -35"><span class='ocrx_word' id='word_1_402' title='bbox 442 4423 709 4482; x_wconf 82' lang='lat' dir='ltr'><strong>Ostiarius</strong></span> <span class='ocrx_word' id='word_1_403' title='bbox 741 4439 822 4483; x_wconf 89' lang='lat' dir='ltr'><strong>est</strong></span> <span class='ocrx_word' id='word_1_404' title='bbox 879 4431 1144 4501; x_wconf 87' lang='lat' dir='ltr'><strong>Christus,</strong></span> <span class='ocrx_word' id='word_1_405' title='bbox 1221 4436 1404 4507; x_wconf 82' lang='lat' dir='ltr'><strong>quise</strong></span> <span class='ocrx_word' id='word_1_406' title='bbox 1458 4439 1634 4510; x_wconf 90' lang='lat' dir='ltr'><strong>ipsum</strong></span> <span class='ocrx_word' id='word_1_407' title='bbox 1691 4423 1890 4511; x_wconf 80' lang='lat' dir='ltr'><strong>aperit,</strong></span> <span class='ocrx_word' id='word_1_408' title='bbox 1950 4447 2038 4502; x_wconf 86' lang='lat' dir='ltr'><strong>vel</strong></span> 
     </span>
    </p>
   </div>
   <div class='ocr_carea' id='block_1_54' title="bbox 443 4521 2037 4612">
    <p class='ocr_par' dir='ltr' id='par_1_54' title="bbox 443 4521 2037 4612">
     <span class='ocr_line' id='line_1_54' title="bbox 443 4521 2037 4612; baseline 0.015 -37"><span class='ocrx_word' id='word_1_409' title='bbox 443 4521 721 4595; x_wconf 89' lang='lat' dir='ltr'><strong>Scriptura</strong></span> <span class='ocrx_word' id='word_1_410' title='bbox 750 4543 869 4596; x_wconf 57' lang='lat' dir='ltr'><strong>quin</strong></span> <span class='ocrx_word' id='word_1_411' title='bbox 897 4530 1042 4586; x_wconf 91' lang='lat' dir='ltr'><strong>ducit</strong></span> <span class='ocrx_word' id='word_1_412' title='bbox 1070 4531 1137 4588; x_wconf 91' lang='lat' dir='ltr'><strong>ad</strong></span> <span class='ocrx_word' id='word_1_413' title='bbox 1185 4534 1482 4604; x_wconf 85' lang='lat' dir='ltr'><strong>Christum,</strong></span> <span class='ocrx_word' id='word_1_414' title='bbox 1533 4538 1620 4594; x_wconf 87' lang='lat' dir='ltr'><strong>vel</strong></span> <span class='ocrx_word' id='word_1_415' title='bbox 1647 4540 1879 4612; x_wconf 89' lang='lat' dir='ltr'><strong>Spiritus</strong></span> <span class='ocrx_word' id='word_1_416' title='bbox 1911 4558 2037 4598; x_wconf 86' lang='lat' dir='ltr'><strong>san-</strong></span> 
     </span>
    </p>
   </div>
   <div class='ocr_carea' id='block_1_55' title="bbox 441 4613 1240 4678">
    <p class='ocr_par' dir='ltr' id='par_1_55' title="bbox 441 4613 1240 4678">
     <span class='ocr_line' id='line_1_55' title="bbox 441 4613 1240 4678; baseline 0.011 -10"><span class='ocrx_word' id='word_1_417' title='bbox 441 4617 562 4668; x_wconf 88' lang='lat' dir='ltr'><strong>ctus</strong></span> <span class='ocrx_word' id='word_1_418' title='bbox 591 4613 660 4668; x_wconf 90' lang='lat' dir='ltr'><strong>ad</strong></span> <span class='ocrx_word' id='word_1_419' title='bbox 691 4628 907 4672; x_wconf 89' lang='lat' dir='ltr'><strong>omnem</strong></span> <span class='ocrx_word' id='word_1_420' title='bbox 937 4619 1240 4678; x_wconf 87' lang='lat' dir='ltr'><strong>veritatem.</strong></span> 
     </span>
    </p>
   </div>
   <div class='ocr_carea' id='block_1_56' title="bbox 520 4739 2033 4823">
    <p class='ocr_par' dir='ltr' id='par_1_56' title="bbox 520 4739 2033 4823">
     <span class='ocr_line' id='line_1_56' title="bbox 520 4739 2033 4823; baseline 0.015 -31"><span class='ocrx_word' id='word_1_421' title='bbox 520 4761 542 4786; x_wconf 87' lang='lat' dir='ltr'><strong><em>u</em></strong></span> <span class='ocrx_word' id='word_1_422' title='bbox 572 4739 640 4794; x_wconf 90' lang='lat' dir='ltr'><strong>Et</strong></span> <span class='ocrx_word' id='word_1_423' title='bbox 669 4742 919 4812; x_wconf 87' lang='lat' dir='ltr'><strong>proprias</strong></span> <span class='ocrx_word' id='word_1_424' title='bbox 966 4760 1098 4802; x_wconf 80' lang='lat' dir='ltr'><strong>oves</strong></span> <span class='ocrx_word' id='word_1_425' title='bbox 1146 4757 1304 4805; x_wconf 90' lang='lat' dir='ltr'><strong>vocat</strong></span> <span class='ocrx_word' id='word_1_426' title='bbox 1350 4752 1697 4823; x_wconf 88' lang='lat' dir='ltr'><strong>nominatim,</strong></span> <span class='ocrx_word' id='word_1_427' title='bbox 1748 4763 1802 4812; x_wconf 89' lang='lat' dir='ltr'><strong>et</strong></span> <span class='ocrx_word' id='word_1_428' title='bbox 1849 4758 2033 4814; x_wconf 87' lang='lat' dir='ltr'><strong>educit</strong></span> 
     </span>
    </p>
   </div>
   <div class='ocr_carea' id='block_1_57' title="bbox 441 4830 2030 4914">
    <p class='ocr_par' dir='ltr' id='par_1_57' title="bbox 441 4830 2030 4914">
     <span class='ocr_line' id='line_1_57' title="bbox 441 4830 2030 4914; baseline 0.013 -32"><span class='ocrx_word' id='word_1_429' title='bbox 441 4841 560 4883; x_wconf 87' lang='lat' dir='ltr'><strong>eas.</strong></span> <span class='ocrx_word' id='word_1_430' title='bbox 596 4830 660 4884; x_wconf 90' lang='lat' dir='ltr'><strong>Et</strong></span> <span class='ocrx_word' id='word_1_431' title='bbox 689 4846 809 4886; x_wconf 90' lang='lat' dir='ltr'><strong>cum</strong></span> <span class='ocrx_word' id='word_1_432' title='bbox 842 4835 1090 4905; x_wconf 88' lang='lat' dir='ltr'><strong>pr0prias</strong></span> <span class='ocrx_word' id='word_1_433' title='bbox 1117 4853 1250 4893; x_wconf 84' lang='lat' dir='ltr'><strong>oves</strong></span> <span class='ocrx_word' id='word_1_434' title='bbox 1280 4842 1542 4909; x_wconf 85' lang='lat' dir='ltr'><strong>emiserit,</strong></span> <span class='ocrx_word' id='word_1_435' title='bbox 1576 4854 1701 4901; x_wconf 91' lang='lat' dir='ltr'><strong>ante</strong></span> <span class='ocrx_word' id='word_1_436' title='bbox 1729 4863 1823 4902; x_wconf 88' lang='lat' dir='ltr'><strong>eas</strong></span> <span class='ocrx_word' id='word_1_437' title='bbox 1860 4849 2030 4914; x_wconf 89' lang='lat' dir='ltr'><strong>vadit,</strong></span> 
     </span>
    </p>
   </div>
   <div class='ocr_carea' id='block_1_58' title="bbox 441 4919 2029 5006">
    <p class='ocr_par' dir='ltr' id='par_1_58' title="bbox 441 4919 2029 5006">
     <span class='ocr_line' id='line_1_58' title="bbox 441 4919 2029 5006; baseline 0.013 -33"><span class='ocrx_word' id='word_1_438' title='bbox 441 4925 494 4974; x_wconf 86' lang='lat' dir='ltr'><strong>et</strong></span> <span class='ocrx_word' id='word_1_439' title='bbox 522 4933 654 4975; x_wconf 79' lang='lat' dir='ltr'><strong>oves</strong></span> <span class='ocrx_word' id='word_1_440' title='bbox 682 4919 834 4977; x_wconf 90' lang='lat' dir='ltr'><strong>illum</strong></span> <span class='ocrx_word' id='word_1_441' title='bbox 865 4934 1189 4997; x_wconf 86' lang='lat' dir='ltr'><strong>sequuntur,</strong></span> <span class='ocrx_word' id='word_1_442' title='bbox 1223 4929 1350 5001; x_wconf 86' lang='lat' dir='ltr'><strong>quia</strong></span> <span class='ocrx_word' id='word_1_443' title='bbox 1380 4931 1558 4987; x_wconf 85' lang='lat' dir='ltr'><strong>sciunt</strong></span> <span class='ocrx_word' id='word_1_444' title='bbox 1601 4951 1788 4990; x_wconf 91' lang='lat' dir='ltr'><strong>vocem</strong></span> <span class='ocrx_word' id='word_1_445' title='bbox 1819 4937 1962 5006; x_wconf 88' lang='lat' dir='ltr'><strong>ejus.</strong></span> <span class='ocrx_word' id='word_1_446' title='bbox 2006 4961 2029 4986; x_wconf 73' lang='grc' dir='ltr'><strong>ιι</strong></span> 
     </span>
    </p>
   </div>
   <div class='ocr_carea' id='block_1_59' title="bbox 443 5015 2034 5103">
    <p class='ocr_par' dir='ltr' id='par_1_59' title="bbox 443 5015 2034 5103">
     <span class='ocr_line' id='line_1_59' title="bbox 443 5015 2034 5103; baseline 0.011 -32"><span class='ocrx_word' id='word_1_447' title='bbox 443 5015 588 5072; x_wconf 85' lang='lat' dir='ltr'><strong>Oves</strong></span> <span class='ocrx_word' id='word_1_448' title='bbox 639 5029 798 5076; x_wconf 90' lang='lat' dir='ltr'><strong>vocat</strong></span> <span class='ocrx_word' id='word_1_449' title='bbox 880 5023 1200 5080; x_wconf 88' lang='lat' dir='ltr'><strong>nominatim</strong></span> <span class='ocrx_word' id='word_1_450' title='bbox 1246 5028 1340 5100; x_wconf 91' lang='lat' dir='ltr'><strong>qui</strong></span> <span class='ocrx_word' id='word_1_451' title='bbox 1385 5029 1455 5084; x_wconf 91' lang='lat' dir='ltr'><strong>ait</strong></span> <span class='ocrx_word' id='word_1_452' title='bbox 1507 5031 1789 5103; x_wconf 80' lang='lat' dir='ltr'><strong>discipulis</strong></span> <span class='ocrx_word' id='word_1_453' title='bbox 1846 5035 1960 5088; x_wconf 88' lang='lat' dir='ltr'><strong>suis</strong></span> <span class='ocrx_word' id='word_1_454' title='bbox 2019 5052 2034 5090; x_wconf 90' lang='lat'><strong>:</strong></span> 
     </span>
    </p>
   </div>
   <div class='ocr_carea' id='block_1_60' title="bbox 447 5105 2038 5190">
    <p class='ocr_par' dir='ltr' id='par_1_60' title="bbox 447 5105 2038 5190">
     <span class='ocr_line' id='line_1_60' title="bbox 447 5105 2038 5190; baseline 0.013 -31"><span class='ocrx_word' id='word_1_455' title='bbox 447 5127 469 5152; x_wconf 75' lang='grc' dir='ltr'><strong><em>α</em></strong></span> <span class='ocrx_word' id='word_1_456' title='bbox 497 5105 760 5177; x_wconf 88' lang='lat' dir='ltr'><strong>Gaudete,</strong></span> <span class='ocrx_word' id='word_1_457' title='bbox 785 5111 910 5182; x_wconf 86' lang='lat' dir='ltr'><strong>quia</strong></span> <span class='ocrx_word' id='word_1_458' title='bbox 939 5115 1157 5169; x_wconf 90' lang='lat' dir='ltr'><strong>nomina</strong></span> <span class='ocrx_word' id='word_1_459' title='bbox 1187 5125 1369 5172; x_wconf 86' lang='lat' dir='ltr'><strong>vestra</strong></span> <span class='ocrx_word' id='word_1_460' title='bbox 1397 5120 1602 5190; x_wconf 90' lang='lat' dir='ltr'><strong>scripta</strong></span> <span class='ocrx_word' id='word_1_461' title='bbox 1657 5130 1782 5177; x_wconf 91' lang='lat' dir='ltr'><strong>sunt</strong></span> <span class='ocrx_word' id='word_1_462' title='bbox 1809 5122 1864 5177; x_wconf 92' lang='lat' dir='ltr'><strong>in</strong></span> <span class='ocrx_word' id='word_1_463' title='bbox 1894 5124 2038 5180; x_wconf 76' lang='lat' dir='ltr'><strong>ccnlo</strong></span> 
     </span>
    </p>
   </div>
   <div class='ocr_carea' id='block_1_61' title="bbox 443 5193 2041 5284">
    <p class='ocr_par' dir='ltr' id='par_1_61' title="bbox 443 5193 2041 5284">
     <span class='ocr_line' id='line_1_61' title="bbox 443 5193 2041 5284; baseline 0.013 -37"><span class='ocrx_word' id='word_1_464' title='bbox 443 5193 598 5262; x_wconf 84' lang='lat' dir='ltr'><strong>(Luc.</strong></span> <span class='ocrx_word' id='word_1_465' title='bbox 633 5198 716 5266; x_wconf 78' lang='grc' dir='ltr'><strong>χ).</strong></span> <span class='ocrx_word' id='word_1_466' title='bbox 758 5221 780 5246; x_wconf 82' lang='grc' dir='ltr'><strong>ιι</strong></span> <span class='ocrx_word' id='word_1_467' title='bbox 815 5201 970 5256; x_wconf 90' lang='lat' dir='ltr'><strong>Unde</strong></span> <span class='ocrx_word' id='word_1_468' title='bbox 998 5203 1165 5260; x_wconf 84' lang='lat' dir='ltr'><strong>alibi:</strong></span> <span class='ocrx_word' id='word_1_469' title='bbox 1207 5228 1229 5255; x_wconf 81' lang='grc' dir='ltr'><strong>ιι</strong></span> <span class='ocrx_word' id='word_1_470' title='bbox 1288 5207 1452 5262; x_wconf 90' lang='lat' dir='ltr'><strong>Novit</strong></span> <span class='ocrx_word' id='word_1_471' title='bbox 1503 5209 1768 5266; x_wconf 89' lang='lat' dir='ltr'><strong>Dominus</strong></span> <span class='ocrx_word' id='word_1_472' title='bbox 1797 5212 1887 5284; x_wconf 86' lang='lat' dir='ltr'><strong>qui</strong></span> <span class='ocrx_word' id='word_1_473' title='bbox 1917 5220 2041 5268; x_wconf 93' lang='lat' dir='ltr'><strong>sunt</strong></span> 
     </span>
    </p>
   </div>
   <div class='ocr_carea' id='block_1_62' title="bbox 443 5287 2040 5366">
    <p class='ocr_par' dir='ltr' id='par_1_62' title="bbox 443 5287 2040 5366">
     <span class='ocr_line' id='line_1_62' title="bbox 443 5287 2040 5366; baseline 0.016 -25"><span class='ocrx_word' id='word_1_474' title='bbox 443 5287 562 5356; x_wconf 90' lang='lat' dir='ltr'><strong>ejus</strong></span> <span class='ocrx_word' id='word_1_475' title='bbox 589 5291 666 5359; x_wconf 93' lang='lat' dir='ltr'><strong>(II</strong></span> <span class='ocrx_word' id='word_1_476' title='bbox 699 5294 836 5350; x_wconf 82' lang='lat' dir='ltr'><strong>Tim.</strong></span> <span class='ocrx_word' id='word_1_477' title='bbox 868 5298 944 5366; x_wconf 81' lang='grc' dir='ltr'><strong>ιι).</strong></span> <span class='ocrx_word' id='word_1_478' title='bbox 985 5321 1006 5347; x_wconf 76' lang='grc' dir='ltr'><strong>ι»</strong></span> <span class='ocrx_word' id='word_1_479' title='bbox 1043 5301 1236 5357; x_wconf 83' lang='lat' dir='ltr'><strong>Educit</strong></span> <span class='ocrx_word' id='word_1_480' title='bbox 1285 5319 1378 5359; x_wconf 87' lang='lat' dir='ltr'><strong>eas</strong></span> <span class='ocrx_word' id='word_1_481' title='bbox 1405 5305 1531 5362; x_wconf 90' lang='lat' dir='ltr'><strong>hinc</strong></span> <span class='ocrx_word' id='word_1_482' title='bbox 1586 5308 1656 5362; x_wconf 90' lang='lat' dir='ltr'><strong>ad</strong></span> <span class='ocrx_word' id='word_1_483' title='bbox 1689 5310 1848 5364; x_wconf 88' lang='lat' dir='ltr'><strong>vitam</strong></span> <span class='ocrx_word' id='word_1_484' title='bbox 1873 5314 2040 5366; x_wconf 69' lang='lat' dir='ltr'><strong>reter-</strong></span> 
     </span>
    </p>
   </div>
   <div class='ocr_carea' id='block_1_63' title="bbox 442 5381 2042 5468">
    <p class='ocr_par' dir='ltr' id='par_1_63' title="bbox 442 5381 2042 5468">
     <span class='ocr_line' id='line_1_63' title="bbox 442 5381 2042 5468; baseline 0.014 -37"><span class='ocrx_word' id='word_1_485' title='bbox 442 5391 590 5442; x_wconf 90' lang='lat' dir='ltr'><strong>nam,</strong></span> <span class='ocrx_word' id='word_1_486' title='bbox 621 5381 814 5435; x_wconf 88' lang='lat' dir='ltr'><strong>emittit</strong></span> <span class='ocrx_word' id='word_1_487' title='bbox 841 5401 933 5439; x_wconf 91' lang='lat' dir='ltr'><strong>eas</strong></span> <span class='ocrx_word' id='word_1_488' title='bbox 962 5389 1297 5447; x_wconf 89' lang='lat' dir='ltr'><strong>absolvendo</strong></span> <span class='ocrx_word' id='word_1_489' title='bbox 1327 5409 1360 5446; x_wconf 90' lang='lat' dir='ltr'><strong>a</strong></span> <span class='ocrx_word' id='word_1_490' title='bbox 1414 5395 1643 5451; x_wconf 77' lang='lat' dir='ltr'><strong>vinculis</strong></span> <span class='ocrx_word' id='word_1_491' title='bbox 1697 5408 2042 5468; x_wconf 86' lang='lat' dir='ltr'><strong>peccatorum</strong></span> 
     </span>
    </p>
   </div>
   <div class='ocr_carea' id='block_1_64' title="bbox 439 5469 2049 5545">
    <p class='ocr_par' dir='ltr' id='par_1_64' title="bbox 439 5469 2049 5545">
     <span class='ocr_line' id='line_1_64' title="bbox 439 5469 2049 5545; baseline 0.016 -27"><span class='ocrx_word' id='word_1_492' title='bbox 439 5473 495 5519; x_wconf 89' lang='lat' dir='ltr'><strong>et</strong></span> <span class='ocrx_word' id='word_1_493' title='bbox 526 5469 786 5534; x_wconf 76' lang='lat' dir='ltr'><strong>praecedit</strong></span> <span class='ocrx_word' id='word_1_494' title='bbox 815 5487 909 5525; x_wconf 88' lang='lat' dir='ltr'><strong>eas</strong></span> <span class='ocrx_word' id='word_1_495' title='bbox 941 5490 1173 5545; x_wconf 84' lang='lat' dir='ltr'><strong>surgens</strong></span> <span class='ocrx_word' id='word_1_496' title='bbox 1203 5495 1235 5533; x_wconf 91' lang='lat' dir='ltr'><strong>a</strong></span> <span class='ocrx_word' id='word_1_497' title='bbox 1265 5483 1512 5538; x_wconf 90' lang='lat' dir='ltr'><strong>mortuis.</strong></span> <span class='ocrx_word' id='word_1_498' title='bbox 1534 5485 2049 5544; x_wconf 78' lang='lat' dir='ltr'><strong>Aliter&#39;educitoves</strong></span> 
     </span>
    </p>
   </div>
   <div class='ocr_carea' id='block_1_65' title="bbox 440 5552 2049 5635">
    <p class='ocr_par' dir='ltr' id='par_1_65' title="bbox 440 5552 2049 5635">
     <span class='ocr_line' id='line_1_65' title="bbox 440 5552 2049 5635; baseline 0.016 -27"><span class='ocrx_word' id='word_1_499' title='bbox 440 5552 510 5608; x_wconf 80' lang='lat' dir='ltr'><strong>de</strong></span> <span class='ocrx_word' id='word_1_500' title='bbox 542 5555 785 5612; x_wconf 85' lang='lat' dir='ltr'><strong>tenebris</strong></span> <span class='ocrx_word' id='word_1_501' title='bbox 818 5559 884 5613; x_wconf 89' lang='lat' dir='ltr'><strong>ad</strong></span> <span class='ocrx_word' id='word_1_502' title='bbox 914 5560 1091 5616; x_wconf 88' lang='lat' dir='ltr'><strong>lucem</strong></span> <span class='ocrx_word' id='word_1_503' title='bbox 1120 5565 1400 5635; x_wconf 80' lang='lat' dir='ltr'><strong>doctrinae,</strong></span> <span class='ocrx_word' id='word_1_504' title='bbox 1436 5580 1487 5626; x_wconf 88' lang='lat' dir='ltr'><strong>et</strong></span> <span class='ocrx_word' id='word_1_505' title='bbox 1517 5582 1641 5628; x_wconf 85' lang='lat' dir='ltr'><strong>ante</strong></span> <span class='ocrx_word' id='word_1_506' title='bbox 1664 5591 1758 5629; x_wconf 89' lang='lat' dir='ltr'><strong>eas</strong></span> <span class='ocrx_word' id='word_1_507' title='bbox 1783 5574 1862 5632; x_wconf 87' lang='lat' dir='ltr'><strong>sic</strong></span> <span class='ocrx_word' id='word_1_508' title='bbox 1886 5578 2049 5632; x_wconf 86' lang='lat' dir='ltr'><strong>emis-</strong></span> 
     </span>
    </p>
   </div>
   <div class='ocr_carea' id='block_1_66' title="bbox 442 5649 2055 5736">
    <p class='ocr_par' dir='ltr' id='par_1_66' title="bbox 442 5649 2055 5736">
     <span class='ocr_line' id='line_1_66' title="bbox 442 5649 2055 5736; baseline 0.016 -33"><span class='ocrx_word' id='word_1_509' title='bbox 442 5661 530 5704; x_wconf 81' lang='lat' dir='ltr'><strong>sas</strong></span> <span class='ocrx_word' id='word_1_510' title='bbox 552 5649 710 5721; x_wconf 88' lang='lat' dir='ltr'><strong>quasi</strong></span> <span class='ocrx_word' id='word_1_511' title='bbox 741 5652 811 5708; x_wconf 89' lang='lat' dir='ltr'><strong>de</strong></span> <span class='ocrx_word' id='word_1_512' title='bbox 839 5653 1072 5726; x_wconf 61' lang='lat' dir='ltr'><strong>(Egypto</strong></span> <span class='ocrx_word' id='word_1_513' title='bbox 1123 5661 1272 5716; x_wconf 84' lang='lat' dir='ltr'><strong>vadit</strong></span> <span class='ocrx_word' id='word_1_514' title='bbox 1302 5665 1446 5720; x_wconf 84' lang='lat' dir='ltr'><strong>velut</strong></span> <span class='ocrx_word' id='word_1_515' title='bbox 1501 5666 1556 5722; x_wconf 90' lang='lat' dir='ltr'><strong>in</strong></span> <span class='ocrx_word' id='word_1_516' title='bbox 1585 5669 1837 5728; x_wconf 73' lang='lat' dir='ltr'><strong>columna</strong></span> <span class='ocrx_word' id='word_1_517' title='bbox 1893 5672 2055 5736; x_wconf 65' lang='lat' dir='ltr'><strong>nubis</strong></span> 
     </span>
    </p>
   </div>
   <div class='ocr_carea' id='block_1_67' title="bbox 439 5737 2056 5822">
    <p class='ocr_par' dir='ltr' id='par_1_67' title="bbox 439 5737 2056 5822">
     <span class='ocr_line' id='line_1_67' title="bbox 439 5737 2056 5822; baseline 0.015 -27"><span class='ocrx_word' id='word_1_518' title='bbox 439 5743 494 5795; x_wconf 82' lang='lat' dir='ltr'><strong>et</strong></span> <span class='ocrx_word' id='word_1_519' title='bbox 523 5737 688 5812; x_wconf 76' lang='lat' dir='ltr'><strong>ignis,</strong></span> <span class='ocrx_word' id='word_1_520' title='bbox 721 5742 975 5814; x_wconf 81' lang='lat' dir='ltr'><strong>exemplo</strong></span> <span class='ocrx_word' id='word_1_521' title='bbox 1005 5741 1254 5804; x_wconf 76' lang='lat' dir='ltr'><strong>indicans</strong></span> <span class='ocrx_word' id='word_1_522' title='bbox 1285 5751 1430 5822; x_wconf 83' lang='lat' dir='ltr'><strong>quod</strong></span> <span class='ocrx_word' id='word_1_523' title='bbox 1461 5751 1665 5813; x_wconf 83' lang='lat' dir='ltr'><strong>docuit.</strong></span> <span class='ocrx_word' id='word_1_524' title='bbox 1725 5755 1873 5817; x_wconf 73' lang='lat' dir='ltr'><strong>Oves</strong></span> <span class='ocrx_word' id='word_1_525' title='bbox 1904 5758 2056 5818; x_wconf 85' lang='lat' dir='ltr'><strong>illum</strong></span> 
     </span>
    </p>
   </div>
   <div class='ocr_carea' id='block_1_68' title="bbox 2057 4690 2115 4754">
    <p class='ocr_par' dir='ltr' id='par_1_68' title="bbox 2057 4690 2115 4754">
     <span class='ocr_line' id='line_1_68' title="bbox 2057 4690 2115 4754; baseline 0 0"><span class='ocrx_word' id='word_1_526' title='bbox 2057 4690 2115 4754; x_wconf 89' lang='lat' dir='ltr'><strong>D</strong></span> 
     </span>
    </p>
   </div>
   <div class='ocr_carea' id='block_1_69' title="bbox 2148 2067 3753 2145">
    <p class='ocr_par' dir='ltr' id='par_1_69' title="bbox 2148 2067 3753 2145">
     <span class='ocr_line' id='line_1_69' title="bbox 2148 2067 3753 2145; baseline 0.006 -23"><span class='ocrx_word' id='word_1_527' title='bbox 2148 2067 2336 2127; x_wconf 82' lang='lat' dir='ltr'><strong>ﬁnem.</strong></span> <span class='ocrx_word' id='word_1_528' title='bbox 2373 2071 2488 2127; x_wconf 87' lang='lat' dir='ltr'><strong>Nec</strong></span> <span class='ocrx_word' id='word_1_529' title='bbox 2519 2071 2662 2127; x_wconf 91' lang='lat' dir='ltr'><strong>enim</strong></span> <span class='ocrx_word' id='word_1_530' title='bbox 2691 2073 2830 2128; x_wconf 88' lang='lat' dir='ltr'><strong>bene</strong></span> <span class='ocrx_word' id='word_1_531' title='bbox 2864 2074 3042 2130; x_wconf 87' lang='lat' dir='ltr'><strong>vivere</strong></span> <span class='ocrx_word' id='word_1_532' title='bbox 3072 2075 3288 2131; x_wconf 77' lang='lat' dir='ltr'><strong>dicendi</strong></span> <span class='ocrx_word' id='word_1_533' title='bbox 3316 2085 3442 2130; x_wconf 89' lang='lat' dir='ltr'><strong>sunt</strong></span> <span class='ocrx_word' id='word_1_534' title='bbox 3463 2077 3558 2145; x_wconf 90' lang='lat' dir='ltr'><strong>qui</strong></span> <span class='ocrx_word' id='word_1_535' title='bbox 3588 2076 3753 2132; x_wconf 88' lang='lat' dir='ltr'><strong>tinem</strong></span> 
     </span>
    </p>
   </div>
   <div class='ocr_carea' id='block_1_70' title="bbox 2146 2157 3754 2232">
    <p class='ocr_par' dir='ltr' id='par_1_70' title="bbox 2146 2157 3754 2232">
     <span class='ocr_line' id='line_1_70' title="bbox 2146 2157 3754 2232; baseline 0.006 -20"><span class='ocrx_word' id='word_1_536' title='bbox 2146 2157 2287 2212; x_wconf 88' lang='lat' dir='ltr'><strong>bene</strong></span> <span class='ocrx_word' id='word_1_537' title='bbox 2318 2159 2532 2216; x_wconf 85' lang='lat' dir='ltr'><strong>vivendi</strong></span> <span class='ocrx_word' id='word_1_538' title='bbox 2567 2162 2652 2217; x_wconf 89' lang='lat' dir='ltr'><strong>vel</strong></span> <span class='ocrx_word' id='word_1_539' title='bbox 2706 2163 2948 2220; x_wconf 67' lang='lat' dir='ltr'><strong>caecitate</strong></span> <span class='ocrx_word' id='word_1_540' title='bbox 3002 2165 3272 2232; x_wconf 92' lang='lat' dir='ltr'><strong>nesciunt,</strong></span> <span class='ocrx_word' id='word_1_541' title='bbox 3321 2164 3410 2221; x_wconf 91' lang='lat' dir='ltr'><strong>vel</strong></span> <span class='ocrx_word' id='word_1_542' title='bbox 3467 2163 3754 2222; x_wconf 80' lang='lat' dir='ltr'><strong>inﬂatione</strong></span> 
     </span>
    </p>
   </div>
   <div class='ocr_carea' id='block_1_71' title="bbox 2145 2255 2515 2304">
    <p class='ocr_par' dir='ltr' id='par_1_71' title="bbox 2145 2255 2515 2304">
     <span class='ocr_line' id='line_1_71' title="bbox 2145 2255 2515 2304; baseline 0.005 -2"><span class='ocrx_word' id='word_1_543' title='bbox 2145 2255 2515 2304; x_wconf 87' lang='lat' dir='ltr'><strong>contemnunt.</strong></span> 
     </span>
    </p>
   </div>
   <div class='ocr_carea' id='block_1_72' title="bbox 2221 2360 3743 2440">
    <p class='ocr_par' dir='ltr' id='par_1_72' title="bbox 2221 2360 3743 2440">
     <span class='ocr_line' id='line_1_72' title="bbox 2221 2360 3743 2440; baseline 0.007 -27"><span class='ocrx_word' id='word_1_544' title='bbox 2221 2381 2244 2411; x_wconf 76' lang='grc' dir='ltr'>ι</span> <span class='ocrx_word' id='word_1_545' title='bbox 2276 2360 2524 2416; x_wconf 80' lang='lat' dir='ltr'><strong>Alienum</strong></span> <span class='ocrx_word' id='word_1_546' title='bbox 2556 2367 2740 2419; x_wconf 89' lang='lat' dir='ltr'><strong>autem</strong></span> <span class='ocrx_word' id='word_1_547' title='bbox 2763 2381 2871 2420; x_wconf 90' lang='lat' dir='ltr'><strong>non</strong></span> <span class='ocrx_word' id='word_1_548' title='bbox 2901 2373 3227 2438; x_wconf 89' lang='lat' dir='ltr'><strong>sequuntur,</strong></span> <span class='ocrx_word' id='word_1_549' title='bbox 3260 2366 3359 2422; x_wconf 89' lang='lat' dir='ltr'><strong>sed</strong></span> <span class='ocrx_word' id='word_1_550' title='bbox 3415 2367 3644 2440; x_wconf 81' lang='lat' dir='ltr'><strong>fugiunt</strong></span> <span class='ocrx_word' id='word_1_551' title='bbox 3671 2369 3743 2424; x_wconf 88' lang='lat' dir='ltr'><strong>ab</strong></span> 
     </span>
    </p>
   </div>
   <div class='ocr_carea' id='block_1_73' title="bbox 2146 2449 3754 2530">
    <p class='ocr_par' dir='ltr' id='par_1_73' title="bbox 2146 2449 3754 2530">
     <span class='ocr_line' id='line_1_73' title="bbox 2146 2449 3754 2530; baseline 0.006 -26"><span class='ocrx_word' id='word_1_552' title='bbox 2146 2463 2234 2516; x_wconf 86' lang='lat' dir='ltr'><strong>eo,</strong></span> <span class='ocrx_word' id='word_1_553' title='bbox 2259 2449 2387 2521; x_wconf 86' lang='lat' dir='ltr'><strong>quia</strong></span> <span class='ocrx_word' id='word_1_554' title='bbox 2417 2467 2524 2506; x_wconf 92' lang='lat' dir='ltr'><strong>non</strong></span> <span class='ocrx_word' id='word_1_555' title='bbox 2555 2463 2824 2508; x_wconf 87' lang='lat' dir='ltr'><strong>noverunt</strong></span> <span class='ocrx_word' id='word_1_556' title='bbox 2853 2471 3044 2511; x_wconf 90' lang='lat' dir='ltr'><strong>vocem</strong></span> <span class='ocrx_word' id='word_1_557' title='bbox 3091 2455 3422 2512; x_wconf 89' lang='lat' dir='ltr'><strong>alienorum.</strong></span> <span class='ocrx_word' id='word_1_558' title='bbox 3465 2458 3582 2512; x_wconf 85' lang='lat' dir='ltr'><strong>Hoc</strong></span> <span class='ocrx_word' id='word_1_559' title='bbox 3614 2473 3754 2530; x_wconf 89' lang='lat' dir='ltr'><strong>pro-</strong></span> 
     </span>
    </p>
   </div>
   <div class='ocr_carea' id='block_1_74' title="bbox 2145 2539 3753 2617">
    <p class='ocr_par' dir='ltr' id='par_1_74' title="bbox 2145 2539 3753 2617">
     <span class='ocr_line' id='line_1_74' title="bbox 2145 2539 3753 2617; baseline 0.006 -25"><span class='ocrx_word' id='word_1_560' title='bbox 2145 2539 2391 2593; x_wconf 88' lang='lat' dir='ltr'><strong>verbium</strong></span> <span class='ocrx_word' id='word_1_561' title='bbox 2421 2540 2554 2594; x_wconf 78' lang='lat' dir='ltr'><strong>dixit</strong></span> <span class='ocrx_word' id='word_1_562' title='bbox 2584 2541 2663 2596; x_wconf 91' lang='lat' dir='ltr'><strong>eis</strong></span> <span class='ocrx_word' id='word_1_563' title='bbox 2683 2543 2858 2597; x_wconf 84' lang='lat' dir='ltr'><strong>Jesus.</strong></span> <span class='ocrx_word' id='word_1_564' title='bbox 2891 2543 2974 2598; x_wconf 90' lang='lat' dir='ltr'><strong>Illi</strong></span> <span class='ocrx_word' id='word_1_565' title='bbox 3003 2552 3180 2600; x_wconf 91' lang='lat' dir='ltr'><strong>autem</strong></span> <span class='ocrx_word' id='word_1_566' title='bbox 3212 2560 3322 2600; x_wconf 93' lang='lat' dir='ltr'><strong>non</strong></span> <span class='ocrx_word' id='word_1_567' title='bbox 3367 2555 3753 2617; x_wconf 83' lang='lat' dir='ltr'><strong>cognoverunt</strong></span> 
     </span>
    </p>
   </div>
   <div class='ocr_carea' id='block_1_75' title="bbox 2145 2637 3750 2710">
    <p class='ocr_par' dir='ltr' id='par_1_75' title="bbox 2145 2637 3750 2710">
     <span class='ocr_line' id='line_1_75' title="bbox 2145 2637 3750 2710; baseline 0.007 -20"><span class='ocrx_word' id='word_1_568' title='bbox 2145 2637 2272 2708; x_wconf 92' lang='lat' dir='ltr'><strong>quid</strong></span> <span class='ocrx_word' id='word_1_569' title='bbox 2298 2638 2614 2710; x_wconf 89' lang='lat' dir='ltr'><strong>loqueretur</strong></span> <span class='ocrx_word' id='word_1_570' title='bbox 2640 2640 2744 2696; x_wconf 84' lang='lat' dir='ltr'><strong>eis.</strong></span> <span class='ocrx_word' id='word_1_571' title='bbox 2815 2665 2838 2690; x_wconf 71' lang='grc' dir='ltr'><strong><em>η</em></strong></span> <span class='ocrx_word' id='word_1_572' title='bbox 2872 2642 2933 2695; x_wconf 90' lang='lat' dir='ltr'><strong>In</strong></span> <span class='ocrx_word' id='word_1_573' title='bbox 2989 2642 3136 2698; x_wconf 89' lang='lat' dir='ltr'><strong>bono</strong></span> <span class='ocrx_word' id='word_1_574' title='bbox 3167 2643 3568 2699; x_wconf 91' lang='lat' dir='ltr'><strong>convincuntur</strong></span> <span class='ocrx_word' id='word_1_575' title='bbox 3625 2661 3750 2702; x_wconf 86' lang='lat' dir='ltr'><strong>esse</strong></span> 
     </span>
    </p>
   </div>
   <div class='ocr_carea' id='block_1_76' title="bbox 2144 2726 3751 2805">
    <p class='ocr_par' dir='ltr' id='par_1_76' title="bbox 2144 2726 3751 2805">
     <span class='ocr_line' id='line_1_76' title="bbox 2144 2726 3751 2805; baseline 0.006 -25"><span class='ocrx_word' id='word_1_576' title='bbox 2144 2726 2296 2783; x_wconf 55' lang='lat' dir='ltr'><strong>caeci.</strong></span> <span class='ocrx_word' id='word_1_577' title='bbox 2329 2729 2562 2782; x_wconf 82' lang='lat' dir='ltr'><strong>Interest</strong></span> <span class='ocrx_word' id='word_1_578' title='bbox 2591 2729 2734 2784; x_wconf 89' lang='lat' dir='ltr'><strong>enim</strong></span> <span class='ocrx_word' id='word_1_579' title='bbox 2765 2729 2907 2786; x_wconf 89' lang='lat' dir='ltr'><strong>inter</strong></span> <span class='ocrx_word' id='word_1_580' title='bbox 2934 2731 3058 2786; x_wconf 92' lang='lat' dir='ltr'><strong>illos</strong></span> <span class='ocrx_word' id='word_1_581' title='bbox 3088 2739 3142 2788; x_wconf 91' lang='lat' dir='ltr'><strong>et</strong></span> <span class='ocrx_word' id='word_1_582' title='bbox 3168 2748 3270 2787; x_wconf 92' lang='lat' dir='ltr'><strong>nos</strong></span> <span class='ocrx_word' id='word_1_583' title='bbox 3315 2740 3614 2805; x_wconf 90' lang='lat' dir='ltr'><strong>antequam</strong></span> <span class='ocrx_word' id='word_1_584' title='bbox 3644 2734 3751 2789; x_wconf 84' lang='lat' dir='ltr'><strong>ista</strong></span> 
     </span>
    </p>
   </div>
   <div class='ocr_carea' id='block_1_77' title="bbox 2143 2816 3755 2895">
    <p class='ocr_par' dir='ltr' id='par_1_77' title="bbox 2143 2816 3755 2895">
     <span class='ocr_line' id='line_1_77' title="bbox 2143 2816 3755 2895; baseline 0.005 -24"><span class='ocrx_word' id='word_1_585' title='bbox 2143 2816 2312 2871; x_wconf 88' lang='lat' dir='ltr'><strong>verba</strong></span> <span class='ocrx_word' id='word_1_586' title='bbox 2345 2832 2767 2890; x_wconf 84' lang='lat' dir='ltr'><strong>cognoscamus,</strong></span> <span class='ocrx_word' id='word_1_587' title='bbox 2801 2819 3054 2889; x_wconf 84' lang='lat' dir='ltr'><strong>quoniam</strong></span> <span class='ocrx_word' id='word_1_588' title='bbox 3085 2819 3373 2893; x_wconf 90' lang='lat' dir='ltr'><strong>pulsamus</strong></span> <span class='ocrx_word' id='word_1_589' title='bbox 3395 2829 3449 2878; x_wconf 89' lang='lat' dir='ltr'><strong>et</strong></span> <span class='ocrx_word' id='word_1_590' title='bbox 3469 2823 3755 2895; x_wconf 88' lang='lat' dir='ltr'><strong>aperietur</strong></span> 
     </span>
    </p>
   </div>
   <div class='ocr_carea' id='block_1_78' title="bbox 2144 2905 2802 2970">
    <p class='ocr_par' dir='ltr' id='par_1_78' title="bbox 2144 2905 2802 2970">
     <span class='ocr_line' id='line_1_78' title="bbox 2144 2905 2802 2970; baseline 0.005 -10"><span class='ocrx_word' id='word_1_591' title='bbox 2144 2905 2322 2970; x_wconf 87' lang='lat' dir='ltr'><strong>nobis,</strong></span> <span class='ocrx_word' id='word_1_592' title='bbox 2354 2905 2431 2958; x_wconf 88' lang='lat' dir='ltr'><strong>illi</strong></span> <span class='ocrx_word' id='word_1_593' title='bbox 2462 2913 2640 2961; x_wconf 90' lang='lat' dir='ltr'><strong>autem</strong></span> <span class='ocrx_word' id='word_1_594' title='bbox 2672 2923 2802 2963; x_wconf 90' lang='lat' dir='ltr'><strong>non.</strong></span> 
     </span>
    </p>
   </div>
   <div class='ocr_carea' id='block_1_79' title="bbox 2219 3001 3751 3075">
    <p class='ocr_par' dir='ltr' id='par_1_79' title="bbox 2219 3001 3751 3075">
     <span class='ocr_line' id='line_1_79' title="bbox 2219 3001 3751 3075; baseline 0.007 -21"><span class='ocrx_word' id='word_1_595' title='bbox 2219 3023 2241 3048; x_wconf 74' lang='grc' dir='ltr'><strong>α</strong></span> <span class='ocrx_word' id='word_1_596' title='bbox 2278 3001 2419 3056; x_wconf 76' lang='lat' dir='ltr'><strong>Dixit</strong></span> <span class='ocrx_word' id='word_1_597' title='bbox 2449 3018 2583 3075; x_wconf 86' lang='lat' dir='ltr'><strong>ergo</strong></span> <span class='ocrx_word' id='word_1_598' title='bbox 2612 3004 2692 3058; x_wconf 88' lang='lat' dir='ltr'><strong>eis</strong></span> <span class='ocrx_word' id='word_1_599' title='bbox 2722 3005 2922 3060; x_wconf 74' lang='lat' dir='ltr'><strong>iterum</strong></span> <span class='ocrx_word' id='word_1_600' title='bbox 2969 3006 3127 3062; x_wconf 84' lang='lat' dir='ltr'><strong>Jesus</strong></span> <span class='ocrx_word' id='word_1_601' title='bbox 3160 3025 3175 3062; x_wconf 89' lang='lat'>:</span> <span class='ocrx_word' id='word_1_602' title='bbox 3207 3009 3378 3064; x_wconf 81' lang='lat' dir='ltr'><strong>Amen</strong></span> <span class='ocrx_word' id='word_1_603' title='bbox 3422 3023 3588 3064; x_wconf 90' lang='lat' dir='ltr'><strong>amen</strong></span> <span class='ocrx_word' id='word_1_604' title='bbox 3619 3009 3751 3065; x_wconf 91' lang='lat' dir='ltr'><strong>dico</strong></span> 
     </span>
    </p>
   </div>
   <div class='ocr_carea' id='block_1_80' title="bbox 2143 3089 3751 3163">
    <p class='ocr_par' dir='ltr' id='par_1_80' title="bbox 2143 3089 3751 3163">
     <span class='ocr_line' id='line_1_80' title="bbox 2143 3089 3751 3163; baseline 0.005 -18"><span class='ocrx_word' id='word_1_605' title='bbox 2143 3089 2322 3156; x_wconf 91' lang='lat' dir='ltr'><strong>vobis,</strong></span> <span class='ocrx_word' id='word_1_606' title='bbox 2379 3091 2500 3162; x_wconf 89' lang='lat' dir='ltr'><strong>quia</strong></span> <span class='ocrx_word' id='word_1_607' title='bbox 2531 3107 2637 3163; x_wconf 85' lang='lat' dir='ltr'><strong>ego</strong></span> <span class='ocrx_word' id='word_1_608' title='bbox 2667 3109 2786 3146; x_wconf 90' lang='lat' dir='ltr'><strong>sum</strong></span> <span class='ocrx_word' id='word_1_609' title='bbox 2815 3093 3012 3149; x_wconf 90' lang='lat' dir='ltr'><strong>ostium</strong></span> <span class='ocrx_word' id='word_1_610' title='bbox 3044 3095 3249 3153; x_wconf 91' lang='lat' dir='ltr'><strong>ovium.</strong></span> <span class='ocrx_word' id='word_1_611' title='bbox 3306 3120 3328 3145; x_wconf 73' lang='grc' dir='ltr'>ι</span> <span class='ocrx_word' id='word_1_612' title='bbox 3389 3097 3751 3154; x_wconf 81' lang='lat' dir='ltr'><strong>Sicut-Filius</strong></span> 
     </span>
    </p>
   </div>
   <div class='ocr_carea' id='block_1_81' title="bbox 2141 3180 3751 3256">
    <p class='ocr_par' dir='ltr' id='par_1_81' title="bbox 2141 3180 3751 3256">
     <span class='ocr_line' id='line_1_81' title="bbox 2141 3180 3751 3256; baseline 0.006 -23"><span class='ocrx_word' id='word_1_613' title='bbox 2141 3194 2244 3250; x_wconf 90' lang='lat' dir='ltr'><strong>per</strong></span> <span class='ocrx_word' id='word_1_614' title='bbox 2271 3195 2330 3234; x_wconf 90' lang='lat' dir='ltr'><strong>se</strong></span> <span class='ocrx_word' id='word_1_615' title='bbox 2360 3180 2514 3235; x_wconf 87' lang='lat' dir='ltr'><strong>novit</strong></span> <span class='ocrx_word' id='word_1_616' title='bbox 2543 3181 2778 3248; x_wconf 87' lang='lat' dir='ltr'><strong>Patrem,</strong></span> <span class='ocrx_word' id='word_1_617' title='bbox 2801 3198 2903 3238; x_wconf 90' lang='lat' dir='ltr'><strong>nos</strong></span> <span class='ocrx_word' id='word_1_618' title='bbox 2921 3192 3100 3239; x_wconf 90' lang='lat' dir='ltr'><strong>autem</strong></span> <span class='ocrx_word' id='word_1_619' title='bbox 3131 3200 3232 3256; x_wconf 89' lang='lat' dir='ltr'><strong>per</strong></span> <span class='ocrx_word' id='word_1_620' title='bbox 3270 3185 3440 3252; x_wconf 91' lang='lat' dir='ltr'><strong>illum,</strong></span> <span class='ocrx_word' id='word_1_621' title='bbox 3473 3185 3556 3242; x_wconf 90' lang='lat' dir='ltr'><strong>sic</strong></span> <span class='ocrx_word' id='word_1_622' title='bbox 3585 3187 3751 3242; x_wconf 88' lang='lat' dir='ltr'><strong>intrat</strong></span> 
     </span>
    </p>
   </div>
   <div class='ocr_carea' id='block_1_82' title="bbox 2142 3273 3752 3354">
    <p class='ocr_par' dir='ltr' id='par_1_82' title="bbox 2142 3273 3752 3354">
     <span class='ocr_line' id='line_1_82' title="bbox 2142 3273 3752 3354; baseline 0.007 -27"><span class='ocrx_word' id='word_1_623' title='bbox 2142 3273 2195 3328; x_wconf 90' lang='lat' dir='ltr'><strong>in</strong></span> <span class='ocrx_word' id='word_1_624' title='bbox 2225 3274 2388 3341; x_wconf 87' lang='lat' dir='ltr'><strong>ovile,</strong></span> <span class='ocrx_word' id='word_1_625' title='bbox 2411 3276 2463 3330; x_wconf 86' lang='lat' dir='ltr'><strong>id</strong></span> <span class='ocrx_word' id='word_1_626' title='bbox 2499 3284 2581 3331; x_wconf 89' lang='lat' dir='ltr'><strong>est</strong></span> <span class='ocrx_word' id='word_1_627' title='bbox 2625 3277 2692 3332; x_wconf 90' lang='lat' dir='ltr'><strong>ad</strong></span> <span class='ocrx_word' id='word_1_628' title='bbox 2725 3279 2895 3334; x_wconf 90' lang='lat' dir='ltr'><strong>corda</strong></span> <span class='ocrx_word' id='word_1_629' title='bbox 2949 3279 3131 3335; x_wconf 86' lang='lat' dir='ltr'><strong>svium</strong></span> <span class='ocrx_word' id='word_1_630' title='bbox 3162 3297 3263 3353; x_wconf 86' lang='lat' dir='ltr'><strong>per</strong></span> <span class='ocrx_word' id='word_1_631' title='bbox 3317 3298 3378 3337; x_wconf 90' lang='lat' dir='ltr'><strong>se</strong></span> <span class='ocrx_word' id='word_1_632' title='bbox 3409 3291 3468 3337; x_wconf 90' lang='lat' dir='ltr'><strong>et</strong></span> <span class='ocrx_word' id='word_1_633' title='bbox 3499 3299 3604 3338; x_wconf 91' lang='lat' dir='ltr'><strong>nos</strong></span> <span class='ocrx_word' id='word_1_634' title='bbox 3649 3300 3752 3354; x_wconf 88' lang='lat' dir='ltr'><strong>per</strong></span> 
     </span>
    </p>
   </div>
   <div class='ocr_carea' id='block_1_83' title="bbox 2140 3361 3748 3442">
    <p class='ocr_par' dir='ltr' id='par_1_83' title="bbox 2140 3361 3748 3442">
     <span class='ocr_line' id='line_1_83' title="bbox 2140 3361 3748 3442; baseline 0.006 -26"><span class='ocrx_word' id='word_1_635' title='bbox 2140 3361 2339 3434; x_wconf 84' lang='lat' dir='ltr'><strong>ipsum.</strong></span> <span class='ocrx_word' id='word_1_636' title='bbox 2373 3363 2574 3420; x_wconf 91' lang='lat' dir='ltr'><strong>Oculus</strong></span> <span class='ocrx_word' id='word_1_637' title='bbox 2603 3366 2786 3422; x_wconf 86' lang='lat' dir='ltr'><strong>carnis</strong></span> <span class='ocrx_word' id='word_1_638' title='bbox 2817 3383 2877 3422; x_wconf 89' lang='lat' dir='ltr'><strong>se</strong></span> <span class='ocrx_word' id='word_1_639' title='bbox 2907 3368 3092 3424; x_wconf 90' lang='lat' dir='ltr'><strong>videre</strong></span> <span class='ocrx_word' id='word_1_640' title='bbox 3152 3385 3260 3426; x_wconf 89' lang='lat' dir='ltr'><strong>non</strong></span> <span class='ocrx_word' id='word_1_641' title='bbox 3290 3378 3490 3442; x_wconf 87' lang='lat' dir='ltr'><strong>potest,</strong></span> <span class='ocrx_word' id='word_1_642' title='bbox 3521 3372 3631 3426; x_wconf 87' lang='lat' dir='ltr'><strong>alia</strong></span> <span class='ocrx_word' id='word_1_643' title='bbox 3657 3373 3748 3426; x_wconf 87' lang='lat' dir='ltr'><strong>vi-</strong></span> 
     </span>
    </p>
   </div>
   <div class='ocr_carea' id='block_1_84' title="bbox 2141 3450 3750 3532">
    <p class='ocr_par' dir='ltr' id='par_1_84' title="bbox 2141 3450 3750 3532">
     <span class='ocr_line' id='line_1_84' title="bbox 2141 3450 3750 3532; baseline 0.006 -26"><span class='ocrx_word' id='word_1_644' title='bbox 2141 3450 2234 3506; x_wconf 89' lang='lat' dir='ltr'><strong>det</strong></span> <span class='ocrx_word' id='word_1_645' title='bbox 2265 3467 2278 3520; x_wconf 91' lang='lat'><strong>;</strong></span> <span class='ocrx_word' id='word_1_646' title='bbox 2312 3453 2410 3508; x_wconf 87' lang='lat' dir='ltr'><strong>sed</strong></span> <span class='ocrx_word' id='word_1_647' title='bbox 2440 3453 2747 3510; x_wconf 89' lang='lat' dir='ltr'><strong>intellectus</strong></span> <span class='ocrx_word' id='word_1_648' title='bbox 2777 3463 2830 3511; x_wconf 90' lang='lat' dir='ltr'><strong>ct</strong></span> <span class='ocrx_word' id='word_1_649' title='bbox 2859 3473 2919 3512; x_wconf 88' lang='lat' dir='ltr'><strong>se</strong></span> <span class='ocrx_word' id='word_1_650' title='bbox 2951 3465 3002 3512; x_wconf 89' lang='lat' dir='ltr'><strong>et</strong></span> <span class='ocrx_word' id='word_1_651' title='bbox 3031 3457 3140 3514; x_wconf 85' lang='lat' dir='ltr'><strong>alia</strong></span> <span class='ocrx_word' id='word_1_652' title='bbox 3169 3459 3444 3532; x_wconf 83' lang='lat' dir='ltr'><strong>intelligit.</strong></span> <span class='ocrx_word' id='word_1_653' title='bbox 3477 3460 3568 3516; x_wconf 84' lang='lat' dir='ltr'><strong>Sic</strong></span> <span class='ocrx_word' id='word_1_654' title='bbox 3597 3461 3750 3516; x_wconf 82' lang='lat' dir='ltr'><strong>Chri-</strong></span> 
     </span>
    </p>
   </div>
   <div class='ocr_carea' id='block_1_85' title="bbox 2141 3542 3740 3620">
    <p class='ocr_par' dir='ltr' id='par_1_85' title="bbox 2141 3542 3740 3620">
     <span class='ocr_line' id='line_1_85' title="bbox 2141 3542 3740 3620; baseline 0.008 -26"><span class='ocrx_word' id='word_1_655' title='bbox 2141 3547 2257 3595; x_wconf 89' lang='lat' dir='ltr'><strong>stus</strong></span> <span class='ocrx_word' id='word_1_656' title='bbox 2289 3549 2341 3597; x_wconf 90' lang='lat' dir='ltr'><strong>et</strong></span> <span class='ocrx_word' id='word_1_657' title='bbox 2369 3542 2441 3596; x_wconf 90' lang='lat' dir='ltr'><strong>ad</strong></span> <span class='ocrx_word' id='word_1_658' title='bbox 2471 3559 2551 3605; x_wconf 88' lang='lat' dir='ltr'><strong>se,</strong></span> <span class='ocrx_word' id='word_1_659' title='bbox 2581 3556 2631 3598; x_wconf 90' lang='lat' dir='ltr'><strong>et</strong></span> <span class='ocrx_word' id='word_1_660' title='bbox 2661 3545 2727 3598; x_wconf 88' lang='lat' dir='ltr'><strong>ad</strong></span> <span class='ocrx_word' id='word_1_661' title='bbox 2759 3552 2810 3600; x_wconf 89' lang='lat' dir='ltr'><strong>te</strong></span> <span class='ocrx_word' id='word_1_662' title='bbox 2864 3553 2917 3600; x_wconf 90' lang='lat' dir='ltr'><strong>et</strong></span> <span class='ocrx_word' id='word_1_663' title='bbox 2963 3546 3032 3602; x_wconf 90' lang='lat' dir='ltr'><strong>ad</strong></span> <span class='ocrx_word' id='word_1_664' title='bbox 3065 3549 3282 3603; x_wconf 88' lang='lat' dir='ltr'><strong>Patrem</strong></span> <span class='ocrx_word' id='word_1_665' title='bbox 3330 3565 3432 3620; x_wconf 91' lang='lat' dir='ltr'><strong>per</strong></span> <span class='ocrx_word' id='word_1_666' title='bbox 3455 3565 3517 3604; x_wconf 91' lang='lat' dir='ltr'><strong>se</strong></span> <span class='ocrx_word' id='word_1_667' title='bbox 3546 3550 3740 3607; x_wconf 86' lang='lat' dir='ltr'><strong>intrat.</strong></span> 
     </span>
    </p>
   </div>
   <div class='ocr_carea' id='block_1_86' title="bbox 2139 3636 3747 3717">
    <p class='ocr_par' dir='ltr' id='par_1_86' title="bbox 2139 3636 3747 3717">
     <span class='ocr_line' id='line_1_86' title="bbox 2139 3636 3747 3717; baseline 0.007 -27"><span class='ocrx_word' id='word_1_668' title='bbox 2139 3636 2276 3691; x_wconf 89' lang='lat' dir='ltr'><strong>Nam</strong></span> <span class='ocrx_word' id='word_1_669' title='bbox 2310 3647 2360 3692; x_wconf 90' lang='lat' dir='ltr'><strong>et</strong></span> <span class='ocrx_word' id='word_1_670' title='bbox 2391 3655 2486 3710; x_wconf 88' lang='lat' dir='ltr'><strong>per</strong></span> <span class='ocrx_word' id='word_1_671' title='bbox 2519 3640 2746 3695; x_wconf 87' lang='lat' dir='ltr'><strong>verbum</strong></span> <span class='ocrx_word' id='word_1_672' title='bbox 2820 3642 2925 3698; x_wconf 88' lang='lat' dir='ltr'><strong>alia</strong></span> <span class='ocrx_word' id='word_1_673' title='bbox 2991 3643 3246 3698; x_wconf 90' lang='lat' dir='ltr'><strong>dicuntur</strong></span> <span class='ocrx_word' id='word_1_674' title='bbox 3274 3661 3394 3717; x_wconf 74' lang='lat' dir='ltr'><strong>quae</strong></span> <span class='ocrx_word' id='word_1_675' title='bbox 3448 3660 3565 3700; x_wconf 89' lang='lat' dir='ltr'><strong>non</strong></span> <span class='ocrx_word' id='word_1_676' title='bbox 3622 3656 3747 3703; x_wconf 85' lang='lat' dir='ltr'><strong>sunt</strong></span> 
     </span>
    </p>
   </div>
   <div class='ocr_carea' id='block_1_87' title="bbox 2140 3721 3748 3800">
    <p class='ocr_par' dir='ltr' id='par_1_87' title="bbox 2140 3721 3748 3800">
     <span class='ocr_line' id='line_1_87' title="bbox 2140 3721 3748 3800; baseline 0.004 -23"><span class='ocrx_word' id='word_1_677' title='bbox 2140 3721 2391 3790; x_wconf 89' lang='lat' dir='ltr'><strong>verbum,</strong></span> <span class='ocrx_word' id='word_1_678' title='bbox 2424 3732 2474 3780; x_wconf 90' lang='lat' dir='ltr'><strong>et</strong></span> <span class='ocrx_word' id='word_1_679' title='bbox 2505 3724 2683 3795; x_wconf 90' lang='lat' dir='ltr'><strong>ipsum</strong></span> <span class='ocrx_word' id='word_1_680' title='bbox 2728 3726 2974 3782; x_wconf 87' lang='lat' dir='ltr'><strong>verbum.</strong></span> <span class='ocrx_word' id='word_1_681' title='bbox 3025 3728 3180 3783; x_wconf 83' lang='lat' dir='ltr'><strong>Multi</strong></span> <span class='ocrx_word' id='word_1_682' title='bbox 3227 3737 3351 3784; x_wconf 90' lang='lat' dir='ltr'><strong>sunt</strong></span> <span class='ocrx_word' id='word_1_683' title='bbox 3380 3738 3635 3800; x_wconf 88' lang='lat' dir='ltr'><strong>pastores</strong></span> <span class='ocrx_word' id='word_1_684' title='bbox 3690 3735 3748 3785; x_wconf 91' lang='lat' dir='ltr'><strong>ut</strong></span> 
     </span>
    </p>
   </div>
   <div class='ocr_carea' id='block_1_88' title="bbox 2140 3810 3743 3885">
    <p class='ocr_par' dir='ltr' id='par_1_88' title="bbox 2140 3810 3743 3885">
     <span class='ocr_line' id='line_1_88' title="bbox 2140 3810 3743 3885; baseline 0.006 -20"><span class='ocrx_word' id='word_1_685' title='bbox 2140 3810 2270 3866; x_wconf 89' lang='lat' dir='ltr'><strong>boni</strong></span> <span class='ocrx_word' id='word_1_686' title='bbox 2300 3812 2544 3884; x_wconf 87' lang='lat' dir='ltr'><strong>episcopi</strong></span> <span class='ocrx_word' id='word_1_687' title='bbox 2578 3831 2591 3878; x_wconf 91' lang='lat'><strong>;</strong></span> <span class='ocrx_word' id='word_1_688' title='bbox 2625 3814 2823 3870; x_wconf 91' lang='lat' dir='ltr'><strong>ostium</strong></span> <span class='ocrx_word' id='word_1_689' title='bbox 2853 3832 2985 3872; x_wconf 85' lang='lat' dir='ltr'><strong>vero</strong></span> <span class='ocrx_word' id='word_1_690' title='bbox 3016 3833 3178 3873; x_wconf 90' lang='lat' dir='ltr'><strong>nemo</strong></span> <span class='ocrx_word' id='word_1_691' title='bbox 3200 3826 3302 3885; x_wconf 91' lang='lat' dir='ltr'><strong>est,</strong></span> <span class='ocrx_word' id='word_1_692' title='bbox 3333 3819 3439 3873; x_wconf 91' lang='lat' dir='ltr'><strong>nisi</strong></span> <span class='ocrx_word' id='word_1_693' title='bbox 3471 3819 3743 3876; x_wconf 86' lang='lat' dir='ltr'><strong>Christus.</strong></span> 
     </span>
    </p>
   </div>
   <div class='ocr_carea' id='block_1_89' title="bbox 2140 3911 3743 3986">
    <p class='ocr_par' dir='ltr' id='par_1_89' title="bbox 2140 3911 3743 3986">
     <span class='ocr_line' id='line_1_89' title="bbox 2140 3911 3743 3986; baseline 0.006 -21"><span class='ocrx_word' id='word_1_694' title='bbox 2140 3912 2202 3965; x_wconf 90' lang='lat' dir='ltr'><strong>In</strong></span> <span class='ocrx_word' id='word_1_695' title='bbox 2233 3911 2564 3982; x_wconf 73' lang='lat' dir='ltr'><strong>Apocalypsi</strong></span> <span class='ocrx_word' id='word_1_696' title='bbox 2593 3912 2847 3968; x_wconf 91' lang='lat' dir='ltr'><strong>dicuntur</strong></span> <span class='ocrx_word' id='word_1_697' title='bbox 2889 3915 3085 3983; x_wconf 89' lang='lat' dir='ltr'><strong>sancti,</strong></span> <span class='ocrx_word' id='word_1_698' title='bbox 3159 3933 3268 3972; x_wconf 89' lang='lat' dir='ltr'><strong>non</strong></span> <span class='ocrx_word' id='word_1_699' title='bbox 3343 3917 3567 3986; x_wconf 89' lang='lat' dir='ltr'><strong>ostium,</strong></span> <span class='ocrx_word' id='word_1_700' title='bbox 3644 3920 3743 3975; x_wconf 82' lang='lat' dir='ltr'><strong>sed</strong></span> 
     </span>
    </p>
   </div>
   <div class='ocr_carea' id='block_1_90' title="bbox 2140 4003 3743 4080">
    <p class='ocr_par' dir='ltr' id='par_1_90' title="bbox 2140 4003 3743 4080">
     <span class='ocr_line' id='line_1_90' title="bbox 2140 4003 3743 4080; baseline 0.006 -27"><span class='ocrx_word' id='word_1_701' title='bbox 2140 4008 2310 4072; x_wconf 83' lang='lat' dir='ltr'><strong>portae</strong></span> <span class='ocrx_word' id='word_1_702' title='bbox 2338 4017 2435 4070; x_wconf 89' lang='lat' dir='ltr'><strong>per</strong></span> <span class='ocrx_word' id='word_1_703' title='bbox 2460 4015 2597 4072; x_wconf 89' lang='lat' dir='ltr'><strong>quas</strong></span> <span class='ocrx_word' id='word_1_704' title='bbox 2617 4003 2936 4072; x_wconf 89' lang='lat' dir='ltr'><strong>pervenitur</strong></span> <span class='ocrx_word' id='word_1_705' title='bbox 2963 4004 3034 4058; x_wconf 91' lang='lat' dir='ltr'><strong>ad</strong></span> <span class='ocrx_word' id='word_1_706' title='bbox 3064 4004 3284 4061; x_wconf 90' lang='lat' dir='ltr'><strong>ostium.</strong></span> <span class='ocrx_word' id='word_1_707' title='bbox 3319 4005 3527 4062; x_wconf 88' lang='lat' dir='ltr'><strong>Omnes</strong></span> <span class='ocrx_word' id='word_1_708' title='bbox 3578 4017 3743 4080; x_wconf 88' lang='lat' dir='ltr'><strong>quot-</strong></span> 
     </span>
    </p>
   </div>
   <div class='ocr_carea' id='block_1_91' title="bbox 2143 4090 3743 4162">
    <p class='ocr_par' dir='ltr' id='par_1_91' title="bbox 2143 4090 3743 4162">
     <span class='ocr_line' id='line_1_91' title="bbox 2143 4090 3743 4162; baseline 0.006 -19"><span class='ocrx_word' id='word_1_709' title='bbox 2143 4097 2275 4160; x_wconf 90' lang='lat' dir='ltr'><strong>quot</strong></span> <span class='ocrx_word' id='word_1_710' title='bbox 2305 4098 2568 4144; x_wconf 89' lang='lat' dir='ltr'><strong>venerunt</strong></span> <span class='ocrx_word' id='word_1_711' title='bbox 2596 4090 2746 4146; x_wconf 85' lang='lat' dir='ltr'><strong>fures</strong></span> <span class='ocrx_word' id='word_1_712' title='bbox 2775 4101 2900 4147; x_wconf 91' lang='lat' dir='ltr'><strong>sunt</strong></span> <span class='ocrx_word' id='word_1_713' title='bbox 2932 4100 2986 4148; x_wconf 90' lang='lat' dir='ltr'><strong>et</strong></span> <span class='ocrx_word' id='word_1_714' title='bbox 3013 4093 3271 4162; x_wconf 88' lang='lat' dir='ltr'><strong>latrones,</strong></span> <span class='ocrx_word' id='word_1_715' title='bbox 3328 4095 3428 4151; x_wconf 89' lang='lat' dir='ltr'><strong>sed</strong></span> <span class='ocrx_word' id='word_1_716' title='bbox 3476 4112 3590 4152; x_wconf 87' lang='lat' dir='ltr'><strong>non</strong></span> <span class='ocrx_word' id='word_1_717' title='bbox 3644 4114 3743 4152; x_wconf 82' lang='lat' dir='ltr'><strong>au-</strong></span> 
     </span>
    </p>
   </div>
   <div class='ocr_carea' id='block_1_92' title="bbox 2141 4177 3744 4256">
    <p class='ocr_par' dir='ltr' id='par_1_92' title="bbox 2141 4177 3744 4256">
     <span class='ocr_line' id='line_1_92' title="bbox 2141 4177 3744 4256; baseline 0.006 -25"><span class='ocrx_word' id='word_1_718' title='bbox 2141 4177 2357 4232; x_wconf 88' lang='lat' dir='ltr'><strong>dierunt</strong></span> <span class='ocrx_word' id='word_1_719' title='bbox 2385 4193 2481 4234; x_wconf 92' lang='lat' dir='ltr'><strong>eos</strong></span> <span class='ocrx_word' id='word_1_720' title='bbox 2511 4194 2668 4235; x_wconf 89' lang='lat' dir='ltr'><strong>oves.</strong></span> <span class='ocrx_word' id='word_1_721' title='bbox 2709 4179 2812 4250; x_wconf 93' lang='lat' dir='ltr'><strong>Qui</strong></span> <span class='ocrx_word' id='word_1_722' title='bbox 2842 4191 3110 4238; x_wconf 87' lang='lat' dir='ltr'><strong>venerunt</strong></span> <span class='ocrx_word' id='word_1_723' title='bbox 3163 4199 3272 4239; x_wconf 92' lang='lat' dir='ltr'><strong>non</strong></span> <span class='ocrx_word' id='word_1_724' title='bbox 3312 4185 3404 4256; x_wconf 90' lang='lat' dir='ltr'><strong>qui</strong></span> <span class='ocrx_word' id='word_1_725' title='bbox 3432 4185 3591 4240; x_wconf 90' lang='lat' dir='ltr'><strong>missi</strong></span> <span class='ocrx_word' id='word_1_726' title='bbox 3620 4193 3744 4240; x_wconf 88' lang='lat' dir='ltr'><strong>sunt</strong></span> 
     </span>
    </p>
   </div>
   <div class='ocr_carea' id='block_1_93' title="bbox 2141 4264 3741 4346">
    <p class='ocr_par' dir='ltr' id='par_1_93' title="bbox 2141 4264 3741 4346">
     <span class='ocr_line' id='line_1_93' title="bbox 2141 4264 3741 4346; baseline 0.006 -26"><span class='ocrx_word' id='word_1_727' title='bbox 2141 4264 2379 4320; x_wconf 80' lang='lat' dir='ltr'><strong>fuerunt.</strong></span> <span class='ocrx_word' id='word_1_728' title='bbox 2415 4267 2569 4324; x_wconf 85' lang='lat' dir='ltr'><strong>Unde</strong></span> <span class='ocrx_word' id='word_1_729' title='bbox 2599 4268 2653 4322; x_wconf 87' lang='lat' dir='ltr'><strong>in</strong></span> <span class='ocrx_word' id='word_1_730' title='bbox 2684 4271 2950 4341; x_wconf 82' lang='lat' dir='ltr'><strong>prepheta</strong></span> <span class='ocrx_word' id='word_1_731' title='bbox 2987 4289 2999 4326; x_wconf 92' lang='lat'>:</span> <span class='ocrx_word' id='word_1_732' title='bbox 3040 4294 3062 4320; x_wconf 87' lang='lat'><strong>«</strong></span> <span class='ocrx_word' id='word_1_733' title='bbox 3098 4272 3402 4328; x_wconf 87' lang='lat' dir='ltr'><strong>Veniebant</strong></span> <span class='ocrx_word' id='word_1_734' title='bbox 3423 4281 3478 4328; x_wconf 88' lang='lat' dir='ltr'><strong>et</strong></span> <span class='ocrx_word' id='word_1_735' title='bbox 3502 4289 3615 4346; x_wconf 85' lang='lat' dir='ltr'><strong>ego</strong></span> <span class='ocrx_word' id='word_1_736' title='bbox 3635 4290 3741 4329; x_wconf 88' lang='lat' dir='ltr'><strong>non</strong></span> 
     </span>
    </p>
   </div>
   <div class='ocr_carea' id='block_1_94' title="bbox 2141 4364 3741 4444">
    <p class='ocr_par' dir='ltr' id='par_1_94' title="bbox 2141 4364 3741 4444">
     <span class='ocr_line' id='line_1_94' title="bbox 2141 4364 3741 4444; baseline 0.004 -24"><span class='ocrx_word' id='word_1_737' title='bbox 2141 4364 2414 4420; x_wconf 85' lang='lat' dir='ltr'><strong>mittebam</strong></span> <span class='ocrx_word' id='word_1_738' title='bbox 2439 4383 2533 4422; x_wconf 92' lang='lat' dir='ltr'><strong>eos</strong></span> <span class='ocrx_word' id='word_1_739' title='bbox 2565 4369 2699 4436; x_wconf 83' lang='lat' dir='ltr'><strong>(Jer.</strong></span> <span class='ocrx_word' id='word_1_740' title='bbox 2732 4368 2916 4439; x_wconf 72' lang='grc' dir='ltr'><strong>χχιιι).</strong></span> <span class='ocrx_word' id='word_1_741' title='bbox 2960 4393 2982 4418; x_wconf 76' lang='grc' dir='ltr'><strong>ιι</strong></span> <span class='ocrx_word' id='word_1_742' title='bbox 3013 4370 3070 4425; x_wconf 93' lang='lat' dir='ltr'><strong>In</strong></span> <span class='ocrx_word' id='word_1_743' title='bbox 3103 4371 3445 4427; x_wconf 87' lang='lat' dir='ltr'><strong>venientibus</strong></span> <span class='ocrx_word' id='word_1_744' title='bbox 3475 4389 3741 4444; x_wconf 64' lang='lat' dir='ltr'><strong>praesum-</strong></span> 
     </span>
    </p>
   </div>
   <div class='ocr_carea' id='block_1_95' title="bbox 2141 4453 3741 4534">
    <p class='ocr_par' dir='ltr' id='par_1_95' title="bbox 2141 4453 3741 4534">
     <span class='ocr_line' id='line_1_95' title="bbox 2141 4453 3741 4534; baseline 0.006 -26"><span class='ocrx_word' id='word_1_745' title='bbox 2141 4453 2254 4525; x_wconf 91' lang='lat' dir='ltr'><strong>ptio</strong></span> <span class='ocrx_word' id='word_1_746' title='bbox 2293 4456 2628 4522; x_wconf 88' lang='lat' dir='ltr'><strong>temeritatis,</strong></span> <span class='ocrx_word' id='word_1_747' title='bbox 2684 4457 2738 4511; x_wconf 92' lang='lat' dir='ltr'><strong>in</strong></span> <span class='ocrx_word' id='word_1_748' title='bbox 2813 4459 2993 4514; x_wconf 90' lang='lat' dir='ltr'><strong>missis</strong></span> <span class='ocrx_word' id='word_1_749' title='bbox 3065 4460 3388 4534; x_wconf 89' lang='lat' dir='ltr'><strong>obsequium</strong></span> <span class='ocrx_word' id='word_1_750' title='bbox 3463 4463 3741 4527; x_wconf 76' lang='lat' dir='ltr'><strong>servitutis</strong></span> 
     </span>
    </p>
   </div>
   <div class='ocr_carea' id='block_1_96' title="bbox 2142 4544 3742 4623">
    <p class='ocr_par' dir='ltr' id='par_1_96' title="bbox 2142 4544 3742 4623">
     <span class='ocr_line' id='line_1_96' title="bbox 2142 4544 3742 4623; baseline 0.004 -24"><span class='ocrx_word' id='word_1_751' title='bbox 2142 4551 2243 4599; x_wconf 88' lang='lat' dir='ltr'><strong>est.</strong></span> <span class='ocrx_word' id='word_1_752' title='bbox 2279 4544 2375 4600; x_wconf 88' lang='lat' dir='ltr'><strong>Vel</strong></span> <span class='ocrx_word' id='word_1_753' title='bbox 2417 4544 2539 4600; x_wconf 91' lang='lat' dir='ltr'><strong>ita:</strong></span> <span class='ocrx_word' id='word_1_754' title='bbox 2584 4544 2860 4618; x_wconf 86' lang='lat' dir='ltr'><strong>Quotquot</strong></span> <span class='ocrx_word' id='word_1_755' title='bbox 2901 4557 3186 4619; x_wconf 87' lang='lat' dir='ltr'><strong>venerunt,</strong></span> <span class='ocrx_word' id='word_1_756' title='bbox 3263 4549 3473 4607; x_wconf 86' lang='lat' dir='ltr'><strong>scilicet</strong></span> <span class='ocrx_word' id='word_1_757' title='bbox 3537 4560 3742 4623; x_wconf 76' lang='lat' dir='ltr'><strong>praeter</strong></span> 
     </span>
    </p>
   </div>
   <div class='ocr_carea' id='block_1_97' title="bbox 2146 4641 3739 4710">
    <p class='ocr_par' dir='ltr' id='par_1_97' title="bbox 2146 4641 3739 4710">
     <span class='ocr_line' id='line_1_97' title="bbox 2146 4641 3739 4710; baseline 0.004 -13"><span class='ocrx_word' id='word_1_758' title='bbox 2146 4657 2258 4710; x_wconf 89' lang='lat' dir='ltr'><strong>me,</strong></span> <span class='ocrx_word' id='word_1_759' title='bbox 2292 4641 2508 4698; x_wconf 85' lang='lat' dir='ltr'><strong>fuerunt</strong></span> <span class='ocrx_word' id='word_1_760' title='bbox 2536 4642 2794 4698; x_wconf 86' lang='lat' dir='ltr'><strong>latrones.</strong></span> <span class='ocrx_word' id='word_1_761' title='bbox 2839 4645 3124 4701; x_wconf 67' lang='lat' dir='ltr'><strong>Praecones</strong></span> <span class='ocrx_word' id='word_1_762' title='bbox 3148 4646 3398 4701; x_wconf 87' lang='lat' dir='ltr'><strong>veritatis</strong></span> <span class='ocrx_word' id='word_1_763' title='bbox 3427 4663 3540 4702; x_wconf 91' lang='lat' dir='ltr'><strong>non</strong></span> <span class='ocrx_word' id='word_1_764' title='bbox 3569 4664 3739 4703; x_wconf 87' lang='lat' dir='ltr'><strong>vene-</strong></span> 
     </span>
    </p>
   </div>
   <div class='ocr_carea' id='block_1_98' title="bbox 2148 4733 3743 4807">
    <p class='ocr_par' dir='ltr' id='par_1_98' title="bbox 2148 4733 3743 4807">
     <span class='ocr_line' id='line_1_98' title="bbox 2148 4733 3743 4807; baseline 0.004 -21"><span class='ocrx_word' id='word_1_765' title='bbox 2148 4739 2272 4786; x_wconf 85' lang='lat' dir='ltr'><strong>runt</strong></span> <span class='ocrx_word' id='word_1_766' title='bbox 2301 4741 2504 4802; x_wconf 65' lang='lat' dir='ltr'><strong>praeter</strong></span> <span class='ocrx_word' id='word_1_767' title='bbox 2535 4749 2680 4799; x_wconf 89' lang='lat' dir='ltr'><strong>eum,</strong></span> <span class='ocrx_word' id='word_1_768' title='bbox 2723 4733 2815 4805; x_wconf 91' lang='lat' dir='ltr'><strong>qui</strong></span> <span class='ocrx_word' id='word_1_769' title='bbox 2853 4741 2936 4788; x_wconf 89' lang='lat' dir='ltr'><strong>est</strong></span> <span class='ocrx_word' id='word_1_770' title='bbox 2976 4735 3193 4802; x_wconf 82' lang='lat' dir='ltr'><strong>veritas,</strong></span> <span class='ocrx_word' id='word_1_771' title='bbox 3226 4735 3352 4807; x_wconf 90' lang='lat' dir='ltr'><strong>quia</strong></span> <span class='ocrx_word' id='word_1_772' title='bbox 3381 4735 3462 4792; x_wconf 91' lang='lat' dir='ltr'><strong>sic</strong></span> <span class='ocrx_word' id='word_1_773' title='bbox 3492 4737 3743 4793; x_wconf 79' lang='lat' dir='ltr'><strong>credide-</strong></span> 
     </span>
    </p>
   </div>
   <div class='ocr_carea' id='block_1_99' title="bbox 2142 4819 3741 4893">
    <p class='ocr_par' dir='ltr' id='par_1_99' title="bbox 2142 4819 3741 4893">
     <span class='ocr_line' id='line_1_99' title="bbox 2142 4819 3741 4893; baseline 0.004 -20"><span class='ocrx_word' id='word_1_774' title='bbox 2142 4819 2207 4875; x_wconf 91' lang='lat' dir='ltr'><strong>rit</strong></span> <span class='ocrx_word' id='word_1_775' title='bbox 2238 4820 2293 4874; x_wconf 90' lang='lat' dir='ltr'><strong>in</strong></span> <span class='ocrx_word' id='word_1_776' title='bbox 2333 4836 2457 4875; x_wconf 89' lang='lat' dir='ltr'><strong>eum</strong></span> <span class='ocrx_word' id='word_1_777' title='bbox 2512 4831 2820 4888; x_wconf 86' lang='lat' dir='ltr'><strong>venturum,</strong></span> <span class='ocrx_word' id='word_1_778' title='bbox 2891 4823 3167 4893; x_wconf 91' lang='lat' dir='ltr'><strong>quomodo</strong></span> <span class='ocrx_word' id='word_1_779' title='bbox 3230 4839 3332 4879; x_wconf 89' lang='lat' dir='ltr'><strong>nos</strong></span> <span class='ocrx_word' id='word_1_780' title='bbox 3369 4825 3650 4880; x_wconf 87' lang='lat' dir='ltr'><strong>credimus</strong></span> <span class='ocrx_word' id='word_1_781' title='bbox 3687 4827 3741 4881; x_wconf 88' lang='lat' dir='ltr'><strong>in</strong></span> 
     </span>
    </p>
   </div>
   <div class='ocr_carea' id='block_1_100' title="bbox 2142 4908 3735 4982">
    <p class='ocr_par' dir='ltr' id='par_1_100' title="bbox 2142 4908 3735 4982">
     <span class='ocr_line' id='line_1_100' title="bbox 2142 4908 3735 4982; baseline 0.004 -18"><span class='ocrx_word' id='word_1_782' title='bbox 2142 4925 2271 4964; x_wconf 90' lang='lat' dir='ltr'><strong>eum</strong></span> <span class='ocrx_word' id='word_1_783' title='bbox 2303 4908 2395 4981; x_wconf 92' lang='lat' dir='ltr'><strong>qui</strong></span> <span class='ocrx_word' id='word_1_784' title='bbox 2426 4910 2598 4964; x_wconf 90' lang='lat' dir='ltr'><strong>venit.</strong></span> <span class='ocrx_word' id='word_1_785' title='bbox 2645 4911 2916 4982; x_wconf 86' lang='lat' dir='ltr'><strong>Tempora</strong></span> <span class='ocrx_word' id='word_1_786' title='bbox 2955 4911 3159 4966; x_wconf 87' lang='lat' dir='ltr'><strong>variata</strong></span> <span class='ocrx_word' id='word_1_787' title='bbox 3214 4921 3360 4980; x_wconf 90' lang='lat' dir='ltr'><strong>sunt,</strong></span> <span class='ocrx_word' id='word_1_788' title='bbox 3420 4929 3529 4969; x_wconf 92' lang='lat' dir='ltr'><strong>non</strong></span> <span class='ocrx_word' id='word_1_789' title='bbox 3571 4913 3735 4971; x_wconf 83' lang='lat' dir='ltr'><strong>tides.</strong></span> 
     </span>
    </p>
   </div>
   <div class='ocr_carea' id='block_1_101' title="bbox 2145 5007 3742 5077">
    <p class='ocr_par' dir='ltr' id='par_1_101' title="bbox 2145 5007 3742 5077">
     <span class='ocr_line' id='line_1_101' title="bbox 2145 5007 3742 5077; baseline 0.003 -15"><span class='ocrx_word' id='word_1_790' title='bbox 2145 5007 2294 5062; x_wconf 90' lang='lat' dir='ltr'><strong>Unus</strong></span> <span class='ocrx_word' id='word_1_791' title='bbox 2323 5021 2499 5061; x_wconf 86' lang='lat' dir='ltr'><strong>canon</strong></span> <span class='ocrx_word' id='word_1_792' title='bbox 2532 5007 2942 5077; x_wconf 88' lang='lat' dir='ltr'><strong>Scripturarum</strong></span> <span class='ocrx_word' id='word_1_793' title='bbox 2973 5016 3056 5063; x_wconf 90' lang='lat' dir='ltr'><strong>est</strong></span> <span class='ocrx_word' id='word_1_794' title='bbox 3084 5009 3266 5064; x_wconf 87' lang='lat' dir='ltr'><strong>omnia</strong></span> <span class='ocrx_word' id='word_1_795' title='bbox 3294 5025 3405 5066; x_wconf 94' lang='lat' dir='ltr'><strong>non</strong></span> <span class='ocrx_word' id='word_1_796' title='bbox 3444 5011 3516 5065; x_wconf 87' lang='lat' dir='ltr'><strong>ad</strong></span> <span class='ocrx_word' id='word_1_797' title='bbox 3571 5020 3742 5066; x_wconf 83' lang='lat' dir='ltr'><strong>totum</strong></span> 
     </span>
    </p>
   </div>
   <div class='ocr_carea' id='block_1_102' title="bbox 2145 5094 3744 5166">
    <p class='ocr_par' dir='ltr' id='par_1_102' title="bbox 2145 5094 3744 5166">
     <span class='ocr_line' id='line_1_102' title="bbox 2145 5094 3744 5166; baseline 0.004 -16"><span class='ocrx_word' id='word_1_798' title='bbox 2145 5094 2358 5161; x_wconf 73' lang='lat' dir='ltr'><strong>referri,</strong></span> <span class='ocrx_word' id='word_1_799' title='bbox 2392 5095 2488 5150; x_wconf 90' lang='lat' dir='ltr'><strong>sed</strong></span> <span class='ocrx_word' id='word_1_800' title='bbox 2520 5096 2588 5150; x_wconf 85' lang='lat' dir='ltr'><strong>ad</strong></span> <span class='ocrx_word' id='word_1_801' title='bbox 2615 5103 2831 5166; x_wconf 89' lang='lat' dir='ltr'><strong>partem</strong></span> <span class='ocrx_word' id='word_1_802' title='bbox 2863 5097 3176 5165; x_wconf 86' lang='lat' dir='ltr'><strong>maximam,</strong></span> <span class='ocrx_word' id='word_1_803' title='bbox 3208 5105 3265 5153; x_wconf 89' lang='lat' dir='ltr'><strong>ut</strong></span> <span class='ocrx_word' id='word_1_804' title='bbox 3319 5096 3391 5153; x_wconf 87' lang='lat' dir='ltr'><strong>ibi</strong></span> <span class='ocrx_word' id='word_1_805' title='bbox 3418 5115 3433 5154; x_wconf 90' lang='lat'><strong>:</strong></span> <span class='ocrx_word' id='word_1_806' title='bbox 3479 5122 3502 5146; x_wconf 79' lang='grc' dir='ltr'>ι</span> <span class='ocrx_word' id='word_1_807' title='bbox 3537 5098 3744 5156; x_wconf 85' lang='lat' dir='ltr'><strong>Omnes</strong></span> 
     </span>
    </p>
   </div>
   <div class='ocr_carea' id='block_1_103' title="bbox 2147 5184 3739 5262">
    <p class='ocr_par' dir='ltr' id='par_1_103' title="bbox 2147 5184 3739 5262">
     <span class='ocr_line' id='line_1_103' title="bbox 2147 5184 3739 5262; baseline 0.004 -24"><span class='ocrx_word' id='word_1_808' title='bbox 2147 5184 2582 5251; x_wconf 87' lang='lat' dir='ltr'><strong>declinaverunt,</strong></span> <span class='ocrx_word' id='word_1_809' title='bbox 2613 5184 2772 5239; x_wconf 81' lang='lat' dir='ltr'><strong>simul</strong></span> <span class='ocrx_word' id='word_1_810' title='bbox 2804 5184 3018 5241; x_wconf 89' lang='lat' dir='ltr'><strong>inutiles</strong></span> <span class='ocrx_word' id='word_1_811' title='bbox 3039 5186 3164 5242; x_wconf 82' lang='lat' dir='ltr'><strong>facti</strong></span> <span class='ocrx_word' id='word_1_812' title='bbox 3183 5196 3309 5242; x_wconf 89' lang='lat' dir='ltr'><strong>sunt</strong></span> <span class='ocrx_word' id='word_1_813' title='bbox 3330 5189 3508 5258; x_wconf 75' lang='lat' dir='ltr'><strong>(Psal.</strong></span> <span class='ocrx_word' id='word_1_814' title='bbox 3545 5189 3681 5262; x_wconf 77' lang='lat' dir='ltr'><strong>xui).</strong></span> <span class='ocrx_word' id='word_1_815' title='bbox 3718 5213 3739 5237; x_wconf 76' lang='grc' dir='ltr'><strong><em>ι</em></strong></span> 
     </span>
    </p>
   </div>
   <div class='ocr_carea' id='block_1_104' title="bbox 2151 5281 3744 5355">
    <p class='ocr_par' dir='ltr' id='par_1_104' title="bbox 2151 5281 3744 5355">
     <span class='ocr_line' id='line_1_104' title="bbox 2151 5281 3744 5355; baseline 0.003 -18"><span class='ocrx_word' id='word_1_816' title='bbox 2151 5282 2413 5338; x_wconf 88' lang='lat' dir='ltr'><strong>Similiter</strong></span> <span class='ocrx_word' id='word_1_817' title='bbox 2472 5282 2606 5337; x_wconf 90' lang='lat' dir='ltr'><strong>hic:</strong></span> <span class='ocrx_word' id='word_1_818' title='bbox 2653 5305 2674 5330; x_wconf 76' lang='grc' dir='ltr'>α</span> <span class='ocrx_word' id='word_1_819' title='bbox 2744 5281 2961 5338; x_wconf 89' lang='lat' dir='ltr'><strong>Omnes</strong></span> <span class='ocrx_word' id='word_1_820' title='bbox 3000 5284 3090 5355; x_wconf 89' lang='lat' dir='ltr'><strong>qui</strong></span> <span class='ocrx_word' id='word_1_821' title='bbox 3129 5293 3399 5340; x_wconf 88' lang='lat' dir='ltr'><strong>venerunt</strong></span> <span class='ocrx_word' id='word_1_822' title='bbox 3434 5296 3562 5342; x_wconf 89' lang='lat' dir='ltr'><strong>ante</strong></span> <span class='ocrx_word' id='word_1_823' title='bbox 3637 5303 3744 5352; x_wconf 88' lang='lat' dir='ltr'><strong>me,</strong></span> 
     </span>
    </p>
   </div>
   <div class='ocr_carea' id='block_1_105' title="bbox 2152 5367 3746 5431">
    <p class='ocr_par' dir='ltr' id='par_1_105' title="bbox 2152 5367 3746 5431">
     <span class='ocr_line' id='line_1_105' title="bbox 2152 5367 3746 5431; baseline 0.004 -8"><span class='ocrx_word' id='word_1_824' title='bbox 2152 5367 2366 5426; x_wconf 54' lang='lat' dir='ltr'><strong>fuerunt</strong></span> <span class='ocrx_word' id='word_1_825' title='bbox 2409 5370 2558 5424; x_wconf 80' lang='lat' dir='ltr'><strong>fures</strong></span> <span class='ocrx_word' id='word_1_826' title='bbox 2616 5379 2669 5426; x_wconf 92' lang='lat' dir='ltr'><strong>et</strong></span> <span class='ocrx_word' id='word_1_827' title='bbox 2706 5371 2967 5428; x_wconf 87' lang='lat' dir='ltr'><strong>latrones.</strong></span> <span class='ocrx_word' id='word_1_828' title='bbox 3017 5395 3039 5419; x_wconf 85' lang='lat'><strong>»</strong></span> <span class='ocrx_word' id='word_1_829' title='bbox 3080 5374 3144 5427; x_wconf 84' lang='lat' dir='ltr'><strong>Et</strong></span> <span class='ocrx_word' id='word_1_830' title='bbox 3184 5373 3380 5428; x_wconf 85' lang='lat' dir='ltr'><strong>Paulus</strong></span> <span class='ocrx_word' id='word_1_831' title='bbox 3440 5375 3511 5430; x_wconf 86' lang='lat' dir='ltr'><strong>ad</strong></span> <span class='ocrx_word' id='word_1_832' title='bbox 3551 5375 3746 5431; x_wconf 83' lang='lat' dir='ltr'><strong>Corin-</strong></span> 
     </span>
    </p>
   </div>
   <div class='ocr_carea' id='block_1_106' title="bbox 2154 5469 3751 5540">
    <p class='ocr_par' dir='ltr' id='par_1_106' title="bbox 2154 5469 3751 5540">
     <span class='ocr_line' id='line_1_106' title="bbox 2154 5469 3751 5540; baseline 0.003 -17"><span class='ocrx_word' id='word_1_833' title='bbox 2154 5469 2297 5523; x_wconf 89' lang='lat' dir='ltr'><strong>thios</strong></span> <span class='ocrx_word' id='word_1_834' title='bbox 2331 5483 2343 5522; x_wconf 89' lang='lat'>:</span> <span class='ocrx_word' id='word_1_835' title='bbox 2384 5493 2405 5516; x_wconf 74' lang='grc' dir='ltr'><strong>«ι</strong></span> <span class='ocrx_word' id='word_1_836' title='bbox 2442 5469 2733 5535; x_wconf 81' lang='lat' dir='ltr'><strong>Omnibus,</strong></span> <span class='ocrx_word' id='word_1_837' title='bbox 2799 5469 2994 5540; x_wconf 85' lang='lat' dir='ltr'><strong>inquit,</strong></span> <span class='ocrx_word' id='word_1_838' title='bbox 3036 5469 3218 5524; x_wconf 90' lang='lat' dir='ltr'><strong>omnia</strong></span> <span class='ocrx_word' id='word_1_839' title='bbox 3274 5470 3449 5527; x_wconf 79' lang='lat' dir='ltr'><strong>factus</strong></span> <span class='ocrx_word' id='word_1_840' title='bbox 3488 5489 3631 5537; x_wconf 89' lang='lat' dir='ltr'><strong>sum,</strong></span> <span class='ocrx_word' id='word_1_841' title='bbox 3693 5481 3751 5528; x_wconf 90' lang='lat' dir='ltr'><strong>ut</strong></span> 
     </span>
    </p>
   </div>
   <div class='ocr_carea' id='block_1_107' title="bbox 2159 5573 3755 5650">
    <p class='ocr_par' dir='ltr' id='par_1_107' title="bbox 2159 5573 3755 5650">
     <span class='ocr_line' id='line_1_107' title="bbox 2159 5573 3755 5650; baseline 0.002 -20"><span class='ocrx_word' id='word_1_842' title='bbox 2159 5589 2354 5630; x_wconf 84' lang='lat' dir='ltr'><strong>omnes</strong></span> <span class='ocrx_word' id='word_1_843' title='bbox 2399 5573 2779 5631; x_wconf 83' lang='lat' dir='ltr'><strong>lucrifacerem</strong></span> <span class='ocrx_word' id='word_1_844' title='bbox 2810 5575 2857 5645; x_wconf 87' lang='lat' dir='ltr'><strong>(I</strong></span> <span class='ocrx_word' id='word_1_845' title='bbox 2891 5577 3017 5633; x_wconf 86' lang='lat' dir='ltr'><strong>Cor.</strong></span> <span class='ocrx_word' id='word_1_846' title='bbox 3046 5576 3145 5646; x_wconf 80' lang='lat' dir='ltr'><strong>rx).</strong></span> <span class='ocrx_word' id='word_1_847' title='bbox 3183 5598 3206 5626; x_wconf 74' lang='grc' dir='ltr'>ι</span> <span class='ocrx_word' id='word_1_848' title='bbox 3241 5576 3307 5631; x_wconf 78' lang='lat' dir='ltr'><strong>Et</strong></span> <span class='ocrx_word' id='word_1_849' title='bbox 3339 5578 3408 5632; x_wconf 84' lang='lat' dir='ltr'><strong>ad</strong></span> <span class='ocrx_word' id='word_1_850' title='bbox 3441 5578 3755 5650; x_wconf 84' lang='lat' dir='ltr'><strong>Philippen-</strong></span> 
     </span>
    </p>
   </div>
   <div class='ocr_carea' id='block_1_108' title="bbox 2163 5669 3757 5745">
    <p class='ocr_par' dir='ltr' id='par_1_108' title="bbox 2163 5669 3757 5745">
     <span class='ocr_line' id='line_1_108' title="bbox 2163 5669 3757 5745; baseline 0.003 -18"><span class='ocrx_word' id='word_1_851' title='bbox 2163 5682 2252 5727; x_wconf 69' lang='grc' dir='ltr'><strong>ιρι</strong></span> <span class='ocrx_word' id='word_1_852' title='bbox 2282 5684 2295 5726; x_wconf 86' lang='lat'><strong>:</strong></span> <span class='ocrx_word' id='word_1_853' title='bbox 2327 5690 2350 5719; x_wconf 74' lang='grc' dir='ltr'>ι</span> <span class='ocrx_word' id='word_1_854' title='bbox 2385 5669 2592 5728; x_wconf 71' lang='lat' dir='ltr'><strong>Omnes</strong></span> <span class='ocrx_word' id='word_1_855' title='bbox 2619 5671 2766 5729; x_wconf 87' lang='lat' dir='ltr'><strong>enim</strong></span> <span class='ocrx_word' id='word_1_856' title='bbox 2789 5687 2910 5745; x_wconf 74' lang='lat' dir='ltr'><strong>qua:</strong></span> <span class='ocrx_word' id='word_1_857' title='bbox 2940 5686 3042 5728; x_wconf 79' lang='lat' dir='ltr'><strong>sua</strong></span> <span class='ocrx_word' id='word_1_858' title='bbox 3063 5679 3191 5727; x_wconf 83' lang='lat' dir='ltr'><strong>sunt</strong></span> <span class='ocrx_word' id='word_1_859' title='bbox 3215 5680 3486 5745; x_wconf 78' lang='lat' dir='ltr'><strong>quaerunt,</strong></span> <span class='ocrx_word' id='word_1_860' title='bbox 3548 5688 3663 5731; x_wconf 87' lang='lat' dir='ltr'><strong>non</strong></span> <span class='ocrx_word' id='word_1_861' title='bbox 3691 5689 3757 5731; x_wconf 73' lang='lat' dir='ltr'><strong>ea</strong></span> 
     </span>
    </p>
   </div>
   <div class='ocr_carea' id='block_1_109' title="bbox 2165 5753 3757 5837">
    <p class='ocr_par' dir='ltr' id='par_1_109' title="bbox 2165 5753 3757 5837">
     <span class='ocr_line' id='line_1_109' title="bbox 2165 5753 3757 5837; baseline 0.004 -24"><span class='ocrx_word' id='word_1_862' title='bbox 2165 5774 2287 5833; x_wconf 70' lang='lat' dir='ltr'><strong>qua:</strong></span> <span class='ocrx_word' id='word_1_863' title='bbox 2316 5765 2438 5816; x_wconf 72' lang='lat' dir='ltr'><strong>sunt</strong></span> <span class='ocrx_word' id='word_1_864' title='bbox 2463 5755 2661 5817; x_wconf 82' lang='lat' dir='ltr'><strong>Christi</strong></span> <span class='ocrx_word' id='word_1_865' title='bbox 2688 5756 2815 5818; x_wconf 76' lang='lat' dir='ltr'><strong>Jetu</strong></span> <span class='ocrx_word' id='word_1_866' title='bbox 2849 5753 2868 5832; x_wconf 88' lang='lat'>(</span> <span class='ocrx_word' id='word_1_867' title='bbox 2900 5757 3146 5837; x_wconf 77' lang='lat' dir='ltr'><strong>Philipp.</strong></span> <span class='ocrx_word' id='word_1_868' title='bbox 3173 5759 3252 5826; x_wconf 81' lang='grc' dir='ltr'><strong>ιι).</strong></span> <span class='ocrx_word' id='word_1_869' title='bbox 3289 5781 3312 5814; x_wconf 82' lang='grc' dir='ltr'>ιι</span> <span class='ocrx_word' id='word_1_870' title='bbox 3372 5760 3454 5820; x_wconf 79' lang='grc' dir='ltr'><strong>ιιι</strong></span> <span class='ocrx_word' id='word_1_871' title='bbox 3486 5768 3573 5821; x_wconf 70' lang='grc' dir='ltr'><strong>εει</strong></span> <span class='ocrx_word' id='word_1_872' title='bbox 3627 5761 3757 5820; x_wconf 81' lang='lat' dir='ltr'><strong>illud</strong></span> 
     </span>
    </p>
   </div>
  </div>
