4042 6080
297 261 403 313 993

293 380 467 436 Patris
496 379 568 436 ad
630 378 823 436 Filium

295 479 412 547 xv).
466 499 489 525 η
551 478 846 534 Sciendum
907 486 991 532 est
1046 477 1170 550 quia
1218 493 1326 534 non
1392 493 1585 534 omnes
1642 477 1734 548 qui
1789 493 1892 535 au-

297 567 518 622 dierunt
560 581 756 622 vocem
801 566 1038 637 pastoris
1090 582 1222 623 oves
1283 566 1524 633 fuerunt,
1587 577 1644 622 ut
1689 569 1884 623 ludas.

296 655 409 712 Sub
437 656 600 711 ovina
629 655 770 727 pelle
795 656 1022 711 audiens
1048 664 1344 727 pastorem,
1372 655 1532 727 lupus
1553 663 1666 712 erat
1689 657 1894 729 pastori

295 744 583 800 insidians.
610 743 791 817 Aliqui
815 760 1001 800 eorum
1045 745 1137 817 qui
1174 744 1446 801 Christum
1488 744 1890 812 cruciﬁxerunt,

294 855 405 899 non
435 842 757 909 audiebant,
789 851 842 898 et
868 858 1002 898 oves
1029 850 1206 898 erant.
1256 843 1336 898 De
1387 843 1586 914 quibus
1634 844 1895 900 Dominus

293 933 425 988 ait:
483 955 504 981 τι
572 932 708 988 Cum
766 931 1145 987 exaltaveritis
1201 932 1394 987 Filium
1450 931 1709 999 hominis,
1768 941 1895 989 tunc

293 1023 646 1095 ceguoscetis
675 1021 811 1094 quia
840 1036 947 1093 ego
976 1037 1099 1076 sum
1133 1022 1318 1090 (Joan.
1342 1021 1485 1092 νιιι).
1514 1044 1535 1070 »
1561 1021 1675 1078 Hoc
1696 1020 1895 1092 aliquis

291 1109 366 1166 ita
396 1111 557 1166 solvit
591 1129 603 1166 :
641 1133 663 1159 σι
700 1109 930 1179 Quando
973 1125 1082 1165 non
1133 1109 1457 1178 audiebant,
1505 1110 1691 1166 adhuc
1741 1118 1896 1166 erant

291 1207 456 1275 lupi;
516 1207 616 1263 sed
671 1208 894 1280 quando
953 1206 1081 1264 facti
1141 1215 1268 1262 Sunt
1321 1222 1476 1275 oves,
1557 1207 1882 1263 audierunt.

291 1298 596 1370 Utcumque
624 1305 805 1368 potest
833 1296 960 1364 dici,
991 1296 1090 1352 sed
1121 1313 1216 1367 per
1242 1296 1586 1352 Ezechielem
1631 1297 1895 1352 Dominus

291 1386 642 1459 objurganda
658 1397 914 1458 pastores
939 1385 1066 1441 dicit
1087 1386 1156 1442 de
1180 1386 1466 1440 omnibus:
1497 1409 1518 1433 α
1538 1387 1604 1440 Et
1622 1394 1894 1443 errantem

293 1490 403 1530 non
426 1474 967 1548 revocastis(Ez.cch.
1000 1475 1184 1544 xxxrv)
1241 1494 1264 1524 ι
1319 1475 1609 1530 Errantem
1663 1475 1796 1532 dicit
1841 1483 1893 1531 et

291 1587 454 1628 ovem
514 1571 778 1643 appellat.
856 1571 913 1627 Si
979 1571 1200 1626 errabat
1263 1572 1481 1644 quando
1545 1570 1666 1627 ovis
1731 1579 1888 1642 erat,

290 1659 484 1733 procul
522 1660 688 1716 dubio
739 1675 850 1716 non
904 1661 1162 1730 pastoris,
1225 1661 1323 1716 sed
1377 1659 1512 1714 furis
1563 1668 1619 1716 et
1665 1659 1893 1716 latronis

1247 254 1834 312 DEFLORATIONES
1873 255 1972 312 SS.
2011 253 2319 314 PATRUM.
2358 289 2428 299 --
2466 258 2591 313 LIB.
2633 261 2675 313 Ι.

3492 265 3594 318 994
3635 315 3640 320 .

881 397 894 437 :
933 403 954 429 «ι
992 378 1188 436 Omnia
1240 395 1364 435 mea
1416 390 1510 435 tua
1563 389 1690 436 sunt
1746 383 1881 449 (Luc
1909 384 1965 445 A
1994 383 2135 438 Nam
2166 383 2256 456 qui
2289 383 2714 454 prmdestinatus
2756 391 2841 439 est
2889 390 2939 441 et
2977 384 3264 456 prmseitus
3298 386 3366 442 ad
3409 388 3589 457 vitam,

1999 479 2127 536 licet
2155 480 2226 536 ad
2252 488 2466 552 tempus
2494 485 2660 548 erret,
2693 480 2908 536 tandem
2939 481 3074 537 redit
3104 491 3156 538 et
3181 492 3518 554 perseverat.

2077 591 2100 617 α
2134 569 2256 641 Ego
2277 586 2396 625 sum
2420 569 2615 626 ostium
2646 587 2659 635 ;
2685 586 2780 641 per
2801 586 2886 625 me
2907 569 2953 624 si
2976 570 3097 642 quis
3123 571 3387 627 introierit
3415 574 3595 630 salva-

2004 656 2166 725 bitur,
2199 666 2251 713 et
2279 659 2636 731 ingredietur,
2670 667 2724 715 et
2754 659 3084 731 egredietur,
3117 669 3170 716 et
3200 677 3404 733 pascua
3436 663 3584 720 iuve-

2002 745 2131 804 niet.
2172 769 2194 795 ι
2231 748 2458 803 Exercet
2487 748 2755 816 obscuris,
2793 748 2966 820 pascit
3008 750 3306 806 manifestis
3337 752 3597 823 Magister

2001 843 2264 900 veritatis.
2284 843 2522 914 Quilibet
2555 861 2660 900 non
2695 844 2872 915 ﬁctus,
2915 862 3015 917 per
3047 847 3348 903 claritatem
3371 849 3597 920 sapien-

2003 933 2091 988 tia:
2119 932 2218 988 Dei
2261 933 2473 988 intrans
2528 934 2851 990 catholicam
2907 935 3229 1006 Ecclesiam,
3293 938 3598 994 salvabitur

2001 1022 2422 1093 perseverando,
2455 1029 2512 1078 et
2543 1024 2700 1078 etiam
2745 1023 2896 1094 prius
2937 1033 3054 1080 erat
3096 1025 3151 1079 in
3197 1025 3328 1082 ovili
3374 1027 3594 1097 praede-

2003 1110 2301 1167 stiuatione
2329 1111 2532 1166 divina.
2566 1111 2908 1183 Ingredielur
2937 1113 3082 1168 intus
3123 1113 3264 1170 bene
3305 1116 3597 1188 cogitando

2003 1215 2246 1264 sanctum
2280 1208 2597 1279 Apostolum
2626 1208 2895 1265 dicentem
2920 1209 3160 1266 habitare
3191 1211 3467 1267 Christum
3497 1228 3598 1284 per

2002 1295 2164 1352 ﬁdem
2196 1297 2250 1352 in
2279 1297 2538 1353 cordibus
2567 1298 2764 1352 nostris
2808 1298 3035 1367 (Ep/tes.
3087 1303 3191 1369 ιιι).
3250 1301 3593 1374 Egredietur,

2003 1395 2157 1442 extra
2173 1387 2448 1457 operando
2471 1387 2772 1442 secundum
2800 1387 3140 1443 Psalmistam
3163 1406 3177 1445 :
3209 1411 3230 1436 α
3247 1389 3407 1444 Exiet
3428 1392 3596 1448 homo

2003 1475 2072 1530 ad
2103 1491 2241 1546 opus
2261 1491 2419 1531 suum
2449 1476 2624 1546 (Psal.
2657 1477 2792 1540 ctu).
2820 1502 2842 1525 ιο
2872 1475 3045 1532 Aliter
3071 1495 3084 1530 :
3120 1478 3464 1549 lngredietur
3483 1495 3596 1536 cre-

2002 1572 2208 1638 dendo,
2261 1573 2536 1644 Operando
2594 1573 2908 1644 egredietur
2961 1575 3030 1630 ad
3094 1591 3338 1646 pugnam
3405 1586 3597 1632 contra

2002 1661 2305 1718 haereticos.
2330 1661 2576 1733 Amplius
2610 1679 2623 1716 :
2673 1663 3016 1735 lngredietur
3060 1663 3366 1719 Ecclesium
3409 1672 3468 1720 ut
3508 1664 3597 1722 hic

293 1765 482 1805 vocem
501 1749 776 1804 audiebat.
799 1749 908 1805 Sed
941 1749 1204 1805 Dominus
1224 1749 1334 1804 ait:
1365 1772 1386 1797 α
1417 1747 1696 1820 Quotquot
1718 1765 1885 1805 vene-
1920 1737 1974 1797 Β
2005 1766 2103 1820 per
2115 1748 2274 1805 ﬁdem
2307 1750 2470 1817 vivat,
2495 1749 2622 1822 quia
2644 1773 2666 1797 α
2686 1750 2866 1819 justus
2887 1767 2951 1805 ex
2974 1750 3080 1806 ﬁde
3100 1752 3228 1805 vivit
3249 1754 3431 1820 (llebr.
3458 1753 3536 1822 x).
3567 1776 3588 1802 η

291 1846 425 1894 runt
455 1847 652 1910 praeter
699 1855 788 1894 me
837 1837 988 1894 fures
1035 1846 1162 1894 sunt
1222 1845 1278 1894 et
1324 1837 1590 1906 latrones,
1639 1838 1738 1895 sed
1783 1854 1892 1896 non

293 1939 588 1995 audierunt
607 1953 703 1994 eos
723 1953 880 1994 oves.
911 1961 934 1986 υ
961 1939 1109 2011 Ergo
1146 1937 1450 1992 secundum
1490 1937 1892 2008 praescientiam

293 2030 398 2084 Dei
429 2029 661 2084 videntis
689 2029 780 2100 qui
813 2033 940 2082 sunt
967 2026 1106 2095 ejus,
1156 2026 1340 2081 multm
1388 2042 1520 2082 oves
1563 2035 1690 2082 sunt
1734 2026 1889 2095 foris,

293 2126 346 2173 et
386 2117 544 2172 multi
603 2116 714 2188 lupi
770 2119 943 2172 intus.
1012 2115 1164 2170 Multi
1220 2131 1458 2188 namque
1514 2115 1892 2187 blaspltemant

294 2207 592 2273 Christum,
626 2205 885 2263 credituri
915 2204 971 2259 in
1017 2221 1162 2272 eum,
1211 2204 1306 2276 qui
1353 2211 1481 2260 sunt
1527 2220 1662 2260 oves
1707 2204 1887 2276 foris;

299 2306 396 2360 sed
427 2305 608 2361 adhuc
649 2303 886 2360 alienam
932 2318 1124 2360 vocem
1178 2310 1499 2376 sequuntur.
1546 2303 1678 2360 Item
1735 2302 1891 2358 multi

293 2394 448 2450 intus
505 2393 729 2449 laudant
775 2391 1228 2464 blasphematuri,
1281 2393 1377 2446 sed
1421 2400 1600 2448 tamen
1649 2392 1890 2465 quandiu

299 2491 450 2540 recte
479 2483 716 2554 sapiunt,
744 2498 932 2538 vocem
964 2480 1162 2538 Christi
1191 2480 1437 2536 audiunt.
1469 2480 1579 2536 Sed
1608 2489 1692 2536 est
1733 2497 1889 2553 qua:-

295 2571 428 2628 dam
459 2573 737 2644 praecipua
766 2586 867 2628 vox
894 2571 1148 2642 pastoris,
1198 2570 1254 2624 in
1303 2585 1410 2642 qua
1452 2585 1583 2625 oves
1627 2585 1736 2626 non
1782 2585 1889 2626 au-

295 2670 452 2725 diunt
480 2669 710 2734 alienos,
755 2675 808 2724 et
863 2669 917 2722 in
975 2682 1083 2738 qua
1139 2683 1250 2723 non
1305 2683 1442 2722 oves
1497 2683 1606 2723 non
1658 2667 1891 2722 audiunt

295 2759 586 2814 Christum.
621 2757 755 2826 Quae
783 2763 865 2811 est
893 2756 984 2812 illa
1014 2772 1116 2812 vox
1149 2757 1177 2809 ?
1223 2775 1246 2808 ι
1299 2754 1404 2825 Qui
1456 2757 1890 2827 perseveraverit

295 2863 468 2919 usque
495 2846 549 2901 in
579 2845 765 2912 ﬁnem,
797 2845 884 2901 hic
912 2844 1101 2901 salvus
1133 2844 1237 2900 erit
1265 2845 1489 2916 (Matth.
1523 2846 1599 2915 x).
1655 2868 1676 2894 η
1731 2845 1891 2903 Hanc

295 2952 491 2995 vocem
518 2951 630 2994 non
677 2934 906 3008 negligit
949 2935 1232 3008 proprius,
1284 2949 1395 2992 non
1438 2935 1588 2991 audit
1639 2934 1877 2993 alienus.

2003 1840 2072 1894 Et
2100 1839 2413 1911 egredietur
2442 1839 2603 1894 etiam
2635 1855 2735 1910 per
2762 1840 2961 1894 ostium
2994 1839 3120 1896 ﬁdei
3150 1841 3348 1896 Christi
3378 1843 3444 1898 de
3495 1843 3596 1900 hac

2001 1937 2135 1999 vita,
2163 1936 2300 1992 utin
2333 1944 2599 1992 aeternum
2655 1935 2827 1991 vivat.
2894 1936 2996 1994 Ubi
3055 1939 3202 1992 enim
3258 1939 3591 2011 subjungit:

2003 2046 2026 2077 α
2064 2027 2180 2098 Ego
2214 2025 2358 2092 veni,
2391 2033 2446 2080 ut
2475 2025 2640 2081 vitam
2673 2024 2924 2092 habeant,
2980 2049 3002 2075 ι
3030 2027 3240 2082 videtur
3278 2027 3484 2094 dicere,
3539 2037 3596 2084 ut

1999 2115 2166 2171 vitam
2198 2115 2434 2170 habeant
2462 2113 2864 2186 ingredientes,
2899 2123 2953 2170 et
2980 2115 3342 2171 abundantius
3365 2117 3594 2173 habeant

1998 2204 2374 2276 egredientes.
2414 2204 2601 2275 Itaque
2657 2218 2859 2274 pascua
2905 2203 3152 2277 intellige
3198 2205 3398 2278 gaudia
3444 2222 3595 2262 sem-

1997 2303 2215 2375 piterna
2244 2302 2508 2374 paradisi,
2540 2311 2872 2374 prmsentem
2903 2303 3003 2359 Dei
3041 2303 3272 2371 vultum,
3321 2303 3413 2376 qui
3458 2304 3594 2362 dum

1999 2393 2118 2448 sine
2148 2391 2366 2449 delectu
2397 2390 2756 2463 conspicitur,
2795 2391 2914 2448 sine
2957 2392 3064 2449 ﬁne
3101 2409 3257 2450 mens
3302 2394 3425 2450 vitae
3471 2395 3594 2452 cibo

2001 2481 2256 2538 satiatur.

2073 2601 2096 2627 ιι
2132 2578 2237 2633 Fur
2265 2593 2373 2633 non
2403 2579 2571 2647 venit,
2604 2579 2707 2635 nisi
2739 2588 2795 2636 ut
2825 2579 3051 2647 furetur,
3086 2587 3139 2636 et
3161 2587 3377 2646 mactet,
3404 2587 3452 2636 et
3471 2595 3592 2652 per-

1997 2665 2114 2722 dat.
2153 2668 2273 2739 Ego
2304 2669 2429 2723 veni
2475 2677 2532 2724 ut
2582 2670 2747 2724 vitam
2801 2669 3058 2735 habeant,
3119 2677 3172 2725 et
3226 2669 3592 2725 abundantius

1994 2756 2258 2811 habeant.
2301 2779 2323 2804 η
2359 2757 2466 2812 Fur
2503 2757 2650 2814 venit
2688 2765 2746 2812 ut
2785 2757 3005 2822 furetur,
3046 2757 3280 2813 alienam
3321 2774 3431 2813 rem
3485 2756 3592 2813 sibi

1996 2844 2310 2916 usurpando
2342 2862 2356 2908 ;
2391 2853 2609 2912 mactet,
2642 2861 2676 2901 a
2719 2845 2824 2902 ﬁde
2873 2846 3205 2903 retrahendo
3238 2860 3252 2918 ;
3295 2845 3492 2918 perdat
3535 2845 3590 2901 in

1995 2942 2251 2990 aeternam
2282 2933 2706 2992 damnationem.

777 3177 1410 3332 DOMINICA'
1453 3223 1581 3329 IN
1640 3222 2160 3329 OCTAVA
2230 3222 3136 3334 PENTECOSTES

1556 3443 1954 3512 Secundum
1993 3443 2336 3510 Joannem

380 3661 401 3685 α
437 3635 569 3691 Erat
596 3634 769 3692 homo
799 3649 872 3691 ex
919 3633 1231 3702 Pliarismis,
1280 3632 1615 3691 Nicodemus
1651 3630 1890 3702 nomine,
1927 3637 1976 3702 C.
2007 3631 2230 3704 notavit,
2262 3632 2330 3689 de
2360 3631 2603 3690 secunda
2631 3632 2917 3690 nativitate
2967 3647 3032 3690 ac
3087 3632 3158 3691 de
3205 3633 3419 3692 cateris
3465 3633 3596 3693 ﬁdei

300 3729 563 3799 princeps
591 3725 938 3782 Iudaeorum.
977 3724 1076 3782 Hic
1105 3725 1257 3780 venit
1286 3724 1356 3780 ad
1384 3725 1569 3780 Jesum
1614 3732 1796 3789 nocte,
1845 3730 1898 3778 et

302 3815 438 3871 dixit
467 3817 516 3872 ei
549 3833 564 3870 :
597 3815 792 3882 Rabbi,
819 3815 1021 3870 scimus
1065 3813 1190 3887 quia
1236 3829 1269 3869 a
1319 3814 1437 3869 Deo
1485 3813 1678 3871 venisti
1726 3811 1898 3886 magi-

305 3920 440 3968 ster.
461 3911 636 3968 Nemo
651 3911 793 3966 enim
816 3917 990 3982 potest
1013 3910 1130 3966 haec
1149 3910 1308 3982 signa
1331 3909 1508 3966 facere
1529 3926 1650 3981 quae
1666 3917 1723 3964 tu
1744 3909 1896 3976 facis,

305 4000 412 4058 nisi
441 4000 599 4056 fuerit
629 3999 778 4056 Deus
805 4017 928 4056 cum
975 4015 1042 4056 eo
1100 4001 1284 4070 (Joan.
1343 3999 1450 4069 ιιι.)
1484 4019 1508 4050 ι
1567 3998 1900 4054 Nicodemus

305 4089 456 4148 venit
493 4089 563 4145 ad
600 4091 784 4146 Iesum
822 4097 1001 4156 nocte,
1051 4088 1138 4145 vel
1199 4087 1324 4161 quia
1374 4087 1565 4144 metuit
1620 4087 1901 4144 offendere

307 4186 588 4260 populum,
623 4203 747 4243 eum
779 4193 927 4242 esset
955 4202 1094 4241 unus
1121 4185 1189 4241 de
1218 4183 1558 4256 principibus
1590 4198 1606 4254 ;
1639 4183 1730 4240 vel
1778 4183 1902 4256 quia

307 4277 572 4350 magister
607 4283 726 4332 erat
777 4275 833 4330 in
898 4273 1092 4342 Israel,
1145 4274 1327 4345 palam
1390 4273 1600 4328 discere
1666 4273 1902 4329 erubuit.

307 4365 429 4423 Nox
458 4366 638 4438 itaque
667 4364 938 4437 signiﬁcat
966 4363 1202 4418 litteram
1234 4360 1396 4434 legis,
1428 4361 1513 4417 vel
1535 4361 1904 4434 ignorantiam

309 4462 510 4532 cordis,
543 4461 630 4518 vel
657 4461 930 4517 timorem.
960 4460 1302 4516 Nicodemus
1322 4475 1475 4527 vero,
1509 4475 1651 4514 unus
1700 4476 1771 4515 ex
1821 4457 1906 4514 his

311 4552 404 4624 qui
434 4568 533 4624 per
560 4551 720 4624 signa
748 4549 1116 4616 crediderant,
1143 4548 1314 4619 ﬁgura
1358 4556 1442 4604 est
1479 4549 1906 4604 catechumeno-

313 4657 464 4697 rum.
493 4640 633 4696 Nam
652 4639 779 4696 licet
799 4638 1047 4706 credant,
1071 4638 1308 4710 quadam
1330 4645 1511 4693 tamen
1532 4647 1692 4694 nocte
1714 4653 1906 4693 sacra-

314 4747 624 4795 mentorum
654 4735 726 4793 ad
757 4736 1082 4807 baptismum
1112 4735 1466 4807 perveniunt,
1511 4735 1605 4790 ubi
1653 4735 1724 4791 de
1760 4735 1907 4792 invio

313 4827 662 4885 tenebrarum
693 4825 760 4880 ad
790 4824 935 4882 viam
964 4823 1203 4882 coaleslis
1233 4823 1454 4880 luminis
1500 4824 1676 4880 renati
1720 4831 1908 4880 trans-

316 4923 471 4974 eunt.
509 4915 566 4971 Si
597 4914 741 4971 enim
771 4922 975 4970 tantum
1004 4912 1167 4970 valuit
1215 4911 1553 4985 baptismatis
1605 4911 1796 4984 ﬁgura,
1847 4917 1911 4969 ut

2008 3722 2286 3795 mysteriis
2316 3722 2532 3794 plenius
2557 3723 2746 3780 doceri
2775 3723 2994 3779 meruit.

2086 3872 2110 3896 «ε
2146 3847 2290 3905 Dicit
2309 3847 2378 3904 ad
2401 3865 2525 3904 eum
2545 3848 2880 3906 Nicodemus
2902 3866 2917 3904 :
2937 3848 3226 3919 Quomodo
3247 3857 3425 3922 potest
3445 3849 3600 3909 nasci

2009 3937 2193 4008 homo,
2227 3953 2352 3995 cum
2382 3939 2451 3994 sit
2482 3954 2651 3994 senex
2679 3941 2706 3994 ‘2
2736 3938 2998 4011 Nunquid
3034 3946 3214 4010 potest
3259 3939 3316 3994 in
3362 3949 3602 3996 ventrem

2010 4028 2198 4082 matris
2237 4043 2352 4084 sua:
2389 4027 2584 4085 iterum
2624 4027 2868 4090 introire.
2911 4031 2969 4083 et
3024 4028 3174 4084 nasci
3217 4029 3247 4082 ‘2
3298 4051 3320 4076 ιι
3378 4029 3607 4099 Spiritus

2012 4125 2061 4180 ei
2091 4124 2336 4195 loquitur
2365 4134 2419 4180 et
2446 4125 2563 4196 ipse
2594 4139 2814 4181 carnem
2845 4124 2986 4195 sapit
3017 4141 3192 4192 suam,
3223 4139 3334 4180 non
3377 4125 3604 4194 Christi,

2014 4213 2154 4270 sicut
2180 4213 2256 4268 illi
2288 4212 2379 4286 qui
2422 4221 2749 4285 putaverunt
2788 4213 3082 4270 Dominum
3129 4229 3292 4285 posse
3350 4229 3609 4286 coquere,

2015 4309 2070 4358 et
2134 4302 2468 4358 manducare
2523 4301 2831 4370 concisum,
2897 4301 3032 4358 sicut
3093 4318 3316 4374 agnum,
3393 4303 3611 4376 quando

2016 4397 2280 4454 Dominus
2316 4397 2453 4454 dixit
2485 4416 2498 4454 :
2536 4421 2557 4447 ιι
2594 4398 2712 4454 Nisi
2761 4399 2882 4471 quis
2927 4399 3339 4456 manducaverit
3385 4415 3611 4457 carnem

2016 4503 2194 4542 meam
2225 4495 2280 4542 et
2325 4487 2522 4544 biberit
2577 4488 2904 4562 sanguinem
2960 4505 3164 4556 meum,
3223 4505 3332 4545 nou
3388 4489 3611 4545 habebit

2016 4576 2188 4633 vitam
2220 4575 2273 4631 in
2307 4593 2367 4633 se
2396 4579 2579 4648 (Joan.
2613 4579 2710 4649 vr),
2747 4599 2770 4628 ι
2805 4585 2859 4634 et
2907 4579 3084 4632 statim
3133 4578 3456 4635 recedentes
3503 4595 3612 4635 non

2018 4673 2252 4745 amplius
2283 4682 2406 4730 sunt
2436 4691 2560 4732 eum
2589 4674 2792 4730 secuti.
2837 4675 3104 4730 Dominus
3135 4683 3321 4732 autem
3368 4677 3472 4732 hoc
3518 4693 3615 4732 re-

2018 4762 2372 4818 manentibus
2400 4762 2672 4835 exposuit,
2703 4762 2931 4820 dicens:
2966 4764 3203 4835 Spiritus
3260 4771 3345 4821 est
3398 4773 3450 4820 et
3505 4764 3614 4820 vita

2021 4850 2170 4924 quod
2199 4851 2330 4907 dixi.
2358 4853 2497 4908 Nam
2529 4850 2748 4923 spiritus
2780 4851 3038 4921 viviﬁcat,
3068 4867 3200 4910 caro
3251 4860 3431 4908 autem
3480 4851 3615 4907 nihil

2020 4948 2246 5018 prodest
2277 4949 2486 5019 (ibid.),
2527 4971 2549 4997 ιο
2602 4965 2672 5004 ne
2719 4949 3014 5005 carnaliter
3054 4948 3421 5021 intelligerent
3467 4949 3617 5021 quod

314 5029 416 5088 Per
437 5013 686 5109 ,Μογεεηι
716 5011 975 5086 baiuli“li
1005 5012 1060 5067 in
1088 5010 1232 5066 ηυδε
1261 5018 1314 5066 εί
1343 5009 1398 5109 if‘
1430 5009 1572 5109 η’ξίνί
1593 5011 1662 5066 ad
1703 5026 1909 5109 ἷηξίξπω
1936 5008 1990 5070 D
2020 5008 2250 5094 dixerat.
2278 5008 2363 5092 Ita
2402 5008 2740 5094 Nicodemus
2790 5037 3034 5093 nondum
3083 5008 3313 5094 noverat
3354 5008 3615 5109 pare-etes

314 5103 765 5176 perducerentur,
798 5117 979 5157 nonne
999 5116 1099 5172 per
1120 5116 1311 5156 verum
1353 5098 1624 5171 baptisma
1657 5100 1724 5154 ad
1765 5099 1909 5156 idem

312 5188 599 5261 pervenire
624 5186 822 5260 poterit
850 5191 873 5243 1'
903 5185 1046 5256 Quid
1076 5192 1159 5241 est
1189 5200 1384 5240 manna
1409 5187 1439 5240 ?

393 5336 417 5366 ι
453 5314 570 5387 Ego
599 5329 742 5381 sum,
774 5312 969 5385 inquit,
1003 5310 1160 5383 panis
1191 5310 1353 5367 vivus
1375 5309 1466 5383 qui
1505 5309 1574 5367 de
1621 5309 1760 5368 cmlo
1807 5310 1911 5368 de-

319 5404 532 5462 scendi.
564 5402 868 5474 Respondit
895 5400 1059 5457 Jesus
1086 5408 1138 5456 et
1167 5400 1299 5455 dixit
1329 5399 1378 5456 ei
1406 5417 1419 5456 :
1460 5423 1482 5448 α
1517 5401 1718 5468 Amen,
1749 5416 1911 5457 amen

318 5491 448 5550 dico
478 5493 594 5560 llbl,
635 5492 744 5548 nisi
782 5491 906 5564 quis
943 5498 1105 5546 natus
1143 5489 1306 5545 fuerit
1343 5489 1544 5556 denuo,
1586 5506 1695 5546 non
1735 5499 1913 5561 potest

319 5589 508 5647 videre
538 5605 767 5662 regnum
798 5586 918 5654 Dei,
957 5609 979 5635 η
1013 5585 1065 5640 id
1098 5593 1182 5641 est
1211 5600 1322 5640 non
1349 5593 1528 5655 potest
1565 5601 1654 5641 me
1701 5601 1912 5656 cogno-

319 5694 494 5746 scere,
527 5679 617 5751 qui
647 5695 768 5733 sum
799 5692 1030 5748 regnum
1062 5673 1258 5742 Patris,
1295 5674 1388 5746 qui
1418 5691 1539 5730 sum
1569 5674 1708 5731 visio
1755 5675 1912 5731 Veri-

319 5767 466 5824 tatis.
534 5766 670 5836 Quia
734 5765 1068 5823 Nieodemus
1122 5769 1314 5836 aperta
1377 5762 1537 5836 signa
1614 5763 1915 5835 prudenter

2019 5125 2114 5200 qui
2142 5133 2412 5200 generant
2441 5126 2511 5182 ad
2541 5127 2726 5182 vitam.
2754 5127 2872 5183 Una
2897 5126 3043 5182 enim
3073 5127 3359 5200 generatio
3379 5135 3463 5182 est
3495 5142 3618 5183 car-

2019 5224 2182 5291 nalis,
2205 5224 2381 5280 altera
2428 5222 2720 5294 spiritalis.
2769 5223 3060 5279 Sciendum
3106 5224 3380 5295 quomodo
3435 5232 3619 5281 uterus

2019 5329 2129 5370 non
2162 5319 2340 5384 potest
2371 5311 2567 5384 repeti,
2601 5312 2684 5368 sic
2714 5327 2816 5368 nec
2847 5311 3164 5382 baptismus.
3208 5311 3314 5381 Qui
3375 5313 3622 5370 nascitur

2021 5402 2090 5458 de
2119 5401 2384 5459 catholica
2409 5400 2680 5467 Ecclesia,
2713 5408 2974 5472 tanquam
3019 5400 3088 5456 de
3137 5402 3272 5457 Sara
3323 5403 3610 5473 nascitur;

2022 5499 2115 5572 qui
2144 5508 2327 5555 autem
2357 5499 2427 5554 de
2458 5498 2677 5567 haeresi,
2710 5505 2966 5571 tanquam
2996 5499 3066 5555 de
3094 5499 3292 5556 ancilla
3317 5501 3480 5572 (Gen.
3505 5517 3617 5566 xxr;

2023 5587 2179 5645 Psal.
2211 5588 2309 5657 tv).
2343 5588 2576 5644 Adverte
2605 5602 2702 5643 cur
2729 5588 3000 5643 Dominus
3026 5588 3171 5644 dicat
3203 5605 3216 5644 :
3256 5614 3278 5636 «
3328 5591 3450 5662 Ego
3498 5607 3620 5644 sum

2023 5678 2170 5734 Deus
2198 5678 2494 5742 Abraham,
2527 5684 2580 5732 et
2609 5676 2765 5733 Isaac
2795 5685 2848 5733 et
2869 5678 3074 5749 Jacob(
3082 5680 3256 5734 Exod.
3284 5681 3387 5750 ιιι),
3419 5703 3440 5728 ιι
3461 5678 3624 5750 quasi

2021 5768 2160 5838 Noe,
2193 5768 2284 5840 qui
2313 5775 2438 5826 ante
2467 5767 2606 5825 istos
2637 5765 2756 5840 fuit,
2789 5774 2844 5825 et
2869 5768 3093 5841 Moyses
3123 5768 3215 5840 qui
3256 5775 3404 5839 post,
3455 5767 3636 5846 sancti
