4042 6080
475 225 584 278 993

479 342 802 418 patriarchae
820 354 930 396 non
961 345 1164 394 essent.
1189 338 1248 391 In
1266 335 1387 391 istis
1417 331 1619 406 quippe
1639 330 1882 403 patribus
1909 329 2067 384 inve-
2098 326 2155 388 Α

478 443 659 498 nimus
689 441 890 494 liberas
919 445 970 492 et
1001 434 1228 491 ancillas
1263 453 1274 489 :
1310 432 1454 506 quod
1487 439 1658 486 totum
1691 427 1864 500 figura
1894 433 1995 491 est,
2020 431 2074 480 ut

477 533 550 587 ait
578 528 875 600 Apostolus
909 544 921 580 :
959 547 982 577 «
1021 527 1148 580 Hac
1179 530 1363 578 autem
1393 522 1447 576 in
1471 518 1649 593 ﬁgura
1683 515 2074 586 contingebant

476 622 585 677 illis
614 620 762 691 (Cor.
785 623 860 688 ιι).
897 616 999 670 «Et
1023 614 1154 668 illud
1180 629 1192 666 :
1222 635 1243 660 ιι
1272 611 1484 681 Scripta
1506 616 1630 662 sunt
1650 615 1828 662 autem
1853 611 2076 674 propter

477 737 598 786 nos,
631 719 685 773 in
716 732 853 787 quos
884 714 1025 768 fines
1057 709 1378 766 saeculorum
1418 707 1757 762 devenerunt
1801 703 2004 772 (ibid.).
2044 720 2065 750 ι

479 811 538 864 In
570 804 1017 880 generationibus
1066 807 1243 855 autem
1293 799 1589 852 liberarum
1638 802 1691 848 et
1749 791 2071 848 ancillarum

477 879 705 969 quatuor
730 900 856 948 sunt
886 904 1091 962 genera
1121 887 1425 951 hominum,
1457 886 1512 939 in
1570 883 1764 954 quibus
1819 879 2068 949 comple-

478 1003 564 1050 tur
594 992 765 1049 forma
796 990 960 1046 totius
991 983 1432 1042 Christianitatis.
1484 980 1724 1035 Ancillas
1770 977 2066 1047 accipimus

471 1085 528 1139 in
560 1081 736 1146 malis,
769 1079 970 1134 liberas
1000 1077 1055 1130 in
1085 1074 1269 1129 bonis.
1322 1076 1426 1125 Aut
1448 1069 1614 1141 igitur
1643 1069 1830 1122 liberae
1849 1066 2069 1136 pariunt

474 1173 673 1235 bonos,
707 1173 764 1224 ut
811 1168 963 1230 Sara,
1026 1166 1220 1225 Isaac;
1282 1168 1373 1215 aut
1427 1159 1599 1214 malos
1654 1165 1706 1211 et
1759 1156 1955 1219 bonos,
2012 1160 2070 1208 ut

473 1271 744 1335 Rebecca,
771 1267 914 1321 Esau
946 1271 998 1317 et
1017 1261 1186 1316 Jacob
1217 1279 1232 1326 ;
1266 1266 1357 1313 aut
1398 1257 1528 1311 mali
1576 1255 1770 1319 malos,
1812 1261 1870 1308 ut
1911 1254 2069 1323 Agar

472 1357 670 1416 Ismael
706 1376 718 1420 ;
753 1363 845 1410 aut
876 1351 1007 1406 mali
1041 1352 1214 1406 bonos
1244 1357 1296 1402 et
1327 1347 1518 1411 malos,
1550 1353 1607 1400 ut
1635 1343 1847 1399 ancilla:
1874 1341 2061 1396 Jacob.

469 1449 552 1505 Ad
583 1449 726 1501 hanc
755 1440 1160 1497 similitudinem
1204 1443 1298 1493 aut
1354 1435 1481 1491 boni
1538 1434 1812 1504 baptizant
1871 1432 2062 1495 bonos,

471 1553 529 1601 ut
559 1541 796 1599 Ananias
826 1537 1091 1604 Paulum;
1127 1543 1220 1590 aut
1250 1534 1440 1599 malos,
1475 1540 1533 1586 ut
1572 1531 1850 1600 Philippus
1881 1528 2063 1582 Simo—

471 1649 596 1688 nem
627 1645 887 1701 magum;
921 1635 1011 1682 aut
1040 1625 1165 1680 mali
1197 1625 1370 1679 bonos
1402 1629 1454 1676 et
1483 1621 1674 1686 malos,
1717 1617 2058 1689 utprazdica-

1592 203 1936 260 \VERNERI
1973 201 2262 258 ABBATIS
2301 202 2364 258 S.
2411 198 2635 254 BLASII

3675 208 3778 260 996

2261 349 2283 373 ‹‹
2318 323 2618 395 Respondit
2643 325 2803 378 Jesus
2835 340 2848 376 :
2882 325 3075 392 Amen,
3111 341 3268 382 amen
3313 326 3437 384 dico
3494 327 3612 396 tibi,
3671 330 3779 384 nisi

2181 423 2302 495 quis
2329 423 2550 477 renatus
2571 421 2734 478 fuerit
2755 436 2828 475 ex
2876 437 3019 492 aqua
3071 431 3126 477 et
3171 424 3388 494 spiritu,
3442 440 3552 482 non
3598 434 3780 496 potest

2183 512 2412 569 introire
2450 513 2508 566 in
2537 527 2768 583 regnum
2819 512 2934 567 Dei.
2973 535 2994 559 η
3054 512 3266 568 Sensus
3325 522 3451 570 est:
3510 514 3776 588 Quisquis

2181 601 2395 658 renasci
2424 601 2834 671 contempserit,
2867 617 2980 656 non
3010 601 3234 656 habebit
3263 602 3447 671 vitam,
3501 605 3623 674 quia
3670 620 3780 660 non

2180 699 2341 754 fuerit
2372 707 2590 753 renatus
2620 713 2685 752 ex
2713 713 2857 768 aqua
2887 705 2940 753 et
2967 698 3178 769 spiritu,
3212 698 3267 754 id
3291 707 3453 755 estex
3469 699 3576 756 ﬁde
3606 709 3662 756 et
3692 703 3781 756 di-

2178 788 2434 845 lectione.
2470 786 2760 855 Quomodo
2788 802 2932 857 aqua
2986 796 3392 844 sacramentum
3441 790 3572 846 fidei
3631 799 3723 846 est
3750 794 3778 848 ἲ

2179 881 2350 948 Aquae
2406 877 2626 932 nomine
2682 876 3005 948 intelligitur
3057 877 3214 936 fides.
3281 878 3512 949 Spiritus
3592 889 3776 936 autem

2177 971 2432 1026 difiundit
2483 971 2800 1025 charitatem
2830 971 2887 1025 in
2941 970 3203 1027 cordibus
3277 972 3510 1028 nostris.
3589 974 3776 1046 Itaque

2177 1060 2397 1132 parvuli
2438 1075 2560 1115 cum
2600 1077 2700 1130 per
2765 1060 3092 1130 baptismum
3155 1060 3418 1115 uniuntur
3485 1061 3769 1128 Ecclesiae,

2176 1157 2471 1205 nascuntur
2499 1150 2568 1204 ad
2599 1149 2788 1214 vitam,
2823 1165 2889 1203 ex
2923 1149 3032 1204 fide
3089 1156 3142 1204 et
3190 1149 3486 1206 dilectione
3546 1163 3772 1209 sancto-

2175 1262 2314 1313 rum,
2341 1262 2578 1317 quarum
2603 1262 2744 1301 nexu
2761 1245 3274 1318 Ecclesiajuugitur
3292 1247 3433 1315 Deo,
3469 1263 3536 1302 ex
3568 1248 3773 1304 visibili

2175 1343 2520 1391 sacramento
2549 1351 2702 1406 aquas
2731 1342 2784 1390 et
2815 1333 3026 1404 Spiritu
3056 1342 3267 1398 sancto,
3299 1339 3357 1390 et
3401 1335 3456 1390 in
3501 1336 3648 1392 bono
3669 1354 3771 1392 ne-

2173 1424 2359 1496 glecto
2389 1425 2434 1479 si
2465 1424 2626 1478 vitam
2658 1423 2870 1490 ﬁnierit,
2903 1439 2936 1477 a
2965 1439 3140 1496 regno
3197 1424 3296 1480 Dei
3343 1425 3400 1479 in
3446 1435 3772 1496 perpetuum

2171 1522 2430 1578 exclusus
2461 1522 2585 1577 erit.
2618 1521 2944 1590 Quicunque
2971 1537 3104 1577 vero
3137 1537 3243 1578 non
3286 1531 3545 1594 percepto
3603 1541 3773 1596 rege-

2169 1612 2440 1667 neratoris
2469 1612 2682 1667 lavacro
2713 1627 2813 1681 pro
2857 1611 3056 1666 Christi
3109 1611 3462 1668 confessione
3519 1617 3768 1670 moriun—

470 1729 619 1777 tores
651 1683 899 1791 quidam,
934 1731 1070 1788 quos
1101 1714 1228 1769 dicit
1252 1683 1672 1784 Apostolusnon
1691 1683 1840 1764 caste
1884 1683 2281 1766 solereBtut‘.
2353 1709 2529 1755 lumen
2589 1701 2670 1756 eis
2753 1700 2898 1756 νθιθι
2981 1701 3054 1754 ad
3128 1700 3446 1756 dimillenda
3518 1713 3764 1774 peccata.

471 1817 790 1874 annuntiare
840 1813 1218 1884 Evangelium,
1273 1811 1510 1864 tolerans
1555 1823 1649 1861 eos
1700 1806 1751 1859 in
1801 1789 2064 1859 societate

469 1906 798 1968 Christiana,
833 1904 1024 1958 dicens
1058 1919 1071 1956 :
1110 1924 1130 1948 α
1165 1899 1306 1967 Quid
1339 1899 1483 1951 enim
1534 1898 1663 1949 dum
1703 1893 1850 1948 omni
1901 1891 2061 1945 modo

467 2005 582 2060 sive
613 2003 903 2060 occasione
933 2000 1048 2054 sive
1090 1997 1322 2052 veritate
1378 1995 1618 2049 Christus
1665 1988 2058 2045 annuutieturl

466 2111 519 2158 et
548 2103 602 2156 in
632 2102 737 2156 hoc
759 2099 979 2170 gaudeo
1013 2096 1286 2166 (Philipp.
1329 2094 1386 2161 ι).
1425 2111 1446 2140 ›
1497 2090 1620 2144 Non
1678 2086 1856 2142 alieno
1916 2085 2062 2139 malo

465 2190 758 2264 gaudebat,
794 2188 888 2241 sed
924 2186 1050 2256 quia
1099 2199 1284 2238 verum
1334 2178 1757 2250 praedicabatur.
1811 2175 1866 2228 Si
1925 2188 2063 2244 quos

463 2262 559 2334 isti
617 2276 825 2332 similes
892 2273 977 2328 sui
1045 2269 1405 2340 baptizabant,
1472 2275 1599 2320 tunc
1666 2263 1797 2318 mali
1863 2262 2058 2316 malos.

466 2376 522 2430 Si
554 2391 690 2446 quos
723 2388 851 2427 vero
882 2370 1022 2425 tales
1053 2369 1244 2439 quales
1293 2366 1550 2421 admouet
1596 2362 1879 2425 Dominus,
1939 2373 2061 2414 cum

464 2465 625 2519 dicit:
655 2486 676 2510 α
703 2461 838 2531 Quae
855 2459 1039 2514 dicunt
1067 2456 1224 2512 facite
1251 2471 1406 2526 ;qua2
1427 2462 1603 2507 autem
1629 2451 1853 2514 faciunt,
1878 2447 2062 2503 facere

461 2553 626 2608 nolite
657 2551 879 2620 (Matth.
914 2546 1095 2616 χχιιι),
1129 2570 1148 2592 ι
1210 2552 1339 2599 tunc
1396 2541 1526 2596 mali
1577 2541 1750 2596 bonos
1807 2537 2055 2607 baptiza-

462 2650 610 2706 bant.
644 2646 933 2718 Quomodo
962 2659 1099 2716 ergo
1131 2643 1184 2697 in
1217 2641 1343 2696 filiis
1371 2639 1546 2696 Jacob
1574 2653 1684 2694 non
1715 2636 1889 2692 obfuit
1928 2633 2056 2701 illis,

460 2740 551 2814 qui
583 2739 695 2794 nati
726 2744 854 2791 sunt
883 2736 951 2790 de
981 2733 1218 2796 ancillis,
1255 2730 1546 2802 quominus
1580 2734 1828 2782 tenerent
1860 2732 2057 2779 terram

460 2825 906 2900 repromissionis
936 2839 1061 2880 cum
1097 2821 1357 2876 fratribus
1387 2836 1451 2874 ex
1481 2833 1658 2889 aequo,
1693 2815 1790 2870 sed
1839 2826 2059 2884 praeva-

459 2927 558 2982 luit
587 2942 773 2981 semen
809 2931 1098 2994 paternum
1150 2937 1163 2974 :
1217 2919 1304 2974 sic
1361 2916 1669 2989 quicunque
1727 2928 1828 2983 per
1881 2910 2058 2964 malos

459 3015 816 3086 baptizantur,
851 3024 1162 3082 quanquam
1193 3024 1258 3062 ex
1302 3005 1460 3060 malis
1518 3003 1631 3058 uati
1687 3001 1814 3065 sint,
1873 3007 2052 3053 tamen

459 3104 587 3177 quia
615 3119 680 3158 ex
712 3101 920 3156 semine
951 3097 1115 3154 Verbi
1146 3095 1264 3162 Dei,
1297 3094 1444 3164 quod
1477 3091 1739 3164 figuratur
1768 3089 1823 3142 in
1855 3086 2052 3154 Jacob,

456 3203 569 3258 nati
595 3210 740 3268 sunt,
773 3200 818 3254 si
849 3197 976 3254 boni
1007 3211 1131 3252 esse
1162 3193 1450 3263 voluerint,
1499 3190 1875 3248 haereditatem
1930 3176 2055 3243 cum

456 3292 722 3347 fratribus
752 3288 1135 3360 possidebunt.
1178 3285 1304 3340 Sive
1334 3299 1465 3355 ergo
1489 3278 1894 3342 schismaticus,
1940 3275 2056 3331 sive

456 3390 806 3446 facinorosus
823 3386 1054 3458 quisque
1075 3384 1129 3438 in
1157 3382 1503 3438 confessione
1542 3387 1751 3434 sanctae
1775 3373 2053 3430 Trinitatis

456 3486 714 3557 baptizet,
762 3499 869 3538 non
925 3483 1070 3537 valet
1125 3479 1217 3534 ille
1268 3475 1593 3548 rebaptizari
1646 3490 1679 3529 a
1733 3472 2050 3540 Catholicis,

454 3592 528 3631 ne
556 3572 833 3630 confessio
862 3569 949 3626 vel
989 3567 1258 3624 invocatio
1313 3566 1450 3621 tanti
1513 3562 1748 3618 nominis
1804 3562 2054 3617 videatur

453 3661 743 3719 aunullari.
775 3661 844 3714 Et
874 3659 929 3713 in
961 3666 1115 3713 utero
1144 3655 1394 3712 Ecclesia
1423 3668 1626 3724 magna
1678 3651 1902 3705 luctatio
1962 3657 2050 3718 est

452 3763 593 3818 inter
623 3761 796 3815 bonos
828 3766 881 3813 et
910 3756 1108 3822 malos,
1141 3755 1280 3810 sicut
1327 3751 1496 3808 Jacob
1555 3757 1607 3804 et
1665 3749 1813 3802 Esau
1870 3747 2049 3801 lucta-

451 3852 652 3908 bantur
683 3847 852 3920 (Gen.
902 3850 1016 3916 xv),
1080 3853 1132 3899 et
1190 3858 1407 3912 semper
1463 3838 1593 3894 mali
1648 3825 2051 3908 persequuntur

447 3941 644 4006 bonos,
678 3946 734 3992 ut
767 3934 964 3992 Ismael
1001 3936 1178 3989 Isaac.
1241 3932 1369 3986 Ideo
1427 3943 1668 4000 namque
1724 3926 1855 3980 dixit
1915 3925 2049 3978 Sara

448 4039 684 4096 Abrahae
710 4054 720 4090 :
746 4057 768 4087 σι
791 4035 940 4104 Ejice
961 4033 1214 4090 ancillam
1236 4038 1288 4087 et
1309 4029 1476 4084 ﬁlium
1507 4029 1622 4098 ejus
1646 4027 1806 4086 (Gen.
1842 4023 1973 4093 xxx),
2020 4044 2041 4071 υ

447 4129 572 4202 quia
625 4127 938 4181 illusionem
995 4123 1130 4178 vidit
1195 4121 1248 4176 in
1304 4119 1506 4183 lusum,
1576 4131 1687 4169 non
1741 4113 1864 4168 ideo
1922 4111 2047 4183 quia

442 4201 665 4274 ludebat
695 4213 897 4268 lsmael
949 4227 1075 4268 cum
1132 4208 1242 4263 filio
1299 4223 1428 4263 suo.
1495 4205 1651 4261 Unde
1711 4201 2041 4274 apostolus:

449 4338 471 4364 α
507 4317 656 4377 Sicut
687 4323 814 4367 tunc
844 4310 954 4376 ille,
990 4308 1084 4382 qui
1118 4307 1418 4362 secundum
1468 4321 1690 4360 carnem
1721 4312 1880 4356 natus
1902 4307 2041 4365 erat,

441 4401 875 4478 persequebatur
905 4414 1027 4453 eum
1061 4396 1150 4467 qui
1181 4395 1478 4450 secundum
1523 4392 1768 4463 spiritum
1798 4411 1812 4458 ;

444 4507 590 4550 nunc
634 4489 787 4561 (Gal.
846 4488 950 4543 1v).
994 4509 1014 4534 ι»
1075 4485 1386 4541 Secundum
1453 4497 1677 4537 carnem
1740 4480 1852 4534 nati
1919 4484 2042 4532 sunt

441 4591 730 4647 dilectores
792 4584 1001 4650 mundi,
1071 4581 1371 4638 secundum
1438 4579 1683 4650 spiritum
1767 4585 2040 4631 amatores

438 4679 658 4738 Christi.
697 4677 823 4731 Plus
855 4690 988 4745 ergo
1020 4688 1122 4727 nos
1154 4679 1558 4743 persequuntur
1615 4668 1706 4739 qui
1762 4683 1866 4721 nos
1921 4665 2039 4719 illu-

435 4771 616 4827 dendo
646 4766 934 4832 seducunt,
968 4761 1042 4816 ita
1075 4779 1086 4814 :
1127 4782 1148 4810 ιι
1183 4759 1340 4828 Veni,
1375 4757 1519 4824 veni,
1572 4756 1846 4828 baptizare
1879 4771 1891 4809 :
1947 4754 2036 4808 hic

433 4867 610 4924 habes
639 4879 827 4921 verum
857 4858 1148 4932 baptisma.
1188 4881 1207 4904 ι)
1245 4856 1448 4910 lsmael
1488 4869 1622 4925 ergo
1653 4868 1762 4908 non
1791 4851 1914 4906 ideo
1937 4851 2035 4906 fuit

431 4955 868 5018 exlneredilatus,
903 4951 1030 5022 quia
1060 4964 1126 5004 ex
1155 4946 1354 5003 ancilla
1388 4953 1564 5010 natus,
1599 4943 1696 4998 sed
1753 4940 1883 5014 quia
1936 4957 2032 4994 su-

429 5046 636 5118 perbus
667 5043 790 5099 fuit.
827 5042 967 5096 Nam
997 5039 1042 5094 si
1073 5045 1221 5093 esset
1249 5035 1372 5091 ideo
1431 5032 1873 5098 ethreditatus,
1935 5028 2028 5083 ﬁlii

427 5146 598 5202 Jacob
631 5159 738 5198 non
769 5140 1183 5199 admitterentur
1210 5137 1278 5193 ad
1310 5135 1710 5190 haereditatem.
1770 5130 1929 5199 Quod
1979 5136 2031 5184 et

427 5235 571 5290 Sara.
599 5232 789 5303 afﬂigit
816 5229 1072 5286 ancillam
1103 5230 1270 5299 Agar,
1319 5241 1430 5280 non
1477 5222 1674 5278 dicitur
1694 5219 2023 5292 persecutio,

429 5323 528 5378 sed
555 5320 859 5376 correctio.
899 5319 1053 5374 Unde
1087 5317 1251 5372 etiam
1283 5312 1516 5385 angelus
1557 5309 1785 5383 fugienti
1847 5309 1976 5363 dicit
2013 5325 2025 5360 :

431 5444 453 5470 ι
490 5423 800 5486 Revertere,
833 5426 884 5470 et
913 5415 1195 5469 humiliare
1249 5411 1348 5467 sub
1404 5426 1568 5465 manu
1628 5407 1862 5462 dominae
1921 5415 2026 5461 tute

427 5511 592 5583 (Gen.
626 5508 756 5570 xvi).
796 5525 818 5554 ι
858 5504 946 5558 Sic
981 5503 1105 5557 boni
1131 5503 1405 5572 principes
1437 5497 1725 5554 haereticos
1757 5505 1808 5551 et
1854 5514 2025 5566 quos-

423 5611 558 5668 libet
587 5603 925 5679 perniciosos
954 5600 1221 5656 Ecclesiae
1247 5600 1458 5655 exsiliis
1487 5606 1541 5654 et
1585 5596 1705 5652 aliis
1753 5595 2024 5668 legalibus

418 5698 603 5770 mis
627 5695 774 5766 iuste
804 5690 1074 5762 aﬂligunt.

1874 4389 1943 4444 ita
1991 4362 2042 4443 ei
2070 4396 2123 4456 Β
2151 4362 2336 4456 ptismi
2377 4374 2719 4420 sacramento
2751 4366 2900 4436 quod
2954 4366 3029 4421 ait
3083 4370 3421 4438 Apostolus;
3483 4395 3505 4419 α

2171 1807 2428 1869 quantum
2461 1799 2506 1853 si
2560 1798 2911 1852 abluerentur
2969 1813 3123 1854 sacro
3182 1798 3330 1854 fonte
3390 1800 3759 1870 baptismatis.

2172 1887 2276 1954 Qui
2304 1887 2449 1942 enim
2479 1887 2614 1941 dixit
2647 1905 2660 1942 :
2699 1910 2721 1934 σ
2755 1887 2871 1941 Nisi
2902 1887 3028 1956 quis
3055 1897 3276 1944 renatus
3317 1889 3475 1945 fuerit
3516 1907 3581 1946 ex
3622 1907 3769 1964 aqua

2171 1985 2224 2031 et
2253 1975 2474 2047 spiritu,
2511 1975 2871 2032 noniutrabit
2919 1975 2974 2031 in
3030 1993 3263 2049 regnum
3315 1979 3602 2044 caelorum,
3637 2005 3660 2029 ιι
3715 1990 3770 2038 et

2169 2070 2272 2124 alia
2302 2071 2569 2126 sententia
2602 2070 2726 2126 fecit
2752 2071 2890 2125 istos
2921 2076 3205 2141 exceptos,
3267 2073 3362 2128 ubi
3418 2090 3528 2129 non
3585 2077 3768 2132 minus

2169 2159 2502 2229 generaliter
2528 2159 2604 2213 ait
2644 2175 2655 2211 :
2695 2182 2717 2208 α
2754 2157 2858 2227 Qui
2887 2175 2974 2215 me
3019 2159 3306 2216 confessus
3361 2161 3524 2218 fuerit
3581 2181 3766 2220 coram

2169 2247 2507 2316 horninibus,
2539 2247 2845 2303 confitebor
2874 2257 2927 2304 et
2962 2265 3068 2322 ego
3100 2266 3224 2305 eum
3247 2266 3429 2306 coram
3463 2254 3627 2310 Patre
3643 2271 3767 2312 meo

2170 2346 2328 2412 (Luc.
2362 2345 2488 2415 xu).
2535 2369 2556 2393 ιο
2593 2345 2860 2416 Equidem
2888 2347 3116 2419 sanguis
3146 2357 3202 2403 et
3226 2365 3387 2420 aqua,
3422 2352 3512 2421 qui
3540 2352 3766 2408 vulnere

2169 2433 2358 2489 lateris
2413 2434 2617 2488 Christi
2649 2435 2895 2505 percussi
2923 2437 3224 2504 exiverunt,
3285 2447 3473 2510 typum
3527 2443 3766 2513 martyrii

2170 2529 2225 2577 et
2256 2523 2508 2592 baptismi
2539 2540 2647 2595 quo
2676 2524 2784 2579 itur
2812 2525 2881 2578 ad
2909 2525 3108 2580 caelum
3139 2527 3343 2598 pariter
3388 2531 3756 2599 protulerunt.

2170 2619 2420 2692 Denique
2451 2621 2500 2675 si
2531 2637 2666 2694 quos
2688 2622 2743 2676 in
2791 2620 2899 2678 ﬁde
2929 2624 3126 2678 Christi
3157 2633 3212 2680 et
3243 2625 3297 2680 in
3345 2627 3612 2685 charitate
3655 2645 3765 2686 non

2169 2706 2295 2764 ficta
2322 2710 2600 2766 radicatos
2646 2710 2897 2767 excludat
2952 2712 3208 2769 articulus
3255 2717 3444 2770 mortis
3499 2734 3528 2770 a
3568 2733 3765 2775 sacra-

2166 2807 2352 2854 mento
2384 2799 2659 2870 baptismi,
2692 2810 2905 2856 constat
2932 2803 3058 2873 quia
3090 2819 3198 2858 non
3228 2804 3594 2861 excluduntur
3622 2824 3652 2861 a
3675 2823 3766 2863 sa-

2165 2893 2298 2950 lute.
2333 2897 2594 2968 Martyres
2619 2898 2766 2952 enim
2793 2909 2918 2954 sunt
2941 2916 3129 2956 coram
3169 2901 3306 2968 Deo,
3341 2903 3385 2957 si
3421 2919 3561 2974 puro
3587 2905 3763 2960 corde

2167 2986 2424 3084 martvrio
2454 2987 2808 3084 parati-erant
2848 2997 2901 3043 et
2951 2989 3203 3060 baptizati
3241 2990 3296 3044 in
3333 2991 3464 3064 igne
3509 2993 3598 3048 vel
3643 2995 3764 3066 spi-

2166 3076 2286 3140 ritu,
2315 3076 2470 3142 juxta
2491 3076 2646 3146 tquod
2664 3077 2928 3132 Dominus
2959 3079 3090 3133 dixit
3119 3080 3381 3149 apostolis
3413 3097 3426 3134 :
3465 3105 3488 3130 ιι
3526 3083 3637 3138 Vos
3661 3098 3760 3138 au-

2163 3175 2274 3226 tem
2305 3171 2713 3242 haptizabimini
2745 3174 2944 3246 Spiritu
2985 3184 3190 3244 sancto,
3237 3193 3345 3232 non
3390 3187 3513 3249 post
3555 3179 3761 3236 multos

2163 3259 2264 3313 hos
2295 3261 2412 3315 dies
2443 3262 2602 3330 (Act.
2637 3264 2697 3333 ι).
2739 3287 2760 3311 ι»
2796 3263 2931 3319 Hinc
2962 3273 3043 3320 est
3073 3266 3218 3337 quod
3235 3267 3307 3321 ait
3335 3268 3663 3324 Ambrosius
3691 3271 3759 3325 de

2165 3347 2548 3405 Valentiniano
2582 3368 2595 3404 :
2636 3375 2657 3399 υ
2692 3352 2950 3407 Ventrem
2981 3370 3168 3409 meum
3198 3356 3380 3423 doleo,
3414 3365 3472 3411 ut
3515 3359 3760 3429 prophe-

2161 3446 2272 3502 tico
2302 3455 2423 3501 utar
2449 3447 2722 3518 exemplo,
2755 3449 2878 3520 quia
2939 3467 3100 3522 quem
3159 3463 3522 3526 regeneratus
3579 3471 3752 3523 eram,

2160 3535 2336 3592 amisi.
2372 3560 2393 3585 υ
2430 3536 2529 3592 llle
2560 3546 2742 3593 tamen
2772 3539 3006 3609 gratiam
3039 3557 3201 3612 quam
3267 3552 3595 3614 poposcerat
3647 3562 3757 3601 non

2158 3625 2400 3679 admisit.
2465 3628 2841 3697 Augustinus,
2896 3629 2952 3682 in
3000 3628 3100 3686 lib.
3173 3647 3226 3685 iv
3290 3632 3374 3688 De
3440 3633 3755 3706 baptismo:

2163 3745 2184 3770 ιι
2243 3723 2609 3778 Consideraus
2659 3725 2927 3780 latronem
2980 3725 3067 3782 cui
3119 3727 3326 3784 dictum
3377 3739 3460 3786 est
3511 3751 3522 3786 :
3581 3732 3754 3789 Hodie

2155 3827 2366 3908 mecum
2401 3811 2506 3866 eris
2534 3812 2586 3866 in
2620 3815 2893 3884 paradiso,
2925 3814 3147 3870 invenio
3195 3834 3302 3872 non
3358 3829 3562 3875 tantum
3621 3839 3752 3894 pas-

2156 3903 2365 3955 sionem
2396 3917 2494 3972 pro
2525 3903 2742 3957 nomine
2775 3904 2974 3958 Christi
3033 3905 3086 3959 id
3153 3908 3298 3977 quod
3356 3924 3429 3964 ex
3483 3910 3752 3982 baptismo

2154 3996 2313 4052 deest
2343 3999 2601 4068 supplere
2631 4017 2814 4070 posse,
2848 4001 2946 4056 sed
2979 4010 3031 4056 et
3059 4001 3221 4058 fidem
3255 4009 3752 4064 conversationem-

2154 4102 2260 4156 que
2294 4087 2492 4153 cordis,
2536 4089 2583 4142 si
2650 4088 2784 4144 forte
2848 4090 2915 4146 ad
2979 4091 3367 4149 celebrandum
3431 4098 3749 4167 mysterium

2155 4174 2406 4247 baptismi
2446 4177 2498 4230 in
2537 4178 2803 4251 angustiis
2831 4187 3134 4250 temporum
3173 4184 3423 4239 succurri
3475 4202 3587 4241 non
3645 4204 3746 4258 po—

2149 4281 2272 4329 test.
2313 4299 2333 4323 »
2377 4275 2650 4344 Quantum
2689 4277 2874 4348 itaque
2915 4278 3098 4334 valeat
3138 4280 3306 4335 etiam
3383 4281 3587 4338 visibili
3645 4285 3743 4338 ba-

3567 4373 3746 4429 Corde

2152 4454 2400 4508 creditur
2428 4454 2496 4508 ad
2521 4454 2808 4524 justitiam,
2842 4471 2939 4510 ore
2989 4463 3173 4512 autem
3229 4459 3502 4515 confessio
3561 4461 3622 4516 fit
3677 4463 3746 4518 ad

2148 4549 2570 4620 salutem(Rom.
2595 4555 2651 4622 x)
2683 4575 2703 4599 ι(
2730 4569 2742 4615 ;
2775 4560 2903 4608 tunc
2932 4552 3190 4624 impletur
3224 4556 3587 4628 invisibiliter,
3623 4577 3745 4616 cum

2146 4640 2470 4709 mysterium
2528 4641 2780 4711 baptismi
2850 4658 2960 4697 non
3027 4652 3372 4717 contemptus
3435 4649 3740 4721 religionis,

2145 4728 2241 4782 sed
2269 4728 2529 4784 articulus
2559 4731 2912 4786 necessitatis
2941 4733 3213 4789 excludit.
3255 4735 3550 4793 Sciendum
3591 4739 3738 4814 quod

2143 4826 2485 4898 Augustinus
2525 4827 2667 4884 hanc
2706 4830 3033 4884 sententiam
3099 4847 3208 4888 non
3272 4837 3616 4905 retractavit,
3685 4846 3742 4893 ut

2142 4915 2532 5013 quidam-falso
2572 4924 2797 5013 putant,
2833 4918 2931 5013 sed
2989 4918 3119 4974 illud
3177 4925 3324 4994 quod
3378 4924 3433 4979 in
3486 4927 3738 4999 exemplo

2140 5003 2629 5061 dixerallatronem
2647 5023 2754 5062 non
2772 5006 2943 5061 fuisse
2957 5008 3305 5081 baptizatum,
3331 5014 3456 5085 quia
3472 5015 3735 5071 incertum

2140 5111 2221 5158 est
2249 5111 2423 5158 utrum
2444 5104 2606 5161 fuerit
2636 5105 2942 5176 baptizatus
2972 5123 3041 5162 an
3081 5125 3210 5166 non.
3247 5109 3408 5179 Quod
3437 5129 3572 5187 ergo
3602 5115 3732 5171 alibi

2139 5193 2718 5250 ait:Cathecumenum
2744 5196 2888 5250 enim
2921 5198 3170 5269 quamvis
3197 5216 3252 5253 in
3287 5201 3445 5256 bonis
3475 5204 3729 5274 cperibus

2137 5281 2450 5337 defunctum
2480 5285 2640 5338 vitam
2675 5285 2870 5340 habere
2899 5302 3009 5340 non
3041 5287 3334 5357 credimus,
3370 5306 3477 5345 non
3523 5302 3730 5364 martyr

2135 5379 2314 5436 fuerit.
2351 5383 2476 5436 llaec
2509 5391 2561 5436 et
2591 5384 2676 5435 his
2709 5385 2902 5439 similia
2932 5385 2999 5440 de
3029 5390 3502 5445 contemnentibus
3537 5408 3726 5448 sacra-

2134 5479 2316 5525 menta
2347 5471 2606 5541 baptismi
2636 5473 2781 5528 dicta
2828 5483 2980 5530 sunt.

2211 5619 2230 5644 (ι
2275 5596 2432 5666 Quod
2468 5608 2652 5653 natum
2685 5609 2766 5654 est
2799 5617 2861 5655 ex
2893 5617 3081 5670 carne,
3115 5619 3242 5660 caro
3275 5613 3359 5661 est
3389 5624 3406 5673 ;
3465 5613 3519 5662 et
3571 5609 3725 5680 quod

2130 5692 2320 5742 natum
2362 5694 2549 5744 estex
2603 5687 2823 5760 spiritu,
2878 5690 3101 5763 spiritus
3158 5699 3264 5748 est.
3330 5717 3354 5741 ιι
3411 5694 3725 5768 Spiritalem
