4042 6080
256 233 356 288 997

1182 232 1766 290 DEFLORATIONES
1805 233 1910 292 SS.
1957 234 2260 292 PATRUM.
2290 265 2362 278 -—-
2389 235 2516 291 LIB.
2559 237 2602 289 Ι.

3443 245 3546 297 998

251 357 586 414 nativitatem
615 358 898 431 distinguit
925 375 959 416 a
1001 359 1228 416 carnali.
1288 361 1375 416 Ex
1424 360 1624 431 Spiritu
1657 366 1848 417 sancto
1876 335 1930 396 Α
1960 364 2184 420 possum
2215 349 2482 406 suscitare
2511 349 2785 420 deiectum
2825 366 2857 404 ει
2886 351 3065 419 νοδίε,
3091 355 3238 424 quod
3270 362 3547 420 terrenum

250 445 474 516 spiritus
504 455 710 516 noster,
743 448 800 502 id
821 456 904 502 est
923 448 1121 516 anima,
1146 447 1392 503 nascitur
1420 447 1476 502 in
1500 451 1630 515 Deo,
1657 465 1782 506 cum
1797 449 1848 504 ei

249 559 352 616 per
379 545 638 616 gratiam,
673 561 796 615 quae
818 545 1050 616 Spiritus
1078 554 1301 601 sanctus
1351 545 1689 617 intelligitur,
1727 562 1852 617 pec-

247 641 366 687 cata
395 633 758 701 remittuntur,
804 650 872 689 ne
901 638 1189 704 propterea
1220 634 1581 690 damnationis
1633 651 1853 706 poenam

249 717 514 773 incurrat.
552 718 676 773 Non
732 719 875 774 enim
931 734 1082 786 caro,
1141 718 1239 773 sed
1297 719 1479 774 anima
1533 727 1712 790 potest
1764 720 1852 776 vel

254 806 466 876 puniri.
512 829 534 854 »

335 928 358 952 κ
391 905 518 960 Non
548 903 761 960 mireris
793 904 915 977 quia
935 905 1052 960 dixi
1083 904 1179 960 tibi
1214 920 1226 959 :
1263 904 1491 976 Oportet
1547 921 1645 962 vos
1698 905 1854 962 nasci

261 993 464 1050 denuo.
497 993 730 1064 Spiritus
762 993 858 1048 ubi
889 994 1001 1049 vult
1024 994 1213 1061 spirat,
1239 1002 1290 1049 et
1311 1011 1508 1051 vocem
1529 995 1645 1066 ejus
1674 997 1852 1063 audis,

262 1090 455 1137 etnon
487 1081 595 1138 scis
617 1082 762 1138 unde
809 1083 996 1138 veniat
1053 1092 1103 1138 et
1164 1099 1270 1154 quo
1327 1084 1579 1140 vadat.»
1632 1083 1720 1139 Sic
1775 1091 1856 1138 est

259 1179 440 1235 omnis
471 1179 560 1250 qui
591 1189 751 1235 natus
779 1187 864 1235 est
888 1197 960 1234 ex
993 1180 1204 1250 spiritu.
1246 1179 1478 1249 Spiritus
1533 1189 1853 1251 potestatem

258 1269 427 1323 habet
457 1268 650 1340 quibus
701 1269 818 1324 vult
875 1269 1112 1341 gratiam
1169 1269 1504 1324 remissionis
1552 1270 1853 1340 impertire,

262 1365 316 1412 et
354 1373 540 1412 vocem
601 1358 718 1426 ejus
775 1357 1119 1428 corporalem
1175 1358 1332 1412 audis
1378 1375 1443 1413 eo
1494 1358 1748 1430 loquente
1800 1360 1856 1414 in

263 1445 469 1501 sanctis
498 1447 968 1515 praedicatoribus,
994 1447 1142 1515 juxta
1171 1447 1304 1500 illud
1333 1462 1344 1500 :
1375 1470 1396 1494 α
1431 1448 1553 1502 Non
1583 1447 1727 1501 enim
1759 1464 1857 1504 vos

259 1534 408 1602 estis,
448 1535 539 1606 qui
570 1535 870 1606 loquimini,
919 1537 1014 1591 sed
1047 1535 1278 1606 Spiritus
1328 1537 1498 1591 Patris
1555 1536 1720 1592 vestri
1765 1536 1856 1608 qui

255 1631 502 1703 loquitur
530 1633 586 1686 in
617 1633 776 1688 vobis
807 1634 1028 1704 (Matth.
1062 1637 1139 1705 x.)
1180 1659 1200 1684 η
1240 1636 1632 1692 Verumtamen
1689 1636 1854 1707 igno-

256 1737 351 1775 ras
405 1737 473 1776 an
531 1721 622 1775 illa
680 1738 784 1777 vox
840 1739 940 1793 per
997 1723 1407 1796 intelligentiam
1465 1726 1533 1779 ad
1589 1725 1854 1796 quosdam

256 1811 460 1874 veniat,
495 1811 549 1864 id
580 1819 660 1865 est
690 1811 759 1865 de
791 1827 898 1881 qua
929 1826 1094 1868 causa
1123 1813 1316 1868 eodem
1375 1812 1580 1883 Spiritu
1634 1821 1856 1885 agente,

259 1907 479 1978 quidam
511 1907 746 1962 fortasse
778 1907 956 1962 minus
985 1909 1181 1963 eruditi
1227 1925 1418 1965 vocem
1449 1910 1600 1967 illam
1654 1911 1860 1966 intelli-

259 2004 408 2069 gant,
431 2004 632 2067 etquo,
657 1997 710 2050 id
733 2005 920 2067 estpro
943 2015 1052 2069 quo
1071 1999 1254 2066 modo,
1275 2000 1439 2054 vadat
1455 2001 1523 2054 ab
1555 2000 1675 2054 aliis
1701 2016 1859 2071 mque

260 2085 666 2156 pmnitentibus,
700 2086 805 2141 hoc
836 2094 918 2140 est
950 2087 1070 2142 sine
1102 2088 1462 2159 intelligentia
1490 2097 1733 2144 transeat
1789 2090 1858 2144 ab

260 2183 396 2237 illis.
435 2184 515 2237 Ad
542 2185 685 2238 hunc
713 2185 935 2238 modum
967 2183 1023 2238 ﬁt
1043 2185 1137 2238 illa
1180 2185 1433 2240 nativitas
1489 2204 1610 2258 quae
1666 2195 1747 2242 est
1793 2203 1859 2242 ex

262 2273 480 2342 spiritu,
517 2280 568 2327 te
599 2271 855 2328 videlicet
902 2274 1202 2340 nesciente,
1261 2275 1532 2330 discutere
1586 2276 1860 2347 quomodo

261 2361 318 2415 id
350 2361 584 2432 Spiritus
608 2361 952 2417 invisibiliter
981 2371 1132 2436 agat,
1165 2363 1284 2418 ubit
1313 2364 1430 2434 ipse
1469 2365 1600 2419 nihil
1654 2381 1858 2435 corpo—

263 2450 454 2504 raliter
484 2459 756 2521 operatur.
790 2452 872 2506 Ne
914 2451 1130 2506 mireris
1158 2469 1294 2524 ergo
1347 2454 1416 2508 de
1473 2454 1594 2519 hoc,
1655 2455 1861 2510 scilicet

263 2548 410 2619 quod
444 2548 628 2620 agitur
655 2549 847 2619 spiritu
873 2549 925 2603 in
955 2550 1049 2604 illa
1086 2551 1458 2623 generatione,
1522 2551 1569 2605 si
1623 2552 1857 2607 nescias.

259 2636 358 2691 Vel
377 2637 451 2691 ita
486 2652 499 2690 ε
534 2638 766 2707 Spiritus
795 2639 847 2691 in
889 2647 1161 2708 potestate
1203 2640 1366 2694 habet
1415 2647 1476 2694 ut
1521 2640 1677 2709 cujus
1727 2641 1858 2708 vult,

260 2740 357 2780 cor
387 2725 636 2792 illustret,
671 2735 722 2781 et
751 2726 818 2791 si,
853 2735 906 2782 te
937 2729 1254 2797 poenitente,
1276 2729 1583 2799 quempiam
1616 2729 1862 2784 adhoma

263 2821 579 2891 repleverit,
614 2838 807 2878 vocem
841 2823 1062 2894 quidem
1086 2825 1204 2892 ejus
1255 2826 1474 2895 spiritus
1529 2825 1706 2890 audis,
1760 2824 1859 2879 sed

260 2925 369 2964 non
396 2911 503 2964 scis
523 2911 664 2965 unde
687 2912 867 2966 veniat
888 2920 942 2966 et
961 2929 1070 2983 quo
1093 2914 1273 2983 vadat,
1299 2915 1350 2968 id
1371 2923 1452 2968 est
1470 2914 1742 2985 quomodo
1765 2930 1862 2968 cor

260 2997 406 3054 illius
428 3000 731 3068 intraverit,
765 3001 852 3055 vel
883 3002 1156 3072 quomodo
1188 3003 1427 3057 redierit.
1471 3004 1686 3057 Natura
1715 3004 1860 3057 enim

271 3087 564 3143 invisibilis
599 3098 700 3143 est.
735 3089 824 3146 Sic
850 3091 1199 3146 invisibiliter
1225 3092 1410 3162 incipit
1468 3100 1688 3147 renatus
1735 3108 1859 3147 esse

262 3196 464 3258 agente
545 3188 767 3258 Spiritu,
828 3189 974 3260 quod
1030 3206 1139 3245 non
1198 3199 1330 3254 erat,
1390 3190 1463 3244 ita
1516 3198 1575 3245 ut
1626 3188 1859 3244 infidelis

260 3277 468 3331 nesciat
497 3277 641 3331 unde
674 3277 871 3344 veniat,
905 3286 958 3333 et
1011 3294 1117 3349 quo
1172 3279 1357 3344 vadat,
1409 3278 1463 3332 in
1521 3296 1626 3351 qua
1683 3279 1859 3349 gratia

257 3366 440 3421 veniat
471 3365 522 3419 in
549 3366 892 3437 adOptionem
926 3365 1163 3422 filiorum
1194 3368 1312 3434 Dei,
1346 3376 1400 3422 et
1430 3369 1588 3422 vadat
1617 3367 1670 3421 in
1727 3384 1858 3438 per-

257 3463 566 3532 ceptionem
596 3463 836 3519 cmlestis
866 3464 1044 3536 regni.
1078 3463 1211 3532 Quae
1241 3463 1369 3536 quia
1428 3464 1706 3536 incognita
1735 3473 1861 3520 sunt

257 3552 486 3621 carnali,
521 3552 716 3607 iterum
749 3553 964 3624 quaerit.

329 3681 350 3707 (ί
385 3659 688 3729 ReSpondit
730 3659 1082 3726 Nicodemus,
1140 3668 1192 3714 et
1236 3660 1368 3716 dixit
1416 3660 1465 3716 ei
1509 3679 1522 3715 :
1575 3660 1858 3729 Quomodo

256 3755 494 3820 possunt
523 3748 638 3802 haec
670 3746 788 3802 fieri
818 3749 846 3800 ‘?
877 3748 1178 3818 Respondit
1204 3750 1382 3814 Jesus,
1417 3758 1469 3804 et
1498 3750 1628 3804 dixit
1662 3751 1710 3804 ei
1744 3750 1862 3805 :Tu

261 3853 321 3891 es
355 3836 622 3907 magister
653 3837 708 3890 in
739 3837 928 3906 Israel,
963 3845 1016 3892 et
1048 3839 1163 3893 haec
1190 3838 1412 3910 ignoras
1434 3841 1461 3891 εἲ
1488 3862 1509 3885 »
1537 3838 1679 3907 Quid
1701 3839 1860 3910 quasi

261 3924 552 3979 insultabat
575 3925 837 3980 Dominus
870 3927 1130 3997 magistro
1149 3930 1176 3980 ‘2
1199 3928 1424 3984 Volebat
1446 3927 1596 3982 illum
1628 3929 1776 3983 nasci
1795 3945 1862 3984 ex

263 4023 456 4095 spiritu
492 4041 503 4079 :
531 4024 677 4096 quod
707 4025 912 4096 nequit,
948 4025 1054 4079 nisi
1086 4026 1326 4080 humilis.
1364 4027 1455 4080 llle
1484 4035 1662 4081 autem
1694 4027 1858 4082 intla-

264 4129 351 4176 tus
381 4130 513 4188 erat,
549 4131 600 4178 et
629 4121 862 4191 alicujus
911 4124 1169 4178 momenti
1217 4124 1320 4178 sibi
1367 4140 1494 4180 esse
1551 4124 1858 4191 videbatur,

264 4210 389 4281 quia
419 4212 612 4267 doctor
641 4220 754 4266 erat
774 4212 1109 4266 Judmorum.

345 4340 365 4366 ‹‹
401 4320 595 4385 Amen,
628 4333 788 4373 amen
819 4318 944 4373 dico
976 4318 1091 4380 tibi,
1117 4317 1244 4389 quia
1265 4318 1411 4390 quod
1442 4319 1646 4375 scimus
1677 4319 1862 4392 loqui-

1889 3048 1938 3112 C

1958 446 2062 504 est,
2114 439 2386 509 quomodo
2435 438 2658 494 creditis
2717 438 2844 508 quia
2878 455 2976 510 per
3022 441 3270 512 spiritum
3318 453 3550 514 possunt

1960 526 2208 582 homines
2227 528 2537 598 regenerari
2568 530 2596 581 εἴ
2624 529 2777 583 Nunc
2800 535 2989 583 tamen
3008 547 3108 600 per
3129 531 3551 604 increpationem

1958 623 2233 678 invitatum
2267 624 2333 678 ad
2377 625 2729 682 humilitatem
2769 625 2986 681 instruit
3030 627 3208 685 adhuc
3257 630 3325 685 de
3372 629 3554 685 divina

1963 719 2016 768 et
2044 713 2281 767 humana
2318 714 2401 767 sui
2431 714 2728 780 nativitate,
2759 716 2827 770 de
2856 716 3108 785 passione
3151 726 3205 772 et
3231 719 3553 775 ascensione

1963 809 2014 856 et
2042 801 2162 856 aliis
2192 802 2460 872 pluribus.
2493 803 2647 860 Unde
2695 804 2934 874 sequitur
2967 823 2979 859 :
3016 829 3037 852 α
3075 807 3136 860 Et
3166 823 3328 862 nemo
3355 823 3552 864 ascen-

1962 900 2040 954 dit
2069 901 2125 954 in
2158 901 2373 966 coelum,
2403 902 2510 957 nisi
2541 902 2632 972 qui
2659 902 2727 957 de
2750 904 2887 961 coelo
2919 905 3204 962 descendit
3247 908 3418 964 Filius
3446 909 3554 964 ho-

1964 988 2129 1042 minis
2167 990 2258 1060 qui
2308 998 2390 1044 est
2451 990 2504 1043 in
2552 991 2715 1057 caelo,
2763 1012 2785 1042 ι
2850 993 3026 1048 Nemo
3069 995 3335 1062 ascendit,
3374 995 3430 1051 id
3471 1005 3556 1054 est

1964 1078 2268 1133 ascendere
2297 1077 2444 1144 facit,
2476 1079 2544 1132 ad
2570 1079 2922 1135 eminentiam
2977 1099 3230 1153 superna:
3266 1084 3407 1151 vitae,
3447 1085 3554 1140 nisi

1963 1174 2052 1246 qui
2082 1175 2208 1230 inde
2238 1174 2521 1230 descendit
2551 1176 2884 1232 humiliando
2914 1194 2994 1245 se,
3044 1179 3098 1234 id
3127 1189 3210 1235 est
3239 1181 3403 1236 Filius
3434 1182 3554 1249 Dei,

1966 1263 2057 1334 qui
2087 1267 2171 1318 est
2205 1263 2444 1319 Verbum
2492 1265 2688 1331 Patris,
2740 1273 2982 1321 nostram
3027 1271 3355 1326 assumendo
3397 1270 3555 1325 inﬁr-

1965 1353 2228 1415 mitatem,
2291 1353 2591 1408 secundum
2663 1370 2824 1424 quam
2878 1355 3059 1409 minor
3124 1357 3319 1412 dicitur
3374 1359 3551 1414 Patre.

1967 1441 2282 1508 Descendit,
2313 1440 2552 1512 inquam,
2587 1458 2687 1512 per
2717 1444 2818 1497 hoc
2849 1441 2998 1497 ﬁlius
3028 1444 3262 1500 hominis
3306 1446 3551 1514 effectus,

1967 1529 2057 1600 qui
2080 1537 2258 1583 tamen
2287 1530 2340 1583 in
2373 1530 2509 1587 c0310
2557 1539 2659 1596 est,
2720 1531 2826 1586 hoc
2881 1539 2964 1587 est
3010 1532 3064 1586 in
3112 1533 3200 1586 illa
3247 1535 3556 1606 aequalitate

1969 1618 2141 1671 Patris
2174 1635 2332 1690 quam
2364 1627 2523 1674 antea
2552 1619 2753 1676 habuit.
2790 1622 3096 1676 Assumens
3154 1623 3360 1694 quippe
3411 1624 3558 1696 quod

1968 1730 2077 1769 non
2108 1725 2245 1784 erat,
2281 1733 2389 1770 non
2409 1716 2590 1770 amisit
2611 1718 2756 1788 quod
2803 1726 2949 1772 erat.
2989 1719 3158 1774 Aliter
3192 1735 3203 1774 :
3238 1721 3385 1775 Deus
3413 1721 3559 1776 divi-

1967 1804 2190 1858 nitatem
2241 1821 2396 1859 suam
2462 1821 2570 1860 non
2619 1806 2904 1876 indignam
2937 1808 3146 1863 censuit
3193 1810 3413 1865 nomine
3464 1810 3559 1865 filii

1965 1892 2220 1958 hominis,
2272 1894 2411 1948 sicut
2453 1909 2678 1949 carnem
2721 1911 2876 1949 suam
2919 1895 3173 1965 dignatus
3220 1905 3303 1953 est
3340 1899 3560 1954 nomine

1969 1979 2090 2034 Filii
2121 1981 2244 2048 Dei,
2277 1998 2345 2036 ne
2383 1983 2538 2053 quasi
2571 1982 2678 2038 duo
2709 1983 2910 2038 Christi
2941 1984 3240 2040 diceretur.
3275 1987 3338 2040 Et
3367 1986 3437 2042 ita
3461 2004 3562 2058 per

1966 2077 2278 2132 distantiam
2293 2079 2590 2134 divinitatis
2612 2087 2663 2134 et
2681 2079 3030 2147 infirmitatis,
3079 2082 3245 2138 Filius
3260 2083 3359 2139 Dei
3381 2101 3561 2140 mane-

1966 2165 2055 2219 bat
2083 2167 2136 2219 in
2167 2167 2324 2232 coelo,
2359 2166 2501 2222 filius
2537 2168 2774 2223 hominis
2819 2171 3069 2224 manebat
3123 2170 3179 2224 in
3237 2178 3414 2227 terra.
3455 2174 3558 2229 Per

1969 2263 2226 2318 unitatem
2258 2280 2384 2320 vero
2416 2281 2684 2336 personae,
2713 2283 2835 2337 quae
2861 2268 2916 2321 in
2947 2267 3160 2322 duabus
3183 2269 3385 2326 naturis
3419 2287 3560 2325 unus

1967 2359 2212 2416 Christus
2241 2370 2341 2429 est,
2376 2372 2429 2416 ct
2449 2363 2616 2418 Filius
2646 2363 2746 2418 Dei
2801 2364 3118 2419 ambulabat
3159 2365 3214 2418 in
3253 2374 3398 2420 terra
3432 2384 3445 2430 ;
3503 2375 3558 2422 et

1962 2448 2108 2504 idem
2128 2449 2246 2521 ipse
2265 2451 2428 2505 Filius
2451 2453 2704 2506 hominus
2717 2452 2913 2508 dicitur
2926 2454 3284 2510 descendisse
3296 2455 3364 2511 de
3392 2455 3557 2523 ccelo,

1967 2546 2019 2594 et
2048 2549 2173 2594 ante
2221 2541 2530 2610 passionem
2557 2541 2724 2597 fuisse
2745 2543 2798 2596 in
2827 2541 2987 2598 caelo.
3012 2543 3219 2598 Sensus
3248 2560 3384 2616 ergo
3438 2555 3520 2602 est
3545 2563 3559 2605 :

1965 2633 2141 2688 Nemo
2161 2635 2408 2690 ascendit
2439 2635 2492 2690 in
2523 2637 2744 2703 ctelum,
2798 2636 2884 2690 nsi
2933 2637 3182 2694 Christus
3228 2639 3284 2693 in
3326 2654 3562 2710 corpore

1967 2747 2088 2798 suo,
2109 2733 2253 2804 quod
2285 2742 2367 2787 est
2394 2732 2668 2789 Ecclesia.
2702 2735 3001 2804 Propterea
3020 2751 3251 2807 namque
3279 2736 3564 2792 descendit

1965 2821 2097 2874 utin
2129 2821 2265 2875 coelo
2297 2829 2348 2875 et
2376 2837 2503 2877 cum
2526 2822 2621 2876 illo
2652 2839 2819 2876 unum
2877 2831 3062 2878 essent
3111 2825 3202 2895 qui
3259 2841 3358 2895 per
3408 2825 3562 2881 illum

1966 2909 2248 2964 escensuri
2301 2917 2475 2964 erant.
2511 2911 2780 2964 Dominus
2819 2911 3066 2967 ascendit
3096 2926 3109 2979 ;
3143 2928 3344 2982 corpus
3383 2922 3562 2969 autem

1969 3014 2077 3052 non
2108 2999 2373 3062 ascendit,
2409 2999 2506 3054 sed
2531 2999 2767 3054 levatum
2799 3009 2881 3055 est
2908 3000 2963 3054 in
2993 3001 3189 3057 coelum
3220 3002 3311 3058 illo
3348 3002 3565 3059 levante

1970 3097 2060 3167 qui
2093 3098 2363 3151 ascendit.
2429 3097 2486 3152 Si
2531 3097 2651 3166 quis
2691 3097 2832 3152 enim
2873 3098 3176 3162 descendit,
3210 3100 3363 3155 verbi
3391 3101 3564 3172 gratia

1968 3185 2036 3240 de
2066 3195 2253 3240 monte
2285 3186 2468 3241 nudus
2501 3205 2514 3251 ;
2556 3203 2678 3240 cum
2708 3195 2891 3242 autem
2921 3188 3249 3257 ascenderit,
3283 3190 3476 3245 vestiat
3505 3205 3566 3246 se

1969 3282 2116 3330 recte
2146 3293 2159 3328 :
2201 3275 2386 3346 utique
2435 3274 2666 3330 dicimus
2713 3291 2876 3331 nemo
2927 3276 3175 3331 ascendit
3205 3276 3313 3332 nisi
3343 3277 3434 3349 qui
3463 3278 3569 3334 de-

1969 3373 2182 3428 scendit
2214 3390 2226 3435 ;
2261 3388 2364 3428 nec
2394 3381 2598 3428 vestem
2629 3373 3046 3429 consideramus
3076 3391 3236 3445 quam
3267 3391 3454 3430 secum
3494 3375 3573 3432 les

1969 3462 2132 3527 vavit,
2176 3461 2278 3516 sed
2316 3461 2495 3532 ipsum
2570 3463 2662 3533 qui
2700 3463 2928 3520 vestitus
3001 3471 3084 3518 est
3121 3468 3297 3520 solum
3335 3465 3569 3522 dicimus

1968 3549 2302 3604 ascendisse.

2047 3680 2068 3705 it
2104 3657 2168 3710 Et
2198 3656 2336 3712 sicut
2356 3657 2572 3730 Moyses
2602 3657 2862 3714 exaltavit
2897 3664 3213 3730 serpentem
3246 3660 3298 3716 in
3320 3660 3566 3730 deserto,

1970 3753 2047 3809 ita
2077 3753 2302 3808 exaltari
2343 3763 2572 3825 leportet
2638 3756 2827 3811 Filium
2869 3758 3120 3826 hominis,
3164 3765 3221 3813 ut
3259 3759 3437 3814 omnis
3477 3761 3571 3832 qui

1971 3843 2148 3898 credit
2177 3842 2232 3896 in
2264 3844 2464 3914 ipsum,
2497 3860 2608 3900 non
2633 3854 2837 3914 pereat,
2871 3847 2972 3901 sed
3000 3847 3194 3902 habeat
3222 3847 3390 3903 vitam
3421 3856 3571 3903 aeter-

1969 3948 2114 3986 nam.
2142 3954 2162 3979 υ
2210 3934 2480 3987 ΡϐΓῐὶἰΞευὸ
2508 3933 2560 3988 in
2591 3949 2778 3990 eremo
2809 3933 2963 4007 longi
2986 3935 3196 3990 laboris
3223 3936 3457 4006 populus
3471 3936 3571 3993 Dei

1971 4031 2323 4085 murmuravit
2388 4039 2574 4086 contra
2612 4032 2904 4085 Dominum
2947 4040 3000 4086 et
3037 4034 3288 4103 Moysen.
3329 4033 3571 4104 Ideoque

1975 4118 2239 4174 Dominus
2277 4119 2500 4173 immisit
2563 4119 2618 4172 in
2657 4119 2807 4173 illum
2843 4119 3048 4190 ignitos
3087 4129 3390 4190 serpentes.
3435 4122 3568 4177 Cum

1971 4205 2138 4279 igitur
2166 4208 2382 4277 Moyses
2445 4215 2677 4270 orasset,
2711 4208 2872 4276 jussit
2923 4224 3046 4263 eum
3087 4210 3348 4265 Dominus
3387 4209 3572 4266 facere

1975 4304 2285 4366 serpentem
2319 4312 2549 4362 aeneum,
2579 4304 2633 4351 et
2670 4296 2849 4368 plagis
2886 4314 3182 4368 percussos
3237 4299 3485 4369 aspicere
3513 4300 3571 4354 in

259 4423 404 4474 mur,
439 4415 492 4461 et
522 4407 669 4478 quod
700 4407 932 4462 vidimus
964 4412 1247 4474 testamur,
1281 4417 1332 4462 et
1363 4409 1736 4464 testimonium
1770 4427 1868 4466 no.
1895 4407 1953 4473 D
1976 4410 2120 4460 eum:
2164 4403 2220 4448 υι
2259 4395 2528 4451 νίνεΐθιη-
2577 4393 2684 4462 Qui
2723 4403 2852 4449 sum
2888 4403 3169 4465 serpentes
3207 4397 3522 4454 mordentes
3543 4399 3571 4451 Ῡ

259 4512 433 4558 strum
456 4520 564 4559 non
597 4505 871 4574 accipitis.
914 4527 936 4553 ι)
973 4506 1030 4560 Si
1060 4515 1245 4560 essent
1277 4507 1509 4562 humiles
1539 4525 1613 4563 ex
1662 4509 1860 4578 spiritu

259 4593 396 4660 nati,
428 4593 716 4648 crederent
745 4610 807 4648 ea
849 4611 970 4662 quae
1015 4595 1280 4649 Dominus
1327 4611 1450 4650 cum
1497 4597 1783 4668 prophetis
1806 4605 1862 4652 et

259 4682 525 4751 apostolis
555 4691 779 4736 testatur
809 4682 942 4736 foris
974 4685 1177 4738 mundo
1207 4685 1275 4738 de
1308 4685 1389 4738 his
1427 4703 1550 4756 quae
1598 4687 1862 4741 videntur

259 4770 314 4824 in
348 4770 668 4826 abscondito
696 4772 814 4825 Dei.
849 4773 1209 4842 Evangelista
1248 4774 1488 4829 Joannes
1519 4776 1572 4828 in
1620 4793 1860 4831 consue-

257 4860 444 4914 tudine
475 4860 636 4915 habet
667 4861 951 4932 geminare
997 4864 1171 4915 Amen
1203 4862 1256 4915 in
1315 4863 1724 4920 confirmatione
1771 4866 1861 4920 di—

257 4958 506 5012 vinorum
552 4958 848 5026 verborun,
880 4958 1010 5012 illud
1059 4959 1348 5013 attendens
1404 4962 1549 5031 quod
1595 4963 1861 5016 Dominus

258 5045 368 5101 ait:
398 5069 418 5093 tt
448 5047 726 5101 Sitsermo
752 5055 934 5102 vester
959 5048 1082 5101 :Est
1103 5056 1202 5114 est,
1233 5071 1254 5095 υ
1283 5050 1386 5105 hoc
1409 5057 1491 5104 est
1513 5067 1612 5120 per
1633 5051 1864 5121 duplici-

258 5143 424 5190 tatem
449 5135 580 5190 nihil
610 5135 824 5202 dicatis,
858 5136 955 5191 sed
986 5137 1124 5192 sicut
1154 5137 1354 5204 dicitis,
1414 5139 1710 5210 proferatis
1739 5155 1858 5206 ore,

257 5232 494 5288 credatis
525 5234 713 5289 corde.
745 5233 872 5289 Tale
903 5242 986 5290 est
1025 5251 1159 5306 ergo
1209 5238 1401 5304 Amen,
1461 5253 1643 5305 amen,
1693 5254 1758 5294 ac
1813 5238 1860 5293 si

255 5321 466 5377 diceret
499 5339 513 5378 :
543 5322 817 5389 Geminat,
851 5323 908 5378 id
932 5331 1015 5378 est
1046 5325 1329 5381 veritatem
1361 5333 1469 5381 tam
1525 5328 1634 5383 oris
1693 5343 1858 5399 quam

258 5411 446 5466 cordis
475 5413 804 5482 pronuntiat.

329 5524 350 5548 ιι
386 5502 444 5554 Si
475 5509 690 5556 terrena
720 5502 828 5557 dixi
860 5503 1034 5570 vobis,
1069 5511 1124 5557 et
1154 5521 1262 5558 non
1294 5504 1555 5561 creditis:
1581 5506 1858 5576 quomodo

258 5595 305 5648 si
337 5596 526 5651 dixero
555 5598 714 5653 vobis
746 5599 1008 5665 cmlestia,
1043 5602 1274 5655 credetis
1296 5603 1323 5654 ?
1359 5627 1378 5649 υ
1404 5605 1608 5657 Sensus
1641 5612 1721 5658 est
1759 5622 1770 5657 :
1799 5604 1855 5659 Si

258 5699 370 5740 non
415 5686 655 5755 creditis,
714 5704 816 5744 nec
862 5689 1024 5745 etiam
1066 5689 1372 5763 intelligitis
1419 5690 1546 5762 quia
1588 5693 1851 5764 templum

1972 4491 2226 4546 Peccata.
2268 4490 2402 4558 Quis
2424 4506 2654 4560 serpens
2675 4489 2942 4544 exaltatus
2970 4490 2998 4544 ‘P
3033 4491 3275 4546 Mortuus
3306 4491 3572 4548 Dominus

1969 4578 2028 4632 in
2059 4595 2242 4644 cruce,
2288 4579 2377 4650 qui
2420 4595 2519 4649 per
2555 4577 2787 4649 efﬁgiem
2811 4579 3081 4649 serpentis
3123 4579 3400 4652 figuratur,
3444 4581 3573 4653 quia

1971 4694 2002 4733 a
2042 4686 2292 4748 serpente
2331 4693 2501 4732 mors.
2545 4678 2866 4731 Liberantur
2903 4693 3038 4748 ergo
3077 4679 3168 4748 qui
3206 4695 3329 4733 eum
3366 4679 3424 4733 in
3465 4680 3572 4734 ﬁde

1971 4769 2246 4822 intuentur
2272 4783 2301 4820 a
2330 4766 2508 4837 plagis
2550 4765 2851 4837 ignitorum
2891 4767 3246 4836 serpentium,
3289 4768 3342 4822 id
3383 4776 3465 4822 est
3502 4767 3569 4821 ab

1971 4856 2261 4912 iucentivis
2293 4856 2559 4919 vitiorum,
2604 4872 2724 4926 quae
2763 4855 3002 4909 animam
3043 4863 3291 4927 pungunt
3319 4855 3374 4910 in
3413 4872 3569 4912 mor-

1973 4952 2104 5000 tem.

1975 5060 2121 5129 Quid
2136 5061 2210 5116 sit
2226 5061 2561 5133 baptismus,
2585 5063 2641 5115 et
2682 5075 2855 5130 quare
2888 5063 3316 5116 sacramentum
3333 5061 3570 5119 institu-

2503 5152 2625 5203 tum
2655 5149 2734 5203 sit
2758 5148 3045 5216 baptismi.

2053 5260 2074 5288 α
2109 5237 2377 5307 Quaeritur
2391 5253 2424 5293 a
2452 5237 2731 5292 nonnullis
2747 5235 2878 5308 quid
2901 5237 2968 5291 sit
2989 5235 3308 5307 baptismus,
3325 5242 3382 5294 et
3398 5254 3571 5312 quare

1972 5336 2274 5392 institutum
2342 5337 2411 5390 sit
2453 5342 2851 5391 sacramentum
2908 5333 3184 5404 baptismi.
3260 5336 3570 5408 Baptismus

1971 5426 2156 5497 itaque
2195 5433 2280 5481 est
2353 5441 2488 5496 aqua
2527 5423 2801 5479 diluendis
2876 5421 3193 5478 criminibus
3242 5425 3571 5483 sanctiﬁcata

1971 5532 2072 5588 per
2095 5515 2324 5569 verbum
2355 5515 2477 5568 Dei.
2509 5513 2936 5582 (AUGUSTINUS).
2971 5515 3124 5584 Aqua
3153 5514 3299 5568 enim
3329 5516 3440 5571 sola
3462 5518 3573 5573 ele-

1972 5613 2221 5659 mentum
2251 5619 2374 5658 esse
2403 5610 2618 5673 potest;
2653 5610 3048 5658 sacramentum
3080 5619 3204 5660 esse
3230 5621 3339 5659 non
3368 5613 3566 5675 potest,

1971 5694 2149 5750 donec
2178 5692 2408 5749 accedat
2436 5691 2664 5749 verbum
2693 5691 2765 5747 ad
2793 5691 3144 5760 elementum,
3173 5700 3232 5750 ut
3269 5692 3339 5749 sit
3376 5707 3568 5750 sacra-
