3986 6070
484 200 586 251 909

484 327 723 376 mentum
737 360 752 374 .

484 408 589 464 smi
650 415 1070 473 sacaamentum,
1147 415 1199 463 et
1285 423 1451 478 quare
1523 408 1877 478 circumcisio,
1952 424 2073 478 quae

486 498 609 554 loco
634 498 777 551 illius
804 497 977 568 posita
1014 493 1177 551 fuisse
1223 503 1459 566 putatur,
1535 497 1853 554 succedente
1888 498 2073 570 bapti-

485 603 604 643 smo
637 586 816 641 ablata
852 586 937 655 sit,
977 585 1064 641 vel
1126 593 1355 641 mutata.
1400 587 1540 641 Nam
1580 586 1623 641 si
1663 587 1792 643 olim
1831 602 1929 659 per
1963 586 2073 642 cir-

486 684 889 751 cumcisionem,
911 682 1157 738 similiter
1182 691 1240 738 ut
1266 699 1408 739 nunc
1433 700 1531 756 per
1557 684 1906 756 baptismum,
1938 699 2075 755 pec-

488 781 607 830 cata
643 772 1065 839 dimittebantur,
1105 772 1234 843 quid
1299 789 1514 829 necesse
1578 775 1680 829 fuit
1715 781 1773 830 ut
1812 775 1928 845 ipsa
1964 774 2076 830 cir-

487 862 766 933 cumcisio,
796 862 1111 918 succedente
1148 860 1403 934 baptismi
1448 871 1803 933 sacramento,
1835 870 2077 919 mutare-

483 969 569 1016 tur
592 962 620 1016 ‘2
651 961 758 1016 Cur
782 967 960 1017 autem
989 967 1210 1032 accepta
1246 961 1423 1015 minus
1469 960 1733 1031 profuisse
1808 961 2073 1031 credatur,

486 1050 577 1121 qui
605 1049 851 1123 neglecta
877 1065 986 1105 non
1023 1048 1201 1104 minus
1234 1050 1475 1105 necuisse
1523 1048 1818 1106 afﬁrmatur
1859 1051 1888 1106 ‘f
1928 1050 2078 1107 Sicut

487 1138 631 1195 enim
661 1155 803 1194 nunc
831 1155 928 1211 per
953 1137 1309 1210 Evangelium
1340 1138 1533 1194 dicitur
1564 1158 1577 1194 :
1615 1161 1636 1187 ιι
1670 1139 1787 1194 Nisi
1825 1139 1944 1209 quis
1982 1155 2075 1194 re-

488 1235 644 1284 natus
672 1227 831 1283 fuerit
883 1244 950 1281 ex
988 1242 1128 1296 aqua
1156 1233 1210 1282 et
1259 1226 1461 1298 Spiritu
1488 1234 1692 1297 sancto,
1724 1244 1829 1283 non
1860 1228 2079 1284 intrabit

494 1325 550 1382 in
579 1342 810 1399 regnum
841 1325 943 1379 Dei
970 1325 1154 1394 (Joan.
1187 1324 1307 1395 tu);
1346 1348 1369 1373 ι
1402 1326 1474 1381 ita
1488 1325 1615 1382 olim
1633 1326 1918 1399 perlegem
1935 1327 2079 1383 dice-

487 1416 690 1473 batur:
726 1438 749 1463 α
782 1414 1053 1469 Masculus
1114 1413 1263 1483 cujus
1309 1429 1434 1470 caro
1490 1415 1736 1486 prmputii
1762 1414 2078 1471 circumcisa

489 1521 597 1561 non
628 1503 803 1567 fuerit,
845 1501 1044 1572 peribit
1070 1501 1252 1557 anima
1280 1501 1370 1557 illa
1409 1502 1478 1558 de
1518 1504 1719 1575 populo
1757 1520 1853 1559 suo
1889 1504 2067 1576 (Gen.

487 1596 644 1666 xvn),
682 1616 703 1641 ιο
736 1591 838 1647 nisi
864 1590 999 1646 forte
1028 1591 1084 1645 in
1104 1592 1207 1647 hoc
1236 1591 1379 1661 quod
1410 1591 1498 1647 ille
1530 1592 1619 1662 qui
1648 1608 1757 1648 non
1785 1600 1866 1648 est
1890 1593 2075 1666 bapti-

1605 192 1946 251 WERNERI
1982 190 2279 251 ABBATIS
2315 193 2377 250 S.
2426 190 2648 252 BLASII

835 317 1103 388 Quaeritur
1179 334 1342 389 quare
1416 317 1711 374 institutum
1784 320 1855 375 sit
1887 319 2073 390 bapli-
2098 319 2157 380 A
2185 320 2313 376 dum
2338 322 2442 379 hoc
2473 342 2486 380 :
2524 344 2548 372 α
2581 323 2731 380 Sicut
2759 338 2899 395 aqua
2927 322 3217 397 exstinguit
3283 322 3493 396 ignem,
3527 322 3604 378 ita
3633 323 3774 379 elec-

3646 195 3770 255 1οΜ

2181 426 2407 482 mosyna
2435 412 2727 486 exstinguit
2781 421 3059 485 peccatum
3121 414 3320 479 (Eccli.
3352 414 3458 483 ιιι).
3494 435 3520 462 ιι
3557 412 3775 481 Quarta,

2181 499 2425 569 profusio
2447 501 2829 574 lacrymarum,
2851 501 3091 559 Domino
3119 502 3364 558 dicente:
3404 524 3427 551 α
3462 501 3611 571 Quia
3640 501 3783 559 ﬂevit

2182 588 2238 643 in
2266 598 2555 660 conspectu
2582 607 2727 661 meo,
2751 597 2804 648 et
2832 589 3131 648 ambulavit
3152 591 3510 648 tristiscoram
3533 607 3646 657 me,
3681 607 3785 645 non

2182 686 2434 744 inducam
2464 689 2609 745 mala
2642 688 2699 745 in
2727 689 2918 745 diebus
2946 688 3053 745 illis
3078 689 3180 759 (Ill
3194 691 3323 762 Reg.
3344 692 3488 761 xxi).
3514 712 3538 737 ιι
3567 687 3786 758 Quinta,

2183 776 2468 833 criminum
2540 778 2828 845 confessio,
2894 778 3176 834 Psalmista
3228 779 3490 835 dicente:
3538 802 3563 828 ιι
3599 778 3729 834 Dixi
3772 796 3787 834 :

2184 863 2482 922 conﬁtebor
2506 865 2797 938 injustitias
2813 884 2963 924 meas
2973 867 3232 943 Domino,
3254 875 3373 923 ettu
3393 868 3661 923 remisisti
3690 869 3793 922 im-

2183 963 2437 1036 pietatem
2468 965 2672 1038 peccati
2701 966 2809 1023 mei
2848 968 3025 1039 (Psal.
3047 966 3221 1039 xxxx).
3250 986 3273 1018 ι
3308 966 3474 1024 Sexta
3506 974 3589 1023 est
3620 965 3794 1022 condis

2184 1061 2236 1110 et
2262 1055 2503 1126 corporis
2534 1054 2770 1125 aﬂlictio,
2818 1057 3083 1129 Apostolo
3157 1057 3467 1113 consolante
3512 1076 3526 1112 :
3572 1078 3597 1105 ι
3664 1055 3793 1112 Dedi

2184 1141 2491 1215 hujusmodi
2521 1145 2798 1202 hominem
2855 1146 3089 1215 Satanae,
3121 1153 3181 1201 ut
3244 1146 3456 1218 Spritus
3482 1145 3675 1201 salvus
3709 1144 3795 1201 ﬁat

2182 1238 2239 1293 in
2267 1238 2353 1295 die
2382 1240 2600 1297 Domini
2629 1242 2682 1313 (Ι
2711 1242 2838 1300 Cor.
2877 1243 2933 1313 v)
2962 1260 2978 1310 ;
3016 1265 3039 1292 ι
3072 1242 3305 1315 septima
3333 1248 3413 1299 est
3460 1242 3616 1298 enim
3650 1242 3792 1298 datio

2182 1343 2416 1396 morum,
2448 1331 2553 1386 hoc
2596 1337 2678 1386 est
2736 1330 3130 1387 abrenuntiatio
3195 1338 3565 1403 peccatorum,
3604 1331 3794 1387 Evan-

2182 1416 2329 1488 gelio
2359 1424 2688 1475 contestanle
2719 1438 2732 1475 :
2772 1443 2795 1469 α
2829 1420 2955 1475 Jam
2985 1437 3148 1476 sanus
3184 1420 3357 1475 factus
3384 1436 3463 1488 es,
3488 1420 3603 1475 noli
3663 1421 3796 1476 ultra

2182 1522 2423 1577 peccare,
2447 1523 2514 1562 ne
2544 1507 2674 1578 quid
2704 1508 2798 1565 tibi
2825 1508 3057 1566 deterius
3083 1509 3363 1582 contingat
3398 1511 3594 1581 (Joan.
3632 1511 3721 1581 v).
3767 1532 3790 1559 ι

2189 1601 2398 1659 Octava
2427 1612 2508 1660 est
2535 1604 2846 1663 intercessio
2875 1615 3202 1664 sanctorum.
3267 1607 3423 1664 Unde
3454 1606 3591 1662 illud
3627 1626 3643 1662 :
3684 1631 3708 1656 ιι
3740 1606 3795 1664 Si

490 1700 655 1759 zatus,
689 1706 720 1746 a
748 1703 919 1762 regno
980 1687 1080 1744 Dei
1136 1688 1501 1745 excludendus
1538 1690 1748 1761 dicitur,
1824 1691 1914 1748 ille
1952 1707 2082 1750 vero
2110 1668 2164 1731 Β
2193 1688 2312 1758 (Illis
2338 1687 2657 1758 inﬁrmatur,
2688 1691 2991 1749 introducat
3054 1692 3397 1764 presbytems
3422 1691 3709 1760 Ecclesiae,
3748 1697 3797 1747 et

488 1781 579 1853 qui
652 1795 760 1835 non
819 1785 900 1833 est
962 1777 1324 1847 circumcisus,
1399 1778 1666 1849 periturus
1719 1788 2073 1837 memoratur.

487 1869 620 1940 Quis
655 1867 785 1924 velit
820 1865 1118 1938 intelligere
1193 1874 1477 1939 propterea
1513 1867 1840 1940 baptismum
1879 1869 2083 1940 aliquid

486 1967 716 2040 amplius
777 1964 1039 2033 conferre,
1071 1979 1232 2035 quam
1288 1964 1775 2039 circumcisionem,
1809 1966 1935 2037 quia
1969 1966 2082 2023 cir-

485 2055 741 2114 cumcisio
769 2060 1015 2125 suscepta
1043 2069 1075 2108 a
1103 2052 1402 2125 perditione
1445 2061 1649 2110 tantum
1711 2056 1883 2127 potuit
1939 2055 2081 2112 libe-

492 2164 611 2204 rare
643 2165 659 2213 ;
690 2144 991 2214 baptismus
1016 2158 1145 2199 vero
1173 2149 1389 2199 renatos
1417 2143 1578 2199 etiam
1608 2143 1676 2199 ad
1702 2143 1932 2216 gloriam
1963 2160 2085 2217 per-

488 2236 683 2292 ducere
712 2239 909 2305 potest.
955 2230 1096 2286 Nam
1152 2230 1228 2286 illi
1265 2231 1470 2302 antiqui
1524 2233 1726 2300 Patres,
1767 2236 1858 2303 qui
1894 2250 2083 2291 sacra-

487 2330 654 2388 menti
704 2326 1125 2385 circumcisionis
1189 2327 1627 2398 justiﬁcationem
1690 2338 2078 2403 praeceperant,

490 2438 523 2477 a
556 2418 854 2493 perditione
893 2415 1109 2487 quidem
1183 2416 1552 2487 servabantur,
1611 2418 1708 2475 sed
1745 2419 1813 2475 ad
1849 2420 2081 2493 gloriam

489 2509 643 2583 regni
682 2522 793 2562 non
863 2504 1212 2575 ducebantur,
1252 2505 1425 2563 donec
1462 2507 1668 2565 veniret
1705 2509 1795 2565 ille
1831 2510 1921 2580 qui
1950 2526 2080 2565 san-

488 2606 653 2680 guine
702 2618 799 2660 suo
874 2601 1135 2657 frameam
1204 2602 1422 2673 igneam
1495 2604 1837 2677 extinguens,
1878 2607 2080 2662 aditum

488 2693 725 2769 paradisi
761 2707 969 2748 rursum
1046 2690 1391 2763 patefaceret,
1432 2699 1486 2748 et
1555 2693 1895 2750 credentibus
1931 2696 1986 2750 in
2023 2712 2081 2751 se

486 2784 737 2842 omnibus
763 2781 915 2853 regni
944 2781 1177 2836 cmleslis
1196 2780 1417 2851 januam
1447 2782 1563 2852 ipse
1624 2783 1936 2853 praecedens
1964 2783 2081 2856 pri-

485 2891 607 2930 mus
634 2871 889 2944 aperiret.
929 2869 1037 2927 Sed
1064 2868 1339 2926 sciendum
1385 2871 1530 2941 quod
1594 2873 1770 2928 nullus
1807 2888 2081 2944 nunquam

485 2974 555 3031 ab
583 2973 734 3029 initio
762 2971 830 3027 sit
887 2971 1139 3037 salvatus,
1171 2968 1272 3025 nisi
1337 2968 1517 3041 aliquo
1559 2971 1724 3028 modo
1762 2970 2079 3044 baptizatus.

483 3062 661 3134 Aliqui
690 3077 922 3131 namque
951 3059 1205 3132 baptizati
1234 3066 1374 3129 sunt,
1441 3067 1500 3115 ut
1554 3060 1691 3116 Abel
1720 3060 1773 3116 in
1802 3062 2081 3134 sanguinis

485 3152 784 3218 effusione;
814 3148 1032 3220 plurimi
1060 3146 1115 3202 in
1145 3146 1336 3221 ﬁgura,
1370 3155 1429 3204 ut
1484 3148 1600 3205 Noe
1629 3149 1683 3204 in
1721 3149 1909 3207 diluvii
1938 3148 2079 3207 etfu-

484 3250 672 3313 sione;
706 3246 947 3320 plerique
978 3244 1032 3299 in
1061 3243 1241 3317 signo,
1274 3250 1335 3300 ut
1385 3245 1657 3302 Abraham
1689 3254 1743 3303 et
1768 3263 1865 3303 sua
1893 3255 2080 3321 poste-

482 3340 651 3403 ritas;
712 3334 866 3391 multi
938 3333 993 3388 in
1067 3332 1267 3405 Spiritu
1339 3342 1542 3402 sancto,
1582 3342 1641 3390 ut
1704 3336 1988 3392 Christiani
2025 3337 2082 3394 in

483 3443 638 3499 aquae
674 3422 1040 3479 immersione.
1081 3423 1142 3476 In
1181 3424 1285 3478 hoc
1339 3422 1639 3495 baptismus
1676 3426 1908 3497 amplius
1942 3441 2079 3482 con-

486 3517 605 3586 fert,
640 3513 768 3585 quia
794 3517 1010 3568 renatos
1036 3509 1162 3567 hinc
1229 3519 1505 3581 exeuntes,
1536 3513 1715 3568 statim
1746 3513 1816 3569 ad
1850 3530 2079 3588 regnum

484 3611 647 3670 mittit
675 3628 689 3667 :
731 3608 876 3681 quod
908 3615 1087 3664 tamen
1114 3624 1184 3663 ex
1240 3608 1433 3665 virtute
1460 3609 1739 3683 sanguinis
1774 3610 1879 3667 fusi
1906 3611 2081 3686 ipsam

483 3716 679 3774 aquam
707 3695 1085 3755 sanctiﬁcautis
1112 3696 1468 3754 condonatur.

554 3808 613 3867 Si
649 3805 815 3881 igitur
841 3802 961 3877 quis
985 3800 1163 3859 dicere
1203 3804 1332 3860 velit
1358 3801 1559 3862 idcirco
1615 3805 2077 3866 circumcisionem

478 3906 749 3980 baptismo
821 3907 1081 3958 mutatam
1137 3908 1196 3958 ut
1267 3900 1323 3957 in
1394 3901 1665 3975 baptismo
1738 3905 2081 3978 perﬁceretur

481 3992 625 4066 quod
651 3987 985 4048 circumcisio
1014 3986 1240 4059 implere
1270 4002 1379 4044 non
1406 3989 1599 4059 potuit,
1650 3990 1890 4047 fortassis
1916 3991 2077 4049 vide-

479 4084 624 4141 bitur
657 4077 1041 4137 convenienter
1102 4076 1179 4132 illi
1215 4077 1528 4149 responderi
1566 4094 1745 4149 posse,
1813 4079 1939 4151 quia
1975 4083 2080 4139 hoc

485 4178 628 4252 quod
701 4174 936 4249 amplius
972 4188 1083 4230 non
1148 4179 1228 4229 est
1264 4173 1319 4228 in
1356 4174 1646 4247 baptismo,
1687 4193 1754 4232 ex
1808 4176 2078 4250 baptismo

479 4285 587 4325 non
616 4273 715 4331 est,
745 4262 840 4318 scd
869 4278 938 4319 ex
964 4261 1215 4331 passione
1281 4263 1476 4320 Christi
1505 4264 1833 4336 baptismum
1870 4266 2076 4324 sancti-

471 4357 666 4414 ﬁcante
693 4352 992 4424 impletum.
1052 4351 1201 4407 Idem
1230 4368 1359 4409 vero
1387 4352 1848 4412 circumcisionem
1894 4356 2074 4414 facere

476 4444 733 4520 potuisse,
806 4439 851 4495 si
881 4439 956 4493 illi
993 4439 1173 4509 passio
1248 4439 1448 4496 Christi
1505 4442 1561 4496 in
1633 4446 2067 4516 cooperationem

478 4539 912 4604 sanctiﬁcationis
977 4538 1229 4610 adjuncta
1258 4540 1461 4597 fuisset.
1495 4542 1636 4598 Nam
1689 4545 1746 4600 in
1774 4544 2062 4618 baptismo,

477 4640 734 4709 quantum
781 4628 983 4686 scilicet
1044 4636 1248 4701 spectat
1284 4630 1354 4685 ad
1390 4631 1639 4687 virtutem
1675 4633 1947 4706 baptismi,
1986 4635 2066 4691 si-

474 4724 674 4784 militer
697 4726 757 4776 ut
784 4718 840 4774 in
892 4716 1318 4789 circumcisione,
1366 4720 1609 4777 remissio
1642 4728 1853 4779 tuorum
1884 4725 2065 4796 perci-

470 4824 616 4897 pitur
677 4824 1039 4892 peccatorum,
1070 4814 1197 4886 quia
1257 4815 1394 4873 sicut
1419 4817 1617 4874 dictum
1682 4827 1761 4875 est
1792 4821 1936 4892 quod
1966 4822 2062 4893 ju-

473 4909 711 4971 stiﬁcatis
746 4913 936 4979 postea
1008 4904 1183 4960 aditus
1220 4906 1411 4978 patria:
1482 4907 1714 4964 scelestis
1786 4911 2057 4983 panditur,

473 5017 629 5060 cruce
649 4995 842 5056 Christi
869 4993 1223 5052 condonatur.
1256 4993 1389 5064 Quae
1443 4997 1687 5053 remissio
1714 5007 2058 5068 peccatorum

471 5087 758 5146 duodecies
792 5083 907 5141 ﬁeri
935 5098 1092 5156 posse
1123 5099 1155 5139 a
1217 5082 1526 5141 doctoribus
1570 5085 1831 5143 innuitur.
1879 5088 2059 5146 Prima

469 5185 732 5257 siquidem
760 5181 1004 5239 remissio
1032 5188 1113 5237 est
1174 5197 1279 5252 qua
1304 5182 1643 5255 baptizamur
1667 5185 1723 5241 in
1773 5203 1933 5259 aqua,
1963 5204 2057 5244 se-

469 5273 703 5331 cundum
732 5271 860 5343 illud
894 5290 905 5325 :
943 5294 965 5318 α
997 5270 1110 5325 Nisi
1141 5270 1261 5341 quis
1315 5281 1530 5329 renatus
1555 5274 1717 5331 fuerit
1742 5293 1810 5332 ex
1838 5293 1978 5348 aqua
2006 5285 2060 5335 et

471 5362 673 5435 Spiritu
698 5364 903 5425 sancto,
936 5374 1043 5413 non
1073 5365 1246 5428 potest
1269 5361 1449 5418 videre
1473 5380 1701 5436 regnum
1730 5366 1827 5422 Dei
1858 5368 2049 5439 (Joan.

486 5461 570 5531 ιι).
600 5481 622 5507 υ
639 5454 907 5523 Secunda,
935 5453 1210 5510 charitatis
1240 5456 1468 5526 affectio,
1491 5468 1548 5516 ut
1575 5469 1654 5517 est
1682 5463 1813 5518 illud
1845 5483 1858 5520 :
1897 5486 1918 5513 ι
1944 5466 2056 5521 Re-

469 5549 750 5604 mittunlur
785 5542 835 5596 ei
904 5546 1127 5609 peccata
1163 5545 1347 5615 multa,
1420 5549 1544 5617 quia
1606 5550 1794 5607 dilexit
1827 5554 2055 5611 multum

469 5658 623 5733 (Luc.
654 5649 774 5721 vn).
811 5669 833 5695 η
863 5643 1064 5713 Tertia,
1093 5644 1563 5725 eleemosynarum
1596 5656 1814 5731 fructus,
1855 5677 2054 5719 secun-

2192 1785 2346 1834 orent
2374 1793 2472 1850 pro
2546 1794 2633 1836 eo.
2673 1780 2898 1836 Multum
2964 1781 3109 1838 enim
3146 1781 3292 1839 valet
3327 1780 3645 1851 deprecatio
3667 1779 3795 1852 justi

2193 1866 2406 1924 assidua
2433 1869 2573 1941 (Jac.
2591 1869 2669 1942 v).
2695 1891 2718 1919 ιι
2744 1870 2902 1927 Nona
2914 1877 2991 1927 est
3006 1870 3394 1937 misericordia,
3413 1887 3478 1927 ac
3497 1869 3798 1927 fideimeri-

2191 1971 2304 2021 tum
2339 1985 2355 2035 ;
2383 1967 2526 2024 unde
2556 1976 2636 2025 est
2664 1970 2810 2026 hoc:
2846 1993 2869 2018 ι
2904 1969 3050 2026 Beati
3107 1968 3505 2037 misericordes,
3537 1969 3794 2040 quoniam

2191 2053 2297 2124 ipsi
2328 2055 2756 2114 misericordiam
2788 2067 3184 2129 consequentur
3207 2060 3435 2131 (Matth.
3474 2059 3556 2129 v).
3584 2081 3608 2107 ι
3632 2058 3796 2114 Deci-

2191 2160 2282 2199 ma
2310 2152 2392 2200 est
2450 2147 2787 2204 conversatio
2826 2154 2880 2204 et
2932 2148 3181 2204 salutatio
3234 2147 3560 2215 alienorum,
3590 2148 3795 2204 Iacobo

2189 2232 2539 2291 conﬁrmante
2573 2254 2586 2292 :
2624 2258 2647 2285 «ι
2681 2235 2784 2306 Qui
2811 2238 3053 2295 converti
3098 2237 3287 2293 fecerit
3332 2244 3690 2309 'peccatorem
3728 2236 3793 2292 ab

2191 2346 2373 2388 errore
2399 2332 2504 2390 viae
2532 2350 2664 2400 suae,
2681 2334 2913 2391 salvabit
2939 2332 3174 2391 animam
3202 2335 3317 2404 ejus
3335 2352 3367 2391 a
3394 2344 3593 2403 morte,
3632 2356 3659 2386 ι
3693 2343 3793 2391 etc.

2189 2420 2332 2493 (Jac.
2346 2424 2445 2493 v.).
2468 2421 2576 2478 Sed
2597 2423 2789 2479 melius
2804 2423 2899 2479 tibi
2912 2432 2993 2480 est
3006 2423 3415 2492 utinﬁrmussis,
3429 2432 3483 2481 et
3498 2425 3792 2481 solitariam

2189 2510 2356 2567 vitam
2386 2509 2602 2581 ducere,
2634 2528 2797 2583 quam
2826 2529 2948 2570 cum
2979 2513 3226 2586 plurimis
3254 2514 3451 2587 perire.
3492 2514 3796 2572 Undecima

2189 2613 2272 2661 est
2329 2606 2665 2680 indulgentia
2702 2616 2757 2664 et
2822 2608 3069 2665 remissio
3123 2616 3325 2680 nostra,
3364 2611 3595 2667 veritate
3634 2610 3793 2665 Chri-

2189 2702 2270 2751 sto
2298 2696 2636 2767 permittente
2667 2704 2720 2753 et
2774 2697 2983 2755 dicente
3016 2718 3029 2754 :
3068 2722 3091 2748 α
3141 2698 3429 2766 Dimittite,
3467 2707 3523 2754 et
3551 2699 3796 2755 dimitte-

2192 2790 2277 2839 tur
2303 2784 2459 2841 vobis
2511 2787 2673 2856 (Luc.
2712 2787 2817 2858 vx).
2861 2806 2885 2838 ι
2932 2786 3270 2844 Duodecima
3305 2797 3387 2844 est
3421 2788 3606 2859 passio
3646 2805 3797 2845 mar-

2190 2880 2386 2945 tyrum,
2416 2890 2541 2946 spes
2595 2875 2755 2931 unica
2799 2875 2984 2932 salutis
3038 2876 3388 2950 indulgentiae
3417 2876 3683 2934 cruciﬁxo
3711 2878 3797 2934 la-

2192 2970 2353 3040 troni,
2421 2971 2655 3029 Domino
2721 2972 2967 3029 dicente:
3006 2995 3029 3023 α
3085 2975 3281 3043 Amen,
3313 2989 3477 3030 amen
3512 2973 3638 3031 dico
3679 2973 3795 3043 tibi,

2192 3059 2351 3116 hodie
2387 3077 2601 3117 mecum
2633 3060 2738 3118 eris
2768 3060 2824 3117 in
2850 3061 3103 3133 paradiso
3132 3065 3288 3135 (Luc.
3320 3064 3501 3134 XXIII).

2259 3166 2458 3225 Omnia
2532 3168 2711 3241 itaque
2783 3177 3121 3227 sacramenta
3193 3170 3443 3243 quaedam
3482 3188 3603 3227 esse
3640 3170 3796 3245 signa

2187 3263 2305 3336 ejus
2333 3281 2454 3336 quae
2518 3281 2617 3338 per
2644 3266 2737 3322 illa
2799 3264 2957 3322 datur
2982 3265 3171 3340 gratim
3233 3266 3527 3338 spiritualis
3552 3275 3787 3324 constat.

2188 3352 2414 3427 Oportet
2442 3362 2620 3411 autem
2651 3362 2728 3423 ut,
2777 3355 3075 3412 secundum
3105 3372 3415 3429 processum
3463 3363 3793 3429 temporum,

2185 3442 2543 3513 spiritualium
2607 3444 2901 3518 gratiarum
2930 3444 3088 3519 signa
3139 3446 3318 3520 magis
3344 3461 3410 3503 ac
3438 3446 3619 3520 magis
3640 3462 3794 3502 sem-

2185 3548 2285 3605 per
2311 3532 2583 3590 evidentia
2619 3550 2685 3591 ac
2755 3533 3080 3591 declaranda
3116 3534 3497 3607 formarentur,
3571 3543 3629 3591 ut
3667 3551 3791 3593 cum

2184 3629 2378 3688 effectu
2423 3630 2609 3687 salutis
2680 3639 2944 3689 cresceret
2980 3632 3217 3707 cognitio
3288 3633 3556 3690 veritatis.
3605 3636 3791 3706 Itaque

2183 3718 2285 3776 sub
2322 3721 2444 3795 lege
2506 3720 2737 3777 naturali
2800 3720 3034 3794 primum
3071 3722 3199 3779 data
3268 3731 3395 3779 sunt
3427 3733 3789 3790 sacramenta,

2184 3807 2589 3877 decimationes,
2634 3808 2918 3878 sacriﬁcia,
2959 3821 3014 3867 et
3048 3810 3370 3883 oblationes,
3409 3820 3467 3869 ut
3504 3813 3563 3868 in
3634 3811 3790 3869 deci-

2182 3905 2420 3963 matione
2449 3905 2670 3977 quidem
2708 3914 3049 3979 peccatorum
3113 3907 3384 3977 remissio,
3425 3909 3481 3964 in
3507 3908 3787 3966 sacriﬁciis

2180 4009 2311 4052 vero
2374 3994 2552 4052 carnis
2620 3995 2980 4067 mortiﬁcatio,
3020 3996 3076 4052 in
3129 3996 3402 4054 oblatione
3440 4006 3623 4054 autem
3660 3998 3788 4055 doni

2181 4082 2361 4154 operis
2379 4083 2641 4141 exhibitio
2669 4085 2995 4158 signaretur.
3043 4085 3152 4142 Sed
3207 4094 3322 4143 erat
3349 4086 3582 4143 obscura
3607 4088 3787 4161 signi-

2180 4179 2360 4238 ﬁcatio
2389 4182 2505 4239 haec
2568 4181 2624 4236 in
2680 4189 3016 4239 sacramento
3052 4182 3446 4252 decimationis,
3494 4183 3588 4239 ubi
3618 4185 3783 4240 homo

2178 4268 2247 4323 de
2276 4269 2359 4324 his
2387 4286 2509 4341 qua:
2535 4269 2862 4342 possidebat.
2913 4278 3120 4342 partem
3166 4271 3378 4342 obtulit,
3410 4280 3619 4344 partem
3648 4273 3783 4328 mti-

2182 4358 2319 4425 nuit,
2349 4366 2409 4413 ut
2437 4359 2505 4414 ad
2534 4361 2677 4415 hunc
2717 4359 2945 4416 modum
2974 4359 3031 4415 in
3059 4376 3124 4416 eo
3152 4360 3298 4431 quod
3343 4369 3459 4416 erat
3483 4363 3629 4431 quod
3669 4362 3780 4416 im-

2179 4447 2528 4517 perfectionis
2591 4456 2645 4504 et
2680 4446 2922 4505 defectus
2993 4449 3095 4505 fuit
3128 4449 3233 4505 sibi
3289 4449 3592 4521 tribueret;
3633 4450 3781 4522 quod

2175 4559 2304 4601 vero
2346 4544 2417 4601 ad
2454 4545 2749 4602 bonitatem
2786 4546 3083 4618 spectabat,
3122 4547 3237 4604 Deo
3274 4548 3586 4620 imputaret.
3660 4549 3781 4605 Hoc

2174 4632 2278 4688 sibi
2307 4634 2593 4692 voluerunt
2655 4650 2812 4692 novae
2844 4643 3030 4706 partes
3094 4643 3336 4704 retentae,
3368 4637 3497 4707 quia
3525 4653 3778 4694 novena-

2172 4722 2283 4778 rius
2308 4722 2524 4796 signum
2562 4730 2644 4780 est
2705 4724 3143 4797 imperfectionis,
3200 4741 3234 4782 a
3261 4725 3485 4782 denario
3530 4727 3776 4798 perfecto

2171 4819 2449 4878 deﬁciens.
2498 4822 2788 4895 Propterea
2814 4830 2993 4879 autem
3058 4823 3186 4895 quia
3236 4825 3523 4881 obscurum
3553 4825 3775 4900 signum

2168 4908 2273 4964 fuit
2298 4910 2690 4967 emendationis
2745 4912 2801 4967 in
2830 4911 3207 4984 decimatione,
3275 4913 3402 4969 data
3430 4921 3511 4970 est
3539 4915 3775 4971 circum-

2166 4996 2317 5070 cisio,
2378 5006 2438 5056 ut
2463 4999 2715 5058 virtutem
2773 5000 3169 5072 justiﬁcationis
3203 5002 3506 5060 evidentius
3530 5002 3773 5060 demon-

2163 5093 2372 5158 straret,
2413 5090 2628 5160 quando
2707 5089 2907 5146 dictum
2979 5098 3058 5147 est
3095 5091 3303 5147 homini
3339 5099 3397 5148 ut
3461 5093 3769 5164 portionem

2164 5185 2338 5241 carnis
2362 5202 2474 5242 suae
2503 5201 2612 5242 non
2657 5186 2876 5258 quidem
2911 5188 3258 5260 superﬂuam,
3313 5189 3412 5245 sed
3439 5190 3585 5245 illius
3621 5191 3766 5262 quod

2163 5274 2490 5345 superﬂuum
2520 5275 2715 5331 eratin
2747 5276 2965 5333 homine
3018 5277 3234 5351 signum
3284 5277 3539 5348 auferret,
3582 5288 3643 5336 ut
3665 5295 3770 5351 per

2164 5364 2268 5419 hoc
2291 5371 2608 5436 agnosceret
2643 5364 2768 5433 quia
2805 5366 3020 5438 culpam
3059 5383 3221 5437 quam
3259 5374 3450 5424 natura
3477 5384 3581 5439 per
3613 5370 3761 5424 illam

2164 5469 2372 5533 partem
2425 5461 2667 5535 corporis
2700 5465 2953 5535 traheret,
3003 5466 3179 5538 gratia
3232 5481 3331 5537 per
3363 5475 3763 5522 sacramentum

2164 5568 2587 5625 circumcisionis
2614 5569 2949 5627 emundaret.
2982 5570 3091 5629 Sed
3120 5571 3249 5643 quia
3278 5573 3764 5631 circumcisiotan-

2163 5671 2278 5721 tum
2308 5681 2428 5737 qua
2491 5667 2622 5725 foris
2662 5674 2784 5725 sunt
2847 5667 3192 5728 euormitates
3241 5677 3525 5746 amputare
3562 5676 3761 5747 potest,
