4042 6080
237 271 377 326 1009
1144 243 1730 310 DEFLORATIONES
1768 240 1873 301 SS.

1982 239 2220 297 LTRUM.
2260 270 2330 284 -
2367 242 2494 299 LIB.
2528 244 2600 300 II.
2714 288 2717 289 ν
3399 244 3539 298 1010

239 393 377 449 Cum
407 405 538 447 vero
567 378 722 445 dives
751 400 850 459 pro
877 379 1136 440 fratribus
1164 375 1307 433 male
1333 372 1640 431 viventibus
1693 385 1828 443 pre-
1857 367 1916 431 Α
1942 364 2083 459 dam
2128 381 2257 423 vero
2313 367 2530 435 divites,
2561 374 2619 425 ut
2657 366 2953 435 Cenchres,
2975 364 3238 424 Pharaon
3268 373 3320 423 et
3345 366 3539 425 Nabuo

240 498 334 539 ces
354 480 565 546 fundat,
601 455 917 550 patet—quod
958 468 1203 527 damnati
1231 465 1485 538 quedam
1514 477 1626 518 non
1653 468 1839 516 tamen
1945 455 2309 523 chodonosor,
2341 456 2708 521 damnantur;
2744 455 2961 530 quidam
2980 471 3273 527 pauperes,
3294 455 3541 513 utLaza-

244 569 429 627 omnia
467 568 536 624 de
565 566 704 623 vivis
735 566 931 621 sciant.
962 563 1099 617 Ante
1121 556 1387 628 judicium
1432 558 1612 608 autem
1642 563 1839 621 repro-

246 658 303 715 bi
330 658 536 715 electos
562 656 618 711 in
674 653 881 726 gaudio
920 647 1265 720 conspiciunt
1301 652 1360 699 ut
1386 640 1566 714 magis
1621 638 1841 695 doleant

252 756 399 829 quod
429 757 534 811 hoc
579 751 801 823 assequi
847 747 1230 821 neglexerunt,
1289 740 1556 812 aspiciunt
1592 735 1749 793 electi
1786 741 1843 789 et

250 825 515 917 reprobos
543 842 597 896 in
628 838 919 912 supplicio,
943 834 1249 905 utamplius
1269 830 1541 917 gaudeant
1568 825 1713 917 quod
1738 826 1843 878 hoc

252 916 354 990 Dei
384 932 560 1005 gratia
589 931 881 1000 adjuvante
909 930 1223 981 evaserunt.
1253 922 1377 976 Post
1418 916 1687 987 judicium
1715 926 1846 968 vero

255 1023 387 1078 boni
399 1036 618 1090 semper
630 1018 850 1091 quidem
865 1015 1036 1070 malos
1046 1011 1314 1069 videbunt
1333 1026 1346 1073 ;
1369 1006 1500 1063 mali
1515 1013 1698 1061 autem
1710 1016 1849 1057 nun-

252 1136 414 1193 quam
448 1119 624 1174 bonos
646 1109 1241 1171 videbunt.Notandum
1262 1121 1395 1163 vero
1413 1102 1560 1193 quod
1582 1101 1628 1157 is
1645 1100 1849 1193 linguae

254 1188 569 1281 specialiter
598 1205 729 1278 petit
757 1201 1110 1272 refrigerium
1164 1199 1325 1267 (Luc.
1367 1192 1515 1265 xvr),
1574 1205 1739 1263 quem
1793 1188 1851 1243 in

257 1306 513 1363 omnibus
553 1301 815 1358 membris
869 1297 1138 1370 coquebat
1193 1292 1534 1350 incendium.
1597 1289 1704 1345 Per
1757 1286 1857 1343 hoc

257 1397 421 1453 datur
475 1391 705 1465 intelligi
762 1388 1061 1462 quemlibet
1112 1385 1168 1440 in
1223 1400 1292 1440 eo
1323 1381 1569 1437 membro
1624 1375 1857 1447 amplius

257 1499 529 1551 tormenta
559 1504 870 1560 passurum,
911 1486 967 1540 in
996 1500 1105 1554 quo
1147 1481 1422 1552 majorem
1454 1474 1704 1533 exercuit
1725 1489 1858 1546 pec-

259 1580 425 1639 candi
455 1595 639 1634 usum.
680 1578 747 1632 Et
779 1574 905 1648 quia
954 1574 1041 1630 hic
1078 1572 1296 1627 deditur
1318 1565 1597 1631 edacitati,
1649 1563 1860 1636 jugiter

263 1677 607 1734 inserviebat
664 1671 996 1747 loquacitati,
1048 1671 1192 1740 juste
1224 1668 1400 1723 dictur
1429 1664 1485 1720 in
1526 1663 1715 1736 lingua
1734 1660 1857 1735 plus

262 1766 497 1825 cruciari
537 1780 697 1837 quam
728 1778 948 1833 semper
984 1758 1209 1816 laxabat
1235 1755 1419 1810 inania
1455 1751 1576 1809 fari.

333 1867 402 1922 Et
433 1862 729 1919 notandum
760 1859 904 1932 quod
933 1856 1066 1913 nulli
1094 1855 1298 1929 legitur
1330 1851 1623 1925 quidquam
1642 1846 1864 1919 rapuis-

274 1970 356 2024 se,
387 1952 485 2009 sed
515 1949 893 2007 tantummodo
934 1945 1152 2019 propria
1182 1959 1290 1998 non
1311 1940 1595 1996 tribuisse.
1624 1938 1691 1993 Et
1721 1936 1767 1990 si
1795 1934 1864 2003 is,

264 2044 493 2108 fratres,
544 2048 697 2095 tanto
735 2036 1001 2109 supplicio
1030 2032 1283 2107 plectitur
1339 2031 1428 2101 qui
1456 2026 1673 2101 propria
1702 2023 1867 2081 mini-

271 2149 360 2189 me
393 2130 647 2201 largitur,
679 2126 808 2198 quid
845 2126 914 2180 de
953 2124 1037 2178 his
1059 2131 1141 2178 est
1169 2119 1513 2176 sentiendum
1538 2114 1631 2187 qui
1651 2128 1870 2184 semper

276 2228 455 2304 parati
486 2234 612 2283 sunt
634 2224 703 2280 ad
732 2222 1053 2294 rapiendum
1077 2220 1105 2274 ?
1136 2218 1276 2273 Dicit
1297 2216 1569 2285 Scriptura
1598 2211 1667 2267 de
1695 2209 1870 2265 otiose

274 2331 738 2390 comedentibus:
793 2349 817 2374 «ι
879 2325 1028 2382 Sulci
1086 2322 1406 2379 clamabunt
1453 2318 1718 2373 adversus
1774 2327 1871 2369 eos

274 2424 391 2493 (Job
436 2420 608 2491 xxxi),
670 2440 692 2469 ιι
758 2416 826 2471 de
874 2414 1084 2470 furibus
1140 2418 1323 2467 autem
1380 2416 1432 2465 et
1511 2404 1805 2477 rapacibus
1856 2420 1870 2459 :

279 2533 303 2563 ι
340 2511 511 2567 Terra
540 2513 894 2564 convertetur
906 2503 985 2558 eis
1014 2502 1066 2557 in
1082 2501 1259 2573 picem
1273 2498 1563 2554 ardentem
1580 2493 1875 2564 etsulpbur

278 2608 453 2681 (Ipsa.
494 2606 724 2674 xxxxv).
772 2624 794 2652 ιι
830 2600 929 2656 Hic
960 2598 1113 2653 dives
1132 2595 1319 2667 aliqua
1351 2594 1609 2663 bonapro
1638 2591 1877 2645 humana

278 2704 441 2761 laude
470 2702 615 2768 fecit,
658 2707 713 2756 et
742 2699 946 2754 bonam
991 2693 1301 2749 mercedem
1327 2692 1528 2747 horum
1591 2704 1696 2759 pro
1733 2687 1878 2743 bona

274 2790 598 2864 temporalia
630 2788 839 2859 recepit
871 2800 887 2853 ;
921 2786 1158 2840 Lazarus
1201 2795 1331 2838 vero
1361 2779 1544 2851 aliqua
1574 2777 1718 2832 mala
1746 2793 1880 2848 ges-

277 2898 448 2956 serat,
481 2904 602 2961 quae
635 2886 725 2941 hic
752 2882 940 2939 dolore
969 2879 1218 2951 corporis
1246 2878 1441 2933 luerat.
1474 2874 1879 2947 (Caesonius)

279 2978 545 3043 Pensate,
580 2989 791 3048 quaeso,
816 2968 1147 3033 charissimi,
1189 2983 1348 3040 quam
1380 2965 1631 3021 districta
1659 2963 1885 3031 suntju-

1951 559 2048 599 rus
2078 552 2128 601 et
2146 545 2421 615 monachi,
2442 546 2755 601 ditabuntur
2776 563 2793 613 ;
2812 544 3036 619 quidam
3056 552 3263 611 autem,
3286 552 3344 599 ut
3364 544 3541 600 Judas

1954 635 2159 709 aliique
2190 636 2539 706 fraudulenti,
2586 638 2824 695 miseriis
2849 637 3067 694 internis
3096 639 3401 694 traduntur.
3439 637 3542 693 Di-

1959 750 2057 790 ves
2077 735 2258 801 etiam,
2292 736 2384 807 qui
2414 752 2651 807 purpura
2682 744 2735 792 et
2760 735 2926 810 bysso
2956 734 3301 800 induebatur,
3343 742 3427 791 est
3446 735 3545 790 Ju-

1962 825 2153 880 daicus
2188 825 2440 895 populus,
2475 826 2566 897 qui
2615 840 2789 896 regno
2835 832 2888 880 et
2908 824 3213 881 sacerdotio
3267 825 3405 897 legis
3435 824 3548 896 glo-

1962 913 2225 969 riabatur.
2250 913 2350 969 Per
2375 930 2668 987 purpuram
2699 915 2903 987 quippe
2924 930 3179 987 regnum,
3211 930 3309 987 per
3325 915 3548 985 byssum

1957 1010 2283 1085 designatur
2298 1010 2659 1068 sacerdotium
2674 1052 2688 1066 .
2727 1012 2827 1068 Hic
2848 1011 3092 1084 quotidie
3121 1010 3407 1083 splendide
3426 1026 3554 1081 epu-

1960 1099 2200 1166 labatur,
2225 1100 2353 1155 dum
2383 1100 2441 1154 in
2495 1099 2757 1156 exteriori
2782 1099 2930 1155 cultu
2959 1098 3029 1155 de
3053 1098 3274 1155 ferculis
3328 1096 3469 1171 legis
3498 1103 3556 1152 et

1963 1189 2353 1261 prophetarum
2383 1188 2759 1260 saginabatur.
2794 1189 2897 1245 Per
2925 1204 3221 1259 pauperem
3250 1203 3383 1245 vero
3412 1201 3558 1259 gen-

1964 1277 2077 1333 tilis
2106 1276 2343 1349 p0pulus
2390 1275 2794 1348 praefiguntur,
2853 1276 2946 1349 qui
2984 1276 3258 1332 ulceribus
3314 1282 3558 1348 peccato-

1967 1382 2089 1423 rum
2121 1366 2490 1423 sauciabatur.
2524 1365 2624 1422 Hic
2651 1364 2821 1421 micas
2850 1365 2919 1421 de
2944 1379 3136 1420 mensa
3165 1363 3423 1421 cadentes
3450 1379 3562 1420 non

1970 1464 2288 1535 accipiebat,
2320 1464 2451 1536 quia
2478 1478 2583 1519 nec
2612 1462 2897 1517 minimam
2952 1460 3278 1517 sententiam
3310 1460 3379 1516 de
3409 1474 3564 1517 sacra

1970 1554 2253 1624 Scriptura
2282 1552 2567 1607 audiebat.
2607 1551 2785 1608 Canes
2815 1558 2995 1606 autem
3050 1550 3341 1605 venientes
3383 1548 3569 1605 ulcera
3612 1577 3615 1581 «

1973 1652 2092 1720 ejus
2120 1650 2421 1724 lingebant,
2445 1648 2573 1722 quia
2599 1647 2832 1721 apostoli
2863 1664 3026 1704 canes
3047 1647 3167 1713 Dei,
3200 1663 3325 1703 eum
3346 1645 3570 1717 copiose

1891 1726 1948 1788 Β
1976 1740 2157 1813 legem
2190 1739 2288 1795 Dei
2312 1738 2674 1804 instruebant,
2733 1737 2916 1794 ulcera
2944 1744 3292 1807 peccatorum
3339 1734 3575 1791 medica-

1973 1829 2120 1885 mine
2142 1827 2474 1901 poenitentia
2496 1825 2851 1883 claudebant.
2884 1824 2983 1882 Hic
3011 1833 3255 1880 mortuus
3283 1823 3339 1879 in
3395 1822 3574 1878 sinum

1974 1918 2204 1974 Abrahae
2251 1923 2515 1987 portatur,
2552 1914 2706 1969 dives
2737 1913 2791 1967 in
2820 1912 3036 1969 inferno
3091 1911 3408 1978 tumulatur,
3450 1910 3578 1984 quis

1982 2034 2001 2068 ι
2026 2015 2181 2071 multi
2211 2013 2402 2070 fideles
2424 2013 2492 2067 ab
2521 2012 2727 2069 oriente
2747 2010 2967 2069 venient
2994 2018 3046 2067 et
3071 2010 3579 2075 occidente,etcum

1977 2104 2259 2159 Abraham
2293 2110 2339 2157 et
2374 2102 2531 2157 Isaac
2560 2108 2612 2156 et
2640 2098 2872 2154 Jacobin
2886 2114 3060 2171 regno
3090 2097 3351 2154 caelorum
3368 2111 3580 2153 recum-

1980 2189 2449 2262 bent;ﬁliiautem
2479 2188 2656 2262 regni,
2682 2212 2703 2234 -
2728 2187 2934 2243 scilicet
2960 2185 3151 2258 perﬁdi
3177 2185 3373 2253 Judaei,
3412 2208 3433 2235 α
3485 2184 3581 2253 eji-

1980 2291 2189 2347 cientur
2214 2288 2269 2343 in
2302 2288 2556 2343 tenebras
2569 2285 2873 2341 exteriores
2895 2285 3118 2356 (Matth.
3141 2291 3282 2352 vui),
3313 2283 3442 2354 quia
3461 2296 3574 2337 non

1980 2374 2337 2431 crediderunt
2364 2371 2535 2443 Moysi
2556 2386 2657 2424 nec
2711 2369 3028 2441 prophetis,
3050 2385 3151 2424 nec
3167 2366 3383 2423 Christo
3400 2381 3583 2422 resur-

1983 2463 2134 2536 genti
2153 2477 2186 2517 a
2216 2461 2441 2516 mortuis
2455 2460 2638 2515 .Nunc
2652 2474 2866 2531 quoque
2887 2457 3027 2512 bella
3048 2456 3301 2527 leguntur
3318 2470 3512 2527 regum
3527 2460 3584 2509 et

1984 2551 2232 2609 victoriae
2265 2549 2505 2614 illorum,
2537 2557 2595 2603 ut
2625 2564 2721 2620 per
2742 2548 2859 2603 haec
2878 2546 3213 2601 instruamur
3230 2549 3458 2615 peccata
3485 2542 3584 2599 de-

1985 2640 2218 2706 bellare,
2250 2645 2303 2693 et
2331 2636 2564 2693 victores
2580 2636 2816 2692 existere
2844 2633 3125 2689 vitiorum.
3154 2632 3378 2703 Legitur
3397 2638 3583 2686 autem

1986 2737 2132 2809 quod
2154 2735 2374 2805 quidam
2404 2733 2490 2787 vir
2505 2732 2641 2786 duas
2670 2746 2869 2787 uxores
2900 2728 3170 2795 habuerit,
3204 2744 3431 2801 quarum
3474 2742 3583 2782 una

1988 2825 2245 2892 fecunda,
2278 2822 2446 2877 altera
2475 2820 2677 2875 sterilis
2705 2819 2887 2885 fuerit,
2920 2827 2974 2874 et
3003 2817 3223 2873 tandem
3255 2816 3457 2872 sterilis
3486 2814 3586 2870 Sa—

1989 2913 2222 2970 muelem
2254 2909 2511 2983 genuerit
2534 2909 2720 2980 (IReg.
2744 2908 2827 2977 v).
2858 2905 2960 2977 Qui
2981 2903 3586 2971 Helisacerdotio,Sauo

1991 3003 2099 3059 lem
2116 2999 2389 3057 abdicavit
2417 3013 2450 3053 a
2476 3013 2651 3071 regno
2681 2994 2856 3051 David
2871 3010 3083 3066 ungens
3103 2993 3247 3059 oleo,
3266 2990 3583 3049 aublimavit

275 3077 415 3135 (licia
436 3075 563 3132 Dei.
603 3075 750 3129 Ecce
780 3077 993 3142 guttam
1025 3082 1182 3138 aqua
1219 3065 1370 3137 petit,
1396 3063 1487 3135 qui
1518 3062 1690 3119 micas
1719 3060 1873 3132 panis

1988 3106 2233 3169 sceptro.
2264 3095 2369 3164 Qui
2399 3060 2574 3149 David
2628 3092 2844 3149 Goliath
2873 3060 3065 3147 fortem
3106 3089 3277 3146 funda
3318 3098 3371 3146 et
3403 3086 3581 3161 lapide

276 3181 388 3222 non
418 3163 596 3221 dedit.
634 3162 703 3217 Et
741 3159 870 3232 quia
899 3159 1069 3212 micas
1093 3153 1330 3224 negavit,
1380 3160 1585 3224 guttam
1616 3165 1726 3206 non
1755 3149 1874 3204 im-

276 3253 543 3327 petravit.
584 3248 741 3306 Unde
779 3263 901 3313 vos,
933 3244 1138 3301 domini
1168 3243 1295 3309 mei,
1336 3242 1532 3313 quibus
1554 3239 1712 3295 Deus
1742 3252 1876 3295 con-

282 3350 452 3410 cessit
479 3347 703 3404 divitias
733 3345 895 3417 hujus
924 3341 1131 3408 saeculi,
1162 3348 1354 3396 cavete
1372 3355 1439 3395 ne
1472 3355 1571 3394 vos
1589 3336 1789 3393 divitiae
1818 3344 1877 3391 ut

279 3455 475 3497 servos
503 3436 841 3509 possideant,
871 3440 924 3487 et
953 3447 987 3486 a
1024 3430 1174 3486 veris
1201 3428 1400 3483 divitiis
1436 3442 1643 3483 vacuos
1676 3425 1742 3480 ad
1764 3433 1874 3480 tar-

279 3538 395 3584 tara
422 3526 761 3600 pertrabant.
796 3520 1078 3577 Possidete
1100 3535 1199 3574 vos
1217 3517 1434 3574 divitias
1463 3516 1655 3589 egenis
1684 3513 1874 3570 distri-

280 3626 523 3690 buendo,
552 3630 607 3678 et
634 3635 796 3676 veras
845 3618 1065 3674 divitias
1095 3632 1195 3687 per
1247 3616 1350 3670 bas
1406 3612 1634 3668 fallaces
1680 3610 1876 3682 acqui-

281 3723 478 3781 rendo.
506 3720 629 3776 Non
661 3726 745 3775 est
797 3715 995 3772 malum
1025 3712 1243 3769 divitias
1285 3713 1511 3779 habere,
1566 3709 1665 3766 sed
1720 3707 1878 3764 valde

283 3839 454 3898 grave
492 3829 575 3878 est
613 3835 709 3876 eas
730 3820 783 3873 in
824 3831 1059 3889 pravum
1081 3831 1240 3870 usum
1278 3821 1664 3883 contorquere.
1702 3807 1879 3864 David

284 3896 432 3970 enim
472 3919 525 3967 et
543 3908 818 3966 Ezechias
848 3916 1009 3977 atque
1037 3903 1231 3969 Josias,
1262 3909 1321 3956 ut
1349 3908 1481 3972 puta
1508 3915 1695 3972 reges,
1749 3896 1878 3953 alii-

286 4028 395 4084 que
425 4024 614 4067 eorum
644 4006 874 4071 similes,
908 4002 1106 4059 multas
1130 4000 1348 4057 divitias
1363 3998 1747 4070 possederunt,
1779 3992 1878 4049 sed

285 4117 388 4175 per
416 4114 513 4155 eas
541 4095 919 4153 indeﬁcientes
947 4092 1049 4147 sibi
1077 4093 1567 4160 comparaverunt.
1619 4086 1798 4156 Cyrus
1826 4091 1880 4139 et

286 4197 584 4256 Antiochus
616 4194 831 4265 illisque
856 4188 1169 4248 consimiles
1200 4186 1299 4242 viri
1356 4183 1670 4239 divitiarum
1700 4187 1876 4245 erant,

289 4287 421 4359 quia
448 4300 544 4341 eas
576 4283 643 4338 ad
675 4279 986 4353 superbiam
1026 4285 1079 4331 et
1105 4274 1369 4332 luxuriam
1386 4278 1790 4328 converterunt.
1812 4269 1881 4322 Et

289 4375 421 4449 quia
443 4373 532 4429 hic
561 4387 718 4426 suum
748 4384 981 4442 regnum
1002 4365 1263 4422 coelorum
1294 4363 1618 4426 habuerunt,
1666 4361 1879 4414 obeun-

289 4481 376 4528 tes
405 4470 543 4526 nihil
562 4470 615 4523 in
637 4468 886 4522 manibus
934 4464 1052 4519 suis
1080 4463 1425 4524 invenerunt,
1476 4459 1572 4513 sed
1602 4473 1725 4513 cum
1782 4456 1876 4512 illo

291 4561 463 4617 divite
497 4559 552 4612 in
592 4567 789 4612 aeterna
822 4561 1067 4624 egestate
1094 4551 1379 4606 dolebunt.
1418 4549 1498 4602 De
1528 4546 1726 4600 talibus
1750 4543 1883 4599 dici-

291 4657 381 4704 tur
414 4668 427 4703 :
464 4671 485 4696 α
527 4645 760 4702 Facilius
791 4650 875 4698 est
904 4640 1174 4697 camelum
1205 4636 1556 4710 perforamen
1572 4650 1702 4690 acus
1718 4642 1884 4687 trans-

291 4745 564 4815 ire,quam
586 4741 807 4796 divitem
828 4738 1036 4791 intrare
1056 4737 1110 4790 in
1131 4750 1361 4805 regnum
1380 4733 1640 4789 ccelorum
1660 4728 1881 4799 (Matth.

294 4832 438 4901 xix).
471 4854 492 4881 υ
528 4832 728 4886 Narrat
756 4826 1018 4882 Dominus
1075 4824 1291 4879 cuidam
1352 4822 1617 4892 plurimas
1671 4818 1887 4874 divitias

297 4920 597 4985 efﬂuxisse,
630 4920 881 4987 huncque
909 4913 1203 4969 destructis
1245 4910 1456 4965 horreis
1498 4910 1702 4978 majora
1758 4923 1891 4963 con-

299 5009 583 5074 struxisse,
619 5013 787 5077 atque
819 5003 931 5058 illic
951 5000 1202 5057 omnibus
1233 4999 1391 5054 bonis
1420 4997 1665 5077 collectis
1696 4996 1893 5050 animae

302 5123 416 5162 sua
445 5104 648 5160 dixisse
678 5110 734 5156 ut
759 5099 1097 5171 epularetur,
1130 5096 1421 5160 laetaretur,
1447 5093 1568 5165 quia
1590 5093 1786 5147 multos
1801 5107 1897 5145 an-

302 5209 405 5249 nos
436 5192 676 5247 victurus
706 5195 875 5253 esset,
898 5187 1023 5243 etin
1053 5184 1136 5239 his
1175 5183 1502 5239 bonislaalos
1522 5182 1642 5237 dies
1684 5179 1897 5236 deliciis

304 5277 798 5337 ducturus.Eadem
821 5283 978 5330 nocte
992 5272 1179 5327 infelix
1198 5281 1441 5326 mortuus
1458 5269 1649 5324 alienis
1677 5267 1898 5323 divitias

314 5384 442 5425 suas
487 5366 702 5436 reliquit
732 5364 892 5435 ;ipse
958 5361 1072 5416 sola
1128 5368 1356 5431 peccata
1414 5374 1597 5413 secum
1656 5365 1899 5428 portans,

308 5465 511 5513 tartara
558 5453 758 5509 subivit
813 5453 967 5521 (Luc.
1002 5452 1118 5518 xtl).
1139 5448 1278 5517 Quid
1294 5447 1420 5502 huic
1437 5446 1757 5517 profuerunt
1776 5444 1909 5499 divi-

309 5548 401 5603 tia:
429 5544 525 5616 qui
548 5544 632 5597 his
661 5541 963 5614 neglexerit
984 5548 1214 5593 aeternas
1243 5534 1527 5607 acquirere
1556 5534 1584 5588 τ

380 5636 443 5687 In
464 5640 697 5705 quatuor
743 5638 922 5684 autem
960 5625 1174 5697 species
1229 5624 1545 5679 dividuntur
1601 5622 1852 5677 homines
1889 5635 1903 5676 :

312 5722 543 5793 Quidam
568 5719 787 5787 divites,
809 5725 866 5773 It
891 5716 1166 5771 Abraham
1195 5720 1248 5770 et
1272 5713 1398 5781 Job,
1421 5711 1713 5769 salvantur
1745 5727 1759 5774 ;
1792 5708 1909 5782 qui-

1981 3186 2187 3254 stravit,
2216 3183 2442 3257 prOprio
2470 3198 2603 3238 ense
2651 3190 2816 3252 caput
2852 3179 3174 3252 amputavit,
3205 3177 3452 3250 plurimis
3472 3176 3578 3232 de-

1981 3275 2211 3337 sudavit,
2240 3271 2473 3328 devictis
2503 3270 2753 3326 hostibus
2782 3268 3068 3341 egregium
3119 3266 3357 3323 Domino
3386 3266 3577 3322 taber-

1981 3372 2236 3430 naculum
2268 3366 2797 3441 prmparavitmujus
2842 3365 2983 3422 tilius
3004 3364 3259 3422 Salomon
3306 3361 3578 3436 templum

1984 3471 2100 3519 toto
2130 3461 2261 3517 orbe
2293 3459 2556 3513 famosum
2587 3455 2884 3521 constituit,
2917 3469 3114 3527 pacem
3142 3452 3398 3510 omnibus
3425 3466 3577 3524 gen-

1984 3552 2154 3607 tibus.
2206 3548 2302 3602 Vir
2330 3546 2419 3618 qui
2446 3545 2550 3601 sibi
2587 3545 2723 3599 duas
2752 3559 2953 3600 uxores
2981 3542 3273 3615 copulavit,
3290 3548 3374 3597 est
3403 3540 3575 3608 Deus,
3622 3586 3623 3597 ι

1984 3647 2077 3720 qui
2108 3646 2455 3718 Synagogam
2485 3651 2538 3698 et
2566 3642 2873 3699 Ecclesium
2916 3641 3019 3697 sibi
3049 3637 3431 3711 desponssvit.
3485 3637 3579 3695 Ex

1984 3735 2181 3808 quibus
2210 3735 2506 3805 Synagoga
2527 3730 2756 3787 fecunda
2803 3728 2923 3796 fuit,
2978 3728 3103 3803 quis
3129 3728 3413 3791 Judaicum
3468 3741 3579 3799 po-

1986 3825 2196 3897 pulum,
2225 3822 2292 3877 ad
2314 3820 2565 3878 carnales
2584 3819 2946 3876 caeremonias
2967 3816 3250 3890 generavit
3281 3834 3296 3881 ;
3325 3814 3580 3873 Ecclesia

1986 3922 2171 3971 autem
2225 3911 2318 3966 diu
2395 3909 2599 3965 sterilis
2665 3908 2857 3977 tilium,
2941 3905 3155 3962 scilicet
3208 3903 3575 3961 Christianam

1987 4001 2251 4075 populum
2287 3999 2356 4055 ad
2388 3996 2694 4070 spirituales
2722 3994 3100 4053 observantias
3128 3992 3433 4068 generavit,
3483 3992 3578 4065 qui

1988 4100 2107 4158 Heli
2134 4115 2167 4155 a
2198 4096 2524 4163 sacerdotio,
2583 4103 2638 4151 et
2691 4093 2818 4150 Saul
2846 4109 2880 4149 a
2906 4108 3083 4166 regno
3128 4090 3576 4164 repudiaverunt,

1987 4196 2112 4269 quia
2141 4194 2417 4251 Iudaicum
2477 4189 2816 4247 incredulum
2871 4188 3130 4261 pepulum
3159 4204 3191 4244 a
3224 4186 3432 4245 Christi
3484 4202 3580 4243 ss-

1986 4284 2231 4342 cerdoti‘o
2260 4290 2313 4339 et
2340 4280 2608 4354 gentilem
2640 4278 2897 4350 populum
2928 4276 3126 4333 fideles
3160 4284 3582 4350 persequentem
3622 4322 3627 4327 .

1990 4390 2021 4430 ο.
2052 4387 2223 4446 regno
2260 4371 2359 4426 Dei
2379 4369 2579 4424 alienat
2610 4386 2625 4435 ;
2658 4366 2854 4437 David,
2912 4373 3094 4422 autem
3152 4382 3342 4423 verum
3372 4365 3583 4423 scilicet

1988 4459 2405 4518 desiderabilem
2439 4457 2734 4523 Christum,
2784 4471 2819 4512 s
2874 4455 3036 4512 Patre
3065 4454 3190 4512 oleo
3237 4453 3439 4511 laetitias
3464 4471 3582 4526 pra

1986 4550 2242 4607 omnibus
2269 4547 2621 4604 consortibus
2669 4554 2889 4602 unctum
2936 4560 3129 4616 regem
3174 4543 3307 4602 olim
3358 4544 3572 4600 adorat.

1992 4649 2088 4704 Hic
2110 4647 2304 4702 fortem
2336 4644 2553 4702 Goliath
2584 4642 2747 4698 funda
2800 4641 3000 4713 dejecit
3029 4642 3081 4713 (ι
3097 4644 3231 4713 Reg.
3270 4639 3398 4712 vn),
3449 4642 3581 4697 dum

1989 4747 2189 4801 fortem
2210 4741 2485 4799 diabolum
2516 4757 2617 4796 sua
2654 4741 2989 4797 humanitate
3036 4738 3328 4810 confregit.
3392 4736 3584 4793 Funde

1993 4852 2199 4924 quippe
2245 4856 2358 4905 erat
2404 4847 2742 4905 circumdata
2772 4846 2971 4903 Christi
3002 4844 3336 4911 humanitas,
3366 4842 3585 4915 passio-

1994 4948 2155 5003 nibus
2185 4946 2587 5002 circumrotata.
2622 4941 2780 5013 Lapis
2810 4941 2900 5011 qui
2929 4940 3163 4996 frontem
3179 4937 3401 4994 Goliatb
3416 4952 3590 5009 pene-

1997 5045 2184 5109 travit,
2217 5051 2330 5099 erat
2355 5039 2633 5105 divinitas,
2657 5055 2778 5110 quae
2805 5037 3079 5093 maxillam
3102 5034 3408 5092 Leviathan
3453 5050 3590 5105 per-

2002 5140 2225 5198 foravit.
2265 5140 2445 5195 Porro
2496 5151 2759 5192 mucrone
2788 5142 2949 5206 caput
2975 5134 3097 5203 ejus
3138 5131 3403 5199 desecnit,
3460 5131 3591 5188 dum

2002 5246 2103 5302 per
2140 5244 2302 5300 reges
2314 5235 2370 5284 et
2398 5224 2773 5297 philosophos,
2796 5223 2984 5296 utique
3010 5236 3164 5277 arma
3192 5220 3404 5291 (ᾖσε,εά
3427 5218 3595 5276 ﬁdem

2005 5332 2303 5375 conversos
2331 5314 2536 5370 diaboli
2564 5312 2711 5369 vires
2741 5326 3012 5368 enervans
3039 5310 3109 5365 ab
3137 5308 3439 5365 idololatria
3491 5310 3599 5366 de-

2008 5414 2166 5486 pulit.
2198 5414 2299 5469 Hic
2332 5410 2502 5467 David
2535 5408 2700 5465 multa
2738 5407 2885 5463 bella
2911 5404 3213 5473 constituit,
3243 5404 3375 5460 dum
3399 5403 3599 5461 milites

2012 5527 2141 5568 suos
2169 5508 2450 5581 apostolos
2489 5515 2542 5563 et
2572 5515 2849 5577 martyres
2886 5502 3166 5560 debellare
3195 5502 3607 5574 Judaeos,pags-

2012 5625 2111 5664 nos
2134 5616 2187 5664 et
2215 5609 2501 5663 haereticos
2533 5605 2781 5660 instituit.
2837 5602 3126 5660 Prostratis
3148 5600 3415 5669 hostibus,
3474 5599 3611 5656 fecit

2016 5706 2249 5765 Domino
2281 5703 2719 5761 tabernaculum.
2750 5704 2812 5758 In
2839 5700 2995 5773 cujus
3021 5698 3169 5773 regis
3226 5698 3437 5765 militia,
3470 5697 3574 5753 cha
