3986 6070
404 224 546 284 1018

1521 212 1885 272 πΕΒΝΕΒι
1923 211 2212 270 ΑΒΜ-[ις
2249 211 2314 271 s.
2361 207 2581 269 suasu
2681 197 2683 219 ‘

3567 214 3711 274 1οη

403 349 556 416 dant,
583 351 733 402 tanto
756 342 964 401 crescit
990 331 1197 416 inepia,
1259 349 1313 398 et
1365 341 1596 398 avaritia
1627 341 1778 416 plus
1833 349 1996 414 auget
2027 330 2083 402 Α
2111 349 2218 398 etc.
2253 341 2300 413 (1
2325 342 2470 399 Tim.
2509 341 2614 413 νι.)
2643 363 2663 390 ιι
2687 341 2858 400 Radix
2890 341 3038 398 enim
3064 342 3331 399 malorum
3359 343 3609 400 omnium
3631 352 3718 399 est

404 437 758 510 cupiditatem
787 434 837 490 ei
867 434 958 505 qui
993 434 1115 490 illas
1145 432 1419 505 possidet.

407 523 622 584 Crescit
636 540 798 582 amor
810 524 1038 579 nummi
1057 527 1335 596 quantum
1355 524 1480 594 ipsa
1501 522 1748 593 pecunia
1775 521 1997 578 crescit.

573 665 577 672 _
940 613 1261 678 (JUVBN~AL.,
1295 618 1405 665 sat.
1447 612 1540 677 ii,
1566 627 1712 665 vers.
1749 612 1894 681 139.)

405 701 488 756 De
514 699 598 756 his
626 700 828 756 divitiis
861 701 1122 770 scriptum
1153 707 1237 755 est
1270 717 1283 753 :
1340 720 1364 750 ι
1414 700 1537 754 Non
1579 699 1879 770 proderunt
1945 699 2001 754 in

406 789 549 845 diem
589 789 809 846 ultionis
841 831 856 855 ,
893 789 1107 860 justitia
1155 795 1337 842 autem
1404 787 1658 842 liberabit
1722 803 1754 841 a
1822 796 2000 843 morte

406 889 598 958 (Prov.
634 887 740 956 χι).
783 911 805 934 η
840 888 906 942 Et
935 886 1064 940 alibi
1099 902 1112 940 :
1150 909 1171 936 ι
1216 885 1321 955 Qui
1373 883 1592 940 festinat
1651 883 1833 951 ditari,
1890 901 2000 940 non

406 975 511 1031 erit
537 975 803 1033 innocens
832 976 1012 1045 (Prov.
1063 977 1280 1039 xxvm).
1319 996 1341 1022 τι
1405 974 1630 1028 Multum
1682 980 1860 1028 autem
1911 973 2000 1028 di-

404 1081 502 1120 ves
531 1068 618 1119 est
644 1063 736 1121 cui
762 1063 898 1119 nihil
925 1064 1106 1118 deest.
1147 1061 1254 1132 Qui
1283 1069 1468 1118 autem
1508 1062 1656 1132 cupit
1704 1061 1865 1132 nihil,
1921 1061 2001 1117 illi

403 1149 539 1208 nihil
566 1153 746 1209 deest.
784 1152 918 1208 Ideo
948 1151 1173 1225 quidam
1203 1152 1424 1221 sapiens
1451 1150 1590 1206 dixit
1623 1170 1636 1206 :

409 1250 542 1319 Quis
575 1251 772 1308 dives?
812 1250 918 1318 Qui
947 1249 1114 1306 nulla
1145 1248 1328 1321 cupit.
1369 1249 1500 1317 Quis
1529 1264 1748 1321 pauper
1779 1252 1805 1304 .9
1839 1247 2002 1304 Ava-

1773 1337 1894 1409 [rus
1906 1375 1919 1390 .

406 1450 432 1476 α
468 1427 653 1498 Quare
681 1439 861 1483 autem
893 1434 1209 1500 quaeruntur
1238 1426 1358 1482 ista:
1386 1425 1588 1481 divitiae
1615 1427 1644 1479 ‘i
1671 1427 1846 1480 Nemo
1891 1424 2001 1482 vult

401 1517 558 1572 dives
587 1534 730 1581 esse,
765 1517 866 1571 nisi
900 1521 958 1570 ut
986 1516 1209 1570 inﬂetur
1239 1517 1381 1570 inter
1407 1531 1502 1570 eos
1547 1515 1687 1570 inter
1734 1530 1871 1588 quos
1913 1513 1999 1568 vi-

399 1616 501 1684 vit,
521 1624 579 1670 ut
597 1615 846 1686 superior
871 1615 979 1670 illis
1009 1615 1281 1670 videatur.
1324 1613 1535 1668 Divites
1580 1627 1715 1666 vero
1763 1620 1814 1666 et
1866 1627 1999 1682 pau-

2111 430 2383 502 cupiditas
2412 429 2619 503 (ibid.),
2659 453 2681 480 υ
2717 447 2825 487 non
2856 447 3048 502 aurum
3073 432 3161 488 vel
3188 439 3513 505 argentum.
3569 433 3720 489 Hinc

2111 519 2371 576 Salomon
2397 519 2575 604 dixit:
2611 542 2633 568 «
2675 517 2782 590 Qui
2831 529 2976 576 amat
3031 521 3268 590 divitias,
3329 521 3542 578 fructus
3598 536 3718 578 non

2110 617 2291 689 capiet
2329 634 2395 672 ex
2434 617 2514 673 eis
2553 619 2762 684 (Eccle.
2821 619 2897 690 v).
2938 641 2961 666 ι
3023 619 3152 674 Ideo
3209 619 3389 674 statim
3436 617 3718 674 subinfert

2110 706 2403 778 Apostolus
2437 708 2486 776 (I
2515 709 2652 763 Tim.
2687 707 2761 778 v1)
2797 724 2808 761 :
2846 730 2869 755 ι
2905 708 2987 762 Tu
3018 715 3218 774 autem,
3252 707 3419 764 homo
3440 709 3564 770 Dei.
3590 708 3720 764 haec

2110 796 2262 868 fuge,
2293 805 2505 850 sectare
2528 795 2820 865 justitiam,
2851 819 2873 844 η
2898 796 3146 852 faciendo
3167 797 3360 868 cuique
3381 796 3529 870 quod
3547 812 3721 850 suum

2110 893 2230 948 est;
2267 905 2290 935 ί
2325 885 2601 955 pietatem,
2629 907 2651 932 ι»
2677 884 3092 955 compatiendo;
3126 908 3147 934 α
3172 884 3356 950 ﬁdem,
3396 908 3418 934 ι
3440 885 3722 940 mundum

2107 984 2231 1055 plus
2254 999 2379 1038 esse
2397 999 2558 1055 quam
2580 983 2755 1038 Deum
2778 999 2887 1039 non
2921 984 3233 1056 credendo;
3269 1007 3292 1031 α
3327 983 3715 1051 charitatem,-
3748 1037 3752 1040 .

2108 1072 2391 1145 diligendo
2422 1073 2594 1128 Deum
2627 1091 2643 1140 ;
2680 1093 2704 1124 ‹
2744 1072 3081 1144 patientiam,
3115 1095 3139 1121 ι
3173 1072 3399 1129 ferendo
3429 1073 3717 1133 adversa:

2113 1182 2136 1212 ι
2163 1161 2688 1224 mansuetudinem.»
2716 1161 2848 1216 nulli
2866 1176 3034 1232 asper
3055 1161 3362 1227 existendo,
3387 1161 3486 1217 sed
3509 1160 3717 1218 dulcis.

2108 1252 2238 1306 Haec
2252 1250 2394 1305 habe
2417 1250 2470 1303 in
2501 1257 2550 1304 te
2585 1267 2598 1312 ;
2633 1265 2732 1320 pro
2763 1249 2883 1304 aliis
2918 1272 2940 1299 ι
2974 1258 3122 1306 certa
3164 1249 3370 1304 bonum
3420 1257 3722 1306 certamen

2107 1338 2256 1405 ﬁdei,
2294 1363 2315 1388 ιθ
2351 1337 2451 1394 sed
2511 1339 2730 1394 assidue
2778 1347 2830 1393 et
2887 1355 3010 1394 cum
3061 1339 3421 1406 discretione,
3491 1347 3550 1394 et
3608 1355 3722 1410 pro

2107 1427 2244 1481 his.
2279 1426 2634 1497 apprehende
2690 1426 2856 1482 vitam
2913 1435 3189 1492 aeternam,
3228 1452 3249 1476 η
3310 1427 3364 1482 id
3422 1435 3526 1492 est,
3583 1443 3719 1482 eam

2109 1515 2277 1571 solam
2310 1515 2615 1570 mercedem
2648 1531 2847 1586 quaere.
2903 1516 3030 1570 H336
3075 1515 3254 1570 omnia
3305 1515 3498 1570 amittit
3555 1516 3724 1586 cupi-

2107 1605 2229 1669 dus,
2261 1613 2315 1659 et
2345 1620 2530 1659 eorum
2563 1604 2722 1658 habet
2751 1605 3022 1660 contraria
3051 1604 3141 1675 qui
3167 1613 3316 1659 amat
3344 1603 3464 1675 plus
3493 1604 3716 1661 habere

397 1721 558 1776 peres
587 1705 642 1758 in
671 1703 840 1760 corde
871 1703 1180 1774 interrogat
1209 1703 1491 1767 Dominus,
1526 1716 1634 1757 non
1665 1700 1721 1754 in
1761 1715 1894 1756 arca
1941 1709 1994 1756 et
2022 1704 2072 1765 B
2103 1719 2265 1776 quam
2297 1709 2536 1773 oportet.
2575 1701 2744 1756 Fideli
2777 1701 2980 1756 homini
3011 1710 3155 1756 totus
3187 1703 3422 1756 mundus
3477 1702 3713 1760 divitia—

396 1793 582 1848 domo.
617 1792 822 1848 Habeat
849 1791 1048 1848 multas
1078 1791 1374 1848 facultates
1403 1789 1761 1859 pecuniarum
1793 1805 1806 1842 :
1843 1788 1888 1843 si
1936 1789 1992 1844 in

393 1881 476 1937 eis
505 1897 614 1937 non
641 1880 934 1948 extollitur,
961 1896 1167 1951 pauper
1205 1889 1310 1936 est.
1354 1880 1478 1934 Non
1519 1879 1713 1933 habeat
1762 1877 1989 1948 aliquid,

394 1985 449 2033 et
477 1977 680 2047 cupiat,
713 1984 764 2032 et
793 1976 1012 2032 inﬂetur
1042 1994 1057 2031 :
1091 1976 1230 2030 inter
1257 1975 1452 2031 divites
1483 1983 1536 2030 et
1566 1975 1836 2044 reprobos
1866 1990 1990 2029 eum

392 2065 618 2137 deputat
647 2064 820 2121 Deus.
857 2066 1014 2121 Unde
1043 2065 1295 2120 dominus
1323 2063 1397 2118 ait
1422 2078 1442 2119 -:
1477 2063 1711 2120 Facilius
1760 2070 1844 2118 est
1891 2078 1990 2118 ca-

388 2154 591 2210 melum
622 2170 721 2225 per
745 2154 989 2209 foramen
1021 2169 1154 2208 acus
1185 2153 1434 2219 transire,
1467 2169 1629 2225 quam
1660 2152 1902 2217 divitem,
1935 2151 1990 2205 id

387 2250 472 2298 est
501 2249 775 2297 amantem
803 2242 1043 2308 divitias,
1078 2241 1182 2296 etsi
1226 2257 1336 2296 non
1393 2241 1612 2305 habeat,
1669 2240 1876 2295 intrare
1933 2241 1988 2295 in

385 2355 621 2412 regnum
643 2338 743 2394 Dei
759 2339 983 2409 (Matth.
1003 2340 1173 2409 nx).-
1196 2369 1264 2381 -—
1283 2361 1304 2384 α
1324 2337 1464 2394 Nam
1482 2339 1576 2410 qui
1587 2337 1774 2394 volunt
1794 2337 1992 2393 divites
2035 2403 2038 2406 I

383 2426 525 2498 ﬁeri,
559 2427 810 2485 incidunt
837 2427 892 2485 in
926 2427 1280 2484 tentationem
1311 2436 1364 2484 et
1390 2427 1649 2501 laqueum
1693 2425 1923 2495 diaboli,
1959 2448 1983 2476 ι

2100 1809 2222 1847 rum
2253 1797 2356 1846 est.
2389 1789 2529 1845 Audi
2560 1789 2776 1844 Paulum
2803 1804 2816 1844 :
2841 1813 2862 1838 η
2898 1790 3046 1844 Nihil
3075 1791 3364 1856 habentes,
3412 1798 3465 1847 et
3515 1791 3717 1846 omnia

2100 1881 2450 1952 possidentes
2483 1881 2560 1949 (Il
2589 1879 2708 1934 Cor.
2743 1881 2820 1949 γι)
2855 1902 2876 1927 ι
2914 1880 2978 1933 Et
3008 1879 3099 1950 qui
3130 1888 3352 1953 praestat
3381 1881 3562 1943 nobis,
3589 1897 3713 1935 non

2100 1970 2357 2024 divitibus
2388 1969 2552 2037 hujus
2581 1967 2770 2023 smculi
2792 1967 2976 2022 omnia
3006 1968 3351 2023 abundanter
3387 1969 3458 2024 ad
3507 1969 3712 2024 fruen-
3767 1957 3770 1960 ’

2100 2061 2255 2115 dum.
2293 2057 2398 2128 Qui
2429 2056 2543 2113 vult
2573 2073 2709 2129 ergo
2742 2071 2864 2112 esse
2895 2057 3070 2126 dives,
3126 2074 3235 2113 non
3285 2059 3488 2114 haereat
3534 2059 3709 2130 parti,

2102 2168 2153 2213 et
2183 2165 2353 2212 totum
2383 2154 2710 2227 possidebit.
2749 2154 2833 2208 llli
2860 2156 3058 2210 haereat
3108 2155 3199 2227 qui
3245 2162 3416 2210 totum
3465 2157 3706 2220 creavit,

2100 2253 2153 2302 et
2184 2244 2352 2299 habet
2380 2258 2474 2298 eas
2504 2241 2573 2297 de
2603 2241 2801 2313 quibus
2831 2242 3028 2298 dicitur
3056 2257 3069 2297 :
3099 2265 3121 2290 ε
3159 2243 3479 2314 Redemptio
3502 2244 3710 2299 animae

2099 2334 2200 2390 viri
2232 2332 2435 2388 divitiae
2456 2333 2573 2401 ejus
2595 2332 2778 2398 (Prov.
2813 2332 2952 2401 xm).
2991 2354 3012 2379 ιι
3047 2330 3198 2402 Quas
3225 2333 3317 2406 qui
3347 2348 3465 2388 non
3509 2332 3706 2399 habet,

2100 2437 2310 2496 pauper
2335 2429 2438 2489 est,
2468 2428 2526 2478 et
2552 2435 2660 2475 non
2685 2417 2874 2475 suffert
2897 2420 3100 2477 minas.

883 2749 1522 2894 'DOMINICA
1593 2749 1684 2855 II
1757 2746 2123 2860 POST
2170 2743 3122 2852 PENTECOSTEN.

1687 3009 2080 3078 Secundum
2121 3009 2404 3084 Lucam.

457 3199 481 3226 κ
510 3175 688 3231 Homo
716 3174 939 3250 quidam
973 3173 1099 3231 fecit
1127 3187 1338 3232 coenam
1369 3187 1620 3244 magnam
1657 3178 1714 3227 et
1758 3170 1977 3227 voravit
2005 3171 2055 3236 Ο
2086 3177 2140 3226 et
2175 3171 2299 3242 ejus
2339 3170 2614 3228 inhaerere
2652 3171 2925 3229 mandatis
2980 3175 3398 3246 compunctione
3459 3177 3710 3236 saluber-

380 3264 603 3332 multos,
637 3288 660 3316 ι
697 3273 807 3321 etc.
847 3265 1012 3336 (Luc.
1061 3263 1218 3334 xw.)
1279 3261 1659 3332 Omnipotems
1719 3261 1869 3316 Deus
1927 3261 1984 3315 in

380 3353 608 3409 exordio
637 3354 935 3408 mundanae
961 3350 1370 3408 reformationis
1394 3351 1464 3404 ad
1515 3366 1576 3405 se
1633 3365 1984 3420 cognoscen-

381 3442 535 3508 dum,
566 3458 737 3514 seque
766 3441 1155 3513 perpetualiter
1176 3439 1509 3495 laudandum
1532 3439 1673 3493 duas
1695 3437 1988 3494 rationales

383 3537 665 3586 creaturas
697 3571 711 3597 ,
773 3529 1075 3599 angelicam
1116 3525 1322 3583 scilicet
1361 3535 1414 3583 et
1471 3527 1793 3595 humanam,
1852 3543 1988 3592 cou-

389 3626 545 3682 didit.
579 3626 694 3683 Sed
727 3626 856 3699 quia
886 3621 1142 3698 angelica
1171 3639 1374 3696 magna
1394 3639 1458 3679 ex
1489 3633 1641 3695 parte
1657 3641 1754 3694 per
1773 3625 1989 3694 culpam

387 3715 661 3787 superbiae
687 3716 845 3787 lapsa
893 3723 994 3783 est,
1029 3716 1278 3769 humanae
1308 3721 1514 3767 naturae
1546 3712 1728 3767 statim
1777 3713 1988 3779 invidit,

391 3821 622 3877 eamque
641 3805 709 3859 ad
729 3805 939 3876 lapsum
961 3795 1234 3874 peccandi
1265 3802 1544 3866 conduxit,
1577 3809 1740 3872 atque
1771 3817 1805 3856 a
1831 3817 1992 3872 para-

392 3893 496 3949 disi
525 3891 735 3950 deliciis
771 3891 1027 3964 privavit.
1068 3892 1146 3948 De
1177 3896 1289 3964 qua
1346 3890 1652 3963 privatione
1711 3890 1994 3947 Dominica

394 3982 662 4057 parabole
691 3982 823 4038 dicit
845 3987 872 4040 ’τ
1443 3968 1447 3974 ί

469 4105 494 4130 ιι
527 4083 703 4137 Homo
733 4080 950 4154 quidam
983 4079 1111 4135 fecit
1139 4093 1352 4135 coenam
1385 4093 1645 4150 magnam
1677 4085 1730 4134 et
1776 4079 1995 4135 vocavit

395 4171 617 4227 multos.
644 4193 666 4219 υ
703 4169 1072 4240 Spiritualiter
1097 4168 1264 4224 homo
1297 4167 1400 4224 iste
1449 4168 1596 4222 Deus
1653 4175 1736 4224 est
1796 4167 1998 4223 intelli-

393 4259 628 4332 gendus,
669 4259 738 4315 de
777 4273 886 4330 quo
925 4258 1188 4328 scriptum
1227 4263 1310 4313 est
1343 4272 1356 4312 :
1397 4257 1558 4312 homo
1617 4264 1720 4320 est,
1769 4265 1824 4312 et
1873 4257 1996 4328 quis

397 4346 839 4421 cognoscit-eum
866 4348 895 4402 γ
950 4346 1021 4401 Et
1077 4344 1317 4401 iterum:
1383 4369 1405 4394 ι
1468 4346 1644 4401 Homo
1700 4354 1858 4400 natus
1914 4353 1998 4402 est

400 4436 459 4492 in
496 4450 565 4491 ea
594 4474 611 4500 ,
651 4442 706 4490 et
741 4433 861 4505 ipse
923 4433 1169 4489 fundavit
1233 4447 1361 4490 eam
1446 4433 1758 4488 Altissimus
1804 4436 1988 4505 (Pral.

2092 3259 2232 3315 rima
2261 3260 2596 3328 cohortatur,
2629 3251 2689 3317 ut
2717 3261 2992 3317 Abraham
3039 3280 3174 3320 voce
3219 3265 3518 3322 Dominica
3565 3268 3711 3342 legi-

2094 3365 2218 3403 mus
2256 3358 2533 3405 vocatum.
2583 3350 2674 3406 Sic
2709 3351 2855 3405 enim
2893 3351 3028 3406 dixit
3065 3353 3114 3407 ei
3156 3371 3171 3407 :
3207 3377 3229 3402 ιι
3267 3355 3366 3410 Exi
3411 3355 3481 3411 de
3553 3365 3707 3414 terra

2095 3446 2205 3514 tua,
2238 3445 2288 3493 et
2319 3439 2387 3492 de
2421 3439 2747 3511 cognatione
2781 3447 2868 3496 tua
2900 3441 3059 3508 (Gen.
3108 3442 3231 3512 xu).
3275 3465 3298 3492 ι
3362 3443 3487 3514 Quo
3538 3447 3704 3501 etiam

2098 3537 2261 3592 modo
2317 3537 2598 3593 Antonius
2645 3547 2726 3594 est
2785 3539 3017 3595 accitus.
3084 3541 3330 3597 Audiens
3387 3543 3592 3615 quippe
3647 3546 3706 3599 in

2097 3625 2350 3681 Ecclesia
2378 3627 2508 3683 illud
2540 3626 2917 3698 evangelicum
2947 3645 2961 3685 :
3002 3650 3025 3680 ι
3059 3629 3162 3697 Qui
3193 3645 3300 3685 non
3331 3631 3446 3686 odit
3486 3642 3706 3702 patrem

2098 3719 2153 3776 et
2183 3723 2414 3770 matrem
2437 3717 2598 3783 (Luc.
2631 3717 2762 3783 xtv),
2795 3725 2902 3772 etc.
2938 3724 3032 3784 ;et
3059 3717 3194 3773 illud
3229 3736 3242 3773 :
3282 3743 3304 3770 ι
3340 3720 3396 3775 Si
3439 3721 3522 3776 vis
3568 3737 3706 3792 per-

2099 3793 2276 3858 feCtus
2306 3819 2450 3870 esse,
2482 3803 2630 3860 vade
2659 3813 2713 3859 et
2744 3805 2920 3861 vende
2957 3806 3160 3874 omnia,
3216 3817 3273 3863 et
3314 3809 3382 3863 da
3439 3810 3706 3881 pauperi-

2101 3891 2222 3959 bus,
2247 3900 2300 3947 et
2322 3893 2551 3948 habebis
2573 3893 2885 3948 thesaurum
2915 3894 2969 3948 in
2993 3895 3150 3963 cmlo,
3186 3904 3241 3952 et
3263 3899 3409 3960 veni.
3461 3915 3704 3971 sequere

2101 3996 2192 4036 me
2223 3981 2446 4051 (Matth.
2481 3984 2593 4051 xtx)
2620 3998 2636 4048 ;
2667 4004 2690 4032 υ
2725 3990 2780 4036 et
2799 3982 3106 4050 confestim,
3131 3987 3447 4042 renuntians
3468 3989 3704 4055 cunctis,

2102 4077 2325 4124 secutus
2364 4078 2447 4124 est
2513 4070 2802 4136 Christum,
2871 4071 3018 4126 nulla
3073 4075 3458 4131 exhortatione
3495 4092 3708 4147 neque

2101 4165 2348 4221 doctrina
2377 4172 2730 4237 provocatus.
2796 4169 3080 4226 Secundus
3132 4171 3444 4228 vocationis
3499 4174 3706 4230 modus

2103 4262 2186 4310 est
2213 4270 2334 4311 cum
2391 4255 2477 4311 vel
2529 4257 2793 4328 exemplis
2841 4267 3172 4326 sanctorum,
3231 4261 3318 4315 vel
3364 4262 3588 4317 monitis
3629 4266 3702 4318 ad

2104 4343 2435 4399 desiderium
2492 4345 2684 4400 salutis
2739 4347 3118 4403 accendimur.
3188 4348 3310 4418 Quo
3348 4351 3544 4406 ordine
3607 4368 3710 4422 per

2103 4423 2329 4503 Meg/seu
2359 4432 2459 4488 ﬁlii
2491 4435 2662 4490 Israel
2692 4436 2762 4491 de
2791 4435 3084 4493 alilictione
3122 4439 3340 4511 Egypti
3387 4449 3515 4494 sunt
3567 4441 3710 4497 liba-

405 4523 651 4594 Lxxxw).
716 4545 738 4571 ιι
789 4519 896 4590 Qui
927 4523 1090 4577 homo
1121 4530 1342 4594 vocatur
1367 4523 1439 4577 ab
1468 4523 1820 4589 humanitate,
1870 4524 1997 4594 quia
2025 4530 2078 4591 1)
2109 4521 2231 4575 rati.
2265 4520 2487 4577 Tertius
2517 4530 2619 4590 est,
2653 4537 2778 4578 cum
2824 4533 3052 4594 repente
3095 4525 3486 4598 ingruentibus
3533 4535 3713 4584 tenta-

406 4610 806 4684 benignisaima
866 4609 1114 4682 largitate
1178 4610 1419 4683 quotidie
1499 4611 1697 4680 generi
1762 4612 1998 4667 humano

406 4727 564 4768 suam
593 4708 813 4766 exhibet
840 4707 1110 4780 gratiam.
1151 4706 1255 4775 Qui
1287 4707 1411 4767 fecit
1456 4713 1670 4766 caenam
1723 4725 1999 4780 magnam,

411 4801 548 4873 quia
576 4797 978 4854 indeﬁcient'em
1028 4796 1326 4852 satietatem
1374 4796 1428 4851 in
1471 4806 1669 4853 aeterna
1717 4798 2006 4855 dulcedine

412 4889 609 4948 electis
636 4885 917 4942 animabus
945 4884 1290 4957 preparavit.
1332 4885 1550 4942 Vocavit
1579 4890 1761 4942 autem
1786 4887 2005 4953 multos,

415 4978 654 5050 primum
687 4991 788 5048 per
817 4974 1058 5046 seipsum
1076 4972 1298 5030 J11de
1344 4975 1716 5045 praedicando,
1774 4983 2010 5047 postmo-

420 5067 546 5121 dum
575 5080 678 5137 per
732 5063 1177 5135 praedicationem
1233 5063 1605 5133 apostolorum
1659 5079 1726 5118 ex
1781 5071 2010 5136 quatuor

419 5153 606 5209 mundi
621 5150 1146 5223 partibuspopulum
1175 5151 1415 5222 gentium
1438 5150 1505 5207 ad
1529 5151 1692 5206 fidem
1726 5151 2001 5208 vocando.

425 5242 538 5298 Sed
567 5240 865 5295 notandum
893 5240 1037 5312 quod
1067 5233 1280 5296 vocatio
1312 5240 1371 5293 lit
1417 5240 1587 5295 tribus
1642 5241 1844 5297 modis.
1899 5241 2012 5299 Pri-

421 5342 544 5382 mus
573 5341 708 5398 ergo
734 5327 928 5382 modus
959 5325 1264 5382 vocationis
1287 5343 1352 5382 ex
1385 5327 1500 5382 Deo
1530 5335 1613 5383 est
1644 5344 1660 5392 ;
1711 5329 2008 5394 secundus,

415 5433 518 5489 per
544 5413 819 5470 hominem
852 5433 868 5479 ;
897 5415 1110 5484 tertius,
1142 5432 1208 5469 ex
1242 5415 1593 5472 necessitate.
1631 5417 1720 5471 Ex
1753 5419 1866 5472 Deo
1906 5426 2006 5484 est,

420 5503 673 5578 quotiens
701 5500 986 5573 inspiratio
1014 5503 1194 5558 divina
1224 5503 1277 5556 in
1309 5519 1406 5558 cor
1443 5513 1690 5560 nostrum
1743 5505 2008 5572 immissa,

418 5606 809 5663 nonnunquam
841 5589 1004 5645 etiam
1035 5590 1372 5646 dormientes
1402 5608 1504 5648 nos
1551 5593 1621 5648 ad
1667 5594 2010 5650 desiderium

415 5689 637 5740 aeternis
665 5679 790 5737 vitae
815 5693 878 5735 ac
902 5677 1094 5734 salutis
1149 5679 1457 5750 exsuscitat,
1518 5680 1799 5754 Deumque
1856 5683 2010 5755 sequi

2111 4609 2365 4679 tionibus,
2400 4627 2522 4682 quae
2552 4611 2637 4666 vel
2675 4613 2868 4667 mortis
2896 4614 3139 4678 pericula
3167 4615 3590 4684 comminantur,
3622 4618 3713 4673 vel

2111 4699 2410 4755 amissione
2466 4699 2731 4756 bonorum
2797 4717 2862 4758 ac
2915 4703 3314 4775 proscriptione
3378 4707 3711 4776 percutiunt,

2111 4787 2198 4844 vel
2226 4788 2511 4844 charorum
2541 4797 2718 4844 morte
2745 4800 3140 4863 compungunt,
3192 4793 3258 4846 ad
3307 4794 3484 4849 Deum
3544 4812 3713 4867 quem

2115 4875 2269 4948 sequi
2291 4875 2345 4930 in
2367 4892 2546 4932 rerum
2565 4878 2928 4948 prosperitate
2956 4881 3615 4952 contempsirnus.saltem
3627 4885 3715 4939 in-

2116 4975 2207 5030 viti
2241 4963 2972 5046 properarecompellimur.
3039 4978 3204 5047 Cujus
3250 4996 3350 5050 per
3403 4997 3466 5038 se
3520 4986 3713 5052 patent

2117 5063 2288 5119 multa
2319 5063 2596 5134 exempla.
2631 5064 2944 5120 Secundum
2977 5066 3117 5124 hanc
3164 5068 3509 5125 vocationem
3557 5072 3714 5128 multi

2117 5159 2410 5217 vocantur,
2437 5152 2534 5207 sed
2564 5153 2725 5223 pauci
2751 5153 2993 5220 veniunt,
3026 5156 3150 5227 quia
3197 5157 3360 5212 multi
3408 5159 3617 5214 intrant
3653 5159 3712 5216 in
3760 5203 3768 5216 .

2117 5240 2426 5296 Ecclesium
2450 5257 2547 5310 per
2574 5240 2758 5307 fidem,
2790 5242 2888 5298 sed
2918 5231 3084 5313 pauci
3107 5244 3396 5302 salvantur
3432 5264 3532 5319 per
3569 5264 3709 5319 ope-

2116 5329 2418 5386 rationem.
2455 5330 2525 5384 Et
2548 5346 2618 5385 ne
2645 5330 2715 5386 de
2745 5332 3053 5403 ignorantia
3099 5333 3348 5390 homines
3395 5337 3713 5394 excusatio-

2117 5435 2243 5474 nem
2273 5418 2551 5484 haberent,
2572 5418 2716 5474 misit
2743 5436 2960 5476 servum
2990 5438 3148 5480 suum
3181 5424 3312 5479 hora
3342 5439 3517 5482 coenae
3531 5427 3714 5484 dicere
3757 5466 3761 5468 -

2119 5506 2356 5565 invitatis
2386 5516 2443 5562 ut
2463 5508 2727 5564 venirent.
2762 5508 2962 5564 Servus
2993 5511 3114 5576 iste,
3145 5511 3236 5583 qui
3280 5511 3352 5566 ad
3398 5513 3713 5570 invitandos

2121 5595 2258 5651 alios
2296 5595 2520 5650 mittitur
2549 5639 2562 5662 ,
2604 5596 2854 5652 ordinem
2911 5599 3336 5669 praedicatorum
3407 5590 3700 5674 Signiﬁcat.

2120 5683 2243 5753 Qui,
2275 5684 2403 5740 dum
2433 5684 2657 5743 verbum
2686 5684 2929 5743 divinum
2967 5687 3108 5744 intra
3151 5687 3458 5746 Ecclesiam
3505 5706 3710 5748 annun-
