4042 6080
231 304 364 361 1017
411 276 414 277 ί

1147 294 1736 357 DEFLORATIONES
1775 292 1879 351 ss.
1925 280 2240 350 PATRUM.
2283 322 2352 335 -
2390 292 2516 348 LIB.
2558 291 2628 348 ιι.

3376 291 3513 345 1018

230 427 384 494 tiant,
417 422 569 495 quasi
601 423 859 498 plurimos
885 422 955 482 ad
982 439 1192 481 coenam
1220 431 1432 480 vocant.
1481 423 1605 478 Non
1650 421 1823 476 solum
1855 419 1909 478 A
1931 417 2146 491 jugium
2195 433 2326 490 ergo
2381 433 2490 473 non
2543 414 2966 486 reprehenditur,
3024 414 3067 470 si
3124 413 3398 485 integritas
3450 413 3519 467 ad

229 516 373 572 enim
403 515 602 571 divinae
634 515 936 572 clementiae
969 514 1096 570 satis
1125 513 1242 579 fuit,
1285 510 1430 583 quod
1447 519 1679 567 aeternas
1724 509 1825 564 de-
1858 518 1864 524 '

229 604 381 660 licias
423 604 581 659 nobis
646 603 988 675 praeparavit,
1052 602 1148 658 sed
1203 601 1366 657 etiam
1427 601 1596 655 servis
1653 597 1830 654 missis

229 709 416 749 earum
480 692 823 773 dulcedinem
880 692 1037 747 nobis
1092 689 1404 748 enuntiavit.
1461 690 1607 744 Hora
1659 702 1828 743 cinna:

227 793 352 850 ﬁnis
407 803 486 852 est
532 793 736 860 saeculi,
796 793 885 850 ille
943 792 1145 848 scilicet
1199 791 1266 846 de
1315 806 1420 860 quo
1467 789 1662 845 Paulus
1707 785 1825 843 ait:

236 905 258 932 οι
298 886 412 940 Nos
457 901 640 939 sumus
680 883 734 938 in
783 899 916 953 quos
961 881 1095 936 ﬁnes
1138 880 1454 937 saacelorum
1504 878 1834 934 devenerunt

231 973 289 1041 (Ι
317 973 438 1029 Cor.
471 973 550 1041 x).
587 994 608 1020 υ
647 971 906 1041 Quamvis
935 971 1077 1026 enim
1116 969 1260 1041 apud
1306 969 1554 1038 antiquos
1595 982 1830 1022 consue-

234 1061 365 1116 tudo
397 1061 570 1130 fuerit,
609 1069 667 1115 ut
692 1061 862 1116 semel
891 1060 947 1114 in
975 1060 1064 1116 die
1094 1059 1436 1131 prenderent,
1468 1065 1522 1112 et
1551 1057 1655 1112 hoc
1697 1071 1830 1111 con-

234 1158 442 1216 vivium
496 1167 548 1215 et
605 1159 890 1231 prandium
957 1166 1011 1214 et
1072 1173 1227 1214 ccena
1290 1163 1588 1224 vocaretur,
1653 1161 1833 1208 tamen

233 1253 380 1323 apud
407 1269 562 1309 usum
612 1261 808 1309 nostrae
857 1251 1140 1308 locutionis
1185 1259 1306 1322 post
1340 1248 1626 1319 prandium
1681 1260 1836 1302 coma

235 1350 421 1409 restat,
469 1350 588 1414 post
629 1358 841 1398 ccenam
890 1349 1067 1396 autem
1123 1340 1329 1396 nullum
1382 1335 1687 1393 convivium
1742 1351 1835 1389 re-

233 1439 437 1487 manet.
471 1431 622 1488 Unde
653 1447 759 1486 non
790 1432 1085 1502 incongrue
1130 1444 1228 1499 per
1273 1429 1413 1482 hanc
1457 1440 1668 1481 coenam
1723 1422 1838 1478 dies
1869 1437 1873 1441 '

230 1526 423 1598 judicii
454 1529 568 1583 sive
599 1527 730 1582 illud
784 1536 1041 1584 aeternum
1087 1524 1393 1582 convivium
1443 1521 1721 1595 ﬁguratur,
1769 1518 1838 1574 ad

244 1616 390 1686 quod
421 1617 509 1687 qui
543 1617 823 1688 pervenire
862 1615 1172 1682 meruerint,
1222 1629 1330 1668 non
1377 1612 1608 1670 esurient
1663 1624 1839 1679 neque

239 1705 425 1761 sitient
462 1706 718 1776 amplius.
772 1706 942 1760 Tanto
999 1719 1129 1775 ergo
1188 1701 1522 1758 festinantius
1576 1698 1645 1755 ad
1698 1701 1838 1754 hanc

241 1809 458 1850 ccenam
497 1811 707 1850 currere
745 1794 1024 1859 debemus,
1062 1771 1266 1864 quanto
1306 1798 1425 1862 post
1477 1791 1618 1846 hanc
1669 1787 1829 1843 aliam
1859 1771 1912 1831 Β

241 1883 485 1939 invenire
517 1899 623 1941 non
653 1883 921 1939 novimus.
972 1882 1114 1942 Nam
1171 1888 1229 1936 ut
1279 1879 1554 1937 fastidium
1611 1876 1846 1932 auferret

239 1981 521 2052 subjunxit
551 1980 734 2038 dicens
765 1997 779 2034 :
809 2026 812 2028 .

317 2129 340 2156 υ
369 2104 506 2175 Quia
523 2113 706 2178 parata
721 2103 1056 2160 suntomnia.
1077 2125 1098 2152 υ
1129 2101 1324 2158 Omnia
1345 2101 1485 2157 enim
1507 2106 1693 2170 parata
1707 2097 1842 2153 sicut

248 2197 376 2267 quia
402 2197 492 2250 ille
521 2195 809 2267 singularis
837 2197 1023 2265 Agnus
1049 2191 1256 2248 occisus
1285 2198 1382 2257 est,
1417 2191 1472 2244 in
1503 2189 1656 2259 cujus
1696 2201 1841 2256 pra:-

247 2286 526 2359 paratione
557 2283 740 2339 omnia
777 2289 1182 2355 praecesserant.
1246 2279 1374 2335 Sive
1419 2277 1602 2334 omnia
1657 2282 1842 2347 parata

243 2383 386 2442 sunt,
422 2373 548 2444 quia
577 2373 784 2428 nullum
817 2371 1128 2441 exemplum
1159 2369 1388 2433 virtutis,
1431 2366 1576 2437 quod
1622 2363 1690 2420 ad
1737 2379 1842 2418 no-

244 2480 410 2528 stram
443 2470 797 2526 imitationem
844 2469 898 2525 in
949 2467 1203 2539 operibus
1254 2472 1558 2520 sanctorum
1615 2477 1724 2517 non
1778 2460 1844 2516 sit

246 2561 598 2617 declaratum.
624 2560 744 2614 Iam
775 2557 918 2613 enim
951 2555 1310 2611 innocentiam
1340 2551 1474 2608 Abel
1521 2550 1841 2617 audivimus,

244 2649 610 2706 obedientiam
669 2648 917 2712 Abrahre,
971 2643 1322 2700 constantiam
1379 2642 1548 2705 Isaac,
1609 2639 1846 2695 toleran-

255 2739 386 2794 tiam
416 2737 606 2802 Jacob,
649 2734 1020 2791 castimoniam
1071 2732 1291 2803 Joseph,
1352 2728 1599 2783 militiam
1654 2726 1846 2797 Moysi,

252 2826 679 2883 misericordiam
710 2822 902 2889 David,
934 2821 1249 2893 patientiam
1276 2817 1380 2876 Job
1421 2816 1741 2884 audivimus,
1795 2823 1848 2872 et

255 2914 420 2973 ﬁnem
451 2913 676 2971 Domini
703 2912 962 2968 vidimus.

327 3063 350 3088 α
387 3039 452 3093 Et
477 3043 758 3108 coeperunt
786 3050 973 3091 omnes
1001 3032 1162 3088 simul
1210 3046 1486 3088 excusare.
1521 3051 1544 3078 ι
1597 3027 1699 3098 Qui
1746 3042 1848 3082 ve-

1935 508 2196 578 majorem
2226 509 2487 563 honorem
2517 513 2760 561 vocatur.
2794 506 2927 560 Item
2958 503 3013 558 in
3043 503 3169 558 villa
3198 509 3378 574 empta
3412 502 3517 556 do-

1935 604 2157 660 minatio
2214 593 2445 672 notatur,
2506 611 2557 657 et
2609 600 2858 674 superbia
2931 600 3236 672 castigatur.
3312 598 3522 653 Primus

1935 695 2100 748 homo
2147 692 2411 747 dominari
2449 691 2635 756 voluit,
2680 690 2806 760 quia
2851 689 3126 745 dominum
3173 687 3374 744 habere
3414 701 3519 740 no-

1937 782 2054 836 luit.
2089 780 2226 849 Quid
2260 789 2338 836 est
2365 780 2650 847 dominari,
2684 780 2784 838 nisi
2813 779 3030 850 propria
3074 784 3334 847 potestate
3389 791 3522 846 gau-

1939 879 2064 935 dere
2096 880 2123 932 ?
2149 877 2397 948 Quinque
2420 878 2557 949 juga
2586 885 2706 932 sunt
2735 877 2790 930 in
2820 877 3082 942 sensibus,
3134 875 3232 930 tria
3279 873 3526 929 videlicet

1941 968 2256 1039 apparentia
2289 987 2301 1022 :
2335 983 2458 1021 nam
2491 967 2596 1021 duo
2627 972 2749 1020 sunt
2777 966 2935 1032 oculi,
2995 964 3116 1020 duae
3171 980 3344 1032 aures,
3402 961 3522 1016 duae

1940 1074 2118 1114 nares.
2151 1059 2214 1112 In
2243 1063 2400 1128 gustu
2440 1055 2599 1110 etiam
2634 1053 2740 1110 duo
2777 1061 2899 1109 sunt
2931 1054 3299 1119 instrumenta,
3337 1052 3523 1122 lingua

1942 1162 1995 1210 et
2023 1154 2248 1225 palatus.
2273 1151 2531 1223 Voluptas
2559 1150 2752 1217 carnis,
2803 1166 2923 1218 quae
2977 1149 3045 1204 ad
3101 1155 3297 1204 tactum
3355 1145 3527 1218 perti-

1943 1250 2054 1308 net,
2105 1241 2362 1297 occultius
2411 1239 2733 1312 geminatur.
2792 1239 2885 1294 Est
2936 1238 3079 1293 enim
3127 1237 3420 1292 forinsecus
3474 1243 3527 1289 et

1945 1332 2281 1388 intrinsecus.
2313 1331 2450 1401 Juga
2479 1328 2645 1384 boum
2695 1327 2960 1392 dicuntur,
3022 1327 3146 1396 quia
3201 1342 3296 1396 per
3347 1341 3531 1379 sensus

1945 1429 2075 1484 istos
2104 1437 2313 1484 terrena
2339 1427 2700 1497 acquiruntur,
2745 1433 2797 1480 et
2843 1424 3009 1480 boves
3048 1432 3239 1478 terram
3286 1430 3524 1478 versant.

1948 1520 2013 1574 Et
2042 1520 2202 1573 etiam
2232 1525 2356 1571 sunt
2383 1515 2627 1571 homines
2647 1514 2736 1584 qui
2775 1513 2908 1568 nihil
2940 1512 3124 1568 volunt
3159 1510 3397 1575 credere,
3430 1509 3533 1564 nisi

1947 1607 2090 1678 quod
2122 1606 2366 1661 sensibus
2397 1603 2717 1676 percipiunt.
2767 1603 2916 1658 Uxor
2969 1600 3198 1671 pertinet
3251 1599 3318 1654 ad
3377 1599 3534 1654 volu-

1951 1704 2149 1769 ptatem
2179 1694 2374 1762 carnis,
2408 1709 2526 1764 quae
2555 1691 2751 1746 multos
2781 1690 3029 1762 impedit.

2025 1853 2046 1878 α
2082 1830 2230 1883 Tunc
2258 1827 2422 1882 iratus
2477 1824 2886 1896 paterfamilias,
2946 1823 3081 1877 dixit
3134 1837 3289 1878 servo
3345 1835 3468 1877 suo.
3507 1842 3530 1868 η

1948 1919 2096 1976 Sicut
2125 1917 2268 1973 enim
2300 1923 2424 1970 tunc
2450 1915 2613 1969 iratus
2632 1929 2725 1967 rex
2755 1913 2964 1980 dicitur,
2998 1911 3211 1982 quando
3256 1910 3308 1963 in
3352 1925 3541 1981 pecca-

1947 2017 2087 2065 tores
2115 2005 2406 2063 vindictam
2437 2011 2669 2070 exercet,
2715 2003 2787 2057 ita
2843 2003 2986 2057 Deus
3041 2001 3381 2072 omnipotens
3435 1997 3541 2055 illis

1947 2099 2112 2153 iratus
2140 2094 2423 2168 apparebit
2449 2108 2583 2164 quos
2610 2107 2708 2162 pro
2739 2091 2972 2163 peccatis
2995 2089 3200 2160 puniet.

2025 2245 2047 2270 ιι
2081 2222 2151 2276 Et
2181 2219 2316 2274 dixit
2343 2233 2499 2273 servo
2531 2232 2627 2271 suo
2667 2233 2678 2268 :
2713 2215 2813 2271 Exi
2846 2216 2950 2272 cito
2983 2216 3034 2270 in
3059 2214 3262 2286 plateas
3304 2221 3358 2268 et
3395 2211 3544 2268 vicos

1950 2310 2203 2374 civitatis,
2237 2316 2286 2362 et
2318 2323 2582 2378 pauperes
2610 2321 2672 2360 ac
2723 2303 2948 2370 debiles,
3003 2319 3174 2358 caecos
3220 2310 3273 2356 et
3325 2300 3545 2356 claudos

1951 2399 2215 2471 compelle
2247 2396 2470 2451 intrare.
2513 2393 2743 2462 Quantae
2771 2400 2895 2447 sunt
2948 2391 3282 2446 diversitates
3333 2391 3387 2443 in
3443 2389 3547 2445 hoc

1951 2487 2174 2554 mundo,
2227 2492 2440 2539 actuum
2504 2490 2662 2538 tantae
2719 2489 2841 2535 sunt
2893 2481 2997 2536 viae
3054 2496 3173 2550 qua
3227 2479 3427 2533 ducunt
3477 2475 3549 2531 ad

1953 2575 2250 2643 diabolum,
2283 2572 2592 2646 generalem
2622 2570 2824 2625 scilicet
2851 2569 2994 2625 viam
3023 2567 3361 2638 perditionis.
3416 2565 3544 2623 Ideo

1954 2689 2086 2746 ergo
2117 2672 2246 2727 dicit
2279 2690 2291 2728 :
2324 2671 2394 2725 ite
2426 2669 2494 2724 ad
2525 2669 2732 2723 excitus
2761 2667 2989 2736 viarum,
3041 2666 3177 2720 sicut
3223 2665 3296 2720 ait
3336 2664 3390 2718 in
3437 2663 3544 2718 alio

1954 2761 2240 2834 evangelio
2284 2759 2510 2828 (Matth.
2562 2759 2721 2825 xxn),
2778 2764 2837 2811 ut
2890 2754 3174 2826 cujuslibet
3227 2752 3550 2808 conditionis

1953 2852 2203 2910 homines
2230 2856 2490 2905 vocentur
2518 2847 2585 2902 ad
2615 2844 2800 2901 fidem.
2861 2845 3063 2899 Potens
3118 2850 3196 2897 est
3249 2841 3392 2896 enim
3450 2839 3550 2895 Dei

1955 2941 2130 3014 gratia
2158 2938 2426 3009 quoslibet
2451 2936 2711 2990 barbaros
2739 2941 2920 2989 mente
2974 2931 3263 3004 corrigere,
3321 2929 3410 2999 qui
3458 2943 3552 2983 cor

1955 3027 2458 3087 Nabuchodonosor
2509 3023 2577 3080 ad
2635 3023 2859 3079 feralem
2921 3037 3134 3077 sensum
3197 3018 3440 3085 mutavit,
3498 3025 3554 3073 et

250 3128 366 3184 nire
424 3105 711 3183 noluerunt
766 3131 1040 3189 excusant,
1101 3130 1154 3177 et
1207 3121 1283 3176 sic
1338 3117 1695 3174 intercludant
1748 3113 1849 3170 sibi
1879 3125 1929 3191 C
1959 3121 2150 3175 iterum
2176 3116 2244 3173 ad
2274 3118 2567 3171 humanum
2597 3127 2809 3167 sensum
2840 3109 3070 3166 reduxit.
3108 3109 3265 3163 Mittit
3315 3122 3443 3178 ergo
3494 3105 3550 3160 in

258 3224 517 3272 aeternum
549 3213 877 3280 convivium,
911 3211 1052 3281 quod
1082 3212 1228 3266 Deus
1274 3224 1383 3264 non
1429 3214 1650 3279 rogatus
1685 3204 1853 3277 gratis

259 3304 419 3361 offert
437 3303 761 3361 volentibus.
795 3301 1069 3355 Excusant
1099 3315 1288 3354 omnes
1337 3296 1425 3366 qui
1472 3296 1591 3368 plus
1646 3302 1854 3348 terrena

259 3410 425 3464 quam
454 3391 693 3450 caelestia
721 3387 970 3462 diligunt,
1004 3389 1101 3444 etsi
1139 3405 1195 3443 se
1239 3387 1308 3443 ad
1355 3384 1593 3441 caelestia
1639 3381 1880 3438 tendere»

256 3483 460 3539 dicunt.

335 3617 356 3644 κ
395 3591 602 3649 Primus
631 3590 766 3647 dixit
795 3591 842 3645 ei
878 3610 891 3646 :
925 3589 1121 3644 Villam
1154 3588 1280 3657 emi,
1327 3595 1382 3642 et
1425 3601 1644 3642 necesse
1683 3583 1858 3640 habeo

259 3689 428 3752 exire,
463 3695 516 3742 et
545 3685 728 3741 videre
761 3685 930 3739 illam.
962 3683 1117 3750 Rogo
1165 3690 1239 3748 te,
1297 3681 1439 3736 habe
1493 3694 1582 3734 me
1639 3692 1862 3732 excusa-

262 3785 395 3832 tum.
436 3797 456 3824 υ
492 3774 632 3829 Villa
676 3773 926 3844 designat
968 3780 1231 3826 terrenam
1280 3767 1652 3834 substantiam,
1701 3781 1861 3835 quam

267 3864 489 3935 quidam
521 3878 720 3935 magno
749 3861 934 3917 labore
964 3860 1050 3915 vel
1107 3858 1270 3914 etiam
1325 3856 1450 3912 ﬁdei
1507 3855 1706 3910 damno
1763 3852 1866 3908 sibi

264 3960 470 4019 emunt,
533 3959 624 4006 aut
679 3967 775 4022 per
825 3947 1154 4021 superbiam,
1213 3954 1303 4002 aut
1359 3953 1580 4017 propter
1631 3942 1870 4014 corporis

266 4041 648 4098 substantiam.
693 4039 834 4094 Exiit
862 4055 992 4110 ergo
1037 4037 1222 4094 videre
1279 4035 1448 4103 illam,
1507 4032 1633 4104 quia
1686 4031 1870 4088 relicta

265 4129 720 4200 contemplatione
748 4129 977 4192 interna,
1008 4126 1122 4182 sola
1150 4125 1419 4180 exteriora
1449 4123 1669 4194 cogitat.

346 4265 368 4291 σι
398 4242 464 4296 Et
491 4241 624 4296 alter
649 4229 832 4295 dixit:
862 4238 1000 4309 Juga
1029 4235 1195 4292 boum
1243 4235 1351 4290 emi
1401 4234 1658 4304 quinque,
1708 4237 1765 4285 et
1807 4245 1874 4285 eo

270 4331 502 4403 probare
531 4330 622 4384 illa
653 4343 666 4397 ;
700 4327 842 4383 habe
871 4343 959 4380 me
988 4331 1321 4380 excusatum.
1358 4345 1381 4372 »
1433 4322 1594 4377 Recte
1639 4319 1874 4390 quinque

268 4436 460 4475 sensus
487 4417 730 4488 corporis
753 4415 889 4487 juga
931 4403 1107 4470 vocati
1165 4419 1307 4478 sunt,
1361 4411 1488 4481 quia
1543 4408 1598 4463 in
1652 4415 1878 4477 utroque

273 4524 409 4564 sexu
438 4506 798 4578 geminantur.
833 4503 936 4573 Qui
994 4517 1200 4564 sensus,
1262 4500 1389 4570 quia
1442 4497 1558 4553 sola
1608 4497 1875 4552 exteriora

277 4603 627 4668 cognoscunt,
659 4601 713 4649 et
739 4609 847 4648 non
877 4591 1086 4658 intima,
1119 4596 1261 4645 recte
1312 4603 1408 4659 per
1456 4602 1550 4641 eos
1596 4585 1876 4640 curiositas

277 4685 609 4756 designatur.
641 4681 857 4737 Grande
887 4681 1076 4735 vitium
1120 4685 1198 4734 est
1241 4676 1536 4743 curiositas,
1587 4689 1707 4744 qua:
1748 4672 1876 4727 dum

281 4781 570 4853 investigat
596 4781 762 4834 vitam
812 4777 1065 4848 proximi,
1125 4782 1362 4829 mentem
1422 4771 1656 4827 exterius
1711 4768 1875 4834 ducit,

279 4886 380 4926 sua
410 4870 598 4924 intima
624 4875 972 4938 postponens.
1004 4863 1311 4920 Notandum
1343 4861 1488 4932 quia,
1512 4859 1640 4914 dum
1676 4857 1877 4922 dicunt,

290 4982 314 5009 σι
348 4974 489 5031 rogo
515 4965 586 5021 te,
620 4956 758 5012 habe
789 4971 876 5010 me
907 4959 1242 5021 excusatum,
1278 4973 1300 4999 υ
1335 4950 1608 5005 humilitas
1636 4954 1793 5002 sonat
1827 4946 1882 5000 in

284 5063 424 5103 voce
448 5061 462 5116 ;
486 5045 614 5100 dum
640 5043 826 5101 venire
855 5051 1221 5107 contemnunt,
1253 5037 1507 5110 superbia
1552 5036 1608 5090 in
1651 5035 1881 5090 actione.

289 5136 381 5192 Sic
404 5141 658 5204 peccator
685 5133 774 5204 qui
805 5132 936 5188 dicit
968 5149 982 5187 :
1013 5129 1124 5187 Ora
1173 5143 1272 5201 pro
1331 5143 1422 5182 me
1478 5131 1778 5197 peccatore,
1833 5130 1888 5176 et

289 5239 567 5303 peccatum
597 5245 705 5285 non
730 5230 844 5284 vult
887 5229 1153 5293 deserere,
1214 5224 1449 5280 insinuat
1505 5219 1883 5284 humilitatem,

289 5319 385 5376 sed
412 5320 468 5374 in
495 5318 748 5390 superbia
775 5323 992 5389 perstat.

369 5453 392 5478 σε
425 5431 492 5485 Et
519 5430 654 5485 alius
674 5428 846 5484 dixit:
869 5429 1106 5485 Uxorem
1127 5425 1259 5481 duxi
1281 5432 1334 5480 et
1372 5421 1495 5480 ideo
1525 5437 1634 5478 non
1671 5435 1890 5491 possum

291 5518 502 5576 venire.
543 5539 567 5566 ι»
601 5520 663 5573 In
693 5533 860 5572 uxore
912 5517 1160 5586 voluptas
1216 5515 1394 5569 carnis
1448 5510 1727 5581 accipitur,
1785 5523 1895 5563 non

297 5606 440 5678 quod
469 5606 782 5678 conjugium
812 5618 922 5660 non
949 5605 1019 5659 sit
1046 5603 1247 5659 bonum
1278 5602 1348 5657 ad
1397 5601 1642 5656 sobolem
1690 5612 1895 5669 propa-
1940 5608 1942 5610 '

295 5695 554 5768 gandam,
587 5695 683 5750 sed
715 5693 860 5764 quod
890 5692 1131 5749 nonnulli
1162 5698 1424 5762 expetunt
1469 5690 1525 5743 in
1572 5703 1739 5742 uxore
1787 5700 1897 5740 non

299 5790 683 5848 fecunditatem
712 5789 899 5863 prelis,
929 5788 1023 5846 sed
1069 5787 1337 5846 desideria
1381 5783 1694 5856 Voluptatis.
1745 5780 1895 5836 Con-

1960 3219 2182 3291 plateas,
2217 3222 2270 3269 et
2307 3213 2456 3268 vicos
2489 3219 2542 3267 et
2577 3210 2839 3276 civitates,
2891 3207 3123 3262 invitans
3142 3220 3421 3276 pauperes,
3452 3201 3554 3256 de-

1959 3308 2115 3372 biles,
2149 3313 2202 3359 et
2229 3318 2402 3360 caecos
2451 3299 2796 3367 claudosque,
2859 3304 2916 3350 ut
2962 3295 3109 3349 nulla
3164 3292 3258 3349 ﬁat
3309 3291 3557 3346 discretio

1963 3398 2203 3453 locorum
2259 3409 2359 3448 seu
2436 3403 2787 3462 personarum
2862 3383 3200 3440 venientibus
3257 3379 3325 3437 ad
3395 3378 3558 3434 ﬁdem

1964 3484 2177 3542 Christi.
2204 3479 2451 3537 Ostendit
2482 3477 2623 3533 enim
2648 3477 2772 3546 quia
2793 3473 3040 3529 debilitas
3074 3470 3314 3542 corporis
3353 3469 3558 3523 nullum

1969 3572 2209 3629 excludit
2237 3587 2269 3626 a
2297 3585 2466 3640 regno
2497 3565 2615 3629 Dei,
2650 3564 2927 3634 rariusque
2957 3560 3235 3631 delinquit,
3285 3557 3370 3613 cui
3415 3556 3566 3613 deest

1969 3660 2226 3719 illecebra
2258 3655 2538 3730 peccandi,
2571 3662 2624 3710 et
2679 3654 2833 3708 citius
2888 3651 2956 3707 ad
3012 3651 3182 3704 Deum
3237 3647 3564 3703 convertitur

1972 3761 2062 3832 qui
2092 3775 2200 3815 non
2238 3757 2401 3814 habet
2453 3755 2509 3808 in
2563 3750 2765 3808 mundo
2819 3749 2910 3804 ubi
2967 3747 3283 3803 delectetur.
3345 3744 3558 3800 Aliter:

1975 3851 2245 3919 Pauperes
2273 3845 2499 3909 debiles,
2533 3840 2659 3897 caeci
2703 3847 2757 3894 et
2810 3836 2985 3893 claudi
3040 3836 3288 3891 dicuntur
3341 3833 3572 3904 gentiles

1978 3937 2383 4010 comparatione
2414 3931 2745 3993 Iudaeorum,
2777 3927 2867 3997 qui
2896 3942 2994 3996 per
3020 3925 3198 3996 legem
3243 3930 3299 3977 et
3351 3922 3578 4010 prophe-

1978 4028 2079 4083 tias
2108 4009 2322 4089 divites,
2358 4021 2542 4087 fortes,
2576 4016 2858 4072 illuminati
2884 4022 2936 4069 et
2964 4013 3124 4068 erecti
3172 4027 3288 4066 esse
3335 4009 3532 4063 debent
3560 4021 3574 4074 ;

1981 4116 2077 4172 sed
2107 4117 2211 4171 hoc
2254 4128 2370 4167 esse
2422 4109 2557 4164 falso
2614 4109 2962 4176 praesumunt.
3019 4100 3180 4154 Mittit
3232 4097 3300 4153 ad
3355 4097 3578 4168 plateas,

1982 4230 2104 4270 cum
2134 4217 2447 4282 peccatores
2476 4202 2812 4259 dilatioribus
2835 4199 2936 4254 viis
2965 4203 3128 4254 vocat
3179 4195 3248 4252 ad
3299 4200 3582 4265 angustam

1983 4303 2129 4360 viam
2160 4300 2313 4356 vitae.
2351 4295 2512 4351 Mittit
2538 4293 2605 4347 ad
2635 4291 2803 4358 vicos,
2849 4303 2972 4344 cum
3033 4286 3155 4341 illos
3210 4283 3398 4339 invitat
3452 4297 3587 4351 quos

1988 4387 2370 4460 temporalium
2400 4389 2558 4439 vocat
2586 4379 2787 4451 inOpia.
2825 4377 2982 4432 Mittit
3015 4374 3083 4431 ad
3138 4373 3399 4440 civitates,
3459 4387 3584 4427 cum

1903 4485 1954 4547 D
1987 4495 2080 4535 eos
2105 4459 2266 4533 vocat
2293 4473 2387 4543 qui
2416 4471 2559 4527 culta
2601 4468 2670 4523 ab
2726 4466 2937 4522 incultis
2991 4470 3295 4526 secernunt,
3354 4459 3443 4530 qui
3500 4467 3582 4515 te-

1987 4583 2114 4622 nere
2145 4567 2322 4638 legem
2352 4568 2558 4616 natura:
2597 4557 2906 4613 suburbana
2959 4551 3365 4611 conversatione
3419 4564 3584 4605 nove-

1985 4662 2123 4712 rant.

2068 4795 2090 4820 (ι
2123 4771 2188 4824 Et
2222 4769 2295 4825 ait
2319 4783 2549 4822 servus:
2592 4762 2843 4827 Domine,
2905 4761 3104 4816 factum
3163 4763 3242 4812 est
3292 4763 3350 4809 ut
3404 4753 3584 4822 impe-

1991 4860 2140 4927 rasti,
2175 4865 2228 4913 et
2259 4857 2437 4912 adhuc
2467 4855 2616 4909 locus
2673 4859 2767 4907 est.
2828 4850 2894 4904 Et
2950 4849 3023 4903 ait
3075 4845 3325 4900 dominus
3379 4855 3580 4896 servo:

1992 4950 2092 5006 Exi
2123 4949 2178 5003 in
2205 4946 2320 5002 vias
2348 4953 2402 4999 et
2424 4958 2599 5014 sepes,
2630 4947 2684 4994 et
2709 4937 2974 5009 compelle
3003 4936 3219 5000 intrare,
3251 4938 3308 4985 ut
3352 4929 3585 5000 implea-

1995 5057 2083 5103 tur
2110 5047 2303 5101 domus
2331 5059 2471 5098 mea.
2503 5040 2638 5096 Dico
2669 5045 2845 5092 autem
2876 5033 3031 5089 vobis
3059 5030 3203 5102 quod
3233 5043 3391 5083 nemo
3435 5027 3588 5082 viro-

1995 5153 2120 5192 rum
2142 5135 2354 5189 illorum
2369 5130 2458 5201 qui
2481 5128 2655 5183 vocati
2675 5133 2794 5180 sunt
2815 5123 3105 5196 gustabunt
3124 5133 3332 5174 caenam
3349 5130 3582 5170 meam.»

1996 5222 2282 5296 Implenda
2322 5227 2402 5274 est
2436 5218 2628 5273 domus
2659 5214 2756 5269 Dei
2788 5225 3010 5266 numero
3039 5206 3536 5279 prardestinatorum
3573 5216 3588 5272 ;

1999 5323 2097 5378 sed
2125 5317 2342 5392 superbi
2373 5322 2700 5387 peccatores,
2751 5309 2876 5379 quia
2929 5305 3104 5362 vocati
3159 5304 3342 5359 venire
3397 5301 3593 5356 nolue-

2000 5418 2142 5476 runt,
2175 5391 2232 5463 Se
2263 5407 2408 5478 ipsos
2463 5397 2946 5471 irrecuperahiliter
3012 5394 3367 5449 excluserunt.
3427 5391 3596 5444 Vocat

2003 5499 2268 5557 Dominus
2297 5509 2396 5564 per
2422 5509 2498 5558 se,
2531 5496 2688 5545 vocat
2717 5503 2813 5558 per
2839 5484 3081 5556 angelos,
3113 5497 3211 5552 per
3248 5480 3594 5552 patriarchas,

2006 5613 2104 5670 per
2153 5591 2440 5664 apostolos,
2499 5604 2594 5659 per
2648 5583 2923 5650 miracula,
2978 5597 3077 5650 per
3133 5579 3366 5650 ﬂagella.
3423 5577 3598 5630 Nemo

2005 5663 2320 5742 contemnat
2345 5677 2550 5743 venire,
2603 5691 2670 5728 ne
2719 5674 2845 5727 dum
2900 5677 3122 5725 vocatus
3178 5673 3412 5729 excusat,
3471 5663 3599 5716 dum

2007 5769 2240 5832 voluerit
2268 5769 2484 5835 intrare,
2518 5779 2627 5820 non
2655 5761 2851 5822 valeat.
2899 5757 3171 5816 Venerunt
3215 5753 3282 5809 de
3313 5750 3504 5822 plateis
3549 5756 3602 5803 ct
