3986 6070
477 253 616 306 1023

1617 254 1950 311 WERNERI
1989 254 2271 312 ABBATIS
2313 255 2369 312 S.
2413 255 2627 312 BLASII

3635 258 3659 309 1
3671 256 3768 312 υει

468 375 801 447 postulabat,
833 376 1150 450 priusquam
1180 394 1296 434 eam
1327 395 1426 450 per
1454 383 1685 435 mortem
1716 386 1880 434 totum
1901 395 2064 434 exue-
2093 378 2147 440 A
2177 379 2296 435 talis
2348 380 2568 446 dicitur,
2618 386 2673 434 et
2711 378 2765 435 in
2803 393 2870 435 eo
2908 378 3055 452 quod
3101 378 3330 434 dabatur
3364 376 3693 434 immortalis
3718 388 3768 435 et

467 479 570 538 ret,
602 472 781 545 aliqua
813 489 884 528 ex
939 483 1114 545 parte,
1167 475 1389 547 quando
1443 476 1629 545 voluit,
1683 476 1956 546 deposuit,
2007 483 2060 530 et

466 577 696 624 rursum,
735 563 954 632 quando
987 563 1173 630 voluit,
1207 564 1428 635 recepit,
1464 573 1522 620 ut
1551 566 1604 619 in
1637 563 1743 621 hoc
1771 564 1895 636 ipso
1923 579 2058 634 pro-

464 647 621 704 baret
651 650 775 721 quia
809 652 861 705 in
895 661 1146 723 quantum
1194 669 1317 709 eam
1365 654 1638 719 sustinuit,
1690 669 1754 709 ex
1807 653 2056 708 necessi-

465 754 569 802 tate
601 764 707 802 non
739 758 904 813 esset,
940 751 1141 820 quisic
1198 768 1297 822 pro
1356 761 1629 822 potestate
1686 751 1738 804 in
1801 758 2055 822 quantum

465 836 632 892 voluit
663 853 781 892 eam
812 854 919 893 non
952 839 1172 908 habere,
1199 841 1472 896 sustinere
1509 840 1729 897 omnino
1767 855 1876 896 non
1924 856 2057 912 pos-

465 932 571 981 set.

534 1051 754 1122 Legitur
778 1052 830 1106 in
853 1054 1152 1124 Evangelio
1173 1059 1331 1122 (Luc.
1358 1056 1432 1125 tv)
1455 1055 1580 1125 quia
1603 1054 1865 1110 Dominus
1897 1055 2057 1109 Jesus

461 1148 710 1204 Christus
738 1167 861 1206 cum
894 1153 1127 1206 verbum
1160 1154 1282 1207 vitm
1314 1151 1660 1223 praedicaret,
1693 1161 1745 1208 et
1774 1152 1844 1207 ad
1893 1153 2056 1206 vitam

459 1237 722 1293 mortales
762 1247 815 1293 et
877 1241 1165 1296 morituros
1223 1241 1504 1306 invitaret,
1567 1241 1810 1296 zelantes
1869 1241 2056 1296 hostes

459 1341 617 1397 quem
683 1329 888 1383 ratione
946 1329 1165 1385 vincere
1215 1346 1326 1384 non
1383 1338 1654 1401 poterant,
1716 1330 1898 1386 furore
1955 1345 2055 1385 ex-

459 1423 738 1494 stinguere
771 1425 1055 1480 vdebant.
1095 1429 1281 1497 Itaque
1313 1427 1476 1498 quasi
1508 1427 1560 1480 in
1610 1444 1732 1482 eum
1781 1427 1873 1498 qui
1925 1426 2055 1481 nihil

458 1513 693 1581 amplius
719 1515 946 1568 mortale
980 1514 1226 1580 haberet,
1256 1531 1451 1569 manus
1503 1515 1805 1585 injecerunt
1855 1515 1912 1568 in
1959 1515 2054 1570 Je-

459 1615 600 1666 sum,
636 1609 684 1655 et
719 1601 988 1657 duxerunt
1016 1604 1072 1657 in
1135 1604 1490 1674 supercilium
1552 1603 1770 1671 montis,
1835 1607 1892 1658 ut
1946 1604 2054 1660 illic

460 1711 582 1750 eum
622 1699 1045 1768 przecipiturent.
1095 1700 1227 1755 Cum
1270 1717 1378 1755 non
1434 1709 1583 1756 esset
1634 1701 1936 1770 ducendus,

457 1784 574 1840 neri
629 1802 689 1841 se
755 1787 1023 1856 patienter
1089 1789 1404 1853 tolerabat;
1467 1806 1591 1845 cum
1657 1799 1840 1845 autem
1906 1800 2054 1846 esset

457 1874 900 1945 praecipitandus,
934 1885 1179 1946 potenter
1210 1894 1305 1948 per
1339 1880 1578 1934 medium
1626 1879 1840 1936 illorum
1887 1880 2002 1934 ibat
2033 1898 2047 1936 :

457 1977 716 2039 quantum
748 1970 918 2025 voluit
950 1973 1255 2036 tenebatur,
1292 1982 1345 2029 et
1389 1983 1654 2045 quantum
1703 1973 1872 2030 voluit
1939 1991 2050 2030 non

457 2058 768 2114 tenebatur.
803 2059 1072 2129 Quantum
1105 2062 1292 2128 voluit,
1321 2072 1373 2117 et
1401 2064 1617 2134 quando
1648 2064 1836 2130 voluit,
1886 2075 2049 2119 natu-

455 2162 566 2201 ram
608 2148 950 2204 mortalitatis
987 2151 1228 2205 admisit.
1299 2151 1572 2220 Quantum
1639 2161 1819 2208 autem
1878 2155 2047 2208 susti-

455 2259 588 2298 nere
610 2245 778 2300 voluit
809 2263 951 2310 eam,
984 2255 1038 2301 et
1069 2249 1294 2317 quando
1327 2249 1497 2303 voluit
1528 2251 1776 2305 eamdem
1810 2267 1842 2306 a
1863 2268 1922 2306 se
1945 2267 2046 2322 po-

455 2333 706 2388 testavite
732 2335 986 2388 removit.
1025 2358 1046 2382 α
1083 2337 1394 2405 Transiens,
1427 2339 1616 2409 inquit,
1662 2354 1762 2410 per
1810 2340 2048 2393 medium

453 2420 670 2475 illorum
697 2421 806 2475 ibat
829 2422 1038 2493 (ἐθίζω.
1075 2443 1096 2473 ι
1125 2424 1383 2496 Nunquid
1414 2434 1593 2496 putas,
1620 2427 1762 2498 quod
1806 2428 2048 2483 Christus

452 2515 714 2572 luctando
753 2534 814 2571 se
852 2521 920 2574 de
978 2521 1226 2574 manibus
1291 2521 1636 2577 inimicorum
1697 2525 2044 2592 subtraxerit,

453 2620 578 2660 cum
616 2607 684 2659 ab
727 2607 806 2660 eis
845 2615 1137 2674 teneretur,
1180 2617 1234 2664 ut
1275 2610 1550 2665 transiens
1587 2611 1730 2667 liber
1766 2629 1866 2683 per
1921 2630 2042 2669 me-

451 2693 599 2748 dium
629 2710 820 2748 eorum
853 2696 954 2751 iret
986 2698 1006 2748 3
1038 2697 1184 2769 Ergo
1231 2697 1484 2754 fortitudo
1533 2701 1782 2770 corporis
1828 2701 1943 2756 sola
1989 2701 2043 2757 in

450 2807 513 2847 ea
541 2791 812 2847 laudanda
843 2802 944 2860 est,
977 2811 1085 2851 non
1123 2796 1293 2851 virtus
1335 2797 1576 2854 deitatis.
1631 2799 1754 2854 Non
1801 2799 1871 2854 ita
1914 2816 2044 2856 con-

450 2880 618 2946 venit,
651 2882 748 2937 sed
779 2882 1028 2938 exhibuit
1055 2900 1114 2940 se
1148 2885 1368 2958 qualem
1402 2887 1586 2952 voluit,
1637 2888 1928 2943 admittens
1974 2889 2043 2944 ad

449 2983 510 3023 se
538 2985 601 3024 ex
634 2985 701 3026 eo
747 2971 892 3042 quod
949 2977 1145 3042 sponte
1204 2975 1464 3043 portabat
1519 2985 1783 3046 quantum
1839 2976 2034 3032 voluit.

2166 467 2524 538 impassibilis
2574 468 2747 524 fuisse
2806 467 3183 539 prmdicatur?
3238 468 3365 523 Haec
3420 475 3635 522 tantum
3692 467 3766 524 sic

2167 557 2312 613 dicta
2341 557 2467 624 sint,
2502 566 2560 613 ut
2587 557 2790 613 nemini
2818 557 2875 613 in
2904 572 2970 613 eo
2997 556 3145 630 quod
3161 555 3338 612 latent
3381 555 3766 629 prmjudicium

2166 645 2274 702 ﬁat.

2683 794 2886 835 DIVISIO
2925 794 3205 834 SERHONIS
3219 818 3233 834 ο

2241 910 2436 963 Verum
2469 923 2668 978 corpus
2697 906 2900 962 Christi
2930 908 3065 962 illud
3098 906 3269 962 fuisse
3299 905 3650 962 credendum
3697 903 3761 959 sit

2166 998 2308 1070 quod
2341 999 2460 1068 ipse
2483 997 2728 1052 traditori
2750 1013 2850 1052 suo
2873 1012 2970 1067 per
2990 996 3265 1051 intinctam
3289 995 3603 1051 buccellam
3626 1009 3759 1065 por-

2167 1095 2326 1151 rexit.
2351 1094 2772 1160 Cumtinxisset,
2798 1093 2991 1164 inquit,
3017 1093 3180 1148 Jesus
3199 1108 3420 1164 panem,
3459 1092 3616 1147 dedit
3656 1090 3763 1146 Ju-

2166 1183 2252 1242 da‘:
2272 1183 2481 1239 Simoni
2502 1183 2802 1240 lscariotze.
2823 1182 3017 1248 Sed,ut
3035 1181 3164 1237 dicit
3185 1181 3378 1236 beatus
3394 1180 3760 1249 Augustinus,

2164 1289 2295 1338 non,
2327 1273 2468 1328 sicut
2497 1280 2682 1343 putant
2713 1271 2933 1344 quidam
2965 1271 3309 1344 negligenter
3336 1270 3615 1341 legentes,
3638 1277 3766 1326 tunc

2166 1371 2338 1424 Judas
2378 1369 2584 1426 Christi
2623 1385 2825 1440 corpus
2885 1369 3122 1438 accepit.
3186 1367 3614 1439 Intelligendum
3680 1374 3763 1421 est

2163 1460 2308 1530 quod
2333 1459 2444 1527 jam
2473 1457 2726 1514 omnibus
2774 1458 3127 1512 distribuerat
3169 1465 3582 1512 sacramentum
3629 1472 3762 1510 cor-

2164 1548 2312 1618 poris
2344 1557 2396 1603 et
2422 1547 2705 1618 sanguinis
2736 1546 2840 1612 sui,
2873 1547 2965 1601 ubi
2996 1555 3050 1602 et
3078 1547 3198 1616 ipse
3225 1546 3392 1600 Judas
3423 1553 3568 1610 erat,
3621 1544 3765 1599 sicut

2163 1653 2380 1700 sanctus
2402 1645 2572 1700 Lucas
2593 1643 3000 1700 evidentissima
3029 1650 3246 1699 narrat.
3299 1647 3378 1698 Ac
3430 1642 3637 1697 deinde
3693 1640 3765 1696 ad

2000 1709 2052 1757 ιθ
2083 1733 2136 1792 Β
2162 1734 2268 1789 hoc
2300 1743 2519 1788 ventum
2551 1741 2656 1798 est,
2689 1733 2780 1787 ubi
2829 1733 3130 1787 secundum
3173 1733 3552 1787 narrationem
3599 1731 3766 1785 Joano

2161 1823 2245 1876 nis
2283 1822 2627 1894 apertissime
2674 1838 2771 1893 per
2815 1822 3116 1878 buccellam
3161 1821 3388 1877 tinctam
3433 1829 3598 1892 atque
3630 1834 3765 1890 por-

2160 1926 2368 1973 rectam
2409 1934 2566 1972 suum
2627 1917 2876 1989 exprimit
2932 1919 3264 1981 traditorem,
3333 1915 3590 1971 fortassis
3663 1931 3766 1983 per

2159 2007 2317 2078 panis
2357 2007 2668 2062 tinctionem
2733 2007 2877 2062 illius
2914 2005 3235 2079 significans
3271 2003 3571 2060 ﬁctionem.
3636 2005 3764 2060 Non

2157 2096 2302 2151 enim
2333 2096 2512 2150 omnia
2543 2113 2664 2167 quae
2695 2096 2976 2166 tinguntur
3003 2096 3320 2166 abluuntur,
3369 2095 3468 2150 sed
3527 2102 3588 2148 ut
3641 2093 3763 2148 inﬁ-

2161 2181 2382 2236 ciantnr
2412 2180 2673 2234 nonnulla
2703 2181 3011 2250 tinguntur.
3053 2181 3107 2234 Si
3164 2189 3347 2235 autem
3394 2179 3602 2234 bonum
3667 2177 3766 2232 ali-

2161 2269 2306 2340 quod
2337 2266 2606 2337 signiﬁcat
2639 2270 2754 2324 haec
2786 2269 2998 2334 tinctio,
3046 2269 3222 2323 eidem
3267 2269 3412 2323 bono
3459 2268 3758 2338 ingratum,

2158 2373 2268 2411 non
2302 2356 2571 2416 immerito
2601 2365 2684 2410 est
2715 2365 2901 2412 secuta
2933 2357 3249 2426 damnatio;
3273 2365 3328 2412 et
3368 2357 3487 2411 haec
3533 2354 3762 2426 quidem

2153 2446 2329 2501 verba
2360 2453 2486 2499 sunt
2516 2445 2658 2500 beati
2691 2445 3002 2517 Augustini,
3035 2461 3204 2515 super
3248 2461 3316 2502 eo
3362 2444 3510 2516 quod
3559 2444 3762 2515 quassi-

2152 2551 2263 2597 tum
2295 2551 2378 2598 est
2404 2543 2449 2597 si
2477 2543 2647 2598 Judas
2673 2543 2726 2597 in
2763 2542 3007 2599 buccella
3041 2543 3241 2598 Christi
3287 2543 3498 2612 accepit
3527 2557 3760 2612 corpus.

2154 2632 2231 2688 Ex
2261 2648 2326 2688 eo
2356 2639 2539 2686 tamen
2569 2632 2712 2702 quod
2747 2632 2993 2688 lraditori
3039 2649 3138 2687 suo
3193 2631 3460 2688 Dominus
3519 2631 3592 2685 ad
3650 2645 3760 2684 no-

2150 2719 2372 2774 tandum
2405 2735 2529 2775 eum
2596 2720 2892 2776 buccellam
2938 2719 3222 2776 intinctam
3286 2719 3456 2786 dedit,
3518 2733 3758 2775 consue-

2150 2807 2285 2872 tudo
2315 2809 2479 2863 habet
2509 2816 2565 2863 ut
2593 2824 2794 2879 corpus
2846 2809 3046 2865 Chriin
3076 2808 3269 2864 ﬁdeles
3324 2809 3610 2863 intinctum
3643 2822 3758 2861 non

2150 2903 2445 2971 accipiant.
2485 2905 2624 2960 Sunt
2654 2921 2874 2975 quoque
2906 2912 2960 2959 et
2987 2905 3156 2976 aliqui
3183 2905 3275 2976 qui
3304 2921 3369 2959 ex
3414 2902 3757 2975 quibusdam

2153 2991 2572 3062 Scripturarum
2605 2993 2741 3047 locis
2771 2993 2823 3046 in
2856 2993 3252 3049 munimentum
3283 2993 3367 3048 sui
3397 2991 3605 3048 erroris
3648 2991 3761 3046 du-

447 3064 504 3118 Si
543 3081 674 3136 ergo
716 3066 962 3122 Christus
1022 3068 1361 3125 mortalitatis
1419 3079 1668 3126 naturam
1736 3073 2038 3128 secundum
2072 3085 2121 3149 C
2149 3096 2272 3136 cere
2302 3089 2650 3151 putaverunt,
2682 3082 2931 3137 dicentes
2951 3082 3004 3136 in
3028 3089 3368 3138 sacramento
3387 3081 3580 3136 altaris
3603 3080 3762 3135 veri-

449 3155 707 3209 rationem
767 3155 1198 3226 dispensationis
1249 3159 1466 3224 divinae,
1519 3161 1840 3232 priusquam
1896 3177 2040 3228 eam,

445 3244 760 3313 perenniter
799 3244 1044 3302 victurus
1083 3255 1334 3316 exueret,
1367 3249 1670 3304 secundum
1700 3258 1914 3320 tempus
1934 3251 2043 3305 ali-

445 3341 661 3410 quando
691 3357 754 3395 ex
787 3351 944 3412 parte
977 3343 1247 3414 deposuit,
1299 3350 1356 3400 et
1403 3346 1599 3401 iterum
1657 3363 1777 3403 cum
1829 3356 2044 3418 tempus

444 3430 772 3499 postulabat,
793 3434 1108 3500 assumpsit,
1138 3434 1335 3488 mirum
1356 3443 1436 3491 est
1457 3436 1505 3489 si
1532 3435 1733 3493 dicitur
1752 3437 2043 3508 aliquando

445 3532 544 3586 pro
573 3531 741 3571 causa
771 3527 824 3572 et
855 3519 1065 3575 ratione
1099 3524 1382 3592 temporis,
1433 3525 1734 3579 secundum
1795 3527 2040 3598 aliquod,

445 3621 500 3668 et
530 3620 697 3669 totam
735 3616 1075 3687 deposuisse,
1117 3619 1171 3673 in
1228 3636 1336 3690 qua
1399 3629 1581 3677 tamen
1647 3623 1843 3687 adhuc,
1918 3639 2040 3680 cum

443 3709 662 3771 tempus
692 3705 1028 3774 postulabat,
1060 3723 1320 3777 passurus
1352 3708 1476 3766 luit.
1515 3711 1574 3766 Si
1602 3727 1735 3781 ergo
1765 3713 1869 3768 hoc
1918 3729 2042 3769 esse

443 3791 616 3861 potuit
645 3800 703 3846 ut
729 3793 847 3864 ipse
873 3794 1115 3865 seipsum
1163 3796 1415 3852 manibus
1461 3808 1717 3870 gestaret.
1767 3809 1823 3855 et
1872 3800 2043 3857 disci-
2082 3838 2087 3842 ~

443 3887 589 3958 pulis
616 3888 733 3945 sine
762 3890 1108 3962 corruptione
1137 3894 1221 3948 sui
1245 3893 1517 3948 edendum
1547 3895 1838 3962 distribuit,
1871 3905 1925 3952 et
1957 3905 2040 3951 ta-

442 3991 569 4031 men
596 3977 714 4048 ipse
744 3980 838 4050 qui
865 3979 1016 4035 dedit
1043 3988 1098 4037 et
1127 3983 1220 4052 qui
1248 3982 1499 4050 dabatur,
1551 3986 1643 4056 qui
1691 3986 1927 4056 portavit
1991 3994 2043 4041 et

443 4075 535 4146 qui
564 4077 904 4147 portabatur,
937 4078 1082 4134 idem
1112 4095 1256 4144 esse,
1291 4082 1420 4152 quid
1451 4082 1650 4139 mirum
1680 4091 1764 4138 est
1791 4085 1852 4152 isi
1899 4085 2043 4140 dici-

441 4171 536 4218 tur
563 4165 689 4235 quia
715 4166 908 4236 ipsein
937 4183 1004 4223 eo
1034 4169 1176 4240 quod
1208 4170 1378 4225 dabat
1409 4172 1661 4226 mortalis
1711 4171 1830 4239 fuit,
1885 4181 1940 4228 et
1989 4174 2041 4227 in

446 4266 516 4306 eo
547 4254 688 4322 quod
721 4254 952 4310 dabatur
977 4257 1306 4314 immortalis
1338 4259 1454 4324 fuit,
1488 4269 1544 4315 et
1577 4268 1756 4316 tamen
1785 4261 1920 4333 ipse.
1951 4262 2043 4333 qui

445 4349 690 4402 mortalis
727 4350 910 4418 dabat,
944 4361 998 4407 et
1057 4354 1147 4424 qui
1215 4354 1547 4411 immortalis
1609 4357 1863 4422 dabatur,
1931 4373 2037 4412 non

2153 3188 2318 3233 tatem
2349 3179 2595 3248 corporis
2625 3187 2677 3233 et
2709 3177 2990 3250 sanguinis
3019 3178 3222 3236 Christi
3279 3193 3392 3234 non
3446 3193 3596 3244 esse,
3659 3177 3762 3232 sed

2153 3267 2451 3339 imaginem
2483 3267 2629 3321 illius
2660 3275 2891 3332 tantum,
2948 3275 3002 3320 et
3055 3266 3314 3337 speciem,
3375 3273 3430 3320 et
3483 3263 3754 3336 ﬁguram.

2155 3358 2464 3426 Propterea,
2495 3357 2618 3426 quia
2640 3355 2915 3426 Scriptura
2954 3355 3248 3427 aliquoties
3289 3355 3437 3411 dicat
3487 3354 3549 3408 id
3605 3355 3761 3424 quod

2155 3452 2209 3506 in
2247 3452 2577 3508 eucharistia
2614 3452 2803 3506 altaris
2846 3452 3028 3516 sumit,
3067 3452 3364 3522 imaginem
3419 3451 3570 3506 illius
3624 3466 3760 3506 esse

2154 3542 2241 3595 vel
2272 3542 2536 3611 speciem,
2578 3540 2724 3612 quod
2777 3541 2832 3594 in
2890 3541 3309 3612 participatione
3363 3539 3570 3595 Christi
3623 3539 3760 3594 Jesn

2153 3631 2500 3701 percipietur.
2543 3629 2645 3698 Qui
2681 3630 2928 3700 perfecto
2967 3630 3026 3685 in
3063 3630 3169 3686 hoc
3223 3629 3437 3685 erroris
3493 3629 3757 3698 laqueum

2151 3734 2260 3775 non
2290 3719 2612 3783 inciderent,
2645 3719 2691 3772 si
2724 3718 2807 3774 vel
2843 3727 3196 3774 sacramenta
3224 3718 3326 3774 Dei
3350 3726 3496 3773 recta
3542 3725 3599 3772 et
3644 3717 3757 3772 hu-

2151 3815 2266 3870 mili
2299 3814 2406 3870 fide
2437 3816 2798 3884 susciperent,
2829 3823 2920 3870 aut
2949 3814 3260 3885 Scripturas
3288 3812 3644 3870 convenienti
3665 3812 3756 3867 in-

2152 3903 2455 3974 telligentia
2486 3911 2804 3958 tractarent.
2843 3903 3007 3957 Nunc
3035 3911 3217 3957 autem
3269 3903 3396 3974 quia
3447 3902 3503 3955 in
3562 3915 3756 3956 sacra-

2151 3991 2350 4047 mentis
2403 3991 2506 4046 Dei
2569 4007 2791 4046 sensum
2858 4007 3020 4046 suum
3084 3989 3213 4046 ﬁdei
3274 3989 3579 4061 praeferunt
3611 4029 3626 4058 ,
3697 3989 3758 4044 in

2154 4088 2451 4159 Scripturis
2479 4089 2651 4144 sacris
2681 4103 2876 4143 sanam
2903 4088 3370 4159 interpretationis
3403 4085 3632 4142 formam
3666 4094 3756 4142 te-

2153 4193 2283 4232 nere
2320 4185 2712 4232 contemnunt:
2755 4186 2811 4232 et
2850 4176 2907 4232 tit
2965 4185 3024 4232 ut
3082 4192 3266 4233 sermo
3319 4175 3563 4232 veritatis
3627 4190 3755 4230 am-

2153 4265 2294 4336 plius
2325 4281 2420 4321 eos
2448 4266 2687 4338 caligare
2717 4265 2897 4331 faciat,
2931 4267 3060 4320 dum
3089 4281 3197 4322 non
3246 4273 3396 4321 recte
3437 4264 3756 4320 intellectus

2152 4376 2395 4416 errorem
2425 4377 2526 4432 per
2559 4362 2830 4416 veritatem
2865 4361 3153 4417 ministrat.
3193 4361 3354 4430 Quod
3373 4369 3557 4416 tamen
3603 4361 3756 4416 Scri-

447 4437 575 4500 duo,
609 4438 707 4492 sed
737 4455 875 4494 unus
902 4441 1002 4495 fuit
1031 4441 1168 4511 ipse.
1205 4442 1492 4512 Quomodo
1522 4445 1666 4499 enim
1714 4445 2041 4501 immortalis
2072 4442 2124 4503 D
2155 4458 2328 4520 pturaa
2357 4450 2515 4520 culpa
2547 4465 2655 4505 non
2685 4459 2787 4516 est,
2821 4451 2920 4506 sed
2949 4450 3245 4523 legentium
3277 4457 3331 4506 et
3377 4466 3490 4505 non
3538 4449 3753 4504 intelli-

444 4545 554 4587 non
594 4533 757 4589 dabat
795 4537 887 4607 qui
948 4537 1295 4594 invisibiliter
1354 4541 1688 4608 sumebatur,
1743 4551 1797 4598 et
1852 4543 2040 4599 incor-

444 4622 771 4691 ruptibiliter
800 4627 1230 4682 manducabatur
1249 4629 1276 4684 ?
1297 4630 1654 4686 Invisibiliter
1698 4632 2037 4700 sumebatur,

445 4719 712 4782 quantum
739 4713 807 4768 ad
838 4713 1070 4770 formam
1126 4716 1249 4772 dico
1317 4719 1598 4789 propriam
1628 4721 1881 4791 corporis
1937 4721 2040 4791 sui,

443 4825 554 4866 non
600 4820 861 4882 quantum
891 4813 960 4867 ad
991 4813 1227 4883 speciem
1260 4816 1592 4871 sacramenti
1622 4817 1725 4871 sui.
1781 4817 2039 4873 Invisibi-

442 4895 568 4953 liter
595 4900 742 4955 enim
771 4902 1094 4956 sumebatur
1123 4903 1251 4974 quia
1294 4904 1346 4957 in
1405 4920 1471 4959 eo
1523 4905 1668 4976 quod
1723 4907 2042 4960 sumebatur

445 4987 588 5058 quod
619 4987 738 5058 ipse
767 4995 904 5056 erat,
935 5006 1043 5046 non
1095 4991 1417 5047 videbatur:
1460 4993 1705 5048 Christus
1751 4994 1896 5049 enim
1941 5012 2038 5050 su-

442 5084 714 5150 mebatur,
745 5093 800 5142 et
833 5088 1047 5157 species
1075 5088 1230 5158 panis
1279 5097 1334 5144 et
1380 5089 1491 5143 vini
1547 5098 1752 5145 tantum
1809 5092 2037 5147 videba-

443 5179 550 5225 tur.
583 5173 713 5226 Ideo
740 5174 866 5229 dico
894 5175 1238 5232 invisibiliter
1268 5179 1603 5244 sumebatur,
1636 5187 1691 5235 et
1731 5181 1877 5251 quod
1924 5190 2038 5236 erat

443 5272 554 5312 non
585 5259 884 5316 videbatur.
917 5263 974 5317 Si
1005 5280 1141 5336 ergo
1170 5265 1222 5319 in
1251 5281 1318 5320 eo
1349 5267 1495 5337 quod
1524 5267 1712 5333 dabat,
1745 5269 1890 5339 quod
1919 5269 2039 5340 ipse

446 5363 561 5409 erat
599 5356 904 5423 videbatur,
945 5368 999 5414 et
1032 5361 1086 5414 in
1125 5377 1191 5416 eo
1230 5363 1378 5433 quod
1433 5364 1663 5419 dabatur
1716 5366 1862 5437 quod
1921 5374 2040 5421 erat

445 5443 566 5513 ipse
595 5459 706 5498 non
737 5443 1064 5512 videbatur;
1097 5457 1150 5502 et
1179 5452 1223 5503 si
1247 5452 1300 5503 in
1349 5466 1415 5504 eo
1465 5452 1615 5522 quod
1667 5454 1830 5509 dabat
1879 5463 2034 5510 tene-

448 5531 608 5584 batur
636 5539 690 5584 et
718 5533 1141 5601 crucifigebatur
1173 5556 1188 5599 ;
1221 5541 1276 5590 et
1306 5537 1362 5591 in
1382 5555 1449 5592 eo
1470 5542 1614 5609 quod
1635 5542 1865 5596 dabatur
1884 5542 2039 5597 fran-

448 5619 681 5689 gebatur
709 5625 762 5671 et
793 5633 899 5672 non
931 5619 1294 5688 dividebatur,
1336 5626 1600 5682 edebatur
1647 5638 1699 5684 et
1741 5646 1850 5686 non
1905 5647 2038 5686 cor-

448 5706 822 5779 rumpebatur,
845 5706 973 5776 quid
995 5707 1206 5762 miraris
1241 5711 1288 5763 si
1327 5711 1383 5765 in
1420 5727 1488 5768 eo
1517 5718 1660 5785 quod
1691 5719 1856 5775 dabat
1884 5735 2038 5777 mor-

2150 4538 2400 4610 gentium
2430 4539 2666 4603 caecitas,
2728 4555 2908 4610 neque
2965 4555 3255 4596 sacrorum
3311 4538 3411 4594 Dei
3469 4538 3746 4603 confusio,

2150 4635 2252 4690 sed
2294 4634 2743 4706 prmsumentium
2775 4636 3033 4705 pravitas.
3067 4635 3170 4691 Hic
3203 4643 3385 4690 autem
3435 4633 3752 4704 perniciose

2151 4733 2475 4779 erraverunt
2506 4731 2585 4778 tot
2631 4724 2942 4778 manifestis
2997 4723 3286 4778 sententiis
3328 4731 3381 4778 et
3427 4721 3754 4778 assertioni-

2149 4812 2252 4866 bus
2278 4827 2385 4867 non
2417 4812 2596 4866 dubiis
2619 4812 2841 4883 quidam
2873 4811 3132 4882 ambigua
3163 4811 3540 4882 praeferentes,
3595 4819 3647 4865 et
3693 4810 3753 4863 in

2148 4900 2282 4971 ipsis
2354 4900 2533 4972 magis
2590 4899 2932 4955 mendacium
2988 4915 3152 4971 quam
3209 4900 3490 4956 veritatem
3541 4897 3754 4969 eligen-

2147 5010 2251 5070 tes,
2284 5016 2393 5056 non
2426 5000 2553 5071 quia
2582 5001 2684 5056 hoc
2715 5000 2786 5054 ibi
2817 5015 3078 5070 magnum
3109 5000 3420 5065 dicebatur,
3475 4998 3578 5054 sed
3619 4997 3752 5068 quia

2147 5091 2251 5145 hoc
2279 5089 2347 5143 ab
2376 5089 2485 5144 illis
2515 5104 2774 5159 magnum
2804 5088 3155 5144 credebatur.
3187 5087 3332 5157 Quid
3363 5087 3508 5143 enim
3532 5090 3566 5141 Ἰ
3595 5087 3752 5141 Nun-

2148 5179 2278 5249 quid
2310 5186 2712 5232 sacramentum
2744 5177 2933 5232 altaris
2978 5177 3223 5233 veritatis
3283 5192 3394 5231 non
3452 5182 3556 5241 est,
3617 5175 3745 5245 quia

2147 5274 2321 5346 ﬁgura
2353 5275 2382 5326 ?
2413 5276 2561 5346 Ergo
2600 5289 2702 5330 nec
2750 5290 2903 5330 mors
2946 5274 3140 5329 Christi
3189 5275 3395 5330 veritas
3454 5280 3555 5336 est,
3618 5272 3743 5343 quia

2149 5363 2328 5434 figura
2355 5370 2476 5426 est;
2506 5366 2560 5416 et
2592 5363 2920 5417 resurrectio
2963 5361 3164 5416 Christi
3218 5361 3421 5416 veritas
3478 5375 3587 5414 non
3634 5367 3740 5424 est,

2147 5451 2272 5522 quia
2301 5450 2473 5520 ﬁgura
2503 5457 2606 5504 est.
2639 5451 2776 5504 Nam
2805 5459 2858 5504 et
2886 5460 3117 5505 mortem
3147 5449 3344 5505 Christi
3391 5459 3444 5504 et
3495 5463 3747 5504 resurre-

2145 5548 2381 5600 ctionem
2413 5545 2638 5616 ﬁguram
2671 5560 2814 5609 esse,
2847 5552 2899 5598 et
2928 5544 3226 5617 imaginem
3248 5553 3300 5600 et
3330 5544 3741 5599 similitudinem

2147 5641 2197 5687 et
2227 5641 2624 5688 sacramentum
2658 5640 2711 5688 et
2742 5634 3051 5702 exemplum
3092 5633 3392 5702 Apostolus
3448 5632 3739 5688 manifeste

2149 5721 2410 5791 declarat,
2443 5722 2634 5778 dicens
2663 5739 2676 5776 :
2711 5721 2955 5778 Christus
2984 5737 3178 5794 passus
3207 5731 3292 5779 est
3311 5738 3410 5794 pro
3439 5723 3626 5790 nobis,
3645 5736 3740 5777 vo-
