4042 6080
315 275 453 328 1025

1249 267 1826 325 DEFLORATIONES
1866 267 1962 324 SS.
2006 269 2301 326 PATRUM.
2333 299 2404 312 --
2440 270 2566 326 LIB.
2610 272 2679 326 II.

3476 277 3612 332 1026

312 395 399 450 bis
429 395 746 468 relinquens
776 394 1111 468 exemplum,
1130 397 1189 450 ut
1217 393 1521 466 sequamini
1542 392 1773 467 vestigia
1793 394 1913 464 ejus
1942 392 1995 453 A
2028 412 2151 467 qua
2167 394 2309 450 intus
2324 394 2377 450 in
2395 394 2557 452 corde
2574 411 2675 467 per
2692 393 2853 451 fidem
2871 402 2924 451 et
2945 395 3288 454 dilectionem
3306 399 3605 470 perficitur.

316 492 368 561 (I
392 496 552 549 Petr.
589 506 677 565 ιι).
722 517 743 542 ι
781 495 929 567 Ergo
959 508 1109 549 mors
1164 492 1363 548 Christi
1418 490 1735 561 exemplum
1796 490 1913 558 fuit,

317 598 380 647 ut
410 600 638 663 peccato
668 593 964 647 moriamur
987 607 1001 663 ;
1025 598 1077 647 et
1098 591 1427 647 resurrectio
1455 589 1767 660 exemplum
1798 589 1913 657 fuit,

317 698 379 745 ut
402 691 624 759 iustitia
654 692 926 747 vivamus.
959 691 1222 763 Nunquid
1254 690 1377 745 ideo
1408 690 1606 745 veritas
1636 706 1745 745 non
1776 688 1916 743 fuit?

318 790 473 862 Ergo
501 789 750 845 Christus
781 806 910 845 vere
940 797 1192 844 mortuus
1224 804 1333 843 non
1365 796 1468 854 est,
1517 796 1571 843 et
1619 804 1749 842 vere
1802 803 1915 841 non

319 886 575 953 surrexit,
617 887 663 942 si
702 903 854 942 mors
893 887 1010 955 ejus
1049 887 1141 942 vel
1201 885 1562 941 ressurrectio
1619 901 1752 940 vera
1808 899 1917 938 non

320 973 449 1030 fuit.
488 974 647 1030 Absit
677 977 690 1030 l
725 992 846 1031 nam
878 976 946 1031 de
977 976 1097 1047 ipso
1127 975 1391 1046 scriptum
1422 982 1536 1029 est:
1581 998 1603 1022 κ
1641 974 1779 1028 Vere
1799 972 1919 1027 ian-

319 1087 528 1144 guores
559 1082 781 1131 nostros
811 1074 931 1145 ipse
959 1073 1098 1138 tulit,
1134 1080 1186 1129 et
1243 1072 1464 1128 dolores
1523 1079 1744 1127 nostros
1799 1070 1916 1141 ipse

320 1161 557 1231 portavit
588 1162 747 1235 (Isai.
772 1162 910 1232 Lm).
947 1180 970 1213 δ
1007 1163 1153 1234 Ergo
1183 1178 1329 1217 mors
1355 1159 1555 1217 Christi
1610 1176 1740 1215 vera
1798 1158 1913 1227 fuit,

322 1266 377 1314 et
415 1266 603 1315 tamen
656 1258 978 1331 exemplum
1034 1260 1171 1326 fuit;
1232 1268 1286 1315 et
1337 1258 1664 1315 resurrectio
1719 1255 1917 1313 Christi

320 1363 453 1403 vera
491 1348 611 1414 fuit,
644 1356 697 1405 et
735 1350 1041 1419 exemplum
1074 1349 1196 1404 fuit.
1229 1348 1413 1418 Quare
1443 1363 1577 1421 ergo
1610 1361 1919 1402 sacramen-

319 1449 435 1498 tum
473 1442 661 1498 altaris
701 1443 997 1499 similitudo
1043 1458 1167 1499 esse
1209 1460 1319 1498 non
1360 1452 1537 1513 potest
1567 1450 1620 1497 et
1658 1443 1859 1498 veritas
1888 1442 1917 1495 ‘?

319 1532 385 1586 In
424 1532 531 1588 alio
576 1532 795 1605 quidem
837 1532 1159 1599 similitudo,
1214 1531 1266 1587 in
1308 1531 1415 1587 alio
1466 1532 1704 1586 veritas.
1778 1531 1916 1585 Nam

319 1644 444 1686 cum
479 1629 547 1684 sit
580 1646 744 1686 unum
777 1638 1196 1693 sacramentum,
1230 1630 1333 1684 tria
1372 1628 1445 1684 ibi
1488 1629 1726 1685 discreta
1769 1644 1919 1699 pra-

306 1724 602 1791 ‘ponuntur
633 1760 647 1789 ,
690 1719 905 1791 species
945 1719 1197 1775 videlicet
1256 1717 1485 1774 visibilis
1517 1760 1532 1783 ,
1592 1725 1643 1773 et
1710 1717 1918 1773 veritas

323 1817 598 1888 corporis,
640 1826 694 1873 et
750 1817 919 1873 virtus
977 1817 1169 1889 gratia
1222 1815 1545 1887 spiritualis.
1611 1814 1780 1870 Aliud
1837 1822 1920 1870 est

320 1905 466 1962 enim
508 1905 742 1961 visibilis
781 1906 1019 1977 species,
1088 1921 1210 1978 qua
1273 1904 1564 1959 visibiliter
1626 1904 1916 1970 cernitur;

321 2001 471 2057 aliud
502 2010 586 2057 est
615 2001 819 2057 veritas
854 2000 1104 2072 corporis
1160 2008 1215 2056 et
1271 2000 1573 2072 sanguinis,
1635 2016 1755 2071 qua
1814 1999 1916 2054 sub

321 2090 523 2145 visibili
565 2090 746 2161 specie
786 2089 1132 2145 invisibiliter
1186 2089 1475 2159 creditur;
1541 2095 1705 2160 atque
1770 2087 1915 2142 aliud

319 2187 497 2260 gratia
536 2187 828 2259 spiritualis
866 2204 985 2259 qua
1036 2202 1161 2242 cum
1226 2201 1457 2256 corpore
1526 2192 1579 2240 et
1647 2184 1915 2257 sanguine

314 2276 673 2332 invisibiliter
699 2284 751 2332 et
781 2275 1101 2347 spiritaliter
1147 2272 1483 2347 pracipitur.
1551 2272 1711 2343 Quod
1768 2272 1914 2328 enim

318 2374 591 2441 videmus,
624 2374 843 2444 species
872 2382 952 2429 est
999 2373 1155 2445 panis
1206 2381 1260 2429 et
1316 2373 1451 2428 vini.
1520 2371 1678 2441 Quod
1733 2380 1913 2427 autem

318 2464 421 2518 sub
451 2464 635 2534 specie
666 2462 753 2517 illa
784 2463 1078 2529 credimus,
1114 2478 1298 2517 verum
1330 2478 1527 2533 corpus
1549 2470 1631 2516 est
1662 2468 1716 2517 et
1753 2478 1913 2517 verus

322 2552 545 2623 sanguis
564 2553 693 2607 Jesu
715 2551 933 2618 Christi,
960 2551 1103 2623 quod
1120 2550 1381 2622 pependit
1402 2550 1455 2604 in
1493 2566 1675 2617 cruce,
1726 2557 1779 2604 et
1821 2548 1913 2622 qui

321 2650 476 2706 ﬂuxit
508 2649 577 2705 de
606 2649 782 2705 latere
815 2650 998 2721 (Joan.
1033 2650 1175 2719 xxx).
1210 2649 1337 2704 Hac
1375 2666 1473 2720 per
1500 2664 1701 2719 panem
1732 2656 1784 2703 et
1825 2648 1912 2703 vi-

310 2755 443 2794 num
472 2755 671 2810 corpus
703 2746 755 2793 et
787 2738 1115 2811 sanguinem
1142 2746 1325 2793 tamen
1384 2736 1678 2809 signiﬁcari
1725 2735 1910 2793 credi-

310 2852 458 2903 mus,
495 2835 593 2890 sed
624 2835 725 2890 sub
757 2836 943 2906 specie
974 2834 1133 2907 panis
1171 2842 1223 2890 et
1255 2833 1361 2890 vini
1396 2850 1583 2889 verum
1615 2849 1816 2904 corpus
1860 2840 1914 2888 et

308 2940 505 2981 verum
535 2925 859 2997 sanguinem
890 2923 1224 2992 consecrari,
1282 2930 1335 2979 et
1394 2922 1634 2994 speciem
1694 2921 1910 2994 quidem

311 3022 591 3079 visibilem
626 3032 1028 3079 sacramentum
1060 3038 1189 3078 esse
1220 3022 1336 3078 veri
1385 3022 1635 3094 corporis
1693 3029 1744 3077 et
1800 3019 1912 3075 veri

2698 528 2922 569 DIVISIO.

2096 624 2283 682 Voluit
2313 626 2589 698 Sapientia
2621 627 2740 695 Dei,
2774 646 2895 701 qua
2926 645 2985 685 se
3018 647 3115 701 per
3153 630 3397 689 visibilis
3440 635 3616 691 mani-

2028 722 2208 792 festat,
2245 726 2535 780 ostendere
2566 726 2819 796 quoniam
2868 727 3167 783 animarum
3218 731 3369 786 cibus
3417 740 3468 788 et
3524 750 3619 789 re-

2026 811 2190 867 fectio
2220 820 2303 867 est
2333 828 2538 883 corpus
2569 822 2622 868 et
2666 815 2890 885 sanguis
2946 816 3117 887 ipsius
3151 836 3164 881 ;
3224 828 3275 874 et
3331 830 3619 891 propterea

2026 915 2247 956 carnem
2278 911 2610 972 assumptam
2644 903 2698 956 in
2756 903 2992 958 edulium
3048 908 3352 977 proposuit,
3410 918 3465 964 ut
3520 927 3621 981 per

2027 998 2213 1052 cibum
2251 998 2429 1052 carnis
2460 999 2528 1053 ad
2562 1007 2783 1070 gustum
2834 1001 3086 1057 invitaret
3133 1004 3449 1060 divinitatis.
3509 1007 3620 1063 Sed

2025 1103 2095 1142 ne
2127 1103 2346 1141 rursum
2377 1088 2609 1142 humana
2638 1088 2922 1145 infirmitas
2977 1100 3285 1148 contactum
3341 1094 3519 1150 carnis
3566 1096 3622 1151 in

2024 1176 2397 1245 assumptione
2428 1176 2693 1243 horreret,
2726 1180 2970 1233 consueti
3002 1188 3054 1234 et
3092 1182 3406 1254 principalis
3454 1184 3621 1239 edulii

2027 1272 2266 1342 speciem
2296 1272 2442 1327 illam
2474 1274 2696 1340 velavtt,
2732 1288 2786 1329 et
2832 1276 2911 1331 sic
2960 1279 3277 1333 sumendam
3316 1281 3618 1351 proposuit,

2026 1370 2084 1415 ut
2113 1378 2309 1415 sensus
2338 1360 2392 1415 in
2424 1378 2536 1417 uno
2569 1362 2865 1427 foveretur,
2900 1372 2953 1419 et
2984 1365 3121 1421 fides
3151 1366 3205 1420 in
3236 1368 3409 1424 altero
3454 1368 3623 1425 adiﬁ-

2025 1458 2270 1506 caretur.
2311 1451 2542 1506 Fovetur
2570 1468 2766 1506 sensus
2796 1453 2849 1506 in
2880 1469 3008 1519 uno,
3042 1456 3172 1509 dum
3203 1457 3365 1511 solita
3411 1465 3619 1514 tantum

2010 1546 2081 1593 et
2136 1547 2399 1595 consueta
2454 1540 2709 1611 percipit.
2773 1542 3085 1597 Ediiicatur
3140 1543 3276 1600 fides
3330 1554 3508 1602 autem
3564 1548 3619 1601 in

2025 1638 2220 1705 altero,
2254 1640 2381 1694 dum
2414 1639 2469 1694 in
2498 1656 2564 1695 eo
2595 1641 2737 1711 quod
2767 1642 2933 1707 videt,
2966 1644 3133 1715 quale
3162 1645 3229 1700 sit
3285 1646 3419 1701 illud
3476 1646 3621 1717 quod

1946 1750 1998 1809 Β
2029 1744 2136 1783 non
2167 1728 2315 1783 videt
2342 1728 2608 1799 agnoscit.
2646 1730 2977 1800 Proponitur
3006 1732 3172 1804 igitur
3201 1735 3415 1805 species
3464 1734 3623 1806 panis

2029 1826 2083 1872 et
2110 1817 2241 1885 vini,
2275 1825 2333 1871 ut
2362 1817 2623 1873 doceatur
2650 1818 2815 1889 plena
2844 1828 2898 1875 et
2926 1821 3169 1890 perfecta
3216 1823 3438 1879 refectio
3492 1839 3619 1879 esse

2027 1912 2081 1967 in
2124 1915 2432 1984 sumptione
2497 1915 2746 1985 corporis
2814 1924 2863 1971 et
2933 1918 3217 1989 sanguinis
3284 1920 3482 1976 Christi
3548 1937 3619 1977 ex

2026 2002 2307 2058 divinitate
2336 2002 2563 2058 Christi.
2605 2003 2776 2059 Plena
2832 2013 3010 2060 autem
3071 2007 3300 2063 refectio
3357 2010 3510 2064 cibus
3568 2017 3622 2065 et

2024 2098 2187 2161 potus
2208 2100 2291 2146 est
2315 2091 2455 2157 ;cibi
2490 2100 2671 2147 autem
2702 2101 2755 2147 et
2782 2101 2943 2163 potus
2973 2095 3126 2165 panis
3153 2104 3206 2151 et
3234 2097 3419 2151 vinum
3468 2097 3621 2168 prin-

2025 2189 2215 2259 cipalis
2236 2189 2538 2245 substantia
2556 2197 2639 2245 est
2658 2208 2673 2257 ;
2694 2199 2743 2245 et
2761 2192 3083 2263 proponitur
3101 2194 3314 2263 species
3336 2211 3399 2250 ex
3424 2195 3621 2266 princi-

2024 2278 2136 2349 pali
2161 2278 2461 2333 substantia
2484 2278 2815 2345 refectionis,
2837 2289 2893 2335 ut
2914 2280 2967 2335 in
2992 2297 3057 2337 eo
3074 2292 3345 2351 sumatur,
3368 2293 3491 2338 etut
3521 2301 3621 2355 per

2024 2382 2145 2421 eam
2179 2367 2379 2422 veritas
2409 2368 2655 2438 corporis
2686 2376 2739 2423 et
2769 2369 3048 2440 sanguinis
3097 2370 3291 2426 Christi
3333 2372 3618 2444 signiﬁca-

2023 2463 2194 2524 retur,
2222 2455 2362 2512 sicut
2383 2455 2500 2526 ipse
2522 2464 2754 2511 testatur
2777 2457 2966 2513 dicens
2992 2476 3045 2513 τα
3075 2459 3212 2515 Caro
3234 2477 3352 2515 mea
3374 2477 3502 2516 vere
3535 2464 3619 2517 est

2022 2552 2199 2618 cibus,
2234 2560 2287 2607 et
2314 2552 2538 2624 sanguis
2567 2569 2720 2608 meus
2743 2570 2871 2609 vere
2902 2562 2984 2610 est
3012 2564 3172 2625 potus
3221 2559 3404 2626 (Joan.
3442 2562 3545 2630 γι).
3591 2583 3613 2608 ιι

2023 2641 2163 2704 Qua
2201 2649 2385 2696 tamen
2424 2644 2673 2712 corporis
2714 2650 2766 2697 et
2805 2644 3093 2715 sanguinis
3160 2647 3417 2716 sumptio,
3484 2649 3618 2720 quia

2021 2729 2140 2784 sola
2174 2730 2291 2784 sine
2321 2730 2548 2798 spiritali
2579 2729 2773 2786 effectu
2807 2732 3036 2787 salutem
3067 2748 3173 2789 non
3205 2733 3473 2802 conferat,
3499 2736 3617 2806 ipse

2020 2826 2165 2883 idem
2224 2826 2473 2882 Salvator
2537 2827 2846 2884 manifestat
2900 2829 3133 2886 dicens:
3200 2855 3221 2879 α
3285 2833 3426 2889 Caro
3485 2833 3616 2889 nihil

2022 2916 2248 2986 prodest
2282 2934 2296 2982 ;
2329 2915 2551 2986 spiritus
2580 2924 2663 2971 est
2693 2917 2783 2987 qui
2812 2916 3044 2974 viviﬁcat
3104 2919 3307 2989 (ibid.).
3359 2945 3381 2970 ιο
3434 2922 3615 2977 Virtus

2020 3020 2153 3077 ergo
2179 3012 2229 3060 et
2260 3004 2540 3075 plenitudo
2571 3005 2833 3075 spiritalis
2864 3006 3194 3075 refectionis,
3229 3025 3352 3081 qua
3382 3010 3435 3064 in
3483 3025 3615 3065 cor-

310 3109 623 3183 sanguinis,
660 3126 862 3182 corpus
890 3118 1070 3166 autem
1103 3120 1157 3166 et
1215 3112 1539 3183 sanguinem
1593 3125 1910 3165 sacramen-
1942 3102 1991 3166 C
2020 3118 2150 3174 pore
2181 3102 2377 3157 Christi
2410 3111 2463 3158 et
2494 3103 2762 3175 sanguine
2798 3112 2900 3171 est,
2949 3121 3050 3176 per
3103 3109 3338 3175 speciem
3397 3108 3617 3178 quidem

307 3217 425 3265 tum
456 3225 579 3265 esse
603 3208 803 3281 gloria
834 3208 1119 3280 spiritalis,
1153 3216 1206 3264 et
1254 3208 1717 3279 quemadmodum
1773 3223 1901 3278 spe-

304 3297 418 3355 cies
444 3296 554 3353 illic
582 3297 843 3363 cernitur,
878 3297 1035 3368 cujus
1066 3314 1156 3353 res
1186 3298 1272 3353 vel
1302 3297 1607 3352 substantia
1654 3296 1730 3351 ibi
1778 3312 1901 3352 esss

305 3405 415 3447 non
447 3390 711 3457 creditur,
745 3390 823 3446 sic
852 3408 939 3446 res
974 3389 1046 3445 ibi
1077 3390 1347 3447 veraciter
1375 3399 1427 3446 et
1470 3390 1903 3446 substantialiter

304 3494 555 3551 prasens
583 3479 849 3545 creditur,
881 3480 1038 3548 cujus
1070 3479 1284 3547 species
1312 3496 1423 3535 non
1480 3480 1747 3535 cernitur.
1804 3478 1902 3533 Vi-

305 3568 466 3624 detur
496 3567 640 3624 enirn
671 3568 887 3639 species
919 3569 1073 3639 panis
1100 3577 1149 3624 et
1172 3568 1281 3623 vini
1312 3583 1325 3637 ;
1355 3568 1727 3624 etsubstantia
1748 3566 1903 3639 panis

307 3675 361 3723 et
393 3666 505 3721 vini
537 3682 645 3722 non
677 3665 940 3722 creditur.
973 3665 1222 3721 Creditur
1247 3673 1425 3720 autem
1447 3665 1753 3719 substantia
1774 3680 1903 3719 cor-

304 3755 458 3827 poris
486 3764 538 3811 et
570 3754 856 3827 sanguinis
897 3754 1114 3819 Christi,
1174 3762 1226 3811 et
1279 3763 1459 3810 tamen
1518 3753 1729 3825 species
1789 3769 1904 3809 non

302 3844 571 3900 cernitur.
620 3843 776 3913 Quod
820 3859 956 3899 vero
1023 3843 1235 3898 videtur
1296 3842 1595 3899 secundum
1661 3841 1903 3912 speciem

303 3941 703 3989 sacramentum
741 3941 823 3987 est
853 3941 905 3988 et
932 3932 1173 4004 imagino
1203 3932 1346 3987 illius
1378 3932 1524 4002 quod
1548 3931 1788 3988 creditur
1818 3947 1904 3987 se-

304 4030 540 4088 cundum
568 4030 819 4102 corporis
867 4031 1198 4099 veritatem;
1255 4040 1308 4088 et
1338 4032 1484 4104 quod
1542 4030 1777 4087 creditur
1822 4047 1910 4086 ss-

304 4129 540 4187 cundum
572 4130 819 4200 corporis
848 4130 1153 4199 veritatem,
1181 4138 1593 4187 sacramentum
1638 4138 1720 4185 est
1761 4129 1907 4185 illius

307 4219 451 4292 quod
480 4218 791 4290 praeipitur
822 4222 1121 4274 secundum
1157 4219 1391 4292 gratiam
1422 4217 1750 4290 spiritalem.
1808 4219 1907 4274 Sa-

307 4320 644 4370 oramentum
682 4328 818 4383 ergo
856 4311 1046 4367 altaris
1100 4320 1152 4369 et
1215 4312 1544 4369 eucharistia
1606 4313 1791 4368 divina
1850 4313 1908 4367 in

309 4402 478 4457 verbo
516 4416 746 4472 corpore
805 4408 859 4455 et
928 4401 1194 4474 sanguine
1262 4400 1479 4457 Domini
1541 4402 1711 4459 nostri
1776 4402 1906 4457 Iesu

2009 3191 2164 3263 panis
2195 3199 2247 3247 et
2308 3191 2419 3247 vini
2477 3190 2865 3264 signiﬁcatur;
2924 3192 2976 3248 in
3035 3194 3382 3266 perceptione
3434 3206 3615 3254 autem

2010 3282 2216 3354 gratia
2245 3280 2446 3335 infusio
2476 3280 2706 3337 interna
2738 3290 3024 3338 etaterna
3044 3284 3355 3340 refectionis
3385 3285 3610 3357 perﬁci-

2012 3382 2130 3433 tur.
2166 3379 2236 3434 Et
2274 3378 2353 3434 sic
2377 3379 2594 3451 quidem
2628 3396 2749 3434 cum
2811 3380 2909 3434 tria
2958 3379 3013 3435 in
3075 3398 3184 3437 uno
3234 3382 3309 3436 ibi
3367 3384 3497 3448 sint,
3553 3385 3611 3439 in

2010 3467 2185 3538 primo
2215 3467 2356 3537 quod
2391 3466 2609 3539 signum
2642 3467 2923 3523 invenitur
2951 3469 3194 3534 secundi,
3254 3470 3308 3525 in
3366 3472 3610 3529 secundo

2012 3564 2194 3612 autem
2223 3571 2390 3612 causa
2421 3556 2561 3611 tertii
2596 3574 2608 3619 ;
2641 3554 2699 3610 in
2732 3557 2889 3612 tertio
2920 3574 3057 3614 vero
3086 3558 3255 3614 virtus
3286 3561 3533 3627 secundi,
3558 3568 3612 3616 et

2011 3653 2217 3709 veritas
2246 3653 2407 3724 primi
2441 3671 2453 3708 :
2488 3660 2540 3709 et
2570 3654 2684 3709 hac
2716 3655 2814 3709 tria
2856 3655 2911 3709 in
2967 3672 3078 3711 uno
3134 3664 3278 3724 sunt,
3338 3666 3387 3713 et
3441 3674 3607 3713 unum

2012 3751 2439 3799 sacramentum.
2479 3742 2661 3798 Claret
2692 3744 2893 3815 itaque,
2956 3745 3175 3816 quando
3257 3746 3607 3803 divinissimae

2012 3831 2349 3887 eucharistia
2379 3831 2683 3903 assumptio
2714 3842 3112 3888 sacramentum
3162 3842 3262 3902 est,
3323 3843 3375 3890 et
3427 3836 3607 3906 imago

2014 3928 2441 3998 participationis
2470 3928 2620 3993 Jesu,
2657 3929 2777 3997 quia
2808 3929 2913 3985 hoc
2943 3930 3086 4001 quod
3118 3930 3233 4000 ejus
3282 3945 3607 3987 sacramen-

2013 4024 2126 4071 tum
2157 4016 2444 4072 visibiliter
2471 4017 2809 4087 percipimus
2840 4017 3061 4089 signum
3092 4026 3193 4083 est,
3222 4020 3364 4088 quod
3396 4019 3443 4074 ei
3492 4020 3610 4091 spi-

2013 4105 2251 4161 ritaliter
2278 4104 2423 4159 uniri
2456 4105 2741 4159 debemus.
2776 4107 2903 4174 Ipsa
2935 4114 3113 4160 autem
3148 4107 3496 4174 eucharistia,
3556 4108 3611 4163 id

2015 4211 2096 4258 est
2114 4203 2254 4257 bona
2282 4202 2476 4273 gratia,
2501 4201 2622 4273 ipsa
2643 4202 2854 4257 scilicet
2878 4202 3055 4257 hostia
3077 4218 3229 4257 sacra
3270 4203 3612 4261 divinissima

2014 4300 2258 4354 vocatur,
2292 4290 2547 4363 quoniam
2579 4289 2793 4346 divinos
2816 4290 2943 4346 facit
2973 4299 3026 4346 et
3079 4291 3371 4363 participes
3409 4293 3610 4349 divini-

2015 4379 2142 4434 tatis
2173 4395 2269 4436 eos
2301 4379 2391 4451 qui
2448 4395 2508 4435 se
2568 4378 2735 4451 digne
2792 4379 3142 4452 participant,
3197 4389 3251 4436 et
3305 4382 3429 4454 quia
3486 4382 3613 4454 ipsa

312 4498 508 4555 Christi
536 4497 717 4570 imago
747 4506 848 4564 est,
881 4498 1181 4553 secundum
1214 4498 1454 4568 speciem
1488 4498 1647 4569 panis
1693 4502 1747 4554 et
1793 4498 1905 4555 vini

2022 4480 2237 4550 signum
2268 4486 2353 4532 est
2411 4483 2468 4532 et
2524 4476 2741 4541 veritas,
2806 4477 2861 4532 in
2918 4492 3021 4549 qua
3081 4493 3207 4534 caro
3259 4479 3455 4534 Christi
3509 4480 3612 4536 sub

310 4606 420 4662 qua
451 4589 713 4652 cernitur,
745 4594 798 4641 et
829 4604 917 4642 res
946 4596 1027 4643 est
1072 4586 1373 4643 secundum
1424 4588 1747 4644 substantia
1795 4605 1906 4645 sua

310 4686 592 4743 veritatem
626 4704 641 4751 ;
675 4685 729 4739 in
760 4700 866 4757 qua
898 4685 1137 4741 creditur
1166 4685 1277 4741 illic
1306 4692 1476 4757 atque
1506 4685 1828 4757 percipitur,
1854 4694 1907 4741 et

311 4792 532 4831 rursum
565 4774 710 4846 quod
740 4789 885 4829 nunc
918 4773 1213 4830 visibiliter
1241 4774 1540 4830 secundum
1580 4774 1909 4831 sacramenti

312 4872 576 4945 speciem,
607 4879 661 4927 et
680 4870 1051 4942 corporaliter
1081 4872 1385 4926 secundum
1424 4872 1608 4927 carnis
1665 4878 1723 4929 et
1783 4890 1908 4928 san-

312 4969 497 5043 guinis
528 4968 733 5025 Cbristi
761 4969 1066 5033 veritatem,
1097 4968 1365 5024 Christum
1410 4968 1464 5024 in
1523 4968 1677 5024 altari
1732 4970 1908 5025 sumi-

313 5083 438 5123 mus
470 5082 482 5119 :
518 5074 922 5123 sacramentum
947 5074 1027 5121 est
1059 5073 1110 5121 et
1139 5064 1345 5138 imago,
1381 5065 1526 5137 quod
1557 5065 1732 5137 ipsum
1763 5082 1911 5123 eum-

316 5172 445 5228 dem
475 5170 824 5229 invisibiliter
844 5178 895 5226 et
911 5170 1240 5241 Spiritaliter
1258 5170 1557 5227 secundum
1591 5172 1781 5243 gratia
1827 5172 1912 5226 in-

318 5268 615 5333 fusionem,
647 5275 701 5323 et
730 5266 904 5322 sancti
925 5265 1143 5336 spiritus
1172 5266 1640 5337 perticipationem
1662 5266 1717 5320 in
1742 5266 1913 5323 corde

320 5381 540 5422 sumere
570 5364 856 5421 debemus.
882 5364 1025 5435 Ergo
1059 5363 1405 5420 divinissima
1429 5364 1757 5422 eucharistia
1792 5380 1913 5437 qua

320 5461 377 5518 in
405 5460 564 5517 altari
595 5460 895 5517 secundum
927 5460 1083 5530 panis
1112 5468 1167 5515 et
1194 5460 1305 5516 vini
1337 5462 1597 5531 speciem,
1622 5468 1676 5517 et
1705 5476 1910 5517 secun-

323 5561 455 5615 dum
483 5559 747 5629 corporis.
765 5556 964 5613 Christi
994 5557 1274 5613 veritatem
1304 5558 1599 5614 visibiliter
1626 5566 1680 5614 et
1708 5574 1912 5630 corpo-

324 5656 506 5714 raliter
533 5664 813 5723 tractatur,
845 5664 1249 5713 sacramentum
1306 5659 1393 5711 est
1447 5662 1503 5713 et
1559 5656 1801 5728 signum,
1862 5664 1917 5713 et

324 5755 513 5826 imago
544 5750 835 5811 invisibilis
863 5757 918 5810 et
961 5750 1224 5825 spiritalis
1272 5750 1703 5827 participationis
1760 5753 1911 5823 .lesu,

2018 4568 2203 4638 specie
2229 4566 2387 4637 panis
2415 4567 2662 4630 sumitur,
2689 4574 2741 4620 et
2772 4565 2825 4619 in
2850 4582 3011 4622 carne
3037 4569 3154 4637 ejus
3182 4569 3349 4638 digne
3368 4577 3609 4639 sumpta,

2016 4663 2068 4712 et
2100 4655 2270 4727 ipsius
2302 4654 2461 4710 etiam
2493 4654 2788 4709 divinitatis
2830 4657 3103 4726 susceptio
3157 4665 3209 4712 et
3268 4657 3612 4728 participatio

2017 4761 2069 4809 et
2097 4752 2430 4809 consortium
2463 4752 2823 4808 condonatur.
2848 4753 3144 4824 Propterea
3172 4753 3511 4808 divinissima
3561 4762 3615 4810 et

2018 4842 2382 4908 sanctissima,
2440 4849 2491 4896 et
2548 4840 2898 4897 sanctiﬁcans
2957 4841 3360 4899 sanctiﬁcantia
3429 4843 3614 4898 omnia

2017 4930 2183 4986 etiam
2213 4935 2419 4985 sancta.

2094 5030 2193 5085 Per
2223 5030 2452 5087 verbum
2480 5026 2928 5085 sanctiﬁcationis
2971 5044 3105 5085 vera
3162 5029 3321 5101 panis
3378 5034 3433 5086 et
3483 5045 3615 5087 vera

2018 5118 2131 5176 vini
2154 5118 2455 5173 substantia
2477 5117 2531 5172 in
2552 5134 2743 5173 verum
2765 5134 2961 5188 corpus
2980 5125 3029 5174 et
3049 5119 3370 5191 sanguinem
3410 5118 3617 5175 Christi

2019 5208 2373 5271 convertitur,
2404 5206 2524 5262 sola
2554 5206 2741 5276 specie
2766 5205 2927 5276 panis
2958 5214 3008 5262 et
3038 5206 3147 5262 vini
3178 5194 3515 5278 remanente,
3564 5216 3619 5264 et

2020 5303 2333 5359 substantia
2380 5303 2434 5358 in
2494 5304 2850 5360 substantiam
2911 5311 3252 5360 transeunte.
3317 5307 3618 5363 Conversio

2021 5396 2202 5446 autem
2231 5392 2348 5463 ipsa
2379 5409 2487 5447 non
2512 5391 2807 5446 secundum
2837 5391 3117 5459 unionem,
3151 5393 3252 5449 sed
3316 5396 3617 5451 secundum

2023 5479 2408 5534 transitionem
2442 5478 2837 5534 consideranda
2870 5488 2970 5545 est,
3006 5482 3620 5555 quoniamnequaquam

2023 5576 2260 5632 essentia
2292 5576 2345 5631 in
2378 5576 2630 5633 essentia
2658 5585 3011 5649 augmentum
3055 5580 3287 5649 accedit,
3329 5588 3381 5635 et
3432 5598 3528 5651 per
3566 5580 3621 5635 id

2025 5664 2170 5735 quod
2197 5665 2429 5733 accedit,
2462 5665 2516 5719 id
2546 5664 2617 5720 ad
2648 5666 2795 5736 quod
2850 5665 3063 5723 accedit
3120 5669 3292 5737 majus
3349 5668 3460 5735 fiat,
3519 5669 3618 5724 sed

2023 5753 2369 5823 transitione,
2400 5760 2460 5811 ut
2490 5752 2542 5813 id
2571 5753 2714 5827 quod
2754 5754 2984 5825 accedit,
3025 5769 3148 5813 cum
3206 5754 3301 5812 illo
3347 5756 3414 5810 ad
3471 5748 3621 5827 quod
