3986 6070
494 205 624 262 1031

1619 195 1960 252 WERNERI
1978 197 2262 254 ABBATIS
2294 198 2350 254 S.
2384 197 2602 254 BLASII

3670 200 3699 253 1
3711 204 3807 254 032

493 327 674 392 vobis,
709 323 830 396 quia
857 321 1119 396 gaudebit
1149 336 1315 393 super
1362 337 1480 378 eam
1512 321 1695 392 magis
1723 335 1886 392 quam
1917 337 2084 392 super
2111 320 2168 382 A
2197 320 2450 377 affectare
2472 319 2829 393 patrocinium
2861 327 2916 376 et
2961 319 3223 378 oﬁ'ensam
3267 323 3463 379 timere
3511 321 3810 377 debemus.

497 414 794 486 nonaginta
823 428 1042 479 novem,
1064 427 1184 483 quae
1221 426 1329 467 non
1360 417 1701 476 erraverunt,
1734 417 1788 465 et
1816 425 1926 466 non
1954 410 2100 465 indi-

498 513 631 576 gent
661 501 994 574 paenitentia.
1018 525 1038 548 ι
1059 501 1204 556 Licet
1215 509 1403 571 pastor
1421 508 1472 555 et
1495 500 1665 555 multo
1692 499 1814 571 plus
1841 499 2099 554 nimirum

493 593 688 665 diligat
728 589 1026 661 nonaginta
1075 605 1294 658 novem,
1354 604 1514 661 quam
1547 587 1721 643 solam
1749 588 2100 643 centesimam

493 705 673 756 ovem,
698 687 876 743 tacitis
907 694 1091 741 tamen
1121 685 1244 739 aliis
1274 685 1345 740 de
1376 689 1689 740 restaurata
1717 683 1897 738 multis
1923 682 2100 738 modis

497 796 556 835 se
588 777 833 852 gaudere
863 774 1118 830 ostendit.
1149 773 1245 830 Sic
1275 789 1492 846 quoque
1508 772 1986 844 Salvatorgeneris
2005 773 2101 827 hu-

495 868 639 926 mani
669 865 849 938 magis
880 863 1100 938 gaudet,
1133 863 1239 920 hoc
1269 871 1354 918 est
1383 862 1565 935 magis
1584 869 1638 916 et
1667 861 1912 932 pluribus
1927 876 2099 932 argu-

497 965 700 1022 mentis
729 961 970 1018 ostendit
1000 977 1059 1016 se
1081 961 1350 1033 gaudere,
1374 976 1530 1032 quam
1555 959 1622 1014 de
1644 960 1968 1030 angelorum
1991 965 2100 1014 sta-

496 1055 722 1110 bilitate.
746 1052 843 1108 Vel
864 1054 933 1105 ita
951 1051 1128 1122 magis
1149 1049 1436 1122 gaudet,id
1459 1057 1538 1104 est
1554 1048 1730 1120 magis
1745 1047 1986 1120 gaudere
1997 1062 2100 1102 nos

495 1144 624 1199 inde
655 1141 801 1198 facit.
823 1141 913 1196 Sic
935 1156 1042 1195 non
1061 1147 1144 1194 est
1159 1138 1415 1194 voluntas
1447 1145 1574 1192 ante
1607 1138 1820 1192 Patrem
1858 1143 2100 1192 vestrum

496 1241 588 1315 qui
622 1250 704 1296 est
735 1238 788 1293 in
819 1237 997 1304 cmlis,
1021 1247 1080 1292 ut
1107 1243 1292 1307 pereat
1323 1251 1465 1290 unus
1487 1233 1556 1291 de
1571 1233 1930 1305 pusillisistis.
1945 1233 2102 1289 Sicut

495 1347 610 1387 non
648 1337 732 1384 est
771 1326 1029 1383 voluntas
1103 1324 1337 1396 pastoris
1374 1339 1538 1378 uuam
1576 1339 1734 1378 ovem
1777 1323 1980 1394 perire,
2019 1321 2102 1378 sic

499 1435 610 1475 non
643 1425 725 1473 est
774 1415 1026 1472 voluntas
1054 1421 1179 1468 ante
1217 1413 1443 1479 Patrem,
1477 1412 1581 1468 hoc
1609 1420 1712 1483 est,
1745 1411 1824 1469 sic
1849 1427 1958 1466 non
1987 1411 2104 1468 vult

497 1510 660 1564 Pater
689 1513 746 1562 ut
775 1521 915 1560 unus
945 1503 1176 1575 pusillus
1203 1509 1410 1574 pereat.

2207 411 2268 465 lu
2299 412 2458 466 tertia
2488 411 2688 484 quippe
2715 409 2980 481 parabole
3006 411 3078 466 de
3105 421 3462 483 peccatorum
3492 412 3810 481 susceptio-

2207 515 2298 564 ne,
2357 514 2469 555 non
2523 516 2681 555 suum
2727 500 3100 556 tantummodo
3162 516 3501 572 suorumque
3549 501 3818 571 gaudium

2209 588 2475 644 Dominus
2518 588 2873 659 demonstrat,
2925 589 3023 643 sed
3065 596 3122 644 et
3159 589 3521 646 invidentium
3569 604 3817 643 murmur

2206 687 2574 758 reprehendit.

2386 800 2622 858 SERMO
2660 802 2756 858 DE
2809 802 3024 860 LAPSU
3079 800 3270 858 PRIMI
3316 799 3634 858 HOMINIS

2811 925 2886 965 ΕΤ
2941 925 3197 974 ΩΠΔΕΒΤΙΟ

2207 1014 2267 1072 Si
2293 1031 2408 1073 non
2439 1012 2669 1073 habebat
2697 1018 3202 1090 perseverantiam,
3222 1014 3493 1090 quomodo
3521 1016 3659 1072 sine
3687 1015 3820 1074 uitio

2902 1108 3103 1178 fuerit.
3521 1154 3524 1157 .

2279 1201 2488 1258 Clamat
2516 1202 2729 1258 veritas
2758 1202 2827 1259 de
2858 1203 3038 1275 primo
3066 1204 3310 1272 homine,
3353 1203 3575 1260 scilicet
3623 1202 3821 1268 Adam,

2210 1292 2357 1363 quod
2387 1301 2693 1363 peccasset,
2715 1299 2767 1348 et
2792 1291 3045 1348 desertor
3065 1293 3194 1349 boni
3222 1293 3438 1349 fuisset.
3469 1293 3641 1350 Unde
3660 1294 3828 1348 oritur

2211 1381 2462 1452 quastio,
2496 1397 2620 1437 cum
2650 1381 2848 1436 bonum
2880 1381 3186 1448 desereret,
3225 1382 3721 1454 perseverantiam
3777 1381 3830 1435 in

2210 1468 2304 1525 illo
2334 1484 2445 1524 non
2474 1469 2722 1525 haberet.
2749 1468 2907 1539 Quod
2928 1469 2975 1525 si
2998 1469 3468 1541 perseverantiam
3488 1485 3611 1524 non
3631 1469 3836 1525 habue-

2209 1566 2312 1625 rat,
2346 1558 2620 1628 quomodo
2650 1557 2768 1613 sine
2815 1558 2945 1614 vitio
2993 1558 3203 1615 fuerat?
3236 1559 3377 1615 Huic
3409 1558 3725 1631 quaestioni
3753 1557 3834 1612 fa-

575 1661 598 1692 ‘
621 1641 792 1735 “{‘U‘L
829 1652 944 1735 qua
970 1633 1181 1735 ‘mulier
1218 1633 1430 1689 haben“
1467 1631 1756 1689 δτδθδωθδ
1793 1632 2014 1735 dffe‘m’
2055 1631 2100 1687 si
2128 1674 2183 1735 Β
2213 1653 2315 1711 cile
2345 1655 2709 1726 respondetur
2737 1671 2860 1712 eum
2915 1656 3389 1728 perseverantiam
3417 1672 3535 1712 non
3566 1656 3836 1712 habuisse

500 1727 802 1802 perdiderit
832 1725 1152 1780 drachmam
1193 1738 1379 1789 unam,
1419 1737 1601 1778 nonne
1624 1721 1895 1792 .accendit
1921 1721 2105 1776 lucer-

506 1834 630 1873 nam
663 1824 716 1872 et
745 1814 946 1870 evertit
975 1813 1220 1877 domum,
1264 1819 1318 1866 et
1379 1809 1574 1882 quaerit
1601 1809 1900 1882 diligenter
1929 1809 2107 1866 donec

501 1915 795 1971 inveniat?
820 1914 885 1968 Et
914 1927 1038 1968 cum
1097 1909 1364 1966 invenerit
1407 1917 1674 1966 convocat
1699 1907 1907 1964 amicas
1937 1915 1988 1963 et
2018 1907 2105 1963 vi-

503 2004 658 2060 cinas
723 2003 960 2059 dicens:
1003 1997 1476 2072 Congratulamini
1541 1997 1694 2062 mihi,
1759 1997 1886 2068 quia
1924 1996 2107 2051 inveni

503 2094 825 2150 drachmam
856 2106 1018 2162 quam
1047 2088 1423 2160 perdideram.
1468 2109 1490 2133 ι
1523 2087 1933 2155 (Gnncomrs.)
1963 2085 2100 2140 Dra-

500 2184 660 2240 chma
680 2189 760 2236 est
779 2195 1035 2234 numerus
1057 2185 1219 2233 certae
1238 2175 1552 2248 quantitatis
1575 2175 1784 2230 habens
1805 2174 2104 2244 imaginem

506 2277 674 2348 regis.
702 2275 899 2330 Mulier
920 2288 1070 2344 ergo,
1104 2273 1158 2327 id
1190 2280 1275 2327 est
1316 2272 1413 2328 Dei
1443 2271 1727 2343 sapientia,
1761 2271 1951 2326 decem
1982 2271 2108 2325 dra-

512 2366 702 2420 chmas
733 2362 916 2417 habuit
945 2379 1067 2418 cum
1097 2377 1290 2416 novem
1347 2360 1632 2415 ordinibus
1661 2359 1991 2432 angelorum
2025 2366 2109 2414 est

508 2453 724 2508 additus
752 2453 920 2506 homo
938 2451 1183 2506 decimus
1204 2458 1261 2504 ut
1287 2449 1651 2520 compleretur
1670 2448 1970 2504 electorum
2000 2465 2110 2502 nu-

505 2547 1246 2604 merus.Mulierdrachmam
1270 2545 1528 2616 perdidit,
1562 2545 1781 2617 quando
1801 2546 1984 2611 homo,
2019 2545 2110 2617 qui

505 2638 757 2694 conditus
776 2635 1149 2709 adimaginem
1173 2634 1274 2690 Dei
1289 2634 1478 2699 fuerat,
1503 2634 1766 2703 peccavit.
1789 2634 1897 2689 Sed
1914 2634 2112 2689 mulier

511 2725 790 2782 lucernam
823 2724 1089 2790 accendit,
1133 2724 1257 2795 quia
1298 2723 1564 2794 sapientia
1597 2722 1814 2778 Domini
1851 2724 1904 2776 in
1944 2739 2110 2778 carne

507 2815 784 2887 apparuit.
817 2813 1065 2869 Lucerna
1091 2811 1181 2867 lux
1241 2813 1397 2867 estin
1429 2819 1589 2877 testa,
1632 2812 1686 2865 id
1727 2819 1810 2865 est
1849 2810 2111 2866 divinitas

505 2913 561 2969 in
592 2930 788 2970 carne.
827 2911 906 2967 De
935 2927 1040 2983 qua
1080 2919 1219 2965 testa
1284 2910 1368 2965 sui
1407 2909 1656 2981 corporis
1685 2909 1816 2966 dicit
1848 2908 1974 2981 ipsa
2003 2909 2111 2964 Sa-

2214 1745 2341 1816 quia
2371 1743 2424 1798 in
2458 1761 2523 1800 eo
2553 1744 2698 1800 bono
2735 1745 2791 1799 in
2840 1761 2948 1817 quo
2985 1746 3106 1801 sine
3161 1745 3292 1802 vitio
3319 1746 3440 1813 fuit,
3501 1745 3561 1800 in
3594 1745 3701 1801 illo
3729 1761 3837 1800 non

2211 1833 2609 1904 perseveravit.
2632 1833 2808 1905 Cmpit
2839 1834 2982 1889 enim
3012 1834 3219 1890 habere
3248 1833 3440 1889 vitium
3472 1849 3544 1890 ex
3579 1849 3701 1907 quo
3741 1849 3839 1890 ce-
3938 1883 3939 1890 η

2213 1921 2362 1976 cidit.
2399 1921 2467 1976 Et
2496 1921 2542 1976 si
2570 1922 2754 1992 coepit,
2822 1929 3117 1994 antequam
3147 1923 3428 1994 coepisset,
3482 1923 3691 1996 utique
3719 1923 3836 1978 sine

2210 2017 2346 2074 vitio
2378 2017 2498 2073 fuit.
2530 2017 2692 2074 Aliud
2723 2027 2807 2074 est
2839 2019 2983 2074 enim
3016 2035 3127 2074 non
3182 2020 3387 2076 habere
3417 2019 3648 2084 vitium,
3692 2019 3836 2075 aliud

2216 2115 2299 2162 est
2364 2107 2416 2161 in
2450 2123 2515 2163 ea
2583 2106 2823 2163 bonitate
2866 2108 2920 2162 in
2962 2125 3066 2180 qua
3105 2108 3308 2164 nullum
3346 2108 3544 2165 vitium
3574 2118 3698 2176 est,
3730 2125 3836 2165 non
3938 2097 3939 2106 “

2213 2212 2460 2252 manere.
2501 2196 2632 2251 ltem
2667 2196 2961 2252 videndum
2989 2205 3073 2252 est
3097 2198 3239 2269 quod
3274 2197 3740 2269 respondeamus
3771 2198 3829 2253 il-

2216 2283 2282 2339 lis
2313 2284 2408 2356 qui
2438 2284 2660 2340 dicunt:
2704 2283 2761 2340 Si
2791 2283 2938 2339 nulla
2969 2285 3291 2342 rectitudine
3317 2285 3373 2341 in
3404 2301 3521 2359 qua
3549 2288 3685 2342 sine
3716 2286 3839 2342 vitio

2219 2377 2318 2432 fuit
2371 2377 2566 2444 factus,
2634 2378 2824 2432 habuit
2864 2380 3340 2449 perseverantiam,
3413 2381 3642 2450 procul
3684 2380 3844 2436 dubio

2217 2467 2595 2537 perseveravit
2626 2466 2680 2520 in
2720 2481 2784 2521 ea
2819 2485 2833 2533 ;
2867 2475 2920 2521 et
2963 2467 3008 2521 si
3063 2467 3454 2539 perseveravit,
3493 2470 3708 2541 utique
3743 2485 3845 2524 non

2219 2556 2492 2626 peccavit,
2560 2570 2662 2611 nec
2700 2551 2871 2609 illam
2939 2571 3096 2612 suam
3135 2555 3526 2612 rectitudiuem
3601 2559 3847 2614 deseruit

2219 2645 2525 2716 Deumque.
2571 2642 2700 2712 Sed,
2743 2653 2799 2698 ut
2836 2643 3044 2715 praefati
3074 2661 3280 2712 sumus,
3313 2662 3434 2701 eum
3466 2661 3765 2716 peccasse
3803 2656 3848 2702 et

2218 2739 2558 2794 desertorem
2590 2739 2719 2795 boui
2753 2739 2920 2794 fuisse
2951 2740 3151 2795 veritas
3181 2740 3526 2811 proclamat.
3553 2742 3695 2799 Non
3720 2759 3846 2814 ergo

2217 2827 2405 2882 habuit
2435 2829 2902 2898 perseverantiam
2933 2828 2987 2882 in
3043 2829 3136 2884 illo
3162 2828 3333 2885 bono.
3415 2831 3482 2885 Et
3517 2831 3568 2886 si
3602 2847 3722 2886 non
3754 2833 3845 2886 ba-

2221 2917 2351 2982 buit,
2394 2932 2503 2972 non
2532 2917 2717 2988 utique
2737 2917 2962 2988 accepit.
2999 2916 3286 2986 Quomodo
3311 2919 3456 2974 enim
3514 2929 3568 2976 et
3600 2921 3846 2992 accepis-

513 3003 715 3075 pieutia
747 3022 759 3058 :
798 3026 819 3050 ι
855 3001 1079 3055 Exaruit
1109 3008 1367 3070 tanquam
1401 3007 1541 3054 testa
1569 2999 1746 3053 virtus
1775 3015 1895 3053 mea
1929 2998 2104 3066 (Psal.
2138 3031 2186 3094 Ο
2221 3010 2305 3061 set
2336 3007 2816 3076 perseverantiam,
2859 3015 2912 3061 et
2959 3022 3067 3060 non
3109 3016 3535 3077 perseverasset
3567 3009 3598 3060 ἓ
3657 3009 3841 3076 Porro,

506 3094 645 3162 xxi).
691 3114 713 3139 η
751 3091 916 3145 Testa
953 3089 1008 3143 in
1047 3089 1175 3159 igne
1215 3088 1493 3153 solidatur,
1527 3095 1579 3142 et
1627 3087 1804 3143 virtus
1840 3087 1965 3158 ejus
2003 3103 2104 3140 ex-

509 3192 669 3260 aruit,
711 3189 929 3263 quando
995 3195 1331 3257 assumptam
1372 3201 1590 3241 carnem
1655 3202 1726 3240 ex
1764 3184 2105 3240 tribulatione

507 3280 784 3354 passionis
858 3276 1133 3333 roboravit
1205 3275 1276 3330 ad
1350 3274 1576 3346 gloriam
1663 3273 2102 3329 resurrectionis.

508 3370 756 3422 Accensa
793 3371 974 3417 autem
1013 3360 1254 3425 lucerna,
1297 3359 1349 3413 id
1389 3367 1472 3414 est
1509 3375 1676 3415 carne
1712 3375 1812 3429 per
1848 3357 2106 3413 divinita-

513 3463 622 3510 tem
654 3450 982 3525 glorificata,
1015 3450 1210 3504 domus
1231 3449 1512 3515 evertitur,
1543 3448 1669 3520 quia
1697 3448 1932 3502 humana
1969 3462 2108 3503 con-

513 3550 750 3607 scientia
788 3557 970 3602 reatus
1009 3546 1093 3601 sui
1131 3544 1570 3601 consideratione
1600 3546 1977 3618 perturbatur.
2015 3545 2108 3600 Sic

519 3655 656 3710 ergo
686 3638 946 3692 drachma
975 3634 1260 3705 reperitur,
1302 3634 1435 3705 quia
1464 3635 1519 3688 in
1557 3633 1774 3690 homine
1812 3634 2106 3690 similitudo

514 3725 790 3786 Creatoris
821 3733 1129 3795 reparatur.
1163 3721 1378 3777 Amicas
1409 3731 1460 3777 et
1488 3722 1697 3778 vicinas
1717 3723 1846 3778 dicit
1868 3731 2107 3794 potesta-

517 3834 600 3882 tes
621 3822 923 3895 angelicas,
965 3836 1086 3892 qua:
1124 3826 1274 3873 tanto
1333 3817 1492 3888 juxta
1531 3826 1653 3872 sunt
1683 3827 1970 3888 paternam
2010 3833 2106 3874 sa-

512 3913 792 3987 pientiam,
827 3917 1030 3983 quanto
1047 3924 1112 3963 ea
1133 3906 1364 3964 vicinius
1385 3907 1840 3978 contemplantur.
1857 3907 2107 3982 (Ganeo-

513 4001 691 4070 RIUS.)
706 3999 924 4056 Vicinas
955 4007 1131 4053 autem
1150 4005 1433 4062 convocat,
1451 3997 1579 4051 dum
1596 4013 1695 4067 per
1710 3996 2106 4051 exhibitionem

513 4093 704 4165 gratiae
731 4087 1046 4144 hominibus
1099 4086 1359 4158 impensae
1413 4085 1483 4140 ad
1535 4101 1775 4141 amorem
1813 4084 1895 4140 sui
1937 4085 2108 4142 vehe-

513 4189 749 4247 mentius
771 4185 1043 4243 accendit.

591 4335 614 4364 α
645 4315 727 4369 Ita
754 4311 879 4367 dico
905 4308 1084 4374 vobis,
1117 4307 1374 4381 gaudium
1405 4307 1509 4364 erit
1537 4307 1592 4362 in
1639 4307 1779 4365 coelo
1808 4323 1972 4379 super
1999 4323 2107 4364 uno

2217 3096 2262 3150 si
2295 3104 2582 3166 propterea
2611 3111 2716 3151 non
2741 3094 2949 3164 habuit,
2973 3094 3100 3167 quia
3141 3112 3245 3151 non
3278 3097 3515 3167 accepit,
3547 3099 3710 3168 quod
3731 3098 3840 3169 ipse

2212 3207 2322 3246 non
2351 3192 2756 3262 perseverando
2784 3192 3025 3262 peccavit
3059 3192 3153 3266 qui
3182 3193 3678 3263 pe'rseveramtiarn
3738 3211 3838 3250 non

2212 3281 2439 3351 accepit.
2472 3281 2665 3353 Neque
2694 3281 2845 3336 enim
2871 3281 2977 3337 dici
3005 3290 3185 3351 potest
3233 3281 3357 3337 ideo
3387 3297 3500 3336 non
3543 3284 3834 3355 accepisse

2215 3368 2342 3440 quia
2370 3384 2478 3425 non
2511 3377 2594 3424 est
2622 3369 2897 3426 discretus
2949 3385 2982 3424 a
3020 3384 3208 3425 massa
3269 3369 3604 3442 perditionis
3644 3374 3834 3445 gratia

2214 3466 2488 3538 largitate.
2523 3467 2780 3522 Nondum
2814 3466 3013 3539 quippe
3039 3476 3156 3522 erat
3184 3467 3278 3522 illa
3297 3468 3632 3539 perditionis
3655 3485 3832 3526 massa

2213 3564 2504 3628 antequam
2535 3565 2840 3627 peccasset.
2898 3556 3266 3612 Saluberrime
3294 3556 3468 3629 igitur
3501 3557 3831 3614 confitemur

2214 3646 2409 3710 Deum,
2451 3645 2574 3717 quia
2603 3645 2810 3700 creavit
2846 3644 3034 3698 omnia
3066 3645 3228 3710 bona,
3270 3653 3328 3700 et
3361 3645 3514 3700 mala
3544 3663 3614 3702 ex
3675 3648 3826 3702 bouis

2212 3733 2488 3789 exoritura
2508 3731 2784 3805 praescivit
2807 3741 2858 3789 et
2887 3732 3045 3789 scivit
3069 3733 3138 3788 ad
3168 3749 3321 3788 suam
3349 3733 3828 3805 omnipotentissi-

2213 3846 2358 3886 mam
2419 3831 2714 3886 bonitatem
2744 3832 3040 3902 pertinere,
3069 3832 3234 3886 etiam
3255 3831 3337 3886 de
3381 3831 3550 3886 malis
3598 3832 3819 3888 benefa-

2214 3934 2361 3989 cere,
2394 3919 2474 3976 sic
2514 3919 2800 3975 ordinasse
2841 3919 3164 3991 angelorum
3199 3920 3363 3975 vitam
3391 3930 3451 3975 et
3511 3921 3811 3987 hominum,

2213 4016 2270 4063 ut
2300 4009 2355 4062 in
2381 4009 2436 4062 in
2464 4023 2531 4063 ea
2561 4007 2710 4077 prius
2738 4007 3053 4064 ostenderet
3081 4007 3210 4079 quid
3241 4017 3428 4079 posset
3457 4024 3660 4064 eorum
3687 4009 3814 4065 libe-

2215 4113 2336 4152 rum
2366 4096 2670 4164 arbitrium,
2704 4096 2904 4152 deinde
2934 4095 3066 4168 quid
3095 4105 3286 4169 posset
3317 4113 3434 4152 sua:
3464 4098 3665 4169 gratia:
3718 4099 3812 4154 ba-

2215 4193 2490 4262 neﬁcium,
2522 4194 2747 4263 justitia':
2765 4193 3058 4264 judicium.
3532 4210 3540 4215 '

2287 4311 2538 4382 Denique
2593 4309 2777 4382 angeli
2815 4309 3058 4381 quidam,
3099 4324 3195 4380 per
3230 4308 3464 4366 liberum
3525 4312 3813 4368 arbitrium

515 4408 798 4477 peccatore
820 4397 1190 4468 paenitentiam
1207 4405 1425 4468 agente,
1444 4412 1603 4468 quam
1627 4413 1794 4467 super
1807 4397 2106 4468 nonaginta
2133 4387 2185 4448 D
2218 4395 2514 4450 bonitatem
2546 4395 2668 4463 Dei,
2706 4394 2802 4465 qui
2834 4394 2979 4449 beati
3022 4393 3261 4464 fuerunt,
3293 4395 3659 4469 refugientes,
3702 4399 3809 4467 ejus

514 4513 711 4556 novem
724 4495 906 4566 justis,
931 4492 1021 4564 qui
1049 4508 1156 4548 non
1177 4493 1425 4564 indigent
1453 4493 1823 4564 paenitentia.-
1861 4494 2104 4548 Plerum-

517 4604 623 4662 que
652 4585 744 4659 qui
768 4583 929 4638 nullis
967 4598 1030 4637 se
1106 4597 1402 4652 Oppressos
1475 4591 1820 4653 peccatorum
1871 4581 2106 4638 molibus

514 4677 713 4742 sciunt,
735 4671 880 4745 pigri
908 4677 1194 4726 remanent
1223 4669 1294 4724 ad
1315 4670 1627 4724 exercenda
1652 4669 1818 4733 bona,
1839 4679 1901 4724 ut
1929 4671 2107 4727 securi

516 4765 664 4841 quod
694 4778 806 4820 non
842 4758 1234 4817 commiserunt
1295 4757 1442 4814 mala
1483 4759 1762 4830 graviora.
1808 4760 1887 4815 Ac
1923 4768 2108 4816 contra
2146 4811 2148 4813 ,

514 4876 909 4934 nonnunquam
938 4860 994 4916 hi
1024 4856 1116 4930 qui
1145 4874 1206 4913 se
1235 4856 1424 4912 illicita
1451 4858 1694 4930 gessisse
1721 4857 2104 4926 meminerunt,

516 4955 638 5025 ipso
666 4951 857 5008 dolore
886 4945 1194 5019 compuncti
1223 4944 1576 5001 inardescunt
1610 4945 1680 5000 ad
1709 4960 1954 5001 amorem
1985 4947 2104 5004 Dei.

514 5042 694 5112 Majus
722 5055 852 5111 ergo
881 5035 1141 5111 gaudium
1172 5033 1230 5089 fit
1265 5034 1323 5090 in
1351 5034 1490 5092 coelo
1525 5034 1596 5090 de
1647 5043 1931 5105 peccatore
1969 5051 2108 5092 con-

515 5154 674 5194 verso
699 5151 857 5209 quam
887 5135 959 5189 de
988 5141 1165 5188 stante
1231 5133 1401 5202 justo.
1446 5132 1586 5186 Nam
1618 5139 1671 5187 et
1699 5131 1805 5186 dux
1835 5131 1890 5186 in
1917 5132 2108 5202 praelia

515 5223 639 5295 plus
665 5224 816 5278 illum
853 5221 1078 5276 militem
1100 5219 1297 5292 diligit,
1341 5218 1432 5290 qui
1476 5227 1600 5291 post
1639 5219 1824 5290 fugam
1855 5235 2107 5276 reversus

516 5311 730 5368 hostem
770 5311 982 5366 fortiter
1017 5308 1230 5381 premit,
1273 5323 1439 5380 quam
1514 5306 1664 5362 illum
1706 5309 1796 5379 qui
1833 5325 2106 5380 nunquam

513 5407 666 5470 terga
696 5398 946 5469 praebuit,
988 5405 1041 5452 et
1077 5413 1350 5467 nunquam
1391 5395 1601 5451 fortiter
1663 5397 1869 5467 aliquid
1945 5397 2096 5454 fecit.

513 5496 674 5565 Quod
697 5510 824 5549 vero
851 5493 1053 5563 angeli,
1114 5501 1300 5562 utpote
1321 5493 1634 5559 rationales,
1668 5495 1908 5563 gaudent
1936 5495 2005 5550 de
2026 5513 2106 5551 re-

511 5583 803 5642 couciliato
868 5578 974 5632 sibi
1011 5579 1247 5643 homine,
1313 5579 1558 5636 incendit
1594 5596 1696 5636 nos
1731 5583 1823 5660 {ad
1859 5583 2106 5653 probita-

512 5683 644 5740 tem,
670 5677 734 5727 ut
759 5681 986 5740 agamus
1025 5663 1170 5735 quod
1207 5665 1314 5720 illis
1365 5675 1589 5742 gratum
1626 5669 1716 5740 sit,
1775 5687 2014 5743 quorum
2050 5681 2106 5731 et

2207 4492 2477 4564 judicium
2507 4489 2754 4562 eﬂ‘ugere
2791 4506 2903 4545 non
2960 4500 3252 4561 potuerunt
3283 4507 3298 4546 :
3337 4493 3518 4548 caeteri
3550 4509 3651 4563 per
3677 4493 3809 4548 libe-

2214 4592 2333 4630 rum
2362 4575 2642 4631 arbitrium
2672 4575 2728 4628 in
2760 4574 2988 4630 veritate
3019 4583 3302 4643 steterunt,
3350 4577 3489 4631 certi
3519 4577 3649 4633 facti
3673 4595 3806 4633 nuu-

2213 4679 2378 4736 quam
2409 4680 2470 4719 se
2498 4679 2739 4720 casuros.
2773 4663 3035 4719 Diabolus
3065 4672 3120 4719 et
3145 4663 3329 4736 angeli
3357 4664 3498 4734 ejus,
3524 4667 3630 4720 etsi
3670 4666 3806 4722 beati

2215 4755 2432 4809 fuerunt
2459 4761 2752 4824 antequam
2780 4753 3056 4820 caderent,
3105 4768 3168 4808 se
3215 4761 3390 4809 tamen
3421 4769 3661 4810 casuros
3689 4771 3803 4811 esse

2215 4841 2271 4897 in
2323 4841 2600 4897 miseriam
2644 4841 2978 4898 nesciebant.
3028 4841 3095 4896 Et
3129 4841 3179 4896 si
3240 4857 3342 4913 per
3381 4841 3627 4898 liberum
3664 4844 3804 4899 arbi—

2215 4929 2377 4987 trium
2409 4930 2708 5000 stetissent,
2739 4930 2844 4986 hoc
2871 4929 2951 4985 eis
2997 4929 3312 4996 adderetur,
3361 4939 3421 4985 ut
3466 4946 3676 5004 magna
3718 4949 3802 5004 per

2217 5028 2478 5099 Spiritum
2528 5035 2785 5083 sanctum
2825 5024 2956 5082 data
3009 5026 3343 5084 abundantia
3393 5028 3679 5084 charitatis
3714 5029 3802 5085 Dei

2214 5116 2445 5173 ulterius
2473 5117 2672 5173 cadere
2727 5131 2835 5171 non
2891 5123 3135 5187 possent.
3177 5115 3287 5171 Sed
3323 5114 3449 5189 quia
3495 5117 3803 5174 nesciebant

2214 5221 2368 5261 suam
2397 5205 2630 5260 futuram
2659 5203 2954 5271 miseriam,
2986 5203 3194 5261 minore
3222 5205 3464 5276 quidem,
3495 5207 3604 5262 sed
3631 5214 3801 5262 tamen

2213 5301 2332 5357 sine
2360 5301 2492 5357 vitio
2512 5300 2857 5356 fruebantur.
2893 5300 3036 5356 Nam
3065 5300 3112 5355 si
3167 5317 3350 5356 casum
3378 5317 3540 5355 suum
3570 5301 3796 5358 futurum

2212 5399 2438 5446 nessent
2484 5400 2858 5461 aeternumque
2913 5389 3257 5462 supplicium,
3290 5390 3435 5446 beati
3475 5391 3663 5462 utique
3699 5408 3797 5445 non

2207 5489 2438 5552 possent
2475 5495 2617 5546 esse,
2680 5495 2817 5550 quos
2857 5479 2992 5533 tanti
3030 5478 3161 5534 mali
3199 5486 3380 5534 metus
3410 5477 3530 5547 jam
3573 5479 3789 5534 miseros

2212 5595 2360 5643 esse,
2399 5577 2768 5650 compelleret.
2847 5576 3057 5633 Omnes
3119 5584 3299 5632 tamen
3336 5575 3521 5649 angeli
3566 5577 3792 5650 aequales

2211 5674 2382 5733 creati
2411 5682 2556 5744 sunt,
2587 5673 2684 5732 sed
2749 5673 3082 5735 cadentibus
3119 5671 3450 5746 quibusdam
3490 5687 3598 5746 per
3633 5687 3788 5746 super
