  <div class='ocr_page' id='page_1' title='image "/cluster/home/n/w/nwhite01/storage/ocr_20150623/157/hvd.32044054760152/522.png"; bbox 0 0 4042 6080; ppageno 0'>
   <div class='ocr_carea' id='block_1_1' title="bbox 263 229 399 281">
    <p class='ocr_par' dir='ltr' id='par_1_1' title="bbox 263 229 399 281">
     <span class='ocr_line' id='line_1_1' title="bbox 263 229 399 281; baseline 0 -2"><span class='ocrx_word' id='word_1_1' title='bbox 263 229 399 281; x_wconf 76' lang='grc'>1033</span> 
     </span>
    </p>
   </div>
   <div class='ocr_carea' id='block_1_2' title="bbox 1172 226 2618 292">
    <p class='ocr_par' dir='ltr' id='par_1_2' title="bbox 1172 226 2618 292">
     <span class='ocr_line' id='line_1_2' title="bbox 1172 226 2618 292; baseline 0.005 -9"><span class='ocrx_word' id='word_1_2' title='bbox 1172 226 1750 284; x_wconf 81' lang='lat' dir='ltr'>DEFLORATIONES</span> <span class='ocrx_word' id='word_1_3' title='bbox 1789 227 1887 284; x_wconf 89' lang='lat' dir='ltr'>SS.</span> <span class='ocrx_word' id='word_1_4' title='bbox 1933 229 2226 290; x_wconf 77' lang='lat' dir='ltr'>PATRUM.</span> <span class='ocrx_word' id='word_1_5' title='bbox 2268 265 2340 275; x_wconf 91' lang='lat'>—-</span> <span class='ocrx_word' id='word_1_6' title='bbox 2377 235 2502 291; x_wconf 82' lang='lat' dir='ltr'>LIB.</span> <span class='ocrx_word' id='word_1_7' title='bbox 2544 238 2618 292; x_wconf 90' lang='grc' dir='ltr'>ΙΙ.</span> 
     </span>
    </p>
   </div>
   <div class='ocr_carea' id='block_1_3' title="bbox 3414 240 3549 293">
    <p class='ocr_par' dir='ltr' id='par_1_3' title="bbox 3414 240 3549 293">
     <span class='ocr_line' id='line_1_3' title="bbox 3414 240 3549 293; baseline 0 0"><span class='ocrx_word' id='word_1_8' title='bbox 3414 240 3549 293; x_wconf 78' lang='grc'>1034</span> 
     </span>
    </p>
   </div>
   <div class='ocr_carea' id='block_1_4' title="bbox 256 349 3557 434">
    <p class='ocr_par' dir='ltr' id='par_1_4' title="bbox 256 349 3557 434">
     <span class='ocr_line' id='line_1_4' title="bbox 256 349 3557 434; baseline 0.004 -30"><span class='ocrx_word' id='word_1_9' title='bbox 256 349 425 419; x_wconf 88' lang='lat' dir='ltr'>biam,</span> <span class='ocrx_word' id='word_1_10' title='bbox 457 349 636 406; x_wconf 65' lang='lat' dir='ltr'>caeteri</span> <span class='ocrx_word' id='word_1_11' title='bbox 697 350 931 407; x_wconf 89' lang='lat' dir='ltr'>Domino</span> <span class='ocrx_word' id='word_1_12' title='bbox 988 351 1080 422; x_wconf 85' lang='lat' dir='ltr'>pia</span> <span class='ocrx_word' id='word_1_13' title='bbox 1132 351 1441 409; x_wconf 86' lang='lat' dir='ltr'>obedientia</span> <span class='ocrx_word' id='word_1_14' title='bbox 1497 353 1853 421; x_wconf 81' lang='lat' dir='ltr'>cohaeserunt,</span> <span class='ocrx_word' id='word_1_15' title='bbox 1884 354 1942 418; x_wconf 91' lang='grc' dir='ltr'><strong>Α</strong></span> <span class='ocrx_word' id='word_1_16' title='bbox 1971 358 2118 413; x_wconf 90' lang='lat' dir='ltr'>testis</span> <span class='ocrx_word' id='word_1_17' title='bbox 2138 360 2315 416; x_wconf 80' lang='lat' dir='ltr'>facere</span> <span class='ocrx_word' id='word_1_18' title='bbox 2335 363 2518 430; x_wconf 82' lang='lat' dir='ltr'>(Joan.</span> <span class='ocrx_word' id='word_1_19' title='bbox 2544 364 2642 434; x_wconf 82' lang='lat' dir='ltr'>xv)</span> <span class='ocrx_word' id='word_1_20' title='bbox 2669 382 2683 429; x_wconf 87' lang='lat'><strong>;</strong></span> <span class='ocrx_word' id='word_1_21' title='bbox 2713 383 2736 414; x_wconf 71' lang='grc' dir='ltr'><strong>ι</strong></span> <span class='ocrx_word' id='word_1_22' title='bbox 2760 364 2855 418; x_wconf 86' lang='lat' dir='ltr'>sed</span> <span class='ocrx_word' id='word_1_23' title='bbox 2875 364 3037 419; x_wconf 88' lang='lat' dir='ltr'>etiam</span> <span class='ocrx_word' id='word_1_24' title='bbox 3059 364 3228 419; x_wconf 83' lang='lat' dir='ltr'>dixit:</span> <span class='ocrx_word' id='word_1_25' title='bbox 3257 387 3280 412; x_wconf 77' lang='grc' dir='ltr'><strong><em>α</em></strong></span> <span class='ocrx_word' id='word_1_26' title='bbox 3298 364 3421 420; x_wconf 86' lang='lat' dir='ltr'>Non</span> <span class='ocrx_word' id='word_1_27' title='bbox 3457 379 3557 420; x_wconf 89' lang='lat' dir='ltr'>vos</span> 
     </span>
    </p>
   </div>
   <div class='ocr_carea' id='block_1_5' title="bbox 255 447 1850 520">
    <p class='ocr_par' dir='ltr' id='par_1_5' title="bbox 255 447 1850 520">
     <span class='ocr_line' id='line_1_5' title="bbox 255 447 1850 520; baseline 0.001 -16"><span class='ocrx_word' id='word_1_28' title='bbox 255 447 580 519; x_wconf 83' lang='lat' dir='ltr'>accipientes</span> <span class='ocrx_word' id='word_1_29' title='bbox 604 456 805 504; x_wconf 90' lang='lat' dir='ltr'>certam</span> <span class='ocrx_word' id='word_1_30' title='bbox 853 466 965 505; x_wconf 77' lang='lat' dir='ltr'>suae</span> <span class='ocrx_word' id='word_1_31' title='bbox 1014 451 1337 517; x_wconf 73' lang='lat' dir='ltr'>stabilitatis,</span> <span class='ocrx_word' id='word_1_32' title='bbox 1390 450 1535 520; x_wconf 92' lang='lat' dir='ltr'>quod</span> <span class='ocrx_word' id='word_1_33' title='bbox 1582 450 1658 504; x_wconf 89' lang='lat' dir='ltr'>illi</span> <span class='ocrx_word' id='word_1_34' title='bbox 1709 468 1850 505; x_wconf 91' lang='lat' dir='ltr'>nun-</span> 
     </span>
    </p>
   </div>
   <div class='ocr_carea' id='block_1_6' title="bbox 256 537 1854 611">
    <p class='ocr_par' dir='ltr' id='par_1_6' title="bbox 256 537 1854 611">
     <span class='ocr_line' id='line_1_6' title="bbox 256 537 1854 611; baseline 0.001 -20"><span class='ocrx_word' id='word_1_35' title='bbox 256 553 419 606; x_wconf 85' lang='lat' dir='ltr'>quam</span> <span class='ocrx_word' id='word_1_36' title='bbox 448 537 768 592; x_wconf 89' lang='lat' dir='ltr'>habuerunt.</span> <span class='ocrx_word' id='word_1_37' title='bbox 792 540 1228 610; x_wconf 80' lang='lat' dir='ltr'>(AUGUSTINUS.)</span> <span class='ocrx_word' id='word_1_38' title='bbox 1250 540 1315 594; x_wconf 85' lang='lat' dir='ltr'>Hi</span> <span class='ocrx_word' id='word_1_39' title='bbox 1349 546 1527 594; x_wconf 91' lang='lat' dir='ltr'>autem</span> <span class='ocrx_word' id='word_1_40' title='bbox 1558 539 1739 611; x_wconf 84' lang='lat' dir='ltr'>angeli</span> <span class='ocrx_word' id='word_1_41' title='bbox 1761 540 1854 609; x_wconf 85' lang='lat' dir='ltr'>qui</span> 
     </span>
    </p>
   </div>
   <div class='ocr_carea' id='block_1_7' title="bbox 254 625 1853 696">
    <p class='ocr_par' dir='ltr' id='par_1_7' title="bbox 254 625 1853 696">
     <span class='ocr_line' id='line_1_7' title="bbox 254 625 1853 696; baseline 0.001 -16"><span class='ocrx_word' id='word_1_42' title='bbox 254 625 563 681; x_wconf 83' lang='lat' dir='ltr'>ceciderunt</span> <span class='ocrx_word' id='word_1_43' title='bbox 594 635 853 682; x_wconf 78' lang='lat' dir='ltr'>vocantur</span> <span class='ocrx_word' id='word_1_44' title='bbox 879 628 1175 696; x_wconf 74' lang='lat' dir='ltr'>daemones,</span> <span class='ocrx_word' id='word_1_45' title='bbox 1207 636 1259 683; x_wconf 90' lang='lat' dir='ltr'>et</span> <span class='ocrx_word' id='word_1_46' title='bbox 1287 635 1414 682; x_wconf 92' lang='lat' dir='ltr'>sunt</span> <span class='ocrx_word' id='word_1_47' title='bbox 1441 628 1589 683; x_wconf 88' lang='lat' dir='ltr'>aeria</span> <span class='ocrx_word' id='word_1_48' title='bbox 1636 628 1853 682; x_wconf 87' lang='lat' dir='ltr'>anima-</span> 
     </span>
    </p>
   </div>
   <div class='ocr_carea' id='block_1_8' title="bbox 254 723 1855 796">
    <p class='ocr_par' dir='ltr' id='par_1_8' title="bbox 254 723 1855 796">
     <span class='ocr_line' id='line_1_8' title="bbox 254 723 1855 796; baseline 0.001 -19"><span class='ocrx_word' id='word_1_49' title='bbox 254 723 348 792; x_wconf 85' lang='lat' dir='ltr'>lia,</span> <span class='ocrx_word' id='word_1_50' title='bbox 372 724 626 794; x_wconf 88' lang='lat' dir='ltr'>quoniam</span> <span class='ocrx_word' id='word_1_51' title='bbox 649 738 936 793; x_wconf 80' lang='lat' dir='ltr'>corporum</span> <span class='ocrx_word' id='word_1_52' title='bbox 957 725 1224 779; x_wconf 89' lang='lat' dir='ltr'>aeriorum</span> <span class='ocrx_word' id='word_1_53' title='bbox 1252 731 1444 779; x_wconf 87' lang='lat' dir='ltr'>natura</span> <span class='ocrx_word' id='word_1_54' title='bbox 1473 723 1678 796; x_wconf 86' lang='lat' dir='ltr'>vigent.</span> <span class='ocrx_word' id='word_1_55' title='bbox 1728 724 1855 779; x_wconf 89' lang='lat' dir='ltr'>Pro-</span> 
     </span>
    </p>
   </div>
   <div class='ocr_carea' id='block_1_9' title="bbox 256 807 1856 880">
    <p class='ocr_par' dir='ltr' id='par_1_9' title="bbox 256 807 1856 880">
     <span class='ocr_line' id='line_1_9' title="bbox 256 807 1856 880; baseline -0.001 -18"><span class='ocrx_word' id='word_1_56' title='bbox 256 815 446 878; x_wconf 90' lang='lat' dir='ltr'>pterea</span> <span class='ocrx_word' id='word_1_57' title='bbox 482 817 656 863; x_wconf 89' lang='lat' dir='ltr'>morte</span> <span class='ocrx_word' id='word_1_58' title='bbox 690 823 799 863; x_wconf 91' lang='lat' dir='ltr'>non</span> <span class='ocrx_word' id='word_1_59' title='bbox 837 808 1222 877; x_wconf 89' lang='lat' dir='ltr'>dissolvuntur,</span> <span class='ocrx_word' id='word_1_60' title='bbox 1245 808 1375 879; x_wconf 83' lang='lat' dir='ltr'>quia</span> <span class='ocrx_word' id='word_1_61' title='bbox 1403 809 1664 880; x_wconf 71' lang='lat' dir='ltr'>praevalet</span> <span class='ocrx_word' id='word_1_62' title='bbox 1692 808 1747 861; x_wconf 92' lang='lat' dir='ltr'>in</span> <span class='ocrx_word' id='word_1_63' title='bbox 1778 807 1856 862; x_wconf 90' lang='lat' dir='ltr'>eis</span> 
     </span>
    </p>
   </div>
   <div class='ocr_carea' id='block_1_10' title="bbox 258 896 1856 968">
    <p class='ocr_par' dir='ltr' id='par_1_10' title="bbox 258 896 1856 968">
     <span class='ocr_line' id='line_1_10' title="bbox 258 896 1856 968; baseline -0.001 -17"><span class='ocrx_word' id='word_1_64' title='bbox 258 896 605 964; x_wconf 85' lang='lat' dir='ltr'>elementum,</span> <span class='ocrx_word' id='word_1_65' title='bbox 641 896 785 967; x_wconf 91' lang='lat' dir='ltr'>quod</span> <span class='ocrx_word' id='word_1_66' title='bbox 827 897 897 952; x_wconf 91' lang='lat' dir='ltr'>ad</span> <span class='ocrx_word' id='word_1_67' title='bbox 953 896 1259 953; x_wconf 82' lang='lat' dir='ltr'>faciendum</span> <span class='ocrx_word' id='word_1_68' title='bbox 1317 914 1480 967; x_wconf 91' lang='lat' dir='ltr'>quam</span> <span class='ocrx_word' id='word_1_69' title='bbox 1536 897 1605 953; x_wconf 90' lang='lat' dir='ltr'>ad</span> <span class='ocrx_word' id='word_1_70' title='bbox 1649 897 1856 968; x_wconf 87' lang='lat' dir='ltr'>patien-</span> 
     </span>
    </p>
   </div>
   <div class='ocr_carea' id='block_1_11' title="bbox 259 993 1859 1065">
    <p class='ocr_par' dir='ltr' id='par_1_11' title="bbox 259 993 1859 1065">
     <span class='ocr_line' id='line_1_11' title="bbox 259 993 1859 1065; baseline -0.001 -16"><span class='ocrx_word' id='word_1_71' title='bbox 259 993 390 1049; x_wconf 91' lang='lat' dir='ltr'>dum</span> <span class='ocrx_word' id='word_1_72' title='bbox 421 1002 501 1049; x_wconf 90' lang='lat' dir='ltr'>est</span> <span class='ocrx_word' id='word_1_73' title='bbox 528 995 723 1064; x_wconf 86' lang='lat' dir='ltr'>aptius,</span> <span class='ocrx_word' id='word_1_74' title='bbox 772 994 982 1050; x_wconf 91' lang='lat' dir='ltr'>duobus</span> <span class='ocrx_word' id='word_1_75' title='bbox 1026 994 1416 1064; x_wconf 85' lang='lat' dir='ltr'>subterpositis,</span> <span class='ocrx_word' id='word_1_76' title='bbox 1468 1010 1609 1065; x_wconf 83' lang='lat' dir='ltr'>aqua</span> <span class='ocrx_word' id='word_1_77' title='bbox 1653 993 1859 1049; x_wconf 83' lang='lat' dir='ltr'>scilicet</span> 
     </span>
    </p>
   </div>
   <div class='ocr_carea' id='block_1_12' title="bbox 259 1081 1855 1155">
    <p class='ocr_par' dir='ltr' id='par_1_12' title="bbox 259 1081 1855 1155">
     <span class='ocr_line' id='line_1_12' title="bbox 259 1081 1855 1155; baseline -0.003 -15"><span class='ocrx_word' id='word_1_78' title='bbox 259 1092 312 1140; x_wconf 89' lang='lat' dir='ltr'>et</span> <span class='ocrx_word' id='word_1_79' title='bbox 342 1090 499 1149; x_wconf 88' lang='lat' dir='ltr'>terra,</span> <span class='ocrx_word' id='word_1_80' title='bbox 532 1100 640 1140; x_wconf 91' lang='lat' dir='ltr'>uno</span> <span class='ocrx_word' id='word_1_81' title='bbox 669 1100 883 1155; x_wconf 91' lang='lat' dir='ltr'>quoque</span> <span class='ocrx_word' id='word_1_82' title='bbox 901 1083 1262 1154; x_wconf 88' lang='lat' dir='ltr'>superposito,</span> <span class='ocrx_word' id='word_1_83' title='bbox 1304 1082 1362 1137; x_wconf 89' lang='lat' dir='ltr'>id</span> <span class='ocrx_word' id='word_1_84' title='bbox 1412 1090 1496 1139; x_wconf 87' lang='lat' dir='ltr'>est</span> <span class='ocrx_word' id='word_1_85' title='bbox 1540 1083 1669 1155; x_wconf 84' lang='lat' dir='ltr'>igne</span> <span class='ocrx_word' id='word_1_86' title='bbox 1709 1081 1855 1136; x_wconf 88' lang='lat' dir='ltr'>side-</span> 
     </span>
    </p>
   </div>
   <div class='ocr_carea' id='block_1_13' title="bbox 258 1170 1856 1242">
    <p class='ocr_par' dir='ltr' id='par_1_13' title="bbox 258 1170 1856 1242">
     <span class='ocr_line' id='line_1_13' title="bbox 258 1170 1856 1242; baseline -0.002 -15"><span class='ocrx_word' id='word_1_87' title='bbox 258 1188 379 1229; x_wconf 91' lang='lat' dir='ltr'>reo.</span> <span class='ocrx_word' id='word_1_88' title='bbox 435 1171 841 1229; x_wconf 89' lang='lat' dir='ltr'>Distribuuntur</span> <span class='ocrx_word' id='word_1_89' title='bbox 893 1173 1039 1228; x_wconf 88' lang='lat' dir='ltr'>enim</span> <span class='ocrx_word' id='word_1_90' title='bbox 1095 1172 1364 1229; x_wconf 89' lang='lat' dir='ltr'>elementa</span> <span class='ocrx_word' id='word_1_91' title='bbox 1416 1171 1485 1226; x_wconf 90' lang='lat' dir='ltr'>ad</span> <span class='ocrx_word' id='word_1_92' title='bbox 1540 1170 1856 1242; x_wconf 71' lang='lat' dir='ltr'>patiendum</span> 
     </span>
    </p>
   </div>
   <div class='ocr_carea' id='block_1_14' title="bbox 258 1267 1857 1338">
    <p class='ocr_par' dir='ltr' id='par_1_14' title="bbox 258 1267 1857 1338">
     <span class='ocr_line' id='line_1_14' title="bbox 258 1267 1857 1338; baseline -0.002 -13"><span class='ocrx_word' id='word_1_93' title='bbox 258 1270 387 1337; x_wconf 91' lang='lat' dir='ltr'>duo,</span> <span class='ocrx_word' id='word_1_94' title='bbox 425 1270 478 1324; x_wconf 89' lang='lat' dir='ltr'>id</span> <span class='ocrx_word' id='word_1_95' title='bbox 509 1278 589 1327; x_wconf 90' lang='lat' dir='ltr'>est</span> <span class='ocrx_word' id='word_1_96' title='bbox 618 1272 812 1326; x_wconf 87' lang='lat' dir='ltr'>humor</span> <span class='ocrx_word' id='word_1_97' title='bbox 866 1277 921 1325; x_wconf 89' lang='lat' dir='ltr'>et</span> <span class='ocrx_word' id='word_1_98' title='bbox 973 1272 1213 1338; x_wconf 89' lang='lat' dir='ltr'>humus;</span> <span class='ocrx_word' id='word_1_99' title='bbox 1272 1268 1342 1324; x_wconf 90' lang='lat' dir='ltr'>ad</span> <span class='ocrx_word' id='word_1_100' title='bbox 1397 1267 1703 1324; x_wconf 84' lang='lat' dir='ltr'>faciendum</span> <span class='ocrx_word' id='word_1_101' title='bbox 1749 1267 1857 1322; x_wconf 90' lang='lat' dir='ltr'>alia</span> 
     </span>
    </p>
   </div>
   <div class='ocr_carea' id='block_1_15' title="bbox 260 1356 1859 1432">
    <p class='ocr_par' dir='ltr' id='par_1_15' title="bbox 260 1356 1859 1432">
     <span class='ocr_line' id='line_1_15' title="bbox 260 1356 1859 1432; baseline -0.001 -19"><span class='ocrx_word' id='word_1_102' title='bbox 260 1358 390 1427; x_wconf 90' lang='lat' dir='ltr'>duo,</span> <span class='ocrx_word' id='word_1_103' title='bbox 423 1376 517 1415; x_wconf 90' lang='lat' dir='ltr'>aer</span> <span class='ocrx_word' id='word_1_104' title='bbox 546 1368 599 1414; x_wconf 90' lang='lat' dir='ltr'>et</span> <span class='ocrx_word' id='word_1_105' title='bbox 627 1359 789 1432; x_wconf 83' lang='lat' dir='ltr'>ignis.</span> <span class='ocrx_word' id='word_1_106' title='bbox 824 1359 881 1414; x_wconf 90' lang='lat' dir='ltr'>Si</span> <span class='ocrx_word' id='word_1_107' title='bbox 910 1366 1088 1415; x_wconf 90' lang='lat' dir='ltr'>autem</span> <span class='ocrx_word' id='word_1_108' title='bbox 1121 1366 1539 1429; x_wconf 82' lang='lat' dir='ltr'>transgressores</span> <span class='ocrx_word' id='word_1_109' title='bbox 1586 1356 1664 1410; x_wconf 92' lang='lat' dir='ltr'>illi</span> <span class='ocrx_word' id='word_1_110' title='bbox 1710 1362 1859 1412; x_wconf 90' lang='lat' dir='ltr'>ante-</span> 
     </span>
    </p>
   </div>
   <div class='ocr_carea' id='block_1_16' title="bbox 260 1444 1854 1521">
    <p class='ocr_par' dir='ltr' id='par_1_16' title="bbox 260 1444 1854 1521">
     <span class='ocr_line' id='line_1_16' title="bbox 260 1444 1854 1521; baseline -0.004 -17"><span class='ocrx_word' id='word_1_111' title='bbox 260 1464 425 1519; x_wconf 89' lang='lat' dir='ltr'>quam</span> <span class='ocrx_word' id='word_1_112' title='bbox 456 1448 969 1521; x_wconf 81' lang='lat' dir='ltr'>transgrederentur,</span> <span class='ocrx_word' id='word_1_113' title='bbox 1006 1447 1247 1504; x_wconf 73' lang='lat' dir='ltr'>cmlestia</span> <span class='ocrx_word' id='word_1_114' title='bbox 1292 1462 1521 1517; x_wconf 88' lang='lat' dir='ltr'>corpora</span> <span class='ocrx_word' id='word_1_115' title='bbox 1574 1444 1854 1517; x_wconf 84' lang='lat' dir='ltr'>gerebant,</span> 
     </span>
    </p>
   </div>
   <div class='ocr_carea' id='block_1_17' title="bbox 261 1542 1858 1613">
    <p class='ocr_par' dir='ltr' id='par_1_17' title="bbox 261 1542 1858 1613">
     <span class='ocr_line' id='line_1_17' title="bbox 261 1542 1858 1613; baseline -0.003 -12"><span class='ocrx_word' id='word_1_116' title='bbox 261 1562 364 1602; x_wconf 92' lang='lat' dir='ltr'>nec</span> <span class='ocrx_word' id='word_1_117' title='bbox 393 1549 495 1602; x_wconf 91' lang='lat' dir='ltr'>hoc</span> <span class='ocrx_word' id='word_1_118' title='bbox 522 1547 717 1601; x_wconf 89' lang='lat' dir='ltr'>mirum</span> <span class='ocrx_word' id='word_1_119' title='bbox 746 1553 844 1613; x_wconf 91' lang='lat' dir='ltr'>est,</span> <span class='ocrx_word' id='word_1_120' title='bbox 870 1546 914 1599; x_wconf 91' lang='lat' dir='ltr'>si</span> <span class='ocrx_word' id='word_1_121' title='bbox 944 1560 1203 1601; x_wconf 88' lang='lat' dir='ltr'>conversa</span> <span class='ocrx_word' id='word_1_122' title='bbox 1233 1551 1355 1599; x_wconf 91' lang='lat' dir='ltr'>sunt</span> <span class='ocrx_word' id='word_1_123' title='bbox 1385 1561 1453 1598; x_wconf 86' lang='lat' dir='ltr'>ex</span> <span class='ocrx_word' id='word_1_124' title='bbox 1482 1559 1646 1613; x_wconf 87' lang='lat' dir='ltr'>poena</span> <span class='ocrx_word' id='word_1_125' title='bbox 1676 1542 1732 1596; x_wconf 92' lang='lat' dir='ltr'>in</span> <span class='ocrx_word' id='word_1_126' title='bbox 1761 1558 1858 1597; x_wconf 89' lang='lat' dir='ltr'>ae-</span> 
     </span>
    </p>
   </div>
   <div class='ocr_carea' id='block_1_18' title="bbox 261 1630 1859 1706">
    <p class='ocr_par' dir='ltr' id='par_1_18' title="bbox 261 1630 1859 1706">
     <span class='ocr_line' id='line_1_18' title="bbox 261 1630 1859 1706; baseline -0.004 -15"><span class='ocrx_word' id='word_1_127' title='bbox 261 1636 401 1691; x_wconf 88' lang='lat' dir='ltr'>riam</span> <span class='ocrx_word' id='word_1_128' title='bbox 431 1636 762 1706; x_wconf 86' lang='lat' dir='ltr'>qualitatem,</span> <span class='ocrx_word' id='word_1_129' title='bbox 792 1642 852 1689; x_wconf 92' lang='lat' dir='ltr'>ut</span> <span class='ocrx_word' id='word_1_130' title='bbox 878 1635 986 1704; x_wconf 81' lang='lat' dir='ltr'>jam</span> <span class='ocrx_word' id='word_1_131' title='bbox 1016 1634 1223 1705; x_wconf 87' lang='lat' dir='ltr'>possint</span> <span class='ocrx_word' id='word_1_132' title='bbox 1250 1633 1319 1688; x_wconf 90' lang='lat' dir='ltr'>ab</span> <span class='ocrx_word' id='word_1_133' title='bbox 1349 1633 1497 1705; x_wconf 87' lang='lat' dir='ltr'>igne,</span> <span class='ocrx_word' id='word_1_134' title='bbox 1546 1630 1602 1685; x_wconf 94' lang='lat' dir='ltr'>id</span> <span class='ocrx_word' id='word_1_135' title='bbox 1656 1638 1735 1686; x_wconf 89' lang='lat' dir='ltr'>est</span> <span class='ocrx_word' id='word_1_136' title='bbox 1790 1630 1859 1685; x_wconf 91' lang='lat' dir='ltr'>ab</span> 
     </span>
    </p>
   </div>
   <div class='ocr_carea' id='block_1_19' title="bbox 261 1716 1941 1796">
    <p class='ocr_par' dir='ltr' id='par_1_19' title="bbox 261 1716 1941 1796">
     <span class='ocr_line' id='line_1_19' title="bbox 261 1716 1941 1796; baseline -0.001 -15"><span class='ocrx_word' id='word_1_137' title='bbox 261 1724 530 1781; x_wconf 90' lang='lat' dir='ltr'>elemento</span> <span class='ocrx_word' id='word_1_138' title='bbox 556 1724 846 1796; x_wconf 89' lang='lat' dir='ltr'>superioris</span> <span class='ocrx_word' id='word_1_139' title='bbox 872 1730 1076 1779; x_wconf 65' lang='lat' dir='ltr'>naturae</span> <span class='ocrx_word' id='word_1_140' title='bbox 1118 1721 1321 1792; x_wconf 89' lang='lat' dir='ltr'>aliquid</span> <span class='ocrx_word' id='word_1_141' title='bbox 1368 1720 1497 1792; x_wconf 93' lang='lat' dir='ltr'>pati.</span> <span class='ocrx_word' id='word_1_142' title='bbox 1547 1721 1677 1775; x_wconf 84' lang='lat' dir='ltr'>Haec</span> <span class='ocrx_word' id='word_1_143' title='bbox 1720 1720 1858 1775; x_wconf 87' lang='lat' dir='ltr'>aeris</span> <span class='ocrx_word' id='word_1_144' title='bbox 1884 1716 1941 1779; x_wconf 88' lang='grc' dir='ltr'>Β</span> 
     </span>
    </p>
   </div>
   <div class='ocr_carea' id='block_1_20' title="bbox 264 1816 1861 1892">
    <p class='ocr_par' dir='ltr' id='par_1_20' title="bbox 264 1816 1861 1892">
     <span class='ocr_line' id='line_1_20' title="bbox 264 1816 1861 1892; baseline -0.003 -16"><span class='ocrx_word' id='word_1_145' title='bbox 264 1838 479 1892; x_wconf 90' lang='lat' dir='ltr'>quoque</span> <span class='ocrx_word' id='word_1_146' title='bbox 532 1822 705 1892; x_wconf 89' lang='lat' dir='ltr'>spatia</span> <span class='ocrx_word' id='word_1_147' title='bbox 758 1820 1036 1890; x_wconf 87' lang='lat' dir='ltr'>superiora</span> <span class='ocrx_word' id='word_1_148' title='bbox 1091 1827 1250 1889; x_wconf 89' lang='lat' dir='ltr'>atque</span> <span class='ocrx_word' id='word_1_149' title='bbox 1308 1818 1546 1888; x_wconf 87' lang='lat' dir='ltr'>puriora,</span> <span class='ocrx_word' id='word_1_150' title='bbox 1608 1817 1703 1872; x_wconf 89' lang='lat' dir='ltr'>sed</span> <span class='ocrx_word' id='word_1_151' title='bbox 1759 1816 1861 1872; x_wconf 89' lang='lat' dir='ltr'>ista</span> 
     </span>
    </p>
   </div>
   <div class='ocr_carea' id='block_1_21' title="bbox 261 1906 1861 1984">
    <p class='ocr_par' dir='ltr' id='par_1_21' title="bbox 261 1906 1861 1984">
     <span class='ocr_line' id='line_1_21' title="bbox 261 1906 1861 1984; baseline -0.006 -16"><span class='ocrx_word' id='word_1_152' title='bbox 261 1911 561 1984; x_wconf 84' lang='lat' dir='ltr'>caliginosa</span> <span class='ocrx_word' id='word_1_153' title='bbox 595 1918 772 1966; x_wconf 88' lang='lat' dir='ltr'>tenere</span> <span class='ocrx_word' id='word_1_154' title='bbox 820 1908 1066 1981; x_wconf 89' lang='lat' dir='ltr'>permissi</span> <span class='ocrx_word' id='word_1_155' title='bbox 1102 1916 1243 1975; x_wconf 90' lang='lat' dir='ltr'>sunt,</span> <span class='ocrx_word' id='word_1_156' title='bbox 1303 1923 1423 1977; x_wconf 70' lang='lat' dir='ltr'>quae</span> <span class='ocrx_word' id='word_1_157' title='bbox 1478 1906 1556 1962; x_wconf 89' lang='lat' dir='ltr'>eis</span> <span class='ocrx_word' id='word_1_158' title='bbox 1609 1921 1709 1976; x_wconf 91' lang='lat' dir='ltr'>pro</span> <span class='ocrx_word' id='word_1_159' title='bbox 1764 1921 1861 1960; x_wconf 90' lang='lat' dir='ltr'>suo</span> 
     </span>
    </p>
   </div>
   <div class='ocr_carea' id='block_1_22' title="bbox 260 1994 1862 2075">
    <p class='ocr_par' dir='ltr' id='par_1_22' title="bbox 260 1994 1862 2075">
     <span class='ocr_line' id='line_1_22' title="bbox 260 1994 1862 2075; baseline -0.005 -19"><span class='ocrx_word' id='word_1_160' title='bbox 260 2017 463 2075; x_wconf 83' lang='lat' dir='ltr'>genere</span> <span class='ocrx_word' id='word_1_161' title='bbox 496 1999 645 2070; x_wconf 88' lang='lat' dir='ltr'>quasi</span> <span class='ocrx_word' id='word_1_162' title='bbox 676 1999 893 2069; x_wconf 89' lang='lat' dir='ltr'>quidam</span> <span class='ocrx_word' id='word_1_163' title='bbox 933 2013 1115 2053; x_wconf 86' lang='lat' dir='ltr'>carcer</span> <span class='ocrx_word' id='word_1_164' title='bbox 1169 2003 1248 2051; x_wconf 90' lang='lat' dir='ltr'>est</span> <span class='ocrx_word' id='word_1_165' title='bbox 1302 2012 1470 2066; x_wconf 90' lang='lat' dir='ltr'>usque</span> <span class='ocrx_word' id='word_1_166' title='bbox 1527 1994 1597 2050; x_wconf 90' lang='lat' dir='ltr'>ad</span> <span class='ocrx_word' id='word_1_167' title='bbox 1653 2002 1862 2065; x_wconf 87' lang='lat' dir='ltr'>tempus</span> 
     </span>
    </p>
   </div>
   <div class='ocr_carea' id='block_1_23' title="bbox 255 2090 1862 2169">
    <p class='ocr_par' dir='ltr' id='par_1_23' title="bbox 255 2090 1862 2169">
     <span class='ocr_line' id='line_1_23' title="bbox 255 2090 1862 2169; baseline -0.006 -15"><span class='ocrx_word' id='word_1_168' title='bbox 255 2097 467 2169; x_wconf 90' lang='lat' dir='ltr'>judicii.</span> <span class='ocrx_word' id='word_1_169' title='bbox 500 2097 669 2169; x_wconf 88' lang='lat' dir='ltr'>Igitur</span> <span class='ocrx_word' id='word_1_170' title='bbox 695 2096 834 2151; x_wconf 89' lang='lat' dir='ltr'>sicut</span> <span class='ocrx_word' id='word_1_171' title='bbox 860 2093 1182 2167; x_wconf 83' lang='lat' dir='ltr'>angelicum</span> <span class='ocrx_word' id='word_1_172' title='bbox 1212 2093 1383 2148; x_wconf 90' lang='lat' dir='ltr'>libero</span> <span class='ocrx_word' id='word_1_173' title='bbox 1434 2091 1655 2147; x_wconf 90' lang='lat' dir='ltr'>arbitrio</span> <span class='ocrx_word' id='word_1_174' title='bbox 1698 2090 1862 2146; x_wconf 84' lang='lat' dir='ltr'>creati</span> 
     </span>
    </p>
   </div>
   <div class='ocr_carea' id='block_1_24' title="bbox 262 2178 1859 2255">
    <p class='ocr_par' dir='ltr' id='par_1_24' title="bbox 262 2178 1859 2255">
     <span class='ocr_line' id='line_1_24' title="bbox 262 2178 1859 2255; baseline -0.004 -14"><span class='ocrx_word' id='word_1_175' title='bbox 262 2194 405 2255; x_wconf 89' lang='lat' dir='ltr'>sunt,</span> <span class='ocrx_word' id='word_1_176' title='bbox 436 2185 512 2240; x_wconf 90' lang='lat' dir='ltr'>sic</span> <span class='ocrx_word' id='word_1_177' title='bbox 540 2193 594 2239; x_wconf 91' lang='lat' dir='ltr'>et</span> <span class='ocrx_word' id='word_1_178' title='bbox 622 2185 897 2239; x_wconf 86' lang='lat' dir='ltr'>hominem</span> <span class='ocrx_word' id='word_1_179' title='bbox 927 2183 1070 2237; x_wconf 91' lang='lat' dir='ltr'>Deus</span> <span class='ocrx_word' id='word_1_180' title='bbox 1098 2181 1226 2236; x_wconf 89' lang='lat' dir='ltr'>fecit</span> <span class='ocrx_word' id='word_1_181' title='bbox 1246 2197 1369 2236; x_wconf 90' lang='lat' dir='ltr'>cum</span> <span class='ocrx_word' id='word_1_182' title='bbox 1405 2181 1576 2235; x_wconf 91' lang='lat' dir='ltr'>libero</span> <span class='ocrx_word' id='word_1_183' title='bbox 1600 2178 1820 2235; x_wconf 89' lang='lat' dir='ltr'>arbitrio</span> <span class='ocrx_word' id='word_1_184' title='bbox 1843 2193 1859 2250; x_wconf 80' lang='grc'><strong>;</strong></span> 
     </span>
    </p>
   </div>
   <div class='ocr_carea' id='block_1_25' title="bbox 264 2267 1859 2345">
    <p class='ocr_par' dir='ltr' id='par_1_25' title="bbox 264 2267 1859 2345">
     <span class='ocr_line' id='line_1_25' title="bbox 264 2267 1859 2345; baseline -0.006 -14"><span class='ocrx_word' id='word_1_185' title='bbox 264 2283 318 2331; x_wconf 89' lang='lat' dir='ltr'>et</span> <span class='ocrx_word' id='word_1_186' title='bbox 347 2274 592 2345; x_wconf 89' lang='lat' dir='ltr'>quamvis</span> <span class='ocrx_word' id='word_1_187' title='bbox 619 2273 699 2328; x_wconf 90' lang='lat' dir='ltr'>sui</span> <span class='ocrx_word' id='word_1_188' title='bbox 730 2289 883 2327; x_wconf 89' lang='lat' dir='ltr'>casus</span> <span class='ocrx_word' id='word_1_189' title='bbox 907 2272 1179 2343; x_wconf 87' lang='lat' dir='ltr'>ignarum,</span> <span class='ocrx_word' id='word_1_190' title='bbox 1217 2278 1395 2324; x_wconf 91' lang='lat' dir='ltr'>tamen</span> <span class='ocrx_word' id='word_1_191' title='bbox 1446 2268 1568 2324; x_wconf 88' lang='lat' dir='ltr'>ideo</span> <span class='ocrx_word' id='word_1_192' title='bbox 1619 2267 1859 2336; x_wconf 86' lang='lat' dir='ltr'>beatum,</span> 
     </span>
    </p>
   </div>
   <div class='ocr_carea' id='block_1_26' title="bbox 266 2367 1860 2446">
    <p class='ocr_par' dir='ltr' id='par_1_26' title="bbox 266 2367 1860 2446">
     <span class='ocr_line' id='line_1_26' title="bbox 266 2367 1860 2446; baseline -0.005 -16"><span class='ocrx_word' id='word_1_193' title='bbox 266 2376 395 2446; x_wconf 90' lang='lat' dir='ltr'>quia</span> <span class='ocrx_word' id='word_1_194' title='bbox 419 2382 473 2430; x_wconf 90' lang='lat' dir='ltr'>et</span> <span class='ocrx_word' id='word_1_195' title='bbox 497 2389 607 2430; x_wconf 93' lang='lat' dir='ltr'>non</span> <span class='ocrx_word' id='word_1_196' title='bbox 635 2371 796 2440; x_wconf 90' lang='lat' dir='ltr'>mori,</span> <span class='ocrx_word' id='word_1_197' title='bbox 827 2378 880 2426; x_wconf 92' lang='lat' dir='ltr'>et</span> <span class='ocrx_word' id='word_1_198' title='bbox 907 2370 1163 2425; x_wconf 91' lang='lat' dir='ltr'>miserum</span> <span class='ocrx_word' id='word_1_199' title='bbox 1196 2385 1305 2426; x_wconf 91' lang='lat' dir='ltr'>non</span> <span class='ocrx_word' id='word_1_200' title='bbox 1332 2367 1450 2424; x_wconf 85' lang='lat' dir='ltr'>ﬁeri</span> <span class='ocrx_word' id='word_1_201' title='bbox 1484 2369 1541 2422; x_wconf 89' lang='lat' dir='ltr'>in</span> <span class='ocrx_word' id='word_1_202' title='bbox 1567 2384 1664 2423; x_wconf 90' lang='lat' dir='ltr'>sua</span> <span class='ocrx_word' id='word_1_203' title='bbox 1701 2373 1860 2437; x_wconf 90' lang='lat' dir='ltr'>pote-</span> 
     </span>
    </p>
   </div>
   <div class='ocr_carea' id='block_1_27' title="bbox 264 2456 1861 2530">
    <p class='ocr_par' dir='ltr' id='par_1_27' title="bbox 264 2456 1861 2530">
     <span class='ocr_line' id='line_1_27' title="bbox 264 2456 1861 2530; baseline -0.006 -10"><span class='ocrx_word' id='word_1_204' title='bbox 264 2471 541 2520; x_wconf 83' lang='lat' dir='ltr'>stateesse</span> <span class='ocrx_word' id='word_1_205' title='bbox 570 2461 859 2518; x_wconf 88' lang='lat' dir='ltr'>sentiebat.</span> <span class='ocrx_word' id='word_1_206' title='bbox 899 2458 1041 2528; x_wconf 87' lang='lat' dir='ltr'>Quia</span> <span class='ocrx_word' id='word_1_207' title='bbox 1097 2474 1226 2515; x_wconf 91' lang='lat' dir='ltr'>vero</span> <span class='ocrx_word' id='word_1_208' title='bbox 1286 2475 1384 2530; x_wconf 92' lang='lat' dir='ltr'>per</span> <span class='ocrx_word' id='word_1_209' title='bbox 1435 2458 1663 2512; x_wconf 90' lang='lat' dir='ltr'>liberum</span> <span class='ocrx_word' id='word_1_210' title='bbox 1712 2456 1861 2512; x_wconf 90' lang='lat' dir='ltr'>arbi-</span> 
     </span>
    </p>
   </div>
   <div class='ocr_carea' id='block_1_28' title="bbox 265 2546 1865 2618">
    <p class='ocr_par' dir='ltr' id='par_1_28' title="bbox 265 2546 1865 2618">
     <span class='ocr_line' id='line_1_28' title="bbox 265 2546 1865 2618; baseline -0.006 -10"><span class='ocrx_word' id='word_1_211' title='bbox 265 2553 427 2608; x_wconf 89' lang='lat' dir='ltr'>trium</span> <span class='ocrx_word' id='word_1_212' title='bbox 455 2553 628 2607; x_wconf 90' lang='lat' dir='ltr'>Deum</span> <span class='ocrx_word' id='word_1_213' title='bbox 659 2550 910 2617; x_wconf 90' lang='lat' dir='ltr'>deseruit,</span> <span class='ocrx_word' id='word_1_214' title='bbox 935 2549 1078 2618; x_wconf 82' lang='lat' dir='ltr'>justo</span> <span class='ocrx_word' id='word_1_215' title='bbox 1100 2546 1308 2616; x_wconf 90' lang='lat' dir='ltr'>judicio</span> <span class='ocrx_word' id='word_1_216' title='bbox 1340 2547 1440 2602; x_wconf 91' lang='lat' dir='ltr'>Dei</span> <span class='ocrx_word' id='word_1_217' title='bbox 1470 2562 1593 2602; x_wconf 89' lang='lat' dir='ltr'>cum</span> <span class='ocrx_word' id='word_1_218' title='bbox 1625 2552 1737 2600; x_wconf 92' lang='lat' dir='ltr'>toto</span> <span class='ocrx_word' id='word_1_219' title='bbox 1767 2560 1865 2599; x_wconf 91' lang='lat' dir='ltr'>sua</span> 
     </span>
    </p>
   </div>
   <div class='ocr_carea' id='block_1_29' title="bbox 264 2633 1863 2714">
    <p class='ocr_par' dir='ltr' id='par_1_29' title="bbox 264 2633 1863 2714">
     <span class='ocr_line' id='line_1_29' title="bbox 264 2633 1863 2714; baseline -0.008 -16"><span class='ocrx_word' id='word_1_220' title='bbox 264 2642 452 2714; x_wconf 85' lang='lat' dir='ltr'>stirpe,</span> <span class='ocrx_word' id='word_1_221' title='bbox 485 2656 606 2711; x_wconf 72' lang='lat' dir='ltr'>quae</span> <span class='ocrx_word' id='word_1_222' title='bbox 634 2639 691 2693; x_wconf 91' lang='lat' dir='ltr'>in</span> <span class='ocrx_word' id='word_1_223' title='bbox 720 2638 811 2694; x_wconf 83' lang='lat' dir='ltr'>illo</span> <span class='ocrx_word' id='word_1_224' title='bbox 842 2637 1017 2693; x_wconf 90' lang='lat' dir='ltr'>adhuc</span> <span class='ocrx_word' id='word_1_225' title='bbox 1046 2636 1221 2709; x_wconf 85' lang='lat' dir='ltr'>posita</span> <span class='ocrx_word' id='word_1_226' title='bbox 1250 2635 1351 2691; x_wconf 84' lang='lat' dir='ltr'>fuit</span> <span class='ocrx_word' id='word_1_227' title='bbox 1378 2642 1433 2690; x_wconf 92' lang='lat' dir='ltr'>et</span> <span class='ocrx_word' id='word_1_228' title='bbox 1462 2642 1571 2690; x_wconf 90' lang='lat' dir='ltr'>tota</span> <span class='ocrx_word' id='word_1_229' title='bbox 1598 2650 1721 2689; x_wconf 89' lang='lat' dir='ltr'>cum</span> <span class='ocrx_word' id='word_1_230' title='bbox 1772 2633 1863 2687; x_wconf 93' lang='lat' dir='ltr'>illo</span> 
     </span>
    </p>
   </div>
   <div class='ocr_carea' id='block_1_30' title="bbox 269 2736 982 2811">
    <p class='ocr_par' dir='ltr' id='par_1_30' title="bbox 269 2736 982 2811">
     <span class='ocr_line' id='line_1_30' title="bbox 269 2736 982 2811; baseline -0.01 -15"><span class='ocrx_word' id='word_1_231' title='bbox 269 2738 533 2811; x_wconf 87' lang='lat' dir='ltr'>peccavit,</span> <span class='ocrx_word' id='word_1_232' title='bbox 568 2736 853 2792; x_wconf 88' lang='lat' dir='ltr'>damnatus</span> <span class='ocrx_word' id='word_1_233' title='bbox 882 2742 982 2790; x_wconf 90' lang='lat' dir='ltr'>est.</span> 
     </span>
    </p>
   </div>
   <div class='ocr_carea' id='block_1_31' title="bbox 264 2854 1865 2936">
    <p class='ocr_par' dir='ltr' id='par_1_31' title="bbox 264 2854 1865 2936">
     <span class='ocr_line' id='line_1_31' title="bbox 264 2854 1865 2936; baseline -0.006 -17"><span class='ocrx_word' id='word_1_234' title='bbox 264 2865 347 2922; x_wconf 82' lang='lat' dir='ltr'>De</span> <span class='ocrx_word' id='word_1_235' title='bbox 373 2879 456 2936; x_wconf 80' lang='lat' dir='ltr'>eo,</span> <span class='ocrx_word' id='word_1_236' title='bbox 487 2864 711 2936; x_wconf 80' lang='lat' dir='ltr'>qualem</span> <span class='ocrx_word' id='word_1_237' title='bbox 732 2862 983 2933; x_wconf 78' lang='lat' dir='ltr'>gratiam</span> <span class='ocrx_word' id='word_1_238' title='bbox 1008 2860 1232 2933; x_wconf 73' lang='lat' dir='ltr'>prima:</span> <span class='ocrx_word' id='word_1_239' title='bbox 1260 2858 1421 2916; x_wconf 85' lang='lat' dir='ltr'>homo</span> <span class='ocrx_word' id='word_1_240' title='bbox 1466 2854 1773 2928; x_wconf 79' lang='lat' dir='ltr'>acceperit,</span> <span class='ocrx_word' id='word_1_241' title='bbox 1806 2857 1865 2912; x_wconf 82' lang='lat' dir='ltr'>et</span> 
     </span>
    </p>
   </div>
   <div class='ocr_carea' id='block_1_32' title="bbox 729 2949 1389 3022">
    <p class='ocr_par' dir='ltr' id='par_1_32' title="bbox 729 2949 1389 3022">
     <span class='ocr_line' id='line_1_32' title="bbox 729 2949 1389 3022; baseline -0.008 -15"><span class='ocrx_word' id='word_1_242' title='bbox 729 2951 863 3007; x_wconf 71' lang='lat' dir='ltr'>alii:</span> <span class='ocrx_word' id='word_1_243' title='bbox 889 2950 1149 3022; x_wconf 69' lang='lat' dir='ltr'>pluribus</span> <span class='ocrx_word' id='word_1_244' title='bbox 1175 2949 1389 3006; x_wconf 76' lang='lat' dir='ltr'>causis.</span> 
     </span>
    </p>
   </div>
   <div class='ocr_carea' id='block_1_33' title="bbox 338 3053 1945 3141">
    <p class='ocr_par' dir='ltr' id='par_1_33' title="bbox 338 3053 1945 3141">
     <span class='ocr_line' id='line_1_33' title="bbox 338 3053 1945 3141; baseline -0.007 -25"><span class='ocrx_word' id='word_1_245' title='bbox 338 3060 525 3116; x_wconf 87' lang='lat' dir='ltr'>Talem</span> <span class='ocrx_word' id='word_1_246' title='bbox 554 3058 785 3132; x_wconf 82' lang='lat' dir='ltr'>gratiam</span> <span class='ocrx_word' id='word_1_247' title='bbox 815 3056 1002 3113; x_wconf 87' lang='lat' dir='ltr'>habuit</span> <span class='ocrx_word' id='word_1_248' title='bbox 1031 3056 1238 3127; x_wconf 90' lang='lat' dir='ltr'>primus</span> <span class='ocrx_word' id='word_1_249' title='bbox 1265 3057 1451 3120; x_wconf 91' lang='lat' dir='ltr'>homo,</span> <span class='ocrx_word' id='word_1_250' title='bbox 1484 3053 1540 3108; x_wconf 91' lang='lat' dir='ltr'>in</span> <span class='ocrx_word' id='word_1_251' title='bbox 1580 3068 1687 3123; x_wconf 88' lang='lat' dir='ltr'>qua</span> <span class='ocrx_word' id='word_1_252' title='bbox 1732 3067 1859 3124; x_wconf 89' lang='lat' dir='ltr'>per-</span> <span class='ocrx_word' id='word_1_253' title='bbox 1894 3077 1945 3141; x_wconf 65' lang='grc' dir='ltr'>α</span> 
     </span>
    </p>
   </div>
   <div class='ocr_carea' id='block_1_34' title="bbox 268 3142 1862 3215">
    <p class='ocr_par' dir='ltr' id='par_1_34' title="bbox 268 3142 1862 3215">
     <span class='ocr_line' id='line_1_34' title="bbox 268 3142 1862 3215; baseline -0.007 -9"><span class='ocrx_word' id='word_1_254' title='bbox 268 3165 488 3207; x_wconf 88' lang='lat' dir='ltr'>manere</span> <span class='ocrx_word' id='word_1_255' title='bbox 514 3150 559 3203; x_wconf 88' lang='lat' dir='ltr'>si</span> <span class='ocrx_word' id='word_1_256' title='bbox 587 3148 768 3215; x_wconf 84' lang='lat' dir='ltr'>vellet,</span> <span class='ocrx_word' id='word_1_257' title='bbox 799 3160 1077 3215; x_wconf 90' lang='lat' dir='ltr'>nunquam</span> <span class='ocrx_word' id='word_1_258' title='bbox 1108 3151 1247 3201; x_wconf 86' lang='lat' dir='ltr'>esset</span> <span class='ocrx_word' id='word_1_259' title='bbox 1269 3144 1461 3209; x_wconf 86' lang='lat' dir='ltr'>malus,</span> <span class='ocrx_word' id='word_1_260' title='bbox 1495 3150 1547 3197; x_wconf 90' lang='lat' dir='ltr'>et</span> <span class='ocrx_word' id='word_1_261' title='bbox 1593 3142 1708 3196; x_wconf 89' lang='lat' dir='ltr'>sine</span> <span class='ocrx_word' id='word_1_262' title='bbox 1756 3157 1862 3212; x_wconf 89' lang='lat' dir='ltr'>qua</span> 
     </span>
    </p>
   </div>
   <div class='ocr_carea' id='block_1_35' title="bbox 270 3233 1859 3301">
    <p class='ocr_par' dir='ltr' id='par_1_35' title="bbox 270 3233 1859 3301">
     <span class='ocr_line' id='line_1_35' title="bbox 270 3233 1859 3301; baseline -0.007 -5"><span class='ocrx_word' id='word_1_263' title='bbox 270 3241 435 3296; x_wconf 89' lang='lat' dir='ltr'>etiam</span> <span class='ocrx_word' id='word_1_264' title='bbox 466 3254 588 3295; x_wconf 89' lang='lat' dir='ltr'>cum</span> <span class='ocrx_word' id='word_1_265' title='bbox 617 3236 787 3291; x_wconf 89' lang='lat' dir='ltr'>libero</span> <span class='ocrx_word' id='word_1_266' title='bbox 828 3234 1050 3289; x_wconf 91' lang='lat' dir='ltr'>arbitrio</span> <span class='ocrx_word' id='word_1_267' title='bbox 1101 3233 1277 3289; x_wconf 90' lang='lat' dir='ltr'>bonus</span> <span class='ocrx_word' id='word_1_268' title='bbox 1333 3247 1449 3288; x_wconf 86' lang='lat' dir='ltr'>esse</span> <span class='ocrx_word' id='word_1_269' title='bbox 1495 3247 1605 3287; x_wconf 88' lang='lat' dir='ltr'>non</span> <span class='ocrx_word' id='word_1_270' title='bbox 1659 3239 1859 3301; x_wconf 88' lang='lat' dir='ltr'>posset,</span> 
     </span>
    </p>
   </div>
   <div class='ocr_carea' id='block_1_36' title="bbox 271 3330 1862 3404">
    <p class='ocr_par' dir='ltr' id='par_1_36' title="bbox 271 3330 1862 3404">
     <span class='ocr_line' id='line_1_36' title="bbox 271 3330 1862 3404; baseline -0.007 -10"><span class='ocrx_word' id='word_1_271' title='bbox 271 3337 370 3394; x_wconf 88' lang='lat' dir='ltr'>sed</span> <span class='ocrx_word' id='word_1_272' title='bbox 398 3352 519 3393; x_wconf 91' lang='lat' dir='ltr'>eam</span> <span class='ocrx_word' id='word_1_273' title='bbox 550 3342 730 3390; x_wconf 88' lang='lat' dir='ltr'>tamen</span> <span class='ocrx_word' id='word_1_274' title='bbox 758 3348 855 3404; x_wconf 91' lang='lat' dir='ltr'>per</span> <span class='ocrx_word' id='word_1_275' title='bbox 882 3331 1111 3387; x_wconf 87' lang='lat' dir='ltr'>liberum</span> <span class='ocrx_word' id='word_1_276' title='bbox 1142 3330 1425 3386; x_wconf 89' lang='lat' dir='ltr'>arbitrium</span> <span class='ocrx_word' id='word_1_277' title='bbox 1453 3330 1701 3385; x_wconf 87' lang='lat' dir='ltr'>deserere</span> <span class='ocrx_word' id='word_1_278' title='bbox 1731 3344 1862 3401; x_wconf 88' lang='lat' dir='ltr'>pos-</span> 
     </span>
    </p>
   </div>
   <div class='ocr_carea' id='block_1_37' title="bbox 268 3420 1865 3493">
    <p class='ocr_par' dir='ltr' id='par_1_37' title="bbox 268 3420 1865 3493">
     <span class='ocr_line' id='line_1_37' title="bbox 268 3420 1865 3493; baseline -0.008 -10"><span class='ocrx_word' id='word_1_279' title='bbox 268 3434 371 3493; x_wconf 88' lang='lat' dir='ltr'>set,</span> <span class='ocrx_word' id='word_1_280' title='bbox 400 3441 511 3481; x_wconf 92' lang='lat' dir='ltr'>non</span> <span class='ocrx_word' id='word_1_281' title='bbox 539 3430 716 3479; x_wconf 90' lang='lat' dir='ltr'>autem</span> <span class='ocrx_word' id='word_1_282' title='bbox 745 3437 866 3477; x_wconf 90' lang='lat' dir='ltr'>eam</span> <span class='ocrx_word' id='word_1_283' title='bbox 896 3420 1083 3475; x_wconf 87' lang='lat' dir='ltr'>habuit</span> <span class='ocrx_word' id='word_1_284' title='bbox 1137 3420 1367 3491; x_wconf 89' lang='lat' dir='ltr'>gratiam</span> <span class='ocrx_word' id='word_1_285' title='bbox 1423 3435 1529 3489; x_wconf 90' lang='lat' dir='ltr'>qua</span> <span class='ocrx_word' id='word_1_286' title='bbox 1583 3434 1693 3473; x_wconf 91' lang='lat' dir='ltr'>non</span> <span class='ocrx_word' id='word_1_287' title='bbox 1749 3433 1865 3485; x_wconf 82' lang='lat' dir='ltr'>esse</span> 
     </span>
    </p>
   </div>
   <div class='ocr_carea' id='block_1_38' title="bbox 269 3506 1865 3580">
    <p class='ocr_par' dir='ltr' id='par_1_38' title="bbox 269 3506 1865 3580">
     <span class='ocr_line' id='line_1_38' title="bbox 269 3506 1865 3580; baseline -0.009 -7"><span class='ocrx_word' id='word_1_288' title='bbox 269 3516 437 3574; x_wconf 87' lang='lat' dir='ltr'>vellet</span> <span class='ocrx_word' id='word_1_289' title='bbox 462 3513 657 3569; x_wconf 90' lang='lat' dir='ltr'>malus.</span> <span class='ocrx_word' id='word_1_290' title='bbox 689 3509 847 3580; x_wconf 92' lang='lat' dir='ltr'>Quod</span> <span class='ocrx_word' id='word_1_291' title='bbox 876 3509 1203 3578; x_wconf 88' lang='lat' dir='ltr'>adjutorium</span> <span class='ocrx_word' id='word_1_292' title='bbox 1223 3508 1268 3563; x_wconf 91' lang='lat' dir='ltr'>si</span> <span class='ocrx_word' id='word_1_293' title='bbox 1297 3510 1461 3563; x_wconf 89' lang='lat' dir='ltr'>homo</span> <span class='ocrx_word' id='word_1_294' title='bbox 1492 3522 1590 3578; x_wconf 91' lang='lat' dir='ltr'>per</span> <span class='ocrx_word' id='word_1_295' title='bbox 1635 3506 1865 3561; x_wconf 90' lang='lat' dir='ltr'>liberum</span> 
     </span>
    </p>
   </div>
   <div class='ocr_carea' id='block_1_39' title="bbox 267 3602 1867 3675">
    <p class='ocr_par' dir='ltr' id='par_1_39' title="bbox 267 3602 1867 3675">
     <span class='ocr_line' id='line_1_39' title="bbox 267 3602 1867 3675; baseline -0.008 -5"><span class='ocrx_word' id='word_1_296' title='bbox 267 3612 549 3671; x_wconf 88' lang='lat' dir='ltr'>arbitrium</span> <span class='ocrx_word' id='word_1_297' title='bbox 572 3626 682 3665; x_wconf 90' lang='lat' dir='ltr'>non</span> <span class='ocrx_word' id='word_1_298' title='bbox 709 3607 1029 3663; x_wconf 87' lang='lat' dir='ltr'>deseruisset</span> <span class='ocrx_word' id='word_1_299' title='bbox 1056 3621 1272 3675; x_wconf 89' lang='lat' dir='ltr'>semper</span> <span class='ocrx_word' id='word_1_300' title='bbox 1317 3612 1458 3660; x_wconf 85' lang='lat' dir='ltr'>esset</span> <span class='ocrx_word' id='word_1_301' title='bbox 1495 3604 1671 3659; x_wconf 91' lang='lat' dir='ltr'>bonus</span> <span class='ocrx_word' id='word_1_302' title='bbox 1704 3619 1717 3673; x_wconf 90' lang='lat'><strong>;</strong></span> <span class='ocrx_word' id='word_1_303' title='bbox 1771 3602 1867 3658; x_wconf 90' lang='lat' dir='ltr'>sed</span> 
     </span>
    </p>
   </div>
   <div class='ocr_carea' id='block_1_40' title="bbox 266 3693 1868 3768">
    <p class='ocr_par' dir='ltr' id='par_1_40' title="bbox 266 3693 1868 3768">
     <span class='ocr_line' id='line_1_40' title="bbox 266 3693 1868 3768; baseline -0.009 -9"><span class='ocrx_word' id='word_1_304' title='bbox 266 3702 524 3768; x_wconf 87' lang='lat' dir='ltr'>deseruit,</span> <span class='ocrx_word' id='word_1_305' title='bbox 555 3707 609 3755; x_wconf 91' lang='lat' dir='ltr'>et</span> <span class='ocrx_word' id='word_1_306' title='bbox 634 3698 875 3753; x_wconf 91' lang='lat' dir='ltr'>desertus</span> <span class='ocrx_word' id='word_1_307' title='bbox 902 3703 1001 3750; x_wconf 92' lang='lat' dir='ltr'>est.</span> <span class='ocrx_word' id='word_1_308' title='bbox 1034 3696 1156 3749; x_wconf 92' lang='lat' dir='ltr'>Non</span> <span class='ocrx_word' id='word_1_309' title='bbox 1204 3693 1351 3749; x_wconf 90' lang='lat' dir='ltr'>enim</span> <span class='ocrx_word' id='word_1_310' title='bbox 1399 3694 1644 3748; x_wconf 80' lang='lat' dir='ltr'>desertus</span> <span class='ocrx_word' id='word_1_311' title='bbox 1685 3699 1766 3746; x_wconf 92' lang='lat' dir='ltr'>est</span> <span class='ocrx_word' id='word_1_312' title='bbox 1810 3698 1868 3745; x_wconf 92' lang='lat' dir='ltr'>ut</span> 
     </span>
    </p>
   </div>
   <div class='ocr_carea' id='block_1_41' title="bbox 270 3781 1866 3857">
    <p class='ocr_par' dir='ltr' id='par_1_41' title="bbox 270 3781 1866 3857">
     <span class='ocr_line' id='line_1_41' title="bbox 270 3781 1866 3857; baseline -0.009 -9"><span class='ocrx_word' id='word_1_313' title='bbox 270 3792 560 3857; x_wconf 86' lang='lat' dir='ltr'>desereret,</span> <span class='ocrx_word' id='word_1_314' title='bbox 591 3788 684 3843; x_wconf 92' lang='lat' dir='ltr'>sed</span> <span class='ocrx_word' id='word_1_315' title='bbox 742 3793 801 3841; x_wconf 90' lang='lat' dir='ltr'>ut</span> <span class='ocrx_word' id='word_1_316' title='bbox 844 3786 1182 3839; x_wconf 86' lang='lat' dir='ltr'>desereretur</span> <span class='ocrx_word' id='word_1_317' title='bbox 1234 3781 1491 3838; x_wconf 88' lang='lat' dir='ltr'>deseruit.</span> <span class='ocrx_word' id='word_1_318' title='bbox 1529 3781 1611 3836; x_wconf 85' lang='lat' dir='ltr'>Ad</span> <span class='ocrx_word' id='word_1_319' title='bbox 1662 3781 1866 3835; x_wconf 89' lang='lat' dir='ltr'>malum</span> 
     </span>
    </p>
   </div>
   <div class='ocr_carea' id='block_1_42' title="bbox 271 3879 1868 3962">
    <p class='ocr_par' dir='ltr' id='par_1_42' title="bbox 271 3879 1868 3962">
     <span class='ocr_line' id='line_1_42' title="bbox 271 3879 1868 3962; baseline -0.009 -16"><span class='ocrx_word' id='word_1_320' title='bbox 271 3890 475 3962; x_wconf 85' lang='lat' dir='ltr'>quippe</span> <span class='ocrx_word' id='word_1_321' title='bbox 505 3886 622 3957; x_wconf 87' lang='lat' dir='ltr'>ejus</span> <span class='ocrx_word' id='word_1_322' title='bbox 652 3884 802 3954; x_wconf 89' lang='lat' dir='ltr'>prior</span> <span class='ocrx_word' id='word_1_323' title='bbox 827 3889 908 3937; x_wconf 90' lang='lat' dir='ltr'>est</span> <span class='ocrx_word' id='word_1_324' title='bbox 933 3882 1183 3936; x_wconf 85' lang='lat' dir='ltr'>voluntas</span> <span class='ocrx_word' id='word_1_325' title='bbox 1211 3879 1329 3949; x_wconf 90' lang='lat' dir='ltr'>ejus</span> <span class='ocrx_word' id='word_1_326' title='bbox 1362 3895 1376 3949; x_wconf 92' lang='lat'><strong>;</strong></span> <span class='ocrx_word' id='word_1_327' title='bbox 1408 3879 1477 3934; x_wconf 89' lang='lat' dir='ltr'>ad</span> <span class='ocrx_word' id='word_1_328' title='bbox 1505 3880 1709 3935; x_wconf 90' lang='lat' dir='ltr'>bonum</span> <span class='ocrx_word' id='word_1_329' title='bbox 1737 3893 1868 3934; x_wconf 91' lang='lat' dir='ltr'>vero</span> 
     </span>
    </p>
   </div>
   <div class='ocr_carea' id='block_1_43' title="bbox 267 3966 1868 4050">
    <p class='ocr_par' dir='ltr' id='par_1_43' title="bbox 267 3966 1868 4050">
     <span class='ocr_line' id='line_1_43' title="bbox 267 3966 1868 4050; baseline -0.008 -16"><span class='ocrx_word' id='word_1_330' title='bbox 267 3978 389 4050; x_wconf 87' lang='lat' dir='ltr'>ejus</span> <span class='ocrx_word' id='word_1_331' title='bbox 415 3977 563 4048; x_wconf 88' lang='lat' dir='ltr'>prior</span> <span class='ocrx_word' id='word_1_332' title='bbox 588 3981 669 4030; x_wconf 91' lang='lat' dir='ltr'>est</span> <span class='ocrx_word' id='word_1_333' title='bbox 695 3972 943 4030; x_wconf 86' lang='lat' dir='ltr'>voluntas</span> <span class='ocrx_word' id='word_1_334' title='bbox 968 3969 1069 4025; x_wconf 90' lang='lat' dir='ltr'>Dei</span> <span class='ocrx_word' id='word_1_335' title='bbox 1099 3986 1115 4026; x_wconf 88' lang='lat'><strong>:</strong></span> <span class='ocrx_word' id='word_1_336' title='bbox 1145 3968 1259 4025; x_wconf 89' lang='lat' dir='ltr'>sive</span> <span class='ocrx_word' id='word_1_337' title='bbox 1283 3976 1341 4024; x_wconf 91' lang='lat' dir='ltr'>ut</span> <span class='ocrx_word' id='word_1_338' title='bbox 1382 3968 1599 4035; x_wconf 79' lang='lat' dir='ltr'>faceret,</span> <span class='ocrx_word' id='word_1_339' title='bbox 1652 3966 1868 4037; x_wconf 90' lang='lat' dir='ltr'>quando</span> 
     </span>
    </p>
   </div>
   <div class='ocr_carea' id='block_1_44' title="bbox 270 4055 1871 4135">
    <p class='ocr_par' dir='ltr' id='par_1_44' title="bbox 270 4055 1871 4135">
     <span class='ocr_line' id='line_1_44' title="bbox 270 4055 1871 4135; baseline -0.008 -13"><span class='ocrx_word' id='word_1_340' title='bbox 270 4082 383 4124; x_wconf 89' lang='lat' dir='ltr'>non</span> <span class='ocrx_word' id='word_1_341' title='bbox 410 4072 526 4121; x_wconf 89' lang='lat' dir='ltr'>erat</span> <span class='ocrx_word' id='word_1_342' title='bbox 555 4080 569 4135; x_wconf 89' lang='lat'><strong>;</strong></span> <span class='ocrx_word' id='word_1_343' title='bbox 601 4063 714 4121; x_wconf 86' lang='lat' dir='ltr'>sive</span> <span class='ocrx_word' id='word_1_344' title='bbox 736 4067 794 4115; x_wconf 92' lang='lat' dir='ltr'>ut</span> <span class='ocrx_word' id='word_1_345' title='bbox 820 4058 1085 4115; x_wconf 86' lang='lat' dir='ltr'>refaceret</span> <span class='ocrx_word' id='word_1_346' title='bbox 1113 4057 1259 4128; x_wconf 90' lang='lat' dir='ltr'>quod</span> <span class='ocrx_word' id='word_1_347' title='bbox 1306 4059 1563 4128; x_wconf 87' lang='lat' dir='ltr'>perierat.</span> <span class='ocrx_word' id='word_1_348' title='bbox 1622 4055 1871 4113; x_wconf 90' lang='lat' dir='ltr'>Deseruit</span> 
     </span>
    </p>
   </div>
   <div class='ocr_carea' id='block_1_45' title="bbox 269 4154 1867 4230">
    <p class='ocr_par' dir='ltr' id='par_1_45' title="bbox 269 4154 1867 4230">
     <span class='ocr_line' id='line_1_45' title="bbox 269 4154 1867 4230; baseline -0.008 -10"><span class='ocrx_word' id='word_1_349' title='bbox 269 4171 449 4221; x_wconf 89' lang='lat' dir='ltr'>autem</span> <span class='ocrx_word' id='word_1_350' title='bbox 477 4162 651 4218; x_wconf 90' lang='lat' dir='ltr'>Deum</span> <span class='ocrx_word' id='word_1_351' title='bbox 690 4159 955 4230; x_wconf 82' lang='lat' dir='ltr'>placenda</span> <span class='ocrx_word' id='word_1_352' title='bbox 1001 4157 1131 4212; x_wconf 90' lang='lat' dir='ltr'>sibi.</span> <span class='ocrx_word' id='word_1_353' title='bbox 1187 4154 1638 4227; x_wconf 88' lang='lat' dir='ltr'>Distinguendum</span> <span class='ocrx_word' id='word_1_354' title='bbox 1688 4160 1867 4208; x_wconf 88' lang='lat' dir='ltr'>autem</span> 
     </span>
    </p>
   </div>
   <div class='ocr_carea' id='block_1_46' title="bbox 268 4240 1868 4320">
    <p class='ocr_par' dir='ltr' id='par_1_46' title="bbox 268 4240 1868 4320">
     <span class='ocr_line' id='line_1_46' title="bbox 268 4240 1868 4320; baseline -0.01 -10"><span class='ocrx_word' id='word_1_355' title='bbox 268 4252 482 4310; x_wconf 87' lang='lat' dir='ltr'>videtur</span> <span class='ocrx_word' id='word_1_356' title='bbox 507 4249 853 4320; x_wconf 86' lang='lat' dir='ltr'>adjutorium.</span> <span class='ocrx_word' id='word_1_357' title='bbox 883 4246 1042 4301; x_wconf 86' lang='lat' dir='ltr'>Aliud</span> <span class='ocrx_word' id='word_1_358' title='bbox 1071 4245 1274 4316; x_wconf 89' lang='lat' dir='ltr'>quippe</span> <span class='ocrx_word' id='word_1_359' title='bbox 1298 4251 1378 4299; x_wconf 87' lang='lat' dir='ltr'>est</span> <span class='ocrx_word' id='word_1_360' title='bbox 1427 4243 1545 4297; x_wconf 85' lang='lat' dir='ltr'>sine</span> <span class='ocrx_word' id='word_1_361' title='bbox 1606 4257 1713 4311; x_wconf 93' lang='lat' dir='ltr'>quo</span> <span class='ocrx_word' id='word_1_362' title='bbox 1770 4240 1868 4295; x_wconf 89' lang='lat' dir='ltr'>ali-</span> 
     </span>
    </p>
   </div>
   <div class='ocr_carea' id='block_1_47' title="bbox 270 4329 1866 4413">
    <p class='ocr_par' dir='ltr' id='par_1_47' title="bbox 270 4329 1866 4413">
     <span class='ocr_line' id='line_1_47' title="bbox 270 4329 1866 4413; baseline -0.008 -17"><span class='ocrx_word' id='word_1_363' title='bbox 270 4341 403 4413; x_wconf 89' lang='lat' dir='ltr'>quid</span> <span class='ocrx_word' id='word_1_364' title='bbox 428 4355 538 4396; x_wconf 87' lang='lat' dir='ltr'>non</span> <span class='ocrx_word' id='word_1_365' title='bbox 564 4339 669 4407; x_wconf 87' lang='lat' dir='ltr'>ﬁt;</span> <span class='ocrx_word' id='word_1_366' title='bbox 710 4336 855 4394; x_wconf 89' lang='lat' dir='ltr'>aliud</span> <span class='ocrx_word' id='word_1_367' title='bbox 899 4344 998 4403; x_wconf 91' lang='lat' dir='ltr'>est,</span> <span class='ocrx_word' id='word_1_368' title='bbox 1049 4350 1156 4404; x_wconf 90' lang='lat' dir='ltr'>quo</span> <span class='ocrx_word' id='word_1_369' title='bbox 1203 4332 1262 4388; x_wconf 98' lang='lat' dir='ltr'>ﬁt</span> <span class='ocrx_word' id='word_1_370' title='bbox 1308 4332 1532 4404; x_wconf 88' lang='lat' dir='ltr'>aliquid.</span> <span class='ocrx_word' id='word_1_371' title='bbox 1584 4330 1711 4386; x_wconf 88' lang='lat' dir='ltr'>Sine</span> <span class='ocrx_word' id='word_1_372' title='bbox 1762 4329 1866 4385; x_wconf 87' lang='lat' dir='ltr'>ali-</span> 
     </span>
    </p>
   </div>
   <div class='ocr_carea' id='block_1_48' title="bbox 1962 458 3549 533">
    <p class='ocr_par' dir='ltr' id='par_1_48' title="bbox 1962 458 3549 533">
     <span class='ocr_line' id='line_1_48' title="bbox 1962 458 3549 533; baseline 0.004 -23"><span class='ocrx_word' id='word_1_373' title='bbox 1962 472 2050 512; x_wconf 91' lang='lat' dir='ltr'>me</span> <span class='ocrx_word' id='word_1_374' title='bbox 2063 458 2318 530; x_wconf 87' lang='lat' dir='ltr'>elegistis,</span> <span class='ocrx_word' id='word_1_375' title='bbox 2343 459 2438 513; x_wconf 90' lang='lat' dir='ltr'>sed</span> <span class='ocrx_word' id='word_1_376' title='bbox 2456 476 2561 532; x_wconf 86' lang='lat' dir='ltr'>ego</span> <span class='ocrx_word' id='word_1_377' title='bbox 2582 461 2724 533; x_wconf 86' lang='lat' dir='ltr'>elegi</span> <span class='ocrx_word' id='word_1_378' title='bbox 2745 478 2862 531; x_wconf 90' lang='lat' dir='ltr'>vos,</span> <span class='ocrx_word' id='word_1_379' title='bbox 2886 470 2938 517; x_wconf 91' lang='lat' dir='ltr'>et</span> <span class='ocrx_word' id='word_1_380' title='bbox 2958 462 3112 531; x_wconf 89' lang='lat' dir='ltr'>posui</span> <span class='ocrx_word' id='word_1_381' title='bbox 3151 478 3250 518; x_wconf 90' lang='lat' dir='ltr'>vos</span> <span class='ocrx_word' id='word_1_382' title='bbox 3288 470 3346 517; x_wconf 92' lang='lat' dir='ltr'>ut</span> <span class='ocrx_word' id='word_1_383' title='bbox 3396 462 3549 531; x_wconf 82' lang='lat' dir='ltr'>eatis,</span> 
     </span>
    </p>
   </div>
   <div class='ocr_carea' id='block_1_49' title="bbox 1962 546 3545 620">
    <p class='ocr_par' dir='ltr' id='par_1_49' title="bbox 1962 546 3545 620">
     <span class='ocr_line' id='line_1_49' title="bbox 1962 546 3545 620; baseline 0.004 -21"><span class='ocrx_word' id='word_1_384' title='bbox 1962 554 2013 599; x_wconf 91' lang='lat' dir='ltr'>et</span> <span class='ocrx_word' id='word_1_385' title='bbox 2029 546 2257 602; x_wconf 83' lang='lat' dir='ltr'>fructum</span> <span class='ocrx_word' id='word_1_386' title='bbox 2278 547 2528 617; x_wconf 79' lang='lat' dir='ltr'>aﬂ&#39;eratis,</span> <span class='ocrx_word' id='word_1_387' title='bbox 2546 557 2600 604; x_wconf 91' lang='lat' dir='ltr'>et</span> <span class='ocrx_word' id='word_1_388' title='bbox 2618 550 2822 605; x_wconf 85' lang='lat' dir='ltr'>fructus</span> <span class='ocrx_word' id='word_1_389' title='bbox 2841 559 3018 607; x_wconf 85' lang='lat' dir='ltr'>vester</span> <span class='ocrx_word' id='word_1_390' title='bbox 3034 559 3251 607; x_wconf 88' lang='lat' dir='ltr'>maneat</span> <span class='ocrx_word' id='word_1_391' title='bbox 3279 553 3484 620; x_wconf 80' lang='lat' dir='ltr'>(ibid.).</span> <span class='ocrx_word' id='word_1_392' title='bbox 3523 575 3545 599; x_wconf 77' lang='grc' dir='ltr'>ιι</span> 
     </span>
    </p>
   </div>
   <div class='ocr_carea' id='block_1_50' title="bbox 1962 634 3548 709">
    <p class='ocr_par' dir='ltr' id='par_1_50' title="bbox 1962 634 3548 709">
     <span class='ocr_line' id='line_1_50' title="bbox 1962 634 3548 709; baseline 0.004 -21"><span class='ocrx_word' id='word_1_393' title='bbox 1962 634 2170 703; x_wconf 89' lang='lat' dir='ltr'>Quibus</span> <span class='ocrx_word' id='word_1_394' title='bbox 2197 637 2376 692; x_wconf 89' lang='lat' dir='ltr'>verbis</span> <span class='ocrx_word' id='word_1_395' title='bbox 2402 638 2481 692; x_wconf 90' lang='lat' dir='ltr'>eis</span> <span class='ocrx_word' id='word_1_396' title='bbox 2507 654 2613 693; x_wconf 90' lang='lat' dir='ltr'>non</span> <span class='ocrx_word' id='word_1_397' title='bbox 2641 639 2816 694; x_wconf 91' lang='lat' dir='ltr'>solum</span> <span class='ocrx_word' id='word_1_398' title='bbox 2842 639 3128 709; x_wconf 86' lang='lat' dir='ltr'>justitiam,</span> <span class='ocrx_word' id='word_1_399' title='bbox 3160 658 3347 695; x_wconf 89' lang='lat' dir='ltr'>verum</span> <span class='ocrx_word' id='word_1_400' title='bbox 3384 642 3548 696; x_wconf 87' lang='lat' dir='ltr'>etiam</span> 
     </span>
    </p>
   </div>
   <div class='ocr_carea' id='block_1_51' title="bbox 1961 735 3554 810">
    <p class='ocr_par' dir='ltr' id='par_1_51' title="bbox 1961 735 3554 810">
     <span class='ocr_line' id='line_1_51' title="bbox 1961 735 3554 810; baseline 0.008 -24"><span class='ocrx_word' id='word_1_401' title='bbox 1961 735 2412 803; x_wconf 86' lang='lat' dir='ltr'>perseverantiam</span> <span class='ocrx_word' id='word_1_402' title='bbox 2441 752 2498 790; x_wconf 91' lang='lat' dir='ltr'>se</span> <span class='ocrx_word' id='word_1_403' title='bbox 2527 735 2739 793; x_wconf 90' lang='lat' dir='ltr'>dedisse</span> <span class='ocrx_word' id='word_1_404' title='bbox 2781 739 3117 792; x_wconf 83' lang='lat' dir='ltr'>monstravit.</span> <span class='ocrx_word' id='word_1_405' title='bbox 3176 738 3296 795; x_wconf 92' lang='lat' dir='ltr'>Duo</span> <span class='ocrx_word' id='word_1_406' title='bbox 3351 739 3554 810; x_wconf 85' lang='lat' dir='ltr'>quippe</span> 
     </span>
    </p>
   </div>
   <div class='ocr_carea' id='block_1_52' title="bbox 1961 822 3550 897">
    <p class='ocr_par' dir='ltr' id='par_1_52' title="bbox 1961 822 3550 897">
     <span class='ocr_line' id='line_1_52' title="bbox 1961 822 3550 897; baseline 0.005 -23"><span class='ocrx_word' id='word_1_407' title='bbox 1961 828 2085 875; x_wconf 89' lang='lat' dir='ltr'>sunt</span> <span class='ocrx_word' id='word_1_408' title='bbox 2107 822 2287 877; x_wconf 86' lang='lat' dir='ltr'>ofﬁcia</span> <span class='ocrx_word' id='word_1_409' title='bbox 2316 823 2615 892; x_wconf 70' lang='lat' dir='ltr'>medicinae,</span> <span class='ocrx_word' id='word_1_410' title='bbox 2651 841 2819 880; x_wconf 90' lang='lat' dir='ltr'>unum</span> <span class='ocrx_word' id='word_1_411' title='bbox 2849 841 2956 895; x_wconf 91' lang='lat' dir='ltr'>quo</span> <span class='ocrx_word' id='word_1_412' title='bbox 2984 833 3203 882; x_wconf 86' lang='lat' dir='ltr'>sanatur</span> <span class='ocrx_word' id='word_1_413' title='bbox 3248 826 3550 897; x_wconf 80' lang='lat' dir='ltr'>infirmitas,</span> 
     </span>
    </p>
   </div>
   <div class='ocr_carea' id='block_1_53' title="bbox 1962 910 3554 981">
    <p class='ocr_par' dir='ltr' id='par_1_53' title="bbox 1962 910 3554 981">
     <span class='ocr_line' id='line_1_53' title="bbox 1962 910 3554 981; baseline 0.005 -16"><span class='ocrx_word' id='word_1_414' title='bbox 1962 910 2188 965; x_wconf 90' lang='lat' dir='ltr'>alterum</span> <span class='ocrx_word' id='word_1_415' title='bbox 2217 927 2324 981; x_wconf 91' lang='lat' dir='ltr'>quo</span> <span class='ocrx_word' id='word_1_416' title='bbox 2352 913 2551 968; x_wconf 87' lang='lat' dir='ltr'>sanitas</span> <span class='ocrx_word' id='word_1_417' title='bbox 2579 915 2896 969; x_wconf 91' lang='lat' dir='ltr'>custoditur.</span> <span class='ocrx_word' id='word_1_418' title='bbox 2935 915 3099 971; x_wconf 82' lang='lat' dir='ltr'>Juxta</span> <span class='ocrx_word' id='word_1_419' title='bbox 3126 915 3258 970; x_wconf 89' lang='lat' dir='ltr'>illud</span> <span class='ocrx_word' id='word_1_420' title='bbox 3289 935 3301 971; x_wconf 92' lang='lat'>:</span> <span class='ocrx_word' id='word_1_421' title='bbox 3353 939 3376 964; x_wconf 74' lang='grc' dir='ltr'>κ</span> <span class='ocrx_word' id='word_1_422' title='bbox 3428 916 3554 973; x_wconf 90' lang='lat' dir='ltr'>Sal-</span> 
     </span>
    </p>
   </div>
   <div class='ocr_carea' id='block_1_54' title="bbox 1962 1009 3553 1083">
    <p class='ocr_par' dir='ltr' id='par_1_54' title="bbox 1962 1009 3553 1083">
     <span class='ocr_line' id='line_1_54' title="bbox 1962 1009 3553 1083; baseline 0.003 -18"><span class='ocrx_word' id='word_1_423' title='bbox 1962 1024 2089 1065; x_wconf 87' lang='lat' dir='ltr'>vum</span> <span class='ocrx_word' id='word_1_424' title='bbox 2111 1025 2198 1064; x_wconf 89' lang='lat' dir='ltr'>me</span> <span class='ocrx_word' id='word_1_425' title='bbox 2228 1009 2333 1078; x_wconf 81' lang='lat' dir='ltr'>fac,</span> <span class='ocrx_word' id='word_1_426' title='bbox 2365 1010 2611 1080; x_wconf 89' lang='lat' dir='ltr'>Domine,</span> <span class='ocrx_word' id='word_1_427' title='bbox 2665 1020 2880 1083; x_wconf 66' lang='lat' dir='ltr'>propter</span> <span class='ocrx_word' id='word_1_428' title='bbox 2930 1012 3353 1070; x_wconf 87' lang='lat' dir='ltr'>misericordiam</span> <span class='ocrx_word' id='word_1_429' title='bbox 3408 1022 3553 1070; x_wconf 90' lang='lat' dir='ltr'>tuam</span> 
     </span>
    </p>
   </div>
   <div class='ocr_carea' id='block_1_55' title="bbox 1964 1096 3553 1169">
    <p class='ocr_par' dir='ltr' id='par_1_55' title="bbox 1964 1096 3553 1169">
     <span class='ocr_line' id='line_1_55' title="bbox 1964 1096 3553 1169; baseline 0.003 -16"><span class='ocrx_word' id='word_1_430' title='bbox 1964 1096 2139 1169; x_wconf 81' lang='lat' dir='ltr'>(Psal.</span> <span class='ocrx_word' id='word_1_431' title='bbox 2170 1100 2245 1168; x_wconf 71' lang='lat' dir='ltr'>vn)</span> <span class='ocrx_word' id='word_1_432' title='bbox 2276 1097 2487 1154; x_wconf 90' lang='lat' dir='ltr'>dicitur.</span> <span class='ocrx_word' id='word_1_433' title='bbox 2520 1100 2680 1155; x_wconf 83' lang='lat' dir='ltr'>Juxta</span> <span class='ocrx_word' id='word_1_434' title='bbox 2707 1100 2848 1156; x_wconf 92' lang='lat' dir='ltr'>istud</span> <span class='ocrx_word' id='word_1_435' title='bbox 2887 1110 3065 1157; x_wconf 89' lang='lat' dir='ltr'>autem</span> <span class='ocrx_word' id='word_1_436' title='bbox 3109 1101 3304 1159; x_wconf 91' lang='lat' dir='ltr'>dicitur</span> <span class='ocrx_word' id='word_1_437' title='bbox 3333 1123 3345 1158; x_wconf 87' lang='lat'><strong>:</strong></span> <span class='ocrx_word' id='word_1_438' title='bbox 3382 1125 3404 1152; x_wconf 72' lang='grc' dir='ltr'><strong><em>κ</em></strong></span> <span class='ocrx_word' id='word_1_439' title='bbox 3454 1104 3553 1158; x_wconf 85' lang='lat' dir='ltr'>Ju-</span> 
     </span>
    </p>
   </div>
   <div class='ocr_carea' id='block_1_56' title="bbox 1963 1185 3546 1263">
    <p class='ocr_par' dir='ltr' id='par_1_56' title="bbox 1963 1185 3546 1263">
     <span class='ocr_line' id='line_1_56' title="bbox 1963 1185 3546 1263; baseline 0.006 -23"><span class='ocrx_word' id='word_1_440' title='bbox 1963 1185 2086 1241; x_wconf 91' lang='lat' dir='ltr'>dica</span> <span class='ocrx_word' id='word_1_441' title='bbox 2108 1203 2216 1254; x_wconf 90' lang='lat' dir='ltr'>me,</span> <span class='ocrx_word' id='word_1_442' title='bbox 2247 1187 2504 1256; x_wconf 90' lang='lat' dir='ltr'>Domine,</span> <span class='ocrx_word' id='word_1_443' title='bbox 2536 1188 2831 1245; x_wconf 89' lang='lat' dir='ltr'>secundum</span> <span class='ocrx_word' id='word_1_444' title='bbox 2855 1190 3117 1260; x_wconf 88' lang='lat' dir='ltr'>justitiam</span> <span class='ocrx_word' id='word_1_445' title='bbox 3148 1208 3326 1248; x_wconf 88' lang='lat' dir='ltr'>meam</span> <span class='ocrx_word' id='word_1_446' title='bbox 3362 1193 3546 1263; x_wconf 79' lang='lat' dir='ltr'>(Psal.</span> 
     </span>
    </p>
   </div>
   <div class='ocr_carea' id='block_1_57' title="bbox 1963 1284 3558 1356">
    <p class='ocr_par' dir='ltr' id='par_1_57' title="bbox 1963 1284 3558 1356">
     <span class='ocr_line' id='line_1_57' title="bbox 1963 1284 3558 1356; baseline 0.004 -17"><span class='ocrx_word' id='word_1_447' title='bbox 1963 1285 2085 1354; x_wconf 84' lang='lat' dir='ltr'>vn).</span> <span class='ocrx_word' id='word_1_448' title='bbox 2122 1306 2145 1332; x_wconf 75' lang='grc' dir='ltr'>ι»</span> <span class='ocrx_word' id='word_1_449' title='bbox 2181 1285 2247 1339; x_wconf 89' lang='lat' dir='ltr'>Et</span> <span class='ocrx_word' id='word_1_450' title='bbox 2275 1284 2506 1339; x_wconf 89' lang='lat' dir='ltr'>iterum:</span> <span class='ocrx_word' id='word_1_451' title='bbox 2562 1308 2584 1334; x_wconf 75' lang='grc' dir='ltr'>ι</span> <span class='ocrx_word' id='word_1_452' title='bbox 2642 1286 2849 1341; x_wconf 88' lang='lat' dir='ltr'>Justum</span> <span class='ocrx_word' id='word_1_453' title='bbox 2907 1286 3232 1356; x_wconf 88' lang='lat' dir='ltr'>adjutorium</span> <span class='ocrx_word' id='word_1_454' title='bbox 3289 1304 3471 1345; x_wconf 89' lang='lat' dir='ltr'>meum</span> <span class='ocrx_word' id='word_1_455' title='bbox 3525 1306 3558 1346; x_wconf 88' lang='lat' dir='ltr'>a</span> 
     </span>
    </p>
   </div>
   <div class='ocr_carea' id='block_1_58' title="bbox 1964 1373 3559 1448">
    <p class='ocr_par' dir='ltr' id='par_1_58' title="bbox 1964 1373 3559 1448">
     <span class='ocr_line' id='line_1_58' title="bbox 1964 1373 3559 1448; baseline 0.005 -21"><span class='ocrx_word' id='word_1_456' title='bbox 1964 1373 2218 1441; x_wconf 91' lang='lat' dir='ltr'>Domino,</span> <span class='ocrx_word' id='word_1_457' title='bbox 2252 1374 2342 1444; x_wconf 91' lang='lat' dir='ltr'>qui</span> <span class='ocrx_word' id='word_1_458' title='bbox 2372 1375 2552 1430; x_wconf 89' lang='lat' dir='ltr'>salvos</span> <span class='ocrx_word' id='word_1_459' title='bbox 2581 1374 2711 1430; x_wconf 84' lang='lat' dir='ltr'>facit</span> <span class='ocrx_word' id='word_1_460' title='bbox 2752 1383 2898 1431; x_wconf 90' lang='lat' dir='ltr'>recto</span> <span class='ocrx_word' id='word_1_461' title='bbox 2953 1377 3113 1432; x_wconf 90' lang='lat' dir='ltr'>corde</span> <span class='ocrx_word' id='word_1_462' title='bbox 3169 1378 3371 1448; x_wconf 55' lang='lat' dir='ltr'>(ibid).</span> <span class='ocrx_word' id='word_1_463' title='bbox 3410 1401 3432 1427; x_wconf 72' lang='grc' dir='ltr'><em>η</em></span> <span class='ocrx_word' id='word_1_464' title='bbox 3493 1380 3559 1435; x_wconf 89' lang='lat' dir='ltr'>Et</span> 
     </span>
    </p>
   </div>
   <div class='ocr_carea' id='block_1_59' title="bbox 1965 1461 3556 1537">
    <p class='ocr_par' dir='ltr' id='par_1_59' title="bbox 1965 1461 3556 1537">
     <span class='ocr_line' id='line_1_59' title="bbox 1965 1461 3556 1537; baseline 0.004 -22"><span class='ocrx_word' id='word_1_465' title='bbox 1965 1461 2057 1515; x_wconf 90' lang='lat' dir='ltr'>illa</span> <span class='ocrx_word' id='word_1_466' title='bbox 2085 1468 2137 1516; x_wconf 92' lang='lat' dir='ltr'>et</span> <span class='ocrx_word' id='word_1_467' title='bbox 2165 1462 2263 1516; x_wconf 86' lang='lat' dir='ltr'>ista</span> <span class='ocrx_word' id='word_1_468' title='bbox 2290 1463 2468 1518; x_wconf 88' lang='lat' dir='ltr'>salvos</span> <span class='ocrx_word' id='word_1_469' title='bbox 2495 1462 2640 1519; x_wconf 87' lang='lat' dir='ltr'>facit.</span> <span class='ocrx_word' id='word_1_470' title='bbox 2674 1463 2781 1519; x_wconf 89' lang='lat' dir='ltr'>Sed</span> <span class='ocrx_word' id='word_1_471' title='bbox 2811 1464 2902 1519; x_wconf 91' lang='lat' dir='ltr'>illa</span> <span class='ocrx_word' id='word_1_472' title='bbox 2931 1480 3001 1519; x_wconf 75' lang='lat' dir='ltr'>ex</span> <span class='ocrx_word' id='word_1_473' title='bbox 3032 1465 3348 1537; x_wconf 64' lang='lat' dir='ltr'>mgritudine</span> <span class='ocrx_word' id='word_1_474' title='bbox 3379 1474 3556 1522; x_wconf 88' lang='lat' dir='ltr'>trans-</span> 
     </span>
    </p>
   </div>
   <div class='ocr_carea' id='block_1_60' title="bbox 1966 1558 3557 1632">
    <p class='ocr_par' dir='ltr' id='par_1_60' title="bbox 1966 1558 3557 1632">
     <span class='ocr_line' id='line_1_60' title="bbox 1966 1558 3557 1632; baseline 0.004 -20"><span class='ocrx_word' id='word_1_475' title='bbox 1966 1558 2069 1612; x_wconf 85' lang='lat' dir='ltr'>fert</span> <span class='ocrx_word' id='word_1_476' title='bbox 2097 1559 2164 1614; x_wconf 91' lang='lat' dir='ltr'>ad</span> <span class='ocrx_word' id='word_1_477' title='bbox 2193 1559 2437 1627; x_wconf 87' lang='lat' dir='ltr'>salutem,</span> <span class='ocrx_word' id='word_1_478' title='bbox 2472 1562 2588 1616; x_wconf 61' lang='lat' dir='ltr'>hac</span> <span class='ocrx_word' id='word_1_479' title='bbox 2617 1561 2672 1614; x_wconf 93' lang='lat' dir='ltr'>in</span> <span class='ocrx_word' id='word_1_480' title='bbox 2721 1561 2837 1632; x_wconf 90' lang='lat' dir='ltr'>ipsa</span> <span class='ocrx_word' id='word_1_481' title='bbox 2879 1562 3050 1617; x_wconf 92' lang='lat' dir='ltr'>salute</span> <span class='ocrx_word' id='word_1_482' title='bbox 3097 1570 3395 1619; x_wconf 88' lang='lat' dir='ltr'>conservat.</span> <span class='ocrx_word' id='word_1_483' title='bbox 3445 1567 3557 1619; x_wconf 88' lang='lat' dir='ltr'>Ita-</span> 
     </span>
    </p>
   </div>
   <div class='ocr_carea' id='block_1_61' title="bbox 1968 1647 3561 1722">
    <p class='ocr_par' dir='ltr' id='par_1_61' title="bbox 1968 1647 3561 1722">
     <span class='ocr_line' id='line_1_61' title="bbox 1968 1647 3561 1722; baseline 0.005 -22"><span class='ocrx_word' id='word_1_484' title='bbox 1968 1664 2070 1717; x_wconf 85' lang='lat' dir='ltr'>que</span> <span class='ocrx_word' id='word_1_485' title='bbox 2102 1647 2177 1701; x_wconf 93' lang='lat' dir='ltr'>ibi</span> <span class='ocrx_word' id='word_1_486' title='bbox 2208 1647 2514 1704; x_wconf 83' lang='lat' dir='ltr'>misericors</span> <span class='ocrx_word' id='word_1_487' title='bbox 2544 1648 2803 1705; x_wconf 83' lang='lat' dir='ltr'>auxilium</span> <span class='ocrx_word' id='word_1_488' title='bbox 2835 1657 2931 1720; x_wconf 91' lang='lat' dir='ltr'>est,</span> <span class='ocrx_word' id='word_1_489' title='bbox 2982 1651 3107 1722; x_wconf 89' lang='lat' dir='ltr'>quia</span> <span class='ocrx_word' id='word_1_490' title='bbox 3153 1651 3356 1707; x_wconf 91' lang='lat' dir='ltr'>nullum</span> <span class='ocrx_word' id='word_1_491' title='bbox 3398 1653 3561 1708; x_wconf 89' lang='lat' dir='ltr'>habet</span> 
     </span>
    </p>
   </div>
   <div class='ocr_carea' id='block_1_62' title="bbox 1970 1735 3556 1810">
    <p class='ocr_par' dir='ltr' id='par_1_62' title="bbox 1970 1735 3556 1810">
     <span class='ocr_line' id='line_1_62' title="bbox 1970 1735 3556 1810; baseline 0.005 -21"><span class='ocrx_word' id='word_1_492' title='bbox 1970 1735 2219 1790; x_wconf 90' lang='lat' dir='ltr'>meritum</span> <span class='ocrx_word' id='word_1_493' title='bbox 2246 1746 2514 1806; x_wconf 85' lang='lat' dir='ltr'>peccator,</span> <span class='ocrx_word' id='word_1_494' title='bbox 2561 1738 2651 1809; x_wconf 91' lang='lat' dir='ltr'>qui</span> <span class='ocrx_word' id='word_1_495' title='bbox 2694 1738 2867 1794; x_wconf 90' lang='lat' dir='ltr'>adhuc</span> <span class='ocrx_word' id='word_1_496' title='bbox 2917 1738 3197 1810; x_wconf 87' lang='lat' dir='ltr'>justiﬁcari</span> <span class='ocrx_word' id='word_1_497' title='bbox 3243 1739 3556 1810; x_wconf 86' lang='lat' dir='ltr'>desiderat;</span> 
     </span>
    </p>
   </div>
   <div class='ocr_carea' id='block_1_63' title="bbox 1970 1834 3557 1907">
    <p class='ocr_par' dir='ltr' id='par_1_63' title="bbox 1970 1834 3557 1907">
     <span class='ocr_line' id='line_1_63' title="bbox 1970 1834 3557 1907; baseline 0.004 -20"><span class='ocrx_word' id='word_1_498' title='bbox 1970 1834 2055 1888; x_wconf 90' lang='lat' dir='ltr'>hic</span> <span class='ocrx_word' id='word_1_499' title='bbox 2084 1841 2261 1889; x_wconf 87' lang='lat' dir='ltr'>autem</span> <span class='ocrx_word' id='word_1_500' title='bbox 2285 1834 2488 1904; x_wconf 86' lang='lat' dir='ltr'>justum</span> <span class='ocrx_word' id='word_1_501' title='bbox 2522 1835 2779 1890; x_wconf 83' lang='lat' dir='ltr'>auxilium</span> <span class='ocrx_word' id='word_1_502' title='bbox 2814 1843 2911 1902; x_wconf 91' lang='lat' dir='ltr'>est,</span> <span class='ocrx_word' id='word_1_503' title='bbox 2948 1835 3073 1907; x_wconf 85' lang='lat' dir='ltr'>quia</span> <span class='ocrx_word' id='word_1_504' title='bbox 3112 1837 3230 1906; x_wconf 88' lang='lat' dir='ltr'>jam</span> <span class='ocrx_word' id='word_1_505' title='bbox 3263 1837 3411 1907; x_wconf 89' lang='lat' dir='ltr'>justo</span> <span class='ocrx_word' id='word_1_506' title='bbox 3458 1838 3557 1893; x_wconf 86' lang='lat' dir='ltr'>tri-</span> 
     </span>
    </p>
   </div>
   <div class='ocr_carea' id='block_1_64' title="bbox 1968 1922 3562 1998">
    <p class='ocr_par' dir='ltr' id='par_1_64' title="bbox 1968 1922 3562 1998">
     <span class='ocr_line' id='line_1_64' title="bbox 1968 1922 3562 1998; baseline 0.004 -22"><span class='ocrx_word' id='word_1_507' title='bbox 1968 1922 2168 1977; x_wconf 84' lang='lat' dir='ltr'>buitur.</span> <span class='ocrx_word' id='word_1_508' title='bbox 2202 1923 2258 1979; x_wconf 91' lang='lat' dir='ltr'>Si</span> <span class='ocrx_word' id='word_1_509' title='bbox 2288 1924 2430 1978; x_wconf 88' lang='lat' dir='ltr'>enim</span> <span class='ocrx_word' id='word_1_510' title='bbox 2474 1924 2797 1979; x_wconf 89' lang='lat' dir='ltr'>medicinam</span> <span class='ocrx_word' id='word_1_511' title='bbox 2852 1924 3074 1979; x_wconf 82' lang='lat' dir='ltr'>exhibet</span> <span class='ocrx_word' id='word_1_512' title='bbox 3116 1925 3398 1992; x_wconf 90' lang='lat' dir='ltr'>Dominus,</span> <span class='ocrx_word' id='word_1_513' title='bbox 3459 1943 3562 1998; x_wconf 84' lang='lat' dir='ltr'>qua</span> 
     </span>
    </p>
   </div>
   <div class='ocr_carea' id='block_1_65' title="bbox 1969 2011 3560 2085">
    <p class='ocr_par' dir='ltr' id='par_1_65' title="bbox 1969 2011 3560 2085">
     <span class='ocr_line' id='line_1_65' title="bbox 1969 2011 3560 2085; baseline 0.003 -19"><span class='ocrx_word' id='word_1_514' title='bbox 1969 2027 2221 2067; x_wconf 89' lang='lat' dir='ltr'>sanemur</span> <span class='ocrx_word' id='word_1_515' title='bbox 2247 2011 2463 2079; x_wconf 89' lang='lat' dir='ltr'>inﬁrmi,</span> <span class='ocrx_word' id='word_1_516' title='bbox 2497 2021 2696 2082; x_wconf 90' lang='lat' dir='ltr'>quanto</span> <span class='ocrx_word' id='word_1_517' title='bbox 2730 2013 2907 2085; x_wconf 87' lang='lat' dir='ltr'>magis</span> <span class='ocrx_word' id='word_1_518' title='bbox 2944 2030 3086 2081; x_wconf 90' lang='lat' dir='ltr'>eam,</span> <span class='ocrx_word' id='word_1_519' title='bbox 3138 2030 3244 2084; x_wconf 88' lang='lat' dir='ltr'>qua</span> <span class='ocrx_word' id='word_1_520' title='bbox 3288 2015 3560 2071; x_wconf 87' lang='lat' dir='ltr'>custodia-</span> 
     </span>
    </p>
   </div>
   <div class='ocr_carea' id='block_1_66' title="bbox 1970 2107 3562 2184">
    <p class='ocr_par' dir='ltr' id='par_1_66' title="bbox 1970 2107 3562 2184">
     <span class='ocr_line' id='line_1_66' title="bbox 1970 2107 3562 2184; baseline 0.004 -22"><span class='ocrx_word' id='word_1_521' title='bbox 1970 2125 2092 2163; x_wconf 89' lang='lat' dir='ltr'>mur</span> <span class='ocrx_word' id='word_1_522' title='bbox 2116 2107 2232 2163; x_wconf 90' lang='lat' dir='ltr'>sani</span> <span class='ocrx_word' id='word_1_523' title='bbox 2261 2115 2312 2164; x_wconf 92' lang='lat' dir='ltr'>et</span> <span class='ocrx_word' id='word_1_524' title='bbox 2336 2108 2452 2179; x_wconf 89' lang='lat' dir='ltr'>jam</span> <span class='ocrx_word' id='word_1_525' title='bbox 2499 2110 2614 2164; x_wconf 90' lang='lat' dir='ltr'>sani</span> <span class='ocrx_word' id='word_1_526' title='bbox 2671 2127 2781 2167; x_wconf 91' lang='lat' dir='ltr'>non</span> <span class='ocrx_word' id='word_1_527' title='bbox 2826 2127 3250 2182; x_wconf 84' lang='lat' dir='ltr'>corrumpamur,</span> <span class='ocrx_word' id='word_1_528' title='bbox 3308 2114 3562 2184; x_wconf 89' lang='lat' dir='ltr'>quoniam</span> 
     </span>
    </p>
   </div>
   <div class='ocr_carea' id='block_1_67' title="bbox 1969 2198 3565 2276">
    <p class='ocr_par' dir='ltr' id='par_1_67' title="bbox 1969 2198 3565 2276">
     <span class='ocr_line' id='line_1_67' title="bbox 1969 2198 3565 2276; baseline 0.004 -25"><span class='ocrx_word' id='word_1_529' title='bbox 1969 2198 2015 2251; x_wconf 90' lang='lat' dir='ltr'>si</span> <span class='ocrx_word' id='word_1_530' title='bbox 2071 2213 2192 2252; x_wconf 89' lang='lat' dir='ltr'>cum</span> <span class='ocrx_word' id='word_1_531' title='bbox 2250 2198 2426 2253; x_wconf 89' lang='lat' dir='ltr'>adhuc</span> <span class='ocrx_word' id='word_1_532' title='bbox 2482 2215 2722 2254; x_wconf 89' lang='lat' dir='ltr'>essemus</span> <span class='ocrx_word' id='word_1_533' title='bbox 2778 2208 3106 2271; x_wconf 88' lang='lat' dir='ltr'>peccatores,</span> <span class='ocrx_word' id='word_1_534' title='bbox 3175 2202 3412 2257; x_wconf 90' lang='lat' dir='ltr'>Christus</span> <span class='ocrx_word' id='word_1_535' title='bbox 3468 2218 3565 2276; x_wconf 90' lang='lat' dir='ltr'>pro</span> 
     </span>
    </p>
   </div>
   <div class='ocr_carea' id='block_1_68' title="bbox 1970 2285 3562 2362">
    <p class='ocr_par' dir='ltr' id='par_1_68' title="bbox 1970 2285 3562 2362">
     <span class='ocr_line' id='line_1_68' title="bbox 1970 2285 3562 2362; baseline 0.004 -22"><span class='ocrx_word' id='word_1_536' title='bbox 1970 2285 2127 2341; x_wconf 90' lang='lat' dir='ltr'>nobis</span> <span class='ocrx_word' id='word_1_537' title='bbox 2156 2294 2401 2342; x_wconf 88' lang='lat' dir='ltr'>mortuus</span> <span class='ocrx_word' id='word_1_538' title='bbox 2443 2295 2541 2355; x_wconf 89' lang='lat' dir='ltr'>est,</span> <span class='ocrx_word' id='word_1_539' title='bbox 2603 2296 2802 2358; x_wconf 89' lang='lat' dir='ltr'>quanto</span> <span class='ocrx_word' id='word_1_540' title='bbox 2859 2290 3035 2362; x_wconf 88' lang='lat' dir='ltr'>magis</span> <span class='ocrx_word' id='word_1_541' title='bbox 3088 2306 3231 2345; x_wconf 90' lang='lat' dir='ltr'>nunc</span> <span class='ocrx_word' id='word_1_542' title='bbox 3270 2289 3562 2362; x_wconf 88' lang='lat' dir='ltr'>justiﬁcati,</span> 
     </span>
    </p>
   </div>
   <div class='ocr_carea' id='block_1_69' title="bbox 1969 2384 3568 2459">
    <p class='ocr_par' dir='ltr' id='par_1_69' title="bbox 1969 2384 3568 2459">
     <span class='ocr_line' id='line_1_69' title="bbox 1969 2384 3568 2459; baseline 0.003 -21"><span class='ocrx_word' id='word_1_543' title='bbox 1969 2384 2107 2441; x_wconf 90' lang='lat' dir='ltr'>salvi</span> <span class='ocrx_word' id='word_1_544' title='bbox 2138 2385 2338 2439; x_wconf 90' lang='lat' dir='ltr'>erimus</span> <span class='ocrx_word' id='word_1_545' title='bbox 2367 2385 2436 2440; x_wconf 92' lang='lat' dir='ltr'>ab</span> <span class='ocrx_word' id='word_1_546' title='bbox 2465 2385 2547 2441; x_wconf 89' lang='lat' dir='ltr'>ira</span> <span class='ocrx_word' id='word_1_547' title='bbox 2576 2401 2679 2456; x_wconf 89' lang='lat' dir='ltr'>per</span> <span class='ocrx_word' id='word_1_548' title='bbox 2706 2386 2881 2459; x_wconf 91' lang='lat' dir='ltr'>ipsum</span> <span class='ocrx_word' id='word_1_549' title='bbox 2904 2387 2934 2440; x_wconf 59' lang='grc' dir='ltr'>(Ι</span> <span class='ocrx_word' id='word_1_550' title='bbox 2954 2387 3131 2459; x_wconf 85' lang='lat' dir='ltr'>(Rom.</span> <span class='ocrx_word' id='word_1_551' title='bbox 3162 2392 3241 2459; x_wconf 91' lang='lat' dir='ltr'>v.)</span> <span class='ocrx_word' id='word_1_552' title='bbox 3273 2387 3364 2444; x_wconf 83' lang='lat' dir='ltr'>Sic</span> <span class='ocrx_word' id='word_1_553' title='bbox 3389 2395 3568 2444; x_wconf 83' lang='lat' dir='ltr'>autem</span> 
     </span>
    </p>
   </div>
   <div class='ocr_carea' id='block_1_70' title="bbox 1972 2473 3569 2549">
    <p class='ocr_par' dir='ltr' id='par_1_70' title="bbox 1972 2473 3569 2549">
     <span class='ocr_line' id='line_1_70' title="bbox 1972 2473 3569 2549; baseline 0.004 -22"><span class='ocrx_word' id='word_1_554' title='bbox 1972 2473 2074 2528; x_wconf 91' lang='lat' dir='ltr'>fuit</span> <span class='ocrx_word' id='word_1_555' title='bbox 2100 2474 2277 2543; x_wconf 90' lang='lat' dir='ltr'>prima</span> <span class='ocrx_word' id='word_1_556' title='bbox 2305 2474 2553 2547; x_wconf 59' lang='lat' dir='ltr'>{libertas</span> <span class='ocrx_word' id='word_1_557' title='bbox 2608 2476 2898 2532; x_wconf 87' lang='lat' dir='ltr'>voluntatis</span> <span class='ocrx_word' id='word_1_558' title='bbox 2951 2492 3109 2548; x_wconf 90' lang='lat' dir='ltr'>posse</span> <span class='ocrx_word' id='word_1_559' title='bbox 3159 2492 3269 2533; x_wconf 93' lang='lat' dir='ltr'>non</span> <span class='ocrx_word' id='word_1_560' title='bbox 3321 2493 3569 2549; x_wconf 84' lang='lat' dir='ltr'>peccare,</span> 
     </span>
    </p>
   </div>
   <div class='ocr_carea' id='block_1_71' title="bbox 1972 2562 3571 2638">
    <p class='ocr_par' dir='ltr' id='par_1_71' title="bbox 1972 2562 3571 2638">
     <span class='ocr_line' id='line_1_71' title="bbox 1972 2562 3571 2638; baseline 0.003 -21"><span class='ocrx_word' id='word_1_561' title='bbox 1972 2562 2264 2621; x_wconf 89' lang='lat' dir='ltr'>novissima</span> <span class='ocrx_word' id='word_1_562' title='bbox 2295 2571 2473 2620; x_wconf 89' lang='lat' dir='ltr'>autem</span> <span class='ocrx_word' id='word_1_563' title='bbox 2500 2580 2611 2620; x_wconf 92' lang='lat' dir='ltr'>non</span> <span class='ocrx_word' id='word_1_564' title='bbox 2640 2581 2795 2636; x_wconf 89' lang='lat' dir='ltr'>posse</span> <span class='ocrx_word' id='word_1_565' title='bbox 2825 2582 3068 2638; x_wconf 86' lang='lat' dir='ltr'>peccare,</span> <span class='ocrx_word' id='word_1_566' title='bbox 3100 2566 3174 2622; x_wconf 87' lang='lat' dir='ltr'>ita</span> <span class='ocrx_word' id='word_1_567' title='bbox 3222 2566 3398 2638; x_wconf 90' lang='lat' dir='ltr'>prima</span> <span class='ocrx_word' id='word_1_568' title='bbox 3438 2583 3571 2638; x_wconf 91' lang='lat' dir='ltr'>per-</span> 
     </span>
    </p>
   </div>
   <div class='ocr_carea' id='block_1_72' title="bbox 1971 2661 3574 2735">
    <p class='ocr_par' dir='ltr' id='par_1_72' title="bbox 1971 2661 3574 2735">
     <span class='ocr_line' id='line_1_72' title="bbox 1971 2661 3574 2735; baseline 0.003 -21"><span class='ocrx_word' id='word_1_569' title='bbox 1971 2661 2289 2717; x_wconf 75' lang='lat' dir='ltr'>severantiae</span> <span class='ocrx_word' id='word_1_570' title='bbox 2318 2669 2571 2734; x_wconf 91' lang='lat' dir='ltr'>potestas,</span> <span class='ocrx_word' id='word_1_571' title='bbox 2619 2662 2823 2717; x_wconf 90' lang='lat' dir='ltr'>bonum</span> <span class='ocrx_word' id='word_1_572' title='bbox 2879 2678 3040 2735; x_wconf 74' lang='lat' dir='ltr'>posse</span> <span class='ocrx_word' id='word_1_573' title='bbox 3094 2662 3359 2718; x_wconf 89' lang='lat' dir='ltr'>deserere.</span> <span class='ocrx_word' id='word_1_574' title='bbox 3416 2664 3574 2720; x_wconf 89' lang='lat' dir='ltr'>Nunc</span> 
     </span>
    </p>
   </div>
   <div class='ocr_carea' id='block_1_73' title="bbox 1970 2750 3571 2822">
    <p class='ocr_par' dir='ltr' id='par_1_73' title="bbox 1970 2750 3571 2822">
     <span class='ocr_line' id='line_1_73' title="bbox 1970 2750 3571 2822; baseline 0.002 -18"><span class='ocrx_word' id='word_1_575' title='bbox 1970 2764 2071 2820; x_wconf 89' lang='lat' dir='ltr'>per</span> <span class='ocrx_word' id='word_1_576' title='bbox 2098 2750 2363 2805; x_wconf 89' lang='lat' dir='ltr'>Christum</span> <span class='ocrx_word' id='word_1_577' title='bbox 2395 2750 2570 2819; x_wconf 91' lang='lat' dir='ltr'>datur,</span> <span class='ocrx_word' id='word_1_578' title='bbox 2598 2758 2660 2806; x_wconf 92' lang='lat' dir='ltr'>ut</span> <span class='ocrx_word' id='word_1_579' title='bbox 2704 2766 2813 2807; x_wconf 92' lang='lat' dir='ltr'>non</span> <span class='ocrx_word' id='word_1_580' title='bbox 2868 2750 3043 2807; x_wconf 90' lang='lat' dir='ltr'>solum</span> <span class='ocrx_word' id='word_1_581' title='bbox 3100 2751 3239 2806; x_wconf 91' lang='lat' dir='ltr'>adsit</span> <span class='ocrx_word' id='word_1_582' title='bbox 3291 2752 3406 2807; x_wconf 90' lang='lat' dir='ltr'>sine</span> <span class='ocrx_word' id='word_1_583' title='bbox 3463 2768 3571 2822; x_wconf 91' lang='lat' dir='ltr'>quo</span> 
     </span>
    </p>
   </div>
   <div class='ocr_carea' id='block_1_74' title="bbox 1974 2848 3573 2920">
    <p class='ocr_par' dir='ltr' id='par_1_74' title="bbox 1974 2848 3573 2920">
     <span class='ocr_line' id='line_1_74' title="bbox 1974 2848 3573 2920; baseline 0.003 -18"><span class='ocrx_word' id='word_1_584' title='bbox 1974 2864 2293 2920; x_wconf 85' lang='lat' dir='ltr'>permanere</span> <span class='ocrx_word' id='word_1_585' title='bbox 2322 2865 2431 2904; x_wconf 90' lang='lat' dir='ltr'>non</span> <span class='ocrx_word' id='word_1_586' title='bbox 2460 2848 2745 2920; x_wconf 89' lang='lat' dir='ltr'>possimus,</span> <span class='ocrx_word' id='word_1_587' title='bbox 2789 2848 2951 2904; x_wconf 89' lang='lat' dir='ltr'>etiam</span> <span class='ocrx_word' id='word_1_588' title='bbox 3000 2849 3045 2903; x_wconf 91' lang='lat' dir='ltr'>si</span> <span class='ocrx_word' id='word_1_589' title='bbox 3085 2848 3333 2917; x_wconf 81' lang='lat' dir='ltr'>velimus,</span> <span class='ocrx_word' id='word_1_590' title='bbox 3383 2865 3573 2906; x_wconf 88' lang='lat' dir='ltr'>verum</span> 
     </span>
    </p>
   </div>
   <div class='ocr_carea' id='block_1_75' title="bbox 1974 2936 3573 3010">
    <p class='ocr_par' dir='ltr' id='par_1_75' title="bbox 1974 2936 3573 3010">
     <span class='ocr_line' id='line_1_75' title="bbox 1974 2936 3573 3010; baseline 0.001 -18"><span class='ocrx_word' id='word_1_591' title='bbox 1974 2936 2136 2992; x_wconf 90' lang='lat' dir='ltr'>etiam</span> <span class='ocrx_word' id='word_1_592' title='bbox 2160 2937 2263 2993; x_wconf 90' lang='lat' dir='ltr'>tale</span> <span class='ocrx_word' id='word_1_593' title='bbox 2284 2953 2346 2993; x_wconf 89' lang='lat' dir='ltr'>ac</span> <span class='ocrx_word' id='word_1_594' title='bbox 2366 2945 2569 2994; x_wconf 90' lang='lat' dir='ltr'>tantum</span> <span class='ocrx_word' id='word_1_595' title='bbox 2598 2938 2665 2992; x_wconf 87' lang='lat' dir='ltr'>sit</span> <span class='ocrx_word' id='word_1_596' title='bbox 2683 2943 2742 2993; x_wconf 93' lang='lat' dir='ltr'>ut</span> <span class='ocrx_word' id='word_1_597' title='bbox 2773 2938 3022 2994; x_wconf 87' lang='lat' dir='ltr'>velimus.</span> <span class='ocrx_word' id='word_1_598' title='bbox 3055 2937 3138 2993; x_wconf 91' lang='lat' dir='ltr'>Fit</span> <span class='ocrx_word' id='word_1_599' title='bbox 3157 2938 3355 3010; x_wconf 90' lang='lat' dir='ltr'>quippe</span> <span class='ocrx_word' id='word_1_600' title='bbox 3395 2938 3450 2993; x_wconf 91' lang='lat' dir='ltr'>in</span> <span class='ocrx_word' id='word_1_601' title='bbox 3469 2954 3573 2995; x_wconf 90' lang='lat' dir='ltr'>no-</span> 
     </span>
    </p>
   </div>
   <div class='ocr_carea' id='block_1_76' title="bbox 1973 3025 3575 3098">
    <p class='ocr_par' dir='ltr' id='par_1_76' title="bbox 1973 3025 3575 3098">
     <span class='ocr_line' id='line_1_76' title="bbox 1973 3025 3575 3098; baseline 0.002 -18"><span class='ocrx_word' id='word_1_602' title='bbox 1973 3026 2057 3081; x_wconf 90' lang='lat' dir='ltr'>bis</span> <span class='ocrx_word' id='word_1_603' title='bbox 2086 3026 2139 3080; x_wconf 91' lang='lat' dir='ltr'>in</span> <span class='ocrx_word' id='word_1_604' title='bbox 2169 3026 2314 3081; x_wconf 90' lang='lat' dir='ltr'>bono</span> <span class='ocrx_word' id='word_1_605' title='bbox 2344 3025 2658 3098; x_wconf 90' lang='lat' dir='ltr'>recipiendo</span> <span class='ocrx_word' id='word_1_606' title='bbox 2681 3033 2735 3082; x_wconf 89' lang='lat' dir='ltr'>et</span> <span class='ocrx_word' id='word_1_607' title='bbox 2753 3034 3163 3097; x_wconf 88' lang='lat' dir='ltr'>perseveranter</span> <span class='ocrx_word' id='word_1_608' title='bbox 3195 3026 3427 3084; x_wconf 90' lang='lat' dir='ltr'>tenendo</span> <span class='ocrx_word' id='word_1_609' title='bbox 3464 3043 3575 3083; x_wconf 91' lang='lat' dir='ltr'>non</span> 
     </span>
    </p>
   </div>
   <div class='ocr_carea' id='block_1_77' title="bbox 1973 3124 3575 3196">
    <p class='ocr_par' dir='ltr' id='par_1_77' title="bbox 1973 3124 3575 3196">
     <span class='ocr_line' id='line_1_77' title="bbox 1973 3124 3575 3196; baseline 0.001 -17"><span class='ocrx_word' id='word_1_610' title='bbox 1973 3126 2146 3181; x_wconf 88' lang='lat' dir='ltr'>solum</span> <span class='ocrx_word' id='word_1_611' title='bbox 2196 3139 2351 3196; x_wconf 89' lang='lat' dir='ltr'>posse</span> <span class='ocrx_word' id='word_1_612' title='bbox 2409 3124 2554 3195; x_wconf 90' lang='lat' dir='ltr'>quod</span> <span class='ocrx_word' id='word_1_613' title='bbox 2630 3125 2899 3195; x_wconf 88' lang='lat' dir='ltr'>volumus,</span> <span class='ocrx_word' id='word_1_614' title='bbox 2960 3140 3149 3183; x_wconf 90' lang='lat' dir='ltr'>verum</span> <span class='ocrx_word' id='word_1_615' title='bbox 3204 3125 3367 3181; x_wconf 87' lang='lat' dir='ltr'>etiam</span> <span class='ocrx_word' id='word_1_616' title='bbox 3436 3126 3575 3183; x_wconf 87' lang='lat' dir='ltr'>velle</span> 
     </span>
    </p>
   </div>
   <div class='ocr_carea' id='block_1_78' title="bbox 1972 3211 3565 3285">
    <p class='ocr_par' dir='ltr' id='par_1_78' title="bbox 1972 3211 3565 3285">
     <span class='ocr_line' id='line_1_78' title="bbox 1972 3211 3565 3285; baseline 0.002 -17"><span class='ocrx_word' id='word_1_617' title='bbox 1972 3214 2117 3284; x_wconf 91' lang='lat' dir='ltr'>quod</span> <span class='ocrx_word' id='word_1_618' title='bbox 2143 3229 2452 3285; x_wconf 88' lang='lat' dir='ltr'>possumus.</span> <span class='ocrx_word' id='word_1_619' title='bbox 2488 3211 2649 3283; x_wconf 87' lang='lat' dir='ltr'>Quod</span> <span class='ocrx_word' id='word_1_620' title='bbox 2692 3230 2800 3270; x_wconf 92' lang='lat' dir='ltr'>non</span> <span class='ocrx_word' id='word_1_621' title='bbox 2848 3214 2947 3269; x_wconf 82' lang='lat' dir='ltr'>luit</span> <span class='ocrx_word' id='word_1_622' title='bbox 2990 3214 3047 3268; x_wconf 90' lang='lat' dir='ltr'>in</span> <span class='ocrx_word' id='word_1_623' title='bbox 3094 3214 3270 3285; x_wconf 90' lang='lat' dir='ltr'>primo</span> <span class='ocrx_word' id='word_1_624' title='bbox 3319 3215 3565 3271; x_wconf 89' lang='lat' dir='ltr'>homine.</span> 
     </span>
    </p>
   </div>
   <div class='ocr_carea' id='block_1_79' title="bbox 1973 3310 3565 3380">
    <p class='ocr_par' dir='ltr' id='par_1_79' title="bbox 1973 3310 3565 3380">
     <span class='ocr_line' id='line_1_79' title="bbox 1973 3310 3565 3380; baseline -0.001 -13"><span class='ocrx_word' id='word_1_625' title='bbox 1973 3312 2149 3368; x_wconf 91' lang='lat' dir='ltr'>Unum</span> <span class='ocrx_word' id='word_1_626' title='bbox 2180 3312 2325 3365; x_wconf 90' lang='lat' dir='ltr'>enim</span> <span class='ocrx_word' id='word_1_627' title='bbox 2356 3312 2549 3367; x_wconf 90' lang='lat' dir='ltr'>horum</span> <span class='ocrx_word' id='word_1_628' title='bbox 2601 3311 2658 3365; x_wconf 91' lang='lat' dir='ltr'>in</span> <span class='ocrx_word' id='word_1_629' title='bbox 2707 3310 2799 3366; x_wconf 92' lang='lat' dir='ltr'>illo</span> <span class='ocrx_word' id='word_1_630' title='bbox 2846 3311 2964 3380; x_wconf 82' lang='lat' dir='ltr'>fuit,</span> <span class='ocrx_word' id='word_1_631' title='bbox 3015 3311 3241 3366; x_wconf 89' lang='lat' dir='ltr'>alterum</span> <span class='ocrx_word' id='word_1_632' title='bbox 3285 3327 3395 3367; x_wconf 90' lang='lat' dir='ltr'>non</span> <span class='ocrx_word' id='word_1_633' title='bbox 3422 3312 3565 3368; x_wconf 84' lang='lat' dir='ltr'>&#39;fuit.</span> 
     </span>
    </p>
   </div>
   <div class='ocr_carea' id='block_1_80' title="bbox 1972 3400 3577 3473">
    <p class='ocr_par' dir='ltr' id='par_1_80' title="bbox 1972 3400 3577 3473">
     <span class='ocr_line' id='line_1_80' title="bbox 1972 3400 3577 3473; baseline 0 -17"><span class='ocrx_word' id='word_1_634' title='bbox 1972 3402 2113 3457; x_wconf 90' lang='lat' dir='ltr'>Nam</span> <span class='ocrx_word' id='word_1_635' title='bbox 2147 3408 2207 3455; x_wconf 89' lang='lat' dir='ltr'>ut</span> <span class='ocrx_word' id='word_1_636' title='bbox 2233 3401 2504 3471; x_wconf 89' lang='lat' dir='ltr'>reciperet</span> <span class='ocrx_word' id='word_1_637' title='bbox 2532 3401 2735 3454; x_wconf 79' lang='lat' dir='ltr'>bonum</span> <span class='ocrx_word' id='word_1_638' title='bbox 2780 3400 2956 3472; x_wconf 88' lang='lat' dir='ltr'>gratia</span> <span class='ocrx_word' id='word_1_639' title='bbox 3004 3415 3114 3455; x_wconf 93' lang='lat' dir='ltr'>non</span> <span class='ocrx_word' id='word_1_640' title='bbox 3178 3400 3393 3473; x_wconf 89' lang='lat' dir='ltr'>egebat,</span> <span class='ocrx_word' id='word_1_641' title='bbox 3451 3401 3577 3472; x_wconf 88' lang='lat' dir='ltr'>quia</span> 
     </span>
    </p>
   </div>
   <div class='ocr_carea' id='block_1_81' title="bbox 1973 3497 3576 3570">
    <p class='ocr_par' dir='ltr' id='par_1_81' title="bbox 1973 3497 3576 3570">
     <span class='ocr_line' id='line_1_81' title="bbox 1973 3497 3576 3570; baseline 0.001 -17"><span class='ocrx_word' id='word_1_642' title='bbox 1973 3497 2217 3553; x_wconf 91' lang='lat' dir='ltr'>nondum</span> <span class='ocrx_word' id='word_1_643' title='bbox 2275 3497 2598 3568; x_wconf 89' lang='lat' dir='ltr'>perdiderat.</span> <span class='ocrx_word' id='word_1_644' title='bbox 2632 3497 2701 3553; x_wconf 93' lang='lat' dir='ltr'>Ut</span> <span class='ocrx_word' id='word_1_645' title='bbox 2754 3504 2932 3553; x_wconf 91' lang='lat' dir='ltr'>autem</span> <span class='ocrx_word' id='word_1_646' title='bbox 2990 3497 3046 3552; x_wconf 89' lang='lat' dir='ltr'>in</span> <span class='ocrx_word' id='word_1_647' title='bbox 3092 3514 3159 3554; x_wconf 87' lang='lat' dir='ltr'>eo</span> <span class='ocrx_word' id='word_1_648' title='bbox 3218 3507 3576 3570; x_wconf 87' lang='lat' dir='ltr'>permaneret,</span> 
     </span>
    </p>
   </div>
   <div class='ocr_carea' id='block_1_82' title="bbox 1975 3585 3575 3661">
    <p class='ocr_par' dir='ltr' id='par_1_82' title="bbox 1975 3585 3575 3661">
     <span class='ocr_line' id='line_1_82' title="bbox 1975 3585 3575 3661; baseline 0.002 -19"><span class='ocrx_word' id='word_1_649' title='bbox 1975 3586 2174 3659; x_wconf 89' lang='lat' dir='ltr'>egebat</span> <span class='ocrx_word' id='word_1_650' title='bbox 2201 3585 2467 3655; x_wconf 88' lang='lat' dir='ltr'>adjutorio</span> <span class='ocrx_word' id='word_1_651' title='bbox 2497 3586 2688 3658; x_wconf 77' lang='lat' dir='ltr'>gratiae</span> <span class='ocrx_word' id='word_1_652' title='bbox 2715 3585 2829 3641; x_wconf 91' lang='lat' dir='ltr'>sine</span> <span class='ocrx_word' id='word_1_653' title='bbox 2860 3602 2966 3656; x_wconf 92' lang='lat' dir='ltr'>quo</span> <span class='ocrx_word' id='word_1_654' title='bbox 3008 3586 3229 3643; x_wconf 87' lang='lat' dir='ltr'>omnino</span> <span class='ocrx_word' id='word_1_655' title='bbox 3295 3604 3404 3644; x_wconf 90' lang='lat' dir='ltr'>non</span> <span class='ocrx_word' id='word_1_656' title='bbox 3443 3604 3575 3661; x_wconf 90' lang='lat' dir='ltr'>pos-</span> 
     </span>
    </p>
   </div>
   <div class='ocr_carea' id='block_1_83' title="bbox 1974 3684 3575 3755">
    <p class='ocr_par' dir='ltr' id='par_1_83' title="bbox 1974 3684 3575 3755">
     <span class='ocr_line' id='line_1_83' title="bbox 1974 3684 3575 3755; baseline 0.002 -17"><span class='ocrx_word' id='word_1_657' title='bbox 1974 3692 2055 3739; x_wconf 93' lang='lat' dir='ltr'>set</span> <span class='ocrx_word' id='word_1_658' title='bbox 2086 3701 2101 3752; x_wconf 90' lang='lat'><strong>;</strong></span> <span class='ocrx_word' id='word_1_659' title='bbox 2128 3691 2181 3739; x_wconf 92' lang='lat' dir='ltr'>et</span> <span class='ocrx_word' id='word_1_660' title='bbox 2208 3690 2488 3755; x_wconf 88' lang='lat' dir='ltr'>acceperat</span> <span class='ocrx_word' id='word_1_661' title='bbox 2519 3700 2678 3755; x_wconf 89' lang='lat' dir='ltr'>posse</span> <span class='ocrx_word' id='word_1_662' title='bbox 2732 3684 2774 3739; x_wconf 90' lang='lat' dir='ltr'>si</span> <span class='ocrx_word' id='word_1_663' title='bbox 2830 3684 3012 3751; x_wconf 81' lang='lat' dir='ltr'>vellet,</span> <span class='ocrx_word' id='word_1_664' title='bbox 3070 3684 3165 3739; x_wconf 90' lang='lat' dir='ltr'>sed</span> <span class='ocrx_word' id='word_1_665' title='bbox 3223 3701 3333 3742; x_wconf 91' lang='lat' dir='ltr'>non</span> <span class='ocrx_word' id='word_1_666' title='bbox 3386 3687 3575 3742; x_wconf 90' lang='lat' dir='ltr'>habuit</span> 
     </span>
    </p>
   </div>
   <div class='ocr_carea' id='block_1_84' title="bbox 1975 3771 3561 3844">
    <p class='ocr_par' dir='ltr' id='par_1_84' title="bbox 1975 3771 3561 3844">
     <span class='ocr_line' id='line_1_84' title="bbox 1975 3771 3561 3844; baseline 0.001 -14"><span class='ocrx_word' id='word_1_667' title='bbox 1975 3773 2061 3830; x_wconf 88' lang='lat' dir='ltr'>vel</span> <span class='ocrx_word' id='word_1_668' title='bbox 2091 3773 2234 3843; x_wconf 91' lang='lat' dir='ltr'>quod</span> <span class='ocrx_word' id='word_1_669' title='bbox 2291 3780 2490 3844; x_wconf 89' lang='lat' dir='ltr'>posset.</span> <span class='ocrx_word' id='word_1_670' title='bbox 2542 3774 2682 3829; x_wconf 89' lang='lat' dir='ltr'>Nam</span> <span class='ocrx_word' id='word_1_671' title='bbox 2739 3771 2783 3827; x_wconf 89' lang='lat' dir='ltr'>si</span> <span class='ocrx_word' id='word_1_672' title='bbox 2836 3772 3111 3829; x_wconf 88' lang='lat' dir='ltr'>habuisset</span> <span class='ocrx_word' id='word_1_673' title='bbox 3165 3785 3561 3844; x_wconf 89' lang='lat' dir='ltr'>perseveraret.</span> 
     </span>
    </p>
   </div>
   <div class='ocr_carea' id='block_1_85' title="bbox 1974 3871 3572 3943">
    <p class='ocr_par' dir='ltr' id='par_1_85' title="bbox 1974 3871 3572 3943">
     <span class='ocr_line' id='line_1_85' title="bbox 1974 3871 3572 3943; baseline 0.003 -17"><span class='ocrx_word' id='word_1_674' title='bbox 1974 3872 2159 3928; x_wconf 87' lang='lat' dir='ltr'>Posset</span> <span class='ocrx_word' id='word_1_675' title='bbox 2185 3871 2328 3927; x_wconf 90' lang='lat' dir='ltr'>enim</span> <span class='ocrx_word' id='word_1_676' title='bbox 2358 3872 2520 3927; x_wconf 90' lang='lat' dir='ltr'>etiam</span> <span class='ocrx_word' id='word_1_677' title='bbox 2564 3888 2907 3943; x_wconf 90' lang='lat' dir='ltr'>perseverare</span> <span class='ocrx_word' id='word_1_678' title='bbox 2962 3873 3009 3928; x_wconf 92' lang='lat' dir='ltr'>si</span> <span class='ocrx_word' id='word_1_679' title='bbox 3056 3872 3238 3931; x_wconf 85' lang='lat' dir='ltr'>vellet.</span> <span class='ocrx_word' id='word_1_680' title='bbox 3298 3872 3457 3942; x_wconf 89' lang='lat' dir='ltr'>Quod</span> <span class='ocrx_word' id='word_1_681' title='bbox 3514 3882 3572 3929; x_wconf 91' lang='lat' dir='ltr'>ut</span> 
     </span>
    </p>
   </div>
   <div class='ocr_carea' id='block_1_86' title="bbox 1975 3959 3569 4030">
    <p class='ocr_par' dir='ltr' id='par_1_86' title="bbox 1975 3959 3569 4030">
     <span class='ocr_line' id='line_1_86' title="bbox 1975 3959 3569 4030; baseline 0.003 -16"><span class='ocrx_word' id='word_1_682' title='bbox 1975 3961 2160 4028; x_wconf 89' lang='lat' dir='ltr'>nollet,</span> <span class='ocrx_word' id='word_1_683' title='bbox 2191 3959 2258 4015; x_wconf 90' lang='lat' dir='ltr'>de</span> <span class='ocrx_word' id='word_1_684' title='bbox 2288 3960 2458 4016; x_wconf 91' lang='lat' dir='ltr'>libero</span> <span class='ocrx_word' id='word_1_685' title='bbox 2486 3959 2765 4016; x_wconf 91' lang='lat' dir='ltr'>descendit</span> <span class='ocrx_word' id='word_1_686' title='bbox 2802 3960 3044 4016; x_wconf 90' lang='lat' dir='ltr'>arbitrio.</span> <span class='ocrx_word' id='word_1_687' title='bbox 3098 3959 3258 4030; x_wconf 89' lang='lat' dir='ltr'>Quod</span> <span class='ocrx_word' id='word_1_688' title='bbox 3304 3961 3381 4018; x_wconf 89' lang='lat' dir='ltr'>ita</span> <span class='ocrx_word' id='word_1_689' title='bbox 3425 3962 3569 4018; x_wconf 90' lang='lat' dir='ltr'>libe-</span> 
     </span>
    </p>
   </div>
   <div class='ocr_carea' id='block_1_87' title="bbox 1974 4040 3573 4128">
    <p class='ocr_par' dir='ltr' id='par_1_87' title="bbox 1974 4040 3573 4128">
     <span class='ocr_line' id='line_1_87' title="bbox 1974 4040 3573 4128; baseline 0.001 -15"><span class='ocrx_word' id='word_1_690' title='bbox 1974 4074 2096 4114; x_wconf 90' lang='lat' dir='ltr'>rum</span> <span class='ocrx_word' id='word_1_691' title='bbox 2152 4064 2284 4123; x_wconf 90' lang='lat' dir='ltr'>erat,</span> <span class='ocrx_word' id='word_1_692' title='bbox 2326 4064 2386 4111; x_wconf 92' lang='lat' dir='ltr'>ut</span> <span class='ocrx_word' id='word_1_693' title='bbox 2439 4056 2577 4112; x_wconf 91' lang='lat' dir='ltr'>bene</span> <span class='ocrx_word' id='word_1_694' title='bbox 2632 4057 2771 4115; x_wconf 91' lang='lat' dir='ltr'>velle</span> <span class='ocrx_word' id='word_1_695' title='bbox 2824 4064 3007 4128; x_wconf 89' lang='lat' dir='ltr'>posset</span> <span class='ocrx_word' id='word_1_696' title='bbox 3060 4064 3114 4112; x_wconf 90' lang='lat' dir='ltr'>et</span> <span class='ocrx_word' id='word_1_697' title='bbox 3161 4056 3322 4113; x_wconf 90' lang='lat' dir='ltr'>male.</span> <span class='ocrx_word' id='word_1_698' title='bbox 3371 4040 3573 4114; x_wconf 86' lang='lat' dir='ltr'>Habuit</span> 
     </span>
    </p>
   </div>
   <div class='ocr_carea' id='block_1_88' title="bbox 1977 4144 3571 4216">
    <p class='ocr_par' dir='ltr' id='par_1_88' title="bbox 1977 4144 3571 4216">
     <span class='ocr_line' id='line_1_88' title="bbox 1977 4144 3571 4216; baseline 0 -14"><span class='ocrx_word' id='word_1_699' title='bbox 1977 4147 2121 4202; x_wconf 91' lang='lat' dir='ltr'>enim</span> <span class='ocrx_word' id='word_1_700' title='bbox 2149 4144 2494 4215; x_wconf 89' lang='lat' dir='ltr'>adjutorium,</span> <span class='ocrx_word' id='word_1_701' title='bbox 2528 4160 2637 4200; x_wconf 90' lang='lat' dir='ltr'>non</span> <span class='ocrx_word' id='word_1_702' title='bbox 2666 4161 2771 4215; x_wconf 91' lang='lat' dir='ltr'>quo</span> <span class='ocrx_word' id='word_1_703' title='bbox 2801 4144 2958 4200; x_wconf 87' lang='lat' dir='ltr'>ﬁeret</span> <span class='ocrx_word' id='word_1_704' title='bbox 3015 4151 3074 4201; x_wconf 92' lang='lat' dir='ltr'>ut</span> <span class='ocrx_word' id='word_1_705' title='bbox 3127 4145 3309 4216; x_wconf 90' lang='lat' dir='ltr'>vellet,</span> <span class='ocrx_word' id='word_1_706' title='bbox 3367 4145 3462 4202; x_wconf 91' lang='lat' dir='ltr'>sed</span> <span class='ocrx_word' id='word_1_707' title='bbox 3514 4147 3571 4202; x_wconf 93' lang='lat' dir='ltr'>in</span> 
     </span>
    </p>
   </div>
   <div class='ocr_carea' id='block_1_89' title="bbox 1976 4232 3573 4307">
    <p class='ocr_par' dir='ltr' id='par_1_89' title="bbox 1976 4232 3573 4307">
     <span class='ocr_line' id='line_1_89' title="bbox 1976 4232 3573 4307; baseline 0.002 -16"><span class='ocrx_word' id='word_1_708' title='bbox 1976 4250 2082 4306; x_wconf 92' lang='lat' dir='ltr'>quo</span> <span class='ocrx_word' id='word_1_709' title='bbox 2110 4239 2469 4304; x_wconf 86' lang='lat' dir='ltr'>permaneret,</span> <span class='ocrx_word' id='word_1_710' title='bbox 2503 4232 2550 4287; x_wconf 91' lang='lat' dir='ltr'>si</span> <span class='ocrx_word' id='word_1_711' title='bbox 2581 4232 2760 4301; x_wconf 91' lang='lat' dir='ltr'>vellet,</span> <span class='ocrx_word' id='word_1_712' title='bbox 2794 4241 2847 4288; x_wconf 92' lang='lat' dir='ltr'>et</span> <span class='ocrx_word' id='word_1_713' title='bbox 2902 4232 3017 4289; x_wconf 89' lang='lat' dir='ltr'>sine</span> <span class='ocrx_word' id='word_1_714' title='bbox 3064 4248 3172 4303; x_wconf 91' lang='lat' dir='ltr'>quo</span> <span class='ocrx_word' id='word_1_715' title='bbox 3232 4249 3342 4290; x_wconf 93' lang='lat' dir='ltr'>non</span> <span class='ocrx_word' id='word_1_716' title='bbox 3390 4245 3573 4307; x_wconf 86' lang='lat' dir='ltr'>posset</span> 
     </span>
    </p>
   </div>
   <div class='ocr_carea' id='block_1_90' title="bbox 1977 4328 3575 4405">
    <p class='ocr_par' dir='ltr' id='par_1_90' title="bbox 1977 4328 3575 4405">
     <span class='ocr_line' id='line_1_90' title="bbox 1977 4328 3575 4405; baseline 0.001 -18"><span class='ocrx_word' id='word_1_717' title='bbox 1977 4337 2379 4404; x_wconf 80' lang='lat' dir='ltr'>perseveranter</span> <span class='ocrx_word' id='word_1_718' title='bbox 2404 4329 2608 4384; x_wconf 90' lang='lat' dir='ltr'>bonum</span> <span class='ocrx_word' id='word_1_719' title='bbox 2640 4336 2819 4383; x_wconf 91' lang='lat' dir='ltr'>tenere</span> <span class='ocrx_word' id='word_1_720' title='bbox 2867 4328 3010 4399; x_wconf 90' lang='lat' dir='ltr'>quod</span> <span class='ocrx_word' id='word_1_721' title='bbox 3056 4331 3254 4401; x_wconf 88' lang='lat' dir='ltr'>vellet;</span> <span class='ocrx_word' id='word_1_722' title='bbox 3304 4330 3400 4387; x_wconf 88' lang='lat' dir='ltr'>sed</span> <span class='ocrx_word' id='word_1_723' title='bbox 3447 4333 3575 4405; x_wconf 91' lang='lat' dir='ltr'>quia</span> 
     </span>
    </p>
   </div>
   <div class='ocr_carea' id='block_1_91' title="bbox 274 4426 3576 4507">
    <p class='ocr_par' dir='ltr' id='par_1_91' title="bbox 274 4426 3576 4507">
     <span class='ocr_line' id='line_1_91' title="bbox 274 4426 3576 4507; baseline -0.002 -13"><span class='ocrx_word' id='word_1_724' title='bbox 274 4439 473 4495; x_wconf 88' lang='lat' dir='ltr'>mentis</span> <span class='ocrx_word' id='word_1_725' title='bbox 500 4454 609 4493; x_wconf 93' lang='lat' dir='ltr'>non</span> <span class='ocrx_word' id='word_1_726' title='bbox 657 4451 941 4507; x_wconf 89' lang='lat' dir='ltr'>possumus</span> <span class='ocrx_word' id='word_1_727' title='bbox 982 4433 1185 4498; x_wconf 90' lang='lat' dir='ltr'>vivere,</span> <span class='ocrx_word' id='word_1_728' title='bbox 1218 4447 1319 4486; x_wconf 90' lang='lat' dir='ltr'>nec</span> <span class='ocrx_word' id='word_1_729' title='bbox 1366 4438 1545 4484; x_wconf 87' lang='lat' dir='ltr'>tamen</span> <span class='ocrx_word' id='word_1_730' title='bbox 1590 4429 1669 4482; x_wconf 91' lang='lat' dir='ltr'>eis</span> <span class='ocrx_word' id='word_1_731' title='bbox 1711 4426 1771 4482; x_wconf 86' lang='lat' dir='ltr'>ﬁt</span> <span class='ocrx_word' id='word_1_732' title='bbox 1812 4434 1871 4482; x_wconf 92' lang='lat' dir='ltr'>ut</span> <span class='ocrx_word' id='word_1_733' title='bbox 1898 4433 1950 4494; x_wconf 91' lang='lat' dir='ltr'>D</span> <span class='ocrx_word' id='word_1_734' title='bbox 1977 4430 2148 4485; x_wconf 89' lang='lat' dir='ltr'>noluit</span> <span class='ocrx_word' id='word_1_735' title='bbox 2189 4444 2504 4501; x_wconf 89' lang='lat' dir='ltr'>permanere</span> <span class='ocrx_word' id='word_1_736' title='bbox 2549 4427 2667 4498; x_wconf 91' lang='lat' dir='ltr'>ejus</span> <span class='ocrx_word' id='word_1_737' title='bbox 2712 4426 2872 4497; x_wconf 88' lang='lat' dir='ltr'>culpa</span> <span class='ocrx_word' id='word_1_738' title='bbox 2929 4428 3053 4499; x_wconf 87' lang='lat' dir='ltr'>fuit,</span> <span class='ocrx_word' id='word_1_739' title='bbox 3108 4431 3260 4500; x_wconf 90' lang='lat' dir='ltr'>cujus</span> <span class='ocrx_word' id='word_1_740' title='bbox 3324 4431 3576 4489; x_wconf 89' lang='lat' dir='ltr'>meritum</span> 
     </span>
    </p>
   </div>
   <div class='ocr_carea' id='block_1_92' title="bbox 269 4517 1864 4598">
    <p class='ocr_par' dir='ltr' id='par_1_92' title="bbox 269 4517 1864 4598">
     <span class='ocr_line' id='line_1_92' title="bbox 269 4517 1864 4598; baseline -0.011 -11"><span class='ocrx_word' id='word_1_741' title='bbox 269 4528 536 4587; x_wconf 81' lang='lat' dir='ltr'>vivamus.</span> <span class='ocrx_word' id='word_1_742' title='bbox 570 4526 714 4598; x_wconf 85' lang='lat' dir='ltr'>Ergo</span> <span class='ocrx_word' id='word_1_743' title='bbox 742 4524 1119 4579; x_wconf 90' lang='lat' dir='ltr'>alimentorum</span> <span class='ocrx_word' id='word_1_744' title='bbox 1150 4519 1476 4589; x_wconf 90' lang='lat' dir='ltr'>adjutorium</span> <span class='ocrx_word' id='word_1_745' title='bbox 1505 4525 1587 4572; x_wconf 90' lang='lat' dir='ltr'>est</span> <span class='ocrx_word' id='word_1_746' title='bbox 1612 4517 1727 4571; x_wconf 90' lang='lat' dir='ltr'>sine</span> <span class='ocrx_word' id='word_1_747' title='bbox 1758 4531 1864 4586; x_wconf 91' lang='lat' dir='ltr'>quo</span> 
     </span>
    </p>
   </div>
   <div class='ocr_carea' id='block_1_93' title="bbox 272 4604 1868 4685">
    <p class='ocr_par' dir='ltr' id='par_1_93' title="bbox 272 4604 1868 4685">
     <span class='ocr_line' id='line_1_93' title="bbox 272 4604 1868 4685; baseline -0.008 -13"><span class='ocrx_word' id='word_1_748' title='bbox 272 4633 385 4673; x_wconf 93' lang='lat' dir='ltr'>non</span> <span class='ocrx_word' id='word_1_749' title='bbox 412 4615 470 4670; x_wconf 89' lang='lat' dir='ltr'>ﬁt</span> <span class='ocrx_word' id='word_1_750' title='bbox 499 4614 720 4685; x_wconf 90' lang='lat' dir='ltr'>aliquid,</span> <span class='ocrx_word' id='word_1_751' title='bbox 749 4629 858 4668; x_wconf 87' lang='lat' dir='ltr'>non</span> <span class='ocrx_word' id='word_1_752' title='bbox 897 4626 1003 4682; x_wconf 90' lang='lat' dir='ltr'>quo</span> <span class='ocrx_word' id='word_1_753' title='bbox 1050 4608 1108 4665; x_wconf 88' lang='lat' dir='ltr'>ﬁt</span> <span class='ocrx_word' id='word_1_754' title='bbox 1154 4617 1213 4663; x_wconf 89' lang='lat' dir='ltr'>ut</span> <span class='ocrx_word' id='word_1_755' title='bbox 1262 4609 1529 4665; x_wconf 88' lang='lat' dir='ltr'>vivamus.</span> <span class='ocrx_word' id='word_1_756' title='bbox 1590 4604 1868 4661; x_wconf 87' lang='lat' dir='ltr'>Beatitudo</span> 
     </span>
    </p>
   </div>
   <div class='ocr_carea' id='block_1_94' title="bbox 274 4704 1869 4777">
    <p class='ocr_par' dir='ltr' id='par_1_94' title="bbox 274 4704 1869 4777">
     <span class='ocr_line' id='line_1_94' title="bbox 274 4704 1869 4777; baseline -0.011 -5"><span class='ocrx_word' id='word_1_757' title='bbox 274 4730 406 4774; x_wconf 87' lang='lat' dir='ltr'>vero</span> <span class='ocrx_word' id='word_1_758' title='bbox 437 4730 557 4769; x_wconf 91' lang='lat' dir='ltr'>cum</span> <span class='ocrx_word' id='word_1_759' title='bbox 588 4713 713 4767; x_wconf 90' lang='lat' dir='ltr'>data</span> <span class='ocrx_word' id='word_1_760' title='bbox 739 4710 901 4765; x_wconf 87' lang='lat' dir='ltr'>fuerit</span> <span class='ocrx_word' id='word_1_761' title='bbox 926 4707 1156 4777; x_wconf 91' lang='lat' dir='ltr'>homini,</span> <span class='ocrx_word' id='word_1_762' title='bbox 1187 4706 1513 4776; x_wconf 88' lang='lat' dir='ltr'>adjutorium</span> <span class='ocrx_word' id='word_1_763' title='bbox 1551 4705 1679 4777; x_wconf 79' lang='lat' dir='ltr'>(sic)</span> <span class='ocrx_word' id='word_1_764' title='bbox 1725 4704 1869 4759; x_wconf 89' lang='lat' dir='ltr'>enim</span> 
     </span>
    </p>
   </div>
   <div class='ocr_carea' id='block_1_95' title="bbox 274 4791 1872 4872">
    <p class='ocr_par' dir='ltr' id='par_1_95' title="bbox 274 4791 1872 4872">
     <span class='ocr_line' id='line_1_95' title="bbox 274 4791 1872 4872; baseline -0.008 -13"><span class='ocrx_word' id='word_1_765' title='bbox 274 4812 375 4872; x_wconf 89' lang='lat' dir='ltr'>est,</span> <span class='ocrx_word' id='word_1_766' title='bbox 406 4818 515 4857; x_wconf 91' lang='lat' dir='ltr'>non</span> <span class='ocrx_word' id='word_1_767' title='bbox 536 4802 713 4856; x_wconf 90' lang='lat' dir='ltr'>solum</span> <span class='ocrx_word' id='word_1_768' title='bbox 736 4799 849 4854; x_wconf 89' lang='lat' dir='ltr'>sine</span> <span class='ocrx_word' id='word_1_769' title='bbox 871 4814 976 4868; x_wconf 91' lang='lat' dir='ltr'>quo</span> <span class='ocrx_word' id='word_1_770' title='bbox 1006 4813 1115 4851; x_wconf 91' lang='lat' dir='ltr'>non</span> <span class='ocrx_word' id='word_1_771' title='bbox 1135 4796 1211 4861; x_wconf 86' lang='lat' dir='ltr'>ﬁt,</span> <span class='ocrx_word' id='word_1_772' title='bbox 1236 4811 1422 4851; x_wconf 88' lang='lat' dir='ltr'>verum</span> <span class='ocrx_word' id='word_1_773' title='bbox 1464 4795 1625 4849; x_wconf 87' lang='lat' dir='ltr'>etiam</span> <span class='ocrx_word' id='word_1_774' title='bbox 1676 4809 1781 4863; x_wconf 91' lang='lat' dir='ltr'>quo</span> <span class='ocrx_word' id='word_1_775' title='bbox 1813 4791 1872 4846; x_wconf 89' lang='lat' dir='ltr'>ﬁt</span> 
     </span>
    </p>
   </div>
   <div class='ocr_carea' id='block_1_96' title="bbox 274 4882 1869 4967">
    <p class='ocr_par' dir='ltr' id='par_1_96' title="bbox 274 4882 1869 4967">
     <span class='ocr_line' id='line_1_96' title="bbox 274 4882 1869 4967; baseline -0.008 -18"><span class='ocrx_word' id='word_1_776' title='bbox 274 4900 496 4967; x_wconf 87' lang='lat' dir='ltr'>propter</span> <span class='ocrx_word' id='word_1_777' title='bbox 523 4890 667 4961; x_wconf 90' lang='lat' dir='ltr'>quod</span> <span class='ocrx_word' id='word_1_778' title='bbox 692 4890 867 4957; x_wconf 89' lang='lat' dir='ltr'>datur,</span> <span class='ocrx_word' id='word_1_779' title='bbox 901 4886 1026 4958; x_wconf 90' lang='lat' dir='ltr'>quia</span> <span class='ocrx_word' id='word_1_780' title='bbox 1050 4886 1093 4939; x_wconf 91' lang='lat' dir='ltr'>si</span> <span class='ocrx_word' id='word_1_781' title='bbox 1123 4885 1248 4939; x_wconf 88' lang='lat' dir='ltr'>data</span> <span class='ocrx_word' id='word_1_782' title='bbox 1276 4884 1432 4939; x_wconf 87' lang='lat' dir='ltr'>fuerit</span> <span class='ocrx_word' id='word_1_783' title='bbox 1483 4882 1688 4938; x_wconf 88' lang='lat' dir='ltr'>homini</span> <span class='ocrx_word' id='word_1_784' title='bbox 1734 4897 1869 4937; x_wconf 87' lang='lat' dir='ltr'>con-</span> 
     </span>
    </p>
   </div>
   <div class='ocr_carea' id='block_1_97' title="bbox 274 4983 1870 5055">
    <p class='ocr_par' dir='ltr' id='par_1_97' title="bbox 274 4983 1870 5055">
     <span class='ocr_line' id='line_1_97' title="bbox 274 4983 1870 5055; baseline -0.009 -8"><span class='ocrx_word' id='word_1_785' title='bbox 274 4992 426 5047; x_wconf 88' lang='lat' dir='ltr'>tinuo</span> <span class='ocrx_word' id='word_1_786' title='bbox 455 4991 514 5044; x_wconf 84' lang='lat' dir='ltr'>ﬁt</span> <span class='ocrx_word' id='word_1_787' title='bbox 554 4990 762 5055; x_wconf 86' lang='lat' dir='ltr'>beatus,</span> <span class='ocrx_word' id='word_1_788' title='bbox 820 4994 873 5043; x_wconf 88' lang='lat' dir='ltr'>et</span> <span class='ocrx_word' id='word_1_789' title='bbox 920 4986 965 5040; x_wconf 92' lang='lat' dir='ltr'>si</span> <span class='ocrx_word' id='word_1_790' title='bbox 1019 5000 1127 5040; x_wconf 91' lang='lat' dir='ltr'>non</span> <span class='ocrx_word' id='word_1_791' title='bbox 1182 4983 1342 5038; x_wconf 84' lang='lat' dir='ltr'>fuerit</span> <span class='ocrx_word' id='word_1_792' title='bbox 1395 4983 1538 5049; x_wconf 87' lang='lat' dir='ltr'>data,</span> <span class='ocrx_word' id='word_1_793' title='bbox 1597 4995 1870 5049; x_wconf 90' lang='lat' dir='ltr'>nunquam</span> 
     </span>
    </p>
   </div>
   <div class='ocr_carea' id='block_1_98' title="bbox 278 5070 1872 5146">
    <p class='ocr_par' dir='ltr' id='par_1_98' title="bbox 278 5070 1872 5146">
     <span class='ocr_line' id='line_1_98' title="bbox 278 5070 1872 5146; baseline -0.009 -8"><span class='ocrx_word' id='word_1_794' title='bbox 278 5081 397 5138; x_wconf 89' lang='lat' dir='ltr'>erit.</span> <span class='ocrx_word' id='word_1_795' title='bbox 419 5079 630 5134; x_wconf 88' lang='lat' dir='ltr'>Primus</span> <span class='ocrx_word' id='word_1_796' title='bbox 652 5078 832 5146; x_wconf 90' lang='lat' dir='ltr'>itaque</span> <span class='ocrx_word' id='word_1_797' title='bbox 852 5078 1015 5130; x_wconf 87' lang='lat' dir='ltr'>homo</span> <span class='ocrx_word' id='word_1_798' title='bbox 1038 5072 1244 5142; x_wconf 90' lang='lat' dir='ltr'>accepit</span> <span class='ocrx_word' id='word_1_799' title='bbox 1265 5070 1592 5140; x_wconf 89' lang='lat' dir='ltr'>adjutorium</span> <span class='ocrx_word' id='word_1_800' title='bbox 1616 5085 1872 5140; x_wconf 89' lang='lat' dir='ltr'>perseve-</span> 
     </span>
    </p>
   </div>
   <div class='ocr_carea' id='block_1_99' title="bbox 276 5159 1874 5237">
    <p class='ocr_par' dir='ltr' id='par_1_99' title="bbox 276 5159 1874 5237">
     <span class='ocr_line' id='line_1_99' title="bbox 276 5159 1874 5237; baseline -0.008 -10"><span class='ocrx_word' id='word_1_801' title='bbox 276 5169 486 5237; x_wconf 71' lang='lat' dir='ltr'>rantiae,</span> <span class='ocrx_word' id='word_1_802' title='bbox 518 5184 627 5223; x_wconf 91' lang='lat' dir='ltr'>non</span> <span class='ocrx_word' id='word_1_803' title='bbox 655 5182 760 5237; x_wconf 92' lang='lat' dir='ltr'>quo</span> <span class='ocrx_word' id='word_1_804' title='bbox 790 5164 941 5219; x_wconf 87' lang='lat' dir='ltr'>ﬁeret</span> <span class='ocrx_word' id='word_1_805' title='bbox 966 5170 1023 5217; x_wconf 92' lang='lat' dir='ltr'>ut</span> <span class='ocrx_word' id='word_1_806' title='bbox 1054 5169 1437 5234; x_wconf 87' lang='lat' dir='ltr'>perseveraret,</span> <span class='ocrx_word' id='word_1_807' title='bbox 1461 5159 1554 5215; x_wconf 91' lang='lat' dir='ltr'>sed</span> <span class='ocrx_word' id='word_1_808' title='bbox 1604 5159 1718 5213; x_wconf 90' lang='lat' dir='ltr'>sine</span> <span class='ocrx_word' id='word_1_809' title='bbox 1768 5174 1874 5227; x_wconf 90' lang='lat' dir='ltr'>quo</span> 
     </span>
    </p>
   </div>
   <div class='ocr_carea' id='block_1_100' title="bbox 277 5257 1874 5342">
    <p class='ocr_par' dir='ltr' id='par_1_100' title="bbox 277 5257 1874 5342">
     <span class='ocr_line' id='line_1_100' title="bbox 277 5257 1874 5342; baseline -0.008 -18"><span class='ocrx_word' id='word_1_810' title='bbox 277 5284 375 5342; x_wconf 91' lang='lat' dir='ltr'>per</span> <span class='ocrx_word' id='word_1_811' title='bbox 402 5268 631 5322; x_wconf 84' lang='lat' dir='ltr'>liberum</span> <span class='ocrx_word' id='word_1_812' title='bbox 662 5264 941 5320; x_wconf 88' lang='lat' dir='ltr'>arbitrium</span> <span class='ocrx_word' id='word_1_813' title='bbox 966 5275 1311 5334; x_wconf 89' lang='lat' dir='ltr'>perseverare</span> <span class='ocrx_word' id='word_1_814' title='bbox 1342 5276 1451 5315; x_wconf 92' lang='lat' dir='ltr'>non</span> <span class='ocrx_word' id='word_1_815' title='bbox 1490 5266 1691 5331; x_wconf 88' lang='lat' dir='ltr'>posset.</span> <span class='ocrx_word' id='word_1_816' title='bbox 1732 5257 1874 5314; x_wconf 87' lang='lat' dir='ltr'>San-</span> 
     </span>
    </p>
   </div>
   <div class='ocr_carea' id='block_1_101' title="bbox 278 5350 1874 5430">
    <p class='ocr_par' dir='ltr' id='par_1_101' title="bbox 278 5350 1874 5430">
     <span class='ocr_line' id='line_1_101' title="bbox 278 5350 1874 5430; baseline -0.008 -16"><span class='ocrx_word' id='word_1_817' title='bbox 278 5359 377 5415; x_wconf 88' lang='lat' dir='ltr'>ctis</span> <span class='ocrx_word' id='word_1_818' title='bbox 404 5358 570 5430; x_wconf 90' lang='lat' dir='ltr'>igitur</span> <span class='ocrx_word' id='word_1_819' title='bbox 597 5371 738 5409; x_wconf 90' lang='lat' dir='ltr'>nunc</span> <span class='ocrx_word' id='word_1_820' title='bbox 782 5354 885 5408; x_wconf 89' lang='lat' dir='ltr'>tale</span> <span class='ocrx_word' id='word_1_821' title='bbox 933 5352 1089 5406; x_wconf 91' lang='lat' dir='ltr'>datur</span> <span class='ocrx_word' id='word_1_822' title='bbox 1132 5350 1459 5420; x_wconf 89' lang='lat' dir='ltr'>adjutorium</span> <span class='ocrx_word' id='word_1_823' title='bbox 1516 5364 1874 5420; x_wconf 89' lang='lat' dir='ltr'>perseveran-</span> 
     </span>
    </p>
   </div>
   <div class='ocr_carea' id='block_1_102' title="bbox 282 5438 1881 5516">
    <p class='ocr_par' dir='ltr' id='par_1_102' title="bbox 282 5438 1881 5516">
     <span class='ocr_line' id='line_1_102' title="bbox 282 5438 1881 5516; baseline -0.008 -13"><span class='ocrx_word' id='word_1_824' title='bbox 282 5448 391 5513; x_wconf 59' lang='lat' dir='ltr'>tia,</span> <span class='ocrx_word' id='word_1_825' title='bbox 435 5453 493 5500; x_wconf 92' lang='lat' dir='ltr'>ut</span> <span class='ocrx_word' id='word_1_826' title='bbox 538 5442 937 5516; x_wconf 89' lang='lat' dir='ltr'>perseverantia</span> <span class='ocrx_word' id='word_1_827' title='bbox 984 5440 1099 5511; x_wconf 89' lang='lat' dir='ltr'>ipsa</span> <span class='ocrx_word' id='word_1_828' title='bbox 1144 5439 1389 5505; x_wconf 87' lang='lat' dir='ltr'>donetur,</span> <span class='ocrx_word' id='word_1_829' title='bbox 1441 5453 1549 5493; x_wconf 89' lang='lat' dir='ltr'>non</span> <span class='ocrx_word' id='word_1_830' title='bbox 1594 5438 1769 5493; x_wconf 90' lang='lat' dir='ltr'>solum</span> <span class='ocrx_word' id='word_1_831' title='bbox 1824 5444 1881 5491; x_wconf 92' lang='lat' dir='ltr'>ut</span> 
     </span>
    </p>
   </div>
   <div class='ocr_carea' id='block_1_103' title="bbox 280 5530 1880 5608">
    <p class='ocr_par' dir='ltr' id='par_1_103' title="bbox 280 5530 1880 5608">
     <span class='ocr_line' id='line_1_103' title="bbox 280 5530 1880 5608; baseline -0.008 -12"><span class='ocrx_word' id='word_1_832' title='bbox 280 5541 397 5596; x_wconf 75' lang='lat' dir='ltr'>sine</span> <span class='ocrx_word' id='word_1_833' title='bbox 426 5539 526 5593; x_wconf 91' lang='lat' dir='ltr'>isto</span> <span class='ocrx_word' id='word_1_834' title='bbox 557 5538 699 5591; x_wconf 90' lang='lat' dir='ltr'>dono</span> <span class='ocrx_word' id='word_1_835' title='bbox 722 5540 1127 5608; x_wconf 84' lang='lat' dir='ltr'>perseverantes</span> <span class='ocrx_word' id='word_1_836' title='bbox 1175 5547 1290 5587; x_wconf 88' lang='lat' dir='ltr'>esse</span> <span class='ocrx_word' id='word_1_837' title='bbox 1340 5546 1448 5586; x_wconf 90' lang='lat' dir='ltr'>non</span> <span class='ocrx_word' id='word_1_838' title='bbox 1495 5530 1722 5600; x_wconf 91' lang='lat' dir='ltr'>possint,</span> <span class='ocrx_word' id='word_1_839' title='bbox 1779 5546 1880 5585; x_wconf 90' lang='lat' dir='ltr'>ve-</span> 
     </span>
    </p>
   </div>
   <div class='ocr_carea' id='block_1_104' title="bbox 1973 4516 3573 4592">
    <p class='ocr_par' dir='ltr' id='par_1_104' title="bbox 1973 4516 3573 4592">
     <span class='ocr_line' id='line_1_104' title="bbox 1973 4516 3573 4592; baseline 0.003 -20"><span class='ocrx_word' id='word_1_840' title='bbox 1973 4518 2177 4585; x_wconf 87' lang='lat' dir='ltr'>fuisset,</span> <span class='ocrx_word' id='word_1_841' title='bbox 2208 4517 2250 4571; x_wconf 91' lang='lat' dir='ltr'>si</span> <span class='ocrx_word' id='word_1_842' title='bbox 2282 4532 2598 4587; x_wconf 89' lang='lat' dir='ltr'>permanere</span> <span class='ocrx_word' id='word_1_843' title='bbox 2654 4516 2933 4572; x_wconf 89' lang='lat' dir='ltr'>voluisset.</span> <span class='ocrx_word' id='word_1_844' title='bbox 2985 4517 3167 4574; x_wconf 90' lang='lat' dir='ltr'>Prima</span> <span class='ocrx_word' id='word_1_845' title='bbox 3220 4521 3398 4592; x_wconf 85' lang='lat' dir='ltr'>gratia</span> <span class='ocrx_word' id='word_1_846' title='bbox 3452 4521 3573 4591; x_wconf 84' lang='lat' dir='ltr'>fuit,</span> 
     </span>
    </p>
   </div>
   <div class='ocr_carea' id='block_1_105' title="bbox 1979 4605 3578 4679">
    <p class='ocr_par' dir='ltr' id='par_1_105' title="bbox 1979 4605 3578 4679">
     <span class='ocr_line' id='line_1_105' title="bbox 1979 4605 3578 4679; baseline 0.002 -17"><span class='ocrx_word' id='word_1_847' title='bbox 1979 4624 2084 4677; x_wconf 91' lang='lat' dir='ltr'>qua</span> <span class='ocrx_word' id='word_1_848' title='bbox 2112 4606 2172 4660; x_wconf 85' lang='lat' dir='ltr'>ﬁt</span> <span class='ocrx_word' id='word_1_849' title='bbox 2200 4614 2258 4661; x_wconf 91' lang='lat' dir='ltr'>ut</span> <span class='ocrx_word' id='word_1_850' title='bbox 2282 4605 2478 4660; x_wconf 89' lang='lat' dir='ltr'>habeat</span> <span class='ocrx_word' id='word_1_851' title='bbox 2507 4607 2671 4661; x_wconf 92' lang='lat' dir='ltr'>homo</span> <span class='ocrx_word' id='word_1_852' title='bbox 2711 4605 2974 4675; x_wconf 90' lang='lat' dir='ltr'>justitiam</span> <span class='ocrx_word' id='word_1_853' title='bbox 3023 4606 3068 4661; x_wconf 91' lang='lat' dir='ltr'>si</span> <span class='ocrx_word' id='word_1_854' title='bbox 3117 4607 3292 4679; x_wconf 88' lang='lat' dir='ltr'>velit;</span> <span class='ocrx_word' id='word_1_855' title='bbox 3343 4610 3578 4666; x_wconf 83' lang='lat' dir='ltr'>secunda</span> 
     </span>
    </p>
   </div>
   <div class='ocr_carea' id='block_1_106' title="bbox 1975 4700 3577 4776">
    <p class='ocr_par' dir='ltr' id='par_1_106' title="bbox 1975 4700 3577 4776">
     <span class='ocr_line' id='line_1_106' title="bbox 1975 4700 3577 4776; baseline 0.002 -18"><span class='ocrx_word' id='word_1_856' title='bbox 1975 4704 2098 4776; x_wconf 90' lang='lat' dir='ltr'>plus</span> <span class='ocrx_word' id='word_1_857' title='bbox 2125 4710 2321 4773; x_wconf 89' lang='lat' dir='ltr'>potest,</span> <span class='ocrx_word' id='word_1_858' title='bbox 2355 4719 2461 4772; x_wconf 89' lang='lat' dir='ltr'>qua</span> <span class='ocrx_word' id='word_1_859' title='bbox 2478 4700 2538 4756; x_wconf 88' lang='lat' dir='ltr'>ﬁt</span> <span class='ocrx_word' id='word_1_860' title='bbox 2557 4702 2721 4758; x_wconf 90' lang='lat' dir='ltr'>etiam</span> <span class='ocrx_word' id='word_1_861' title='bbox 2768 4709 2826 4757; x_wconf 91' lang='lat' dir='ltr'>ut</span> <span class='ocrx_word' id='word_1_862' title='bbox 2862 4703 3012 4773; x_wconf 89' lang='lat' dir='ltr'>velit,</span> <span class='ocrx_word' id='word_1_863' title='bbox 3075 4712 3130 4758; x_wconf 90' lang='lat' dir='ltr'>et</span> <span class='ocrx_word' id='word_1_864' title='bbox 3184 4712 3392 4761; x_wconf 90' lang='lat' dir='ltr'>tantum</span> <span class='ocrx_word' id='word_1_865' title='bbox 3446 4706 3577 4764; x_wconf 88' lang='lat' dir='ltr'>velit</span> 
     </span>
    </p>
   </div>
   <div class='ocr_carea' id='block_1_107' title="bbox 1979 4790 3573 4863">
    <p class='ocr_par' dir='ltr' id='par_1_107' title="bbox 1979 4790 3573 4863">
     <span class='ocr_line' id='line_1_107' title="bbox 1979 4790 3573 4863; baseline 0.001 -15"><span class='ocrx_word' id='word_1_866' title='bbox 1979 4801 2233 4863; x_wconf 88' lang='lat' dir='ltr'>tantoque</span> <span class='ocrx_word' id='word_1_867' title='bbox 2261 4791 2453 4847; x_wconf 91' lang='lat' dir='ltr'>ardore</span> <span class='ocrx_word' id='word_1_868' title='bbox 2482 4790 2673 4862; x_wconf 89' lang='lat' dir='ltr'>diligat</span> <span class='ocrx_word' id='word_1_869' title='bbox 2700 4799 2775 4859; x_wconf 91' lang='lat' dir='ltr'>ut,</span> <span class='ocrx_word' id='word_1_870' title='bbox 2825 4792 3002 4847; x_wconf 89' lang='lat' dir='ltr'>carnis</span> <span class='ocrx_word' id='word_1_871' title='bbox 3060 4792 3389 4850; x_wconf 89' lang='lat' dir='ltr'>voluntatem</span> <span class='ocrx_word' id='word_1_872' title='bbox 3437 4810 3573 4850; x_wconf 92' lang='lat' dir='ltr'>con-</span> 
     </span>
    </p>
   </div>
   <div class='ocr_carea' id='block_1_108' title="bbox 1978 4880 3562 4953">
    <p class='ocr_par' dir='ltr' id='par_1_108' title="bbox 1978 4880 3562 4953">
     <span class='ocr_line' id='line_1_108' title="bbox 1978 4880 3562 4953; baseline 0.001 -15"><span class='ocrx_word' id='word_1_873' title='bbox 1978 4883 2139 4938; x_wconf 88' lang='lat' dir='ltr'>traria</span> <span class='ocrx_word' id='word_1_874' title='bbox 2191 4880 2677 4951; x_wconf 89' lang='lat' dir='ltr'>concupiscentem,</span> <span class='ocrx_word' id='word_1_875' title='bbox 2736 4881 3010 4937; x_wconf 90' lang='lat' dir='ltr'>voluntate</span> <span class='ocrx_word' id='word_1_876' title='bbox 3066 4881 3284 4953; x_wconf 90' lang='lat' dir='ltr'>spiritus</span> <span class='ocrx_word' id='word_1_877' title='bbox 3355 4883 3562 4941; x_wconf 87' lang='lat' dir='ltr'>vincat.</span> 
     </span>
    </p>
   </div>
   <div class='ocr_carea' id='block_1_109' title="bbox 1975 4976 3570 5049">
    <p class='ocr_par' dir='ltr' id='par_1_109' title="bbox 1975 4976 3570 5049">
     <span class='ocr_line' id='line_1_109' title="bbox 1975 4976 3570 5049; baseline -0.001 -12"><span class='ocrx_word' id='word_1_878' title='bbox 1975 4983 2100 5037; x_wconf 92' lang='lat' dir='ltr'>Non</span> <span class='ocrx_word' id='word_1_879' title='bbox 2126 4979 2270 5036; x_wconf 89' lang='lat' dir='ltr'>enim</span> <span class='ocrx_word' id='word_1_880' title='bbox 2301 4977 2630 5046; x_wconf 89' lang='lat' dir='ltr'>adjutorium</span> <span class='ocrx_word' id='word_1_881' title='bbox 2663 4976 2767 5031; x_wconf 90' lang='lat' dir='ltr'>tale</span> <span class='ocrx_word' id='word_1_882' title='bbox 2796 4976 2907 5040; x_wconf 88' lang='lat' dir='ltr'>dat,</span> <span class='ocrx_word' id='word_1_883' title='bbox 2941 4978 3099 5047; x_wconf 89' lang='lat' dir='ltr'>quale</span> <span class='ocrx_word' id='word_1_884' title='bbox 3137 4979 3312 5049; x_wconf 91' lang='lat' dir='ltr'>primo</span> <span class='ocrx_word' id='word_1_885' title='bbox 3343 4979 3570 5046; x_wconf 87' lang='lat' dir='ltr'>homini,</span> 
     </span>
    </p>
   </div>
   <div class='ocr_carea' id='block_1_110' title="bbox 1978 5065 3576 5139">
    <p class='ocr_par' dir='ltr' id='par_1_110' title="bbox 1978 5065 3576 5139">
     <span class='ocr_line' id='line_1_110' title="bbox 1978 5065 3576 5139; baseline 0.001 -14"><span class='ocrx_word' id='word_1_886' title='bbox 1978 5071 2094 5125; x_wconf 93' lang='lat' dir='ltr'>sine</span> <span class='ocrx_word' id='word_1_887' title='bbox 2121 5084 2226 5139; x_wconf 89' lang='lat' dir='ltr'>quo</span> <span class='ocrx_word' id='word_1_888' title='bbox 2255 5084 2364 5123; x_wconf 91' lang='lat' dir='ltr'>non</span> <span class='ocrx_word' id='word_1_889' title='bbox 2393 5065 2560 5137; x_wconf 90' lang='lat' dir='ltr'>possit</span> <span class='ocrx_word' id='word_1_890' title='bbox 2604 5067 2769 5121; x_wconf 91' lang='lat' dir='ltr'>homo</span> <span class='ocrx_word' id='word_1_891' title='bbox 2805 5082 3147 5137; x_wconf 87' lang='lat' dir='ltr'>perseverare</span> <span class='ocrx_word' id='word_1_892' title='bbox 3194 5067 3240 5121; x_wconf 93' lang='lat' dir='ltr'>si</span> <span class='ocrx_word' id='word_1_893' title='bbox 3287 5068 3433 5137; x_wconf 88' lang='lat' dir='ltr'>velit,</span> <span class='ocrx_word' id='word_1_894' title='bbox 3475 5069 3576 5126; x_wconf 86' lang='lat' dir='ltr'>sed</span> 
     </span>
    </p>
   </div>
   <div class='ocr_carea' id='block_1_111' title="bbox 1980 5153 3578 5228">
    <p class='ocr_par' dir='ltr' id='par_1_111' title="bbox 1980 5153 3578 5228">
     <span class='ocr_line' id='line_1_111' title="bbox 1980 5153 3578 5228; baseline 0.001 -15"><span class='ocrx_word' id='word_1_895' title='bbox 1980 5159 2038 5213; x_wconf 93' lang='lat' dir='ltr'>in</span> <span class='ocrx_word' id='word_1_896' title='bbox 2066 5158 2142 5214; x_wconf 89' lang='lat' dir='ltr'>eis</span> <span class='ocrx_word' id='word_1_897' title='bbox 2168 5162 2419 5228; x_wconf 89' lang='lat' dir='ltr'>operatur</span> <span class='ocrx_word' id='word_1_898' title='bbox 2446 5161 2500 5208; x_wconf 90' lang='lat' dir='ltr'>et</span> <span class='ocrx_word' id='word_1_899' title='bbox 2526 5153 2685 5223; x_wconf 89' lang='lat' dir='ltr'>velle,</span> <span class='ocrx_word' id='word_1_900' title='bbox 2718 5161 2772 5208; x_wconf 75' lang='lat' dir='ltr'>ut</span> <span class='ocrx_word' id='word_1_901' title='bbox 2802 5154 3058 5226; x_wconf 89' lang='lat' dir='ltr'>quoniam</span> <span class='ocrx_word' id='word_1_902' title='bbox 3080 5170 3188 5210; x_wconf 93' lang='lat' dir='ltr'>non</span> <span class='ocrx_word' id='word_1_903' title='bbox 3206 5158 3578 5227; x_wconf 89' lang='lat' dir='ltr'>perseverabit</span> 
     </span>
    </p>
   </div>
   <div class='ocr_carea' id='block_1_112' title="bbox 1981 5251 3582 5325">
    <p class='ocr_par' dir='ltr' id='par_1_112' title="bbox 1981 5251 3582 5325">
     <span class='ocr_line' id='line_1_112' title="bbox 1981 5251 3582 5325; baseline -0.001 -13"><span class='ocrx_word' id='word_1_904' title='bbox 1981 5258 2145 5312; x_wconf 93' lang='lat' dir='ltr'>homo</span> <span class='ocrx_word' id='word_1_905' title='bbox 2175 5253 2277 5308; x_wconf 91' lang='lat' dir='ltr'>nisi</span> <span class='ocrx_word' id='word_1_906' title='bbox 2305 5261 2358 5307; x_wconf 93' lang='lat' dir='ltr'>et</span> <span class='ocrx_word' id='word_1_907' title='bbox 2384 5251 2550 5323; x_wconf 91' lang='lat' dir='ltr'>possit</span> <span class='ocrx_word' id='word_1_908' title='bbox 2576 5258 2630 5306; x_wconf 89' lang='lat' dir='ltr'>et</span> <span class='ocrx_word' id='word_1_909' title='bbox 2658 5251 2804 5319; x_wconf 91' lang='lat' dir='ltr'>velit,</span> <span class='ocrx_word' id='word_1_910' title='bbox 2835 5252 3216 5323; x_wconf 87' lang='lat' dir='ltr'>perseverandi</span> <span class='ocrx_word' id='word_1_911' title='bbox 3254 5253 3582 5325; x_wconf 88' lang='lat' dir='ltr'>possibilitas</span> 
     </span>
    </p>
   </div>
   <div class='ocr_carea' id='block_1_113' title="bbox 1985 5340 3582 5413">
    <p class='ocr_par' dir='ltr' id='par_1_113' title="bbox 1985 5340 3582 5413">
     <span class='ocr_line' id='line_1_113' title="bbox 1985 5340 3582 5413; baseline 0.001 -13"><span class='ocrx_word' id='word_1_912' title='bbox 1985 5343 2305 5400; x_wconf 89' lang='lat' dir='ltr'>etvoluntas</span> <span class='ocrx_word' id='word_1_913' title='bbox 2332 5341 2381 5396; x_wconf 92' lang='lat' dir='ltr'>ei</span> <span class='ocrx_word' id='word_1_914' title='bbox 2417 5340 2598 5397; x_wconf 91' lang='lat' dir='ltr'>detur.</span> <span class='ocrx_word' id='word_1_915' title='bbox 2655 5340 2828 5394; x_wconf 90' lang='lat' dir='ltr'>Tanto</span> <span class='ocrx_word' id='word_1_916' title='bbox 2885 5340 3084 5411; x_wconf 91' lang='lat' dir='ltr'>quippe</span> <span class='ocrx_word' id='word_1_917' title='bbox 3149 5341 3350 5413; x_wconf 85' lang='lat' dir='ltr'>Spiritu</span> <span class='ocrx_word' id='word_1_918' title='bbox 3399 5352 3582 5402; x_wconf 84' lang='lat' dir='ltr'>sancto</span> 
     </span>
    </p>
   </div>
   <div class='ocr_carea' id='block_1_114' title="bbox 1988 5428 3589 5503">
    <p class='ocr_par' dir='ltr' id='par_1_114' title="bbox 1988 5428 3589 5503">
     <span class='ocr_line' id='line_1_114' title="bbox 1988 5428 3589 5503; baseline 0.001 -15"><span class='ocrx_word' id='word_1_919' title='bbox 1988 5431 2295 5489; x_wconf 88' lang='lat' dir='ltr'>accenditur</span> <span class='ocrx_word' id='word_1_920' title='bbox 2322 5428 2556 5484; x_wconf 88' lang='lat' dir='ltr'>hominis</span> <span class='ocrx_word' id='word_1_921' title='bbox 2601 5429 2867 5494; x_wconf 91' lang='lat' dir='ltr'>voluntas,</span> <span class='ocrx_word' id='word_1_922' title='bbox 2930 5435 2988 5483; x_wconf 91' lang='lat' dir='ltr'>ut</span> <span class='ocrx_word' id='word_1_923' title='bbox 3042 5429 3164 5485; x_wconf 89' lang='lat' dir='ltr'>ideo</span> <span class='ocrx_word' id='word_1_924' title='bbox 3224 5431 3412 5503; x_wconf 91' lang='lat' dir='ltr'>possit,</span> <span class='ocrx_word' id='word_1_925' title='bbox 3462 5434 3589 5503; x_wconf 90' lang='lat' dir='ltr'>quia</span> 
     </span>
    </p>
   </div>
   <div class='ocr_carea' id='block_1_115' title="bbox 1990 5516 3580 5590">
    <p class='ocr_par' dir='ltr' id='par_1_115' title="bbox 1990 5516 3580 5590">
     <span class='ocr_line' id='line_1_115' title="bbox 1990 5516 3580 5590; baseline 0 -13"><span class='ocrx_word' id='word_1_926' title='bbox 1990 5522 2066 5577; x_wconf 92' lang='lat' dir='ltr'>sic</span> <span class='ocrx_word' id='word_1_927' title='bbox 2094 5521 2207 5577; x_wconf 91' lang='lat' dir='ltr'>vult</span> <span class='ocrx_word' id='word_1_928' title='bbox 2238 5535 2251 5589; x_wconf 85' lang='lat'><strong>;</strong></span> <span class='ocrx_word' id='word_1_929' title='bbox 2286 5518 2407 5573; x_wconf 89' lang='lat' dir='ltr'>ideo</span> <span class='ocrx_word' id='word_1_930' title='bbox 2436 5517 2514 5573; x_wconf 92' lang='lat' dir='ltr'>sic</span> <span class='ocrx_word' id='word_1_931' title='bbox 2544 5516 2695 5583; x_wconf 87' lang='lat' dir='ltr'>velit,</span> <span class='ocrx_word' id='word_1_932' title='bbox 2729 5517 2856 5587; x_wconf 90' lang='lat' dir='ltr'>quia</span> <span class='ocrx_word' id='word_1_933' title='bbox 2887 5517 3032 5572; x_wconf 86' lang='lat' dir='ltr'>Deus</span> <span class='ocrx_word' id='word_1_934' title='bbox 3060 5526 3314 5590; x_wconf 84' lang='lat' dir='ltr'>Operatur</span> <span class='ocrx_word' id='word_1_935' title='bbox 3340 5528 3399 5576; x_wconf 90' lang='lat' dir='ltr'>ut</span> <span class='ocrx_word' id='word_1_936' title='bbox 3424 5522 3580 5579; x_wconf 90' lang='lat' dir='ltr'>velit.</span> 
     </span>
    </p>
   </div>
   <div class='ocr_carea' id='block_1_116' title="bbox 281 5605 3597 5695">
    <p class='ocr_par' dir='ltr' id='par_1_116' title="bbox 281 5605 3597 5695">
     <span class='ocr_line' id='line_1_116' title="bbox 281 5605 3597 5695; baseline -0.004 -15"><span class='ocrx_word' id='word_1_937' title='bbox 281 5628 585 5686; x_wconf 81' lang='lat' dir='ltr'>mmetiam</span> <span class='ocrx_word' id='word_1_938' title='bbox 607 5633 663 5680; x_wconf 92' lang='lat' dir='ltr'>ut</span> <span class='ocrx_word' id='word_1_939' title='bbox 681 5605 780 5695; x_wconf 81' lang='lat' dir='ltr'>per</span> <span class='ocrx_word' id='word_1_940' title='bbox 808 5627 911 5679; x_wconf 90' lang='lat' dir='ltr'>hoc</span> <span class='ocrx_word' id='word_1_941' title='bbox 948 5621 1152 5678; x_wconf 89' lang='lat' dir='ltr'>donum</span> <span class='ocrx_word' id='word_1_942' title='bbox 1193 5636 1300 5676; x_wconf 89' lang='lat' dir='ltr'>non</span> <span class='ocrx_word' id='word_1_943' title='bbox 1338 5619 1441 5674; x_wconf 91' lang='lat' dir='ltr'>nisi</span> <span class='ocrx_word' id='word_1_944' title='bbox 1479 5626 1885 5690; x_wconf 85' lang='lat' dir='ltr'>perseverantes</span> <span class='ocrx_word' id='word_1_945' title='bbox 1988 5610 2118 5667; x_wconf 91' lang='lat' dir='ltr'>Inde</span> <span class='ocrx_word' id='word_1_946' title='bbox 2146 5607 2206 5663; x_wconf 84' lang='lat' dir='ltr'>ﬁt</span> <span class='ocrx_word' id='word_1_947' title='bbox 2233 5614 2289 5663; x_wconf 92' lang='lat' dir='ltr'>ut</span> <span class='ocrx_word' id='word_1_948' title='bbox 2316 5607 2562 5664; x_wconf 88' lang='lat' dir='ltr'>voluntas</span> <span class='ocrx_word' id='word_1_949' title='bbox 2588 5605 2822 5662; x_wconf 90' lang='lat' dir='ltr'>hominis</span> <span class='ocrx_word' id='word_1_950' title='bbox 2850 5605 3088 5665; x_wconf 87' lang='lat' dir='ltr'>invalida</span> <span class='ocrx_word' id='word_1_951' title='bbox 3117 5613 3171 5663; x_wconf 92' lang='lat' dir='ltr'>et</span> <span class='ocrx_word' id='word_1_952' title='bbox 3222 5607 3494 5665; x_wconf 89' lang='lat' dir='ltr'>imbecilla</span> <span class='ocrx_word' id='word_1_953' title='bbox 3538 5610 3597 5665; x_wconf 90' lang='lat' dir='ltr'>in</span> 
     </span>
    </p>
   </div>
   <div class='ocr_carea' id='block_1_117' title="bbox 285 5707 1880 5781">
    <p class='ocr_par' dir='ltr' id='par_1_117' title="bbox 285 5707 1880 5781">
     <span class='ocr_line' id='line_1_117' title="bbox 285 5707 1880 5781; baseline -0.017 -6"><span class='ocrx_word' id='word_1_954' title='bbox 285 5717 412 5775; x_wconf 73' lang='lat' dir='ltr'>sint.</span> <span class='ocrx_word' id='word_1_955' title='bbox 443 5717 569 5773; x_wconf 91' lang='lat' dir='ltr'>Non</span> <span class='ocrx_word' id='word_1_956' title='bbox 590 5713 766 5770; x_wconf 89' lang='lat' dir='ltr'>solum</span> <span class='ocrx_word' id='word_1_957' title='bbox 795 5711 942 5769; x_wconf 89' lang='lat' dir='ltr'>enim</span> <span class='ocrx_word' id='word_1_958' title='bbox 970 5710 1106 5767; x_wconf 84' lang='lat' dir='ltr'>dixit</span> <span class='ocrx_word' id='word_1_959' title='bbox 1139 5724 1151 5763; x_wconf 89' lang='lat'><strong>:</strong></span> <span class='ocrx_word' id='word_1_960' title='bbox 1208 5731 1231 5759; x_wconf 85' lang='lat'><strong>«</strong></span> <span class='ocrx_word' id='word_1_961' title='bbox 1284 5708 1413 5767; x_wconf 84' lang='lat' dir='ltr'>Sine</span> <span class='ocrx_word' id='word_1_962' title='bbox 1461 5724 1549 5765; x_wconf 81' lang='lat' dir='ltr'>me</span> <span class='ocrx_word' id='word_1_963' title='bbox 1595 5707 1731 5764; x_wconf 75' lang='lat' dir='ltr'>nihil</span> <span class='ocrx_word' id='word_1_964' title='bbox 1771 5722 1880 5781; x_wconf 77' lang='lat' dir='ltr'>po-</span> 
     </span>
    </p>
   </div>
   <div class='ocr_carea' id='block_1_118' title="bbox 616 5835 1151 5902">
    <p class='ocr_par' dir='ltr' id='par_1_118' title="bbox 616 5835 1151 5902">
     <span class='ocr_line' id='line_1_118' title="bbox 616 5835 1151 5902; baseline -0.013 -1"><span class='ocrx_word' id='word_1_965' title='bbox 616 5839 878 5902; x_wconf 62' lang='lat' dir='ltr'>Paraoa.</span> <span class='ocrx_word' id='word_1_966' title='bbox 907 5835 1151 5901; x_wconf 84' lang='lat' dir='ltr'>CLVII.</span> 
     </span>
    </p>
   </div>
   <div class='ocr_carea' id='block_1_119' title="bbox 2113 5696 3603 5775">
    <p class='ocr_par' dir='ltr' id='par_1_119' title="bbox 2113 5696 3603 5775">
     <span class='ocr_line' id='line_1_119' title="bbox 2113 5696 3603 5775; baseline -0.001 -19"><span class='ocrx_word' id='word_1_967' title='bbox 2113 5715 2148 5756; x_wconf 89' lang='grc' dir='ltr'>ο</span> <span class='ocrx_word' id='word_1_968' title='bbox 2183 5696 2357 5755; x_wconf 87' lang='lat' dir='ltr'>adhuc</span> <span class='ocrx_word' id='word_1_969' title='bbox 2382 5711 2555 5770; x_wconf 88' lang='lat' dir='ltr'>parvo</span> <span class='ocrx_word' id='word_1_970' title='bbox 2580 5703 2907 5769; x_wconf 89' lang='lat' dir='ltr'>perseveret,</span> <span class='ocrx_word' id='word_1_971' title='bbox 2939 5712 3039 5754; x_wconf 91' lang='lat' dir='ltr'>nec</span> <span class='ocrx_word' id='word_1_972' title='bbox 3066 5696 3390 5758; x_wconf 87' lang='lat' dir='ltr'>adversitate</span> <span class='ocrx_word' id='word_1_973' title='bbox 3421 5697 3603 5775; x_wconf 80' lang='lat' dir='ltr'>aliqua</span> 
     </span>
    </p>
   </div>
   <div class='ocr_carea' id='block_1_120' title="bbox 3246 5823 3326 5882">
    <p class='ocr_par' dir='ltr' id='par_1_120' title="bbox 3246 5823 3326 5882">
     <span class='ocr_line' id='line_1_120' title="bbox 3246 5823 3326 5882; baseline 0 0"><span class='ocrx_word' id='word_1_974' title='bbox 3246 5823 3326 5882; x_wconf 83' lang='lat'>38</span> 
     </span>
    </p>
   </div>
  </div>
