4042 6080
484 235 625 292 1035

1615 229 1956 287 WERNERI
1993 231 2279 287 ABBATIS
2319 233 2380 288 S.
2429 233 2652 292 BLASII

3647 247 3673 300 1
3686 245 3790 302 036

489 357 705 414 deficiat
731 372 831 426 per
861 355 1117 412 virtutem
1151 354 1274 420 Dei,
1307 369 1432 409 cum
1464 354 1639 425 prima
1686 355 1946 410 voluntas
1995 356 2084 412 ho-
2113 357 2168 417 A
2197 357 2465 413 inventus.
2503 359 2613 415 Sed
2644 360 2907 432 decipior,
2940 363 3138 436 inquis,
3189 375 3388 437 putans
3435 385 3523 426 me
3571 371 3791 428 satisfe-

489 446 652 502 minis
681 445 835 500 fortis
863 453 917 500 et
945 459 1080 499 sana
1109 443 1162 498 in
1195 444 1339 499 bono
1365 443 1630 514 ampliore
1663 460 1773 500 non
1824 461 2087 514 perseve-

491 543 654 602 raret,
689 533 936 606 quamvis
991 549 1103 588 non
1162 533 1231 588 de
1289 532 1472 588 futuro
1519 533 1749 602 ajutorio
1794 534 1914 602 Dei,
1968 535 2086 590 sine

491 649 599 706 quo
629 649 737 689 non
769 639 952 703 posset
980 645 1361 703 perseverare,
1394 630 1439 684 si
1471 630 1636 685 vellet
1657 631 1907 702 quamvis
1938 632 2086 686 nulla

487 721 613 795 lege
641 729 980 794 repugnante
1010 721 1067 775 in
1095 719 1358 775 membris
1386 721 1643 792 quamvis
1676 729 1896 776 terrena
1928 721 2084 776 habi-

490 811 691 868 tatione
719 811 964 868 nondum
995 825 1220 866 sensum
1249 810 1369 879 ejus
1397 809 1765 881 deprimente.

1048 944 1123 1000 De
1149 943 1490 1017 paenitentia
1503 983 1517 998 .

561 1059 701 1130 Quia
730 1058 787 1114 in
813 1057 1085 1132 praemisis
1111 1057 1294 1129 aliqua
1323 1058 1391 1113 de
1431 1057 1590 1129 lapsu
1640 1056 1806 1129 primi
1852 1057 2086 1114 hominis

491 1148 890 1218 denotavimus,
921 1155 1090 1203 restat
1119 1154 1178 1202 ut
1203 1153 1258 1202 et
1284 1147 1462 1218 aliqua
1505 1147 1574 1202 de
1626 1147 1946 1218 poenitentia
1996 1147 2086 1202 lo-

492 1255 744 1312 quamur.
778 1236 1098 1293 Poenitentia
1127 1235 1232 1290 alia
1263 1244 1346 1291 est
1376 1235 1633 1303 exterior,
1686 1236 1792 1291 alia
1835 1236 2081 1291 interior.

491 1336 812 1393 Pmnitentia
841 1334 1087 1392 exterior
1116 1343 1200 1390 est
1229 1334 1286 1388 in
1319 1333 1612 1390 afflictione
1651 1335 1854 1404 carnis,
1907 1334 2084 1406 poeni-

487 1423 653 1478 tentia
680 1421 908 1476 interior
935 1427 1019 1476 est
1051 1419 1106 1473 in
1140 1419 1464 1475 contritione
1497 1419 1702 1475 cordis.
1754 1421 1859 1474 Per
1901 1419 2084 1490 poeni-

485 1510 714 1567 tentiam
742 1509 1063 1565 exteriorem
1094 1507 1392 1580 castigatur
1437 1507 1602 1580 culpa
1647 1508 1802 1579 pravi
1849 1508 2032 1579 operis
2064 1527 2079 1575 ;

486 1623 586 1680 per
613 1606 984 1679 paenitentiam
1015 1605 1332 1661 interiorem
1364 1605 1681 1662 emendatur
1709 1621 1892 1677 pravae
1921 1605 2083 1677 culpa

485 1695 802 1752 voluntatis.
844 1693 1155 1750 Secundum
1186 1693 1537 1766 quantitatem
1593 1693 1776 1750 delicti
1824 1709 2084 1784 mensura
2109 1723 2163 1784 Β

486 1783 846 1856 correptionis
874 1783 1158 1855 pensanda
1187 1790 1289 1838 est.
1321 1783 1503 1855 Agite,
1537 1782 1749 1854 inquid,
1781 1782 1989 1839 fructus
2009 1783 2080 1836 di-

483 1897 624 1956 gnos
651 1879 999 1951 poenitentiae.
1033 1879 1195 1934 Aliud
1216 1878 1362 1934 enim
1387 1887 1471 1934 est
1501 1879 1705 1936 fructus
1743 1880 2078 1951 pmnitentia:

481 1970 630 2026 aliud
657 1969 777 2042 ipsa
825 1969 1165 2040 poenitentia.
1227 1968 1377 2024 Sicut
1434 1967 1580 2023 aliud
1619 1977 1726 2024 ’est
1781 1969 1962 2036 arbor,
2025 1977 2077 2024 et

477 2059 628 2115 aliud
661 2059 861 2114 fructus
891 2058 1030 2126 ejus,
1061 2057 1142 2113 sic
1170 2056 1319 2111 aliud
1351 2064 1432 2112 est
1461 2058 1796 2128 poenitentia,
1829 2065 1879 2112 et
1927 2057 2074 2112 aliud

475 2157 682 2214 fructus
712 2157 856 2225 ejus.
898 2155 1224 2210 Pmnitentia
1264 2155 1409 2210 enim
1454 2165 1534 2210 est
1584 2155 1745 2211 dolor
1791 2155 2070 2226 praeteriti,

476 2246 703 2319 quando
731 2245 888 2300 doles
918 2252 970 2300 te
998 2243 1199 2299 feciSse
1235 2243 1383 2316 quod
1433 2244 1637 2298 malum
1687 2251 1787 2298 est.
1841 2243 2072 2313 Quando

473 2350 606 2406 ergo
635 2332 913 2404 improbas
942 2340 996 2387 et
1046 2333 1273 2386 damnas
1329 2331 1472 2386 mala
1528 2339 1640 2398 tua,
1698 2332 2071 2403 pcenitentiam

474 2432 673 2488 habes.
713 2430 945 2500 Quando
977 2437 1157 2486 autem
1186 2429 1556 2486 satisfactione
1603 2431 1971 2502 subsequente
2019 2439 2071 2488 et

469 2520 632 2592 punis
661 2528 715 2576 et
742 2519 979 2590 corrigis
1006 2519 1148 2574 mala
1177 2526 1288 2584 tua,
1323 2517 1532 2574 fructus
1583 2520 1915 2590 pcenitentize
1965 2521 2065 2575 ha-

473 2610 592 2666 bes.
653 2610 710 2665 Si
765 2608 1018 2680 displicet
1075 2608 1172 2662 tibi
1229 2607 1378 2679 quod
1440 2605 1637 2675 fecisti,
1691 2608 2066 2679 paenitentiam

467 2707 614 2780 agis.
654 2707 711 2763 Si
741 2705 1092 2778 persequeris
1123 2713 1175 2760 et
1209 2705 1370 2776 punis
1415 2705 1562 2777 quod
1609 2703 1807 2772 fecisti,
1859 2706 2066 2763 fructus

470 2797 803 2866 paenitentiae
831 2795 971 2868 agis.
1025 2794 1349 2849 Poenitentia
1399 2803 1486 2850 est
1528 2793 1657 2850 facti
1713 2795 2061 2866 improbatio,

467 2885 675 2942 fructus
703 2882 1032 2957 pmnitentiae
1063 2890 1145 2938 est
1175 2883 1360 2938 delicti
1414 2884 1709 2939 correctio.
1770 2883 1879 2938 Sed
1937 2884 2064 2956 quia

467 2985 772 3042 secundum
803 2999 1122 3038 mensuram
1174 2982 1358 3038 delicti
1399 2998 1659 3037 mensura
1707 2983 2063 3039 correctionis

464 3082 546 3130 est
574 3072 880 3145 pensanda,
914 3072 1036 3127 ideo
1065 3071 1273 3127 fructus
1301 3072 1640 3143 poenitentiae
1663 3072 1860 3143 dignos
1881 3074 2062 3128 facere
2093 3083 2141 3146 Ο

465 3171 698 3234 oportet.
736 3162 791 3217 Si
822 3161 877 3215 in
908 3161 1250 3216 correctione
1297 3161 1476 3216 minor
1505 3169 1559 3216 et
1615 3160 1841 3216 afflictio
1895 3177 2058 3233 quam

464 3260 521 3314 in
551 3260 710 3330 culpa
744 3257 1030 3314 delectatio
1062 3256 1182 3325 fuit,
1216 3272 1326 3313 non
1356 3266 1436 3312 est
1467 3258 1666 3328 dignus
1697 3256 1899 3313 fructus
1944 3274 2060 3329 poe-

463 3348 720 3404 nitentiae.
755 3345 867 3400 Sed
900 3345 1039 3401 dicis
1071 3345 1202 3399 mihi
1237 3363 1248 3397 :
1284 3344 1568 3414 Quomodo
1618 3348 1760 3401 Scire
1812 3363 2057 3418 possum,

464 3437 686 3507 quando
713 3434 987 3505 condigna
1018 3434 1086 3488 sit
1115 3434 1432 3505 poenitentia
1464 3452 1579 3488 mea
1599 3435 1626 3488 ?
1649 3435 1786 3504 Quia
1808 3436 1950 3491 scire
1975 3437 2058 3492 hic

461 3551 574 3590 non
604 3541 776 3604 potes,
809 3533 931 3587 ideo
962 3549 1188 3587 necesse
1219 3533 1386 3587 habes
1406 3549 1621 3603 semper
1655 3535 1934 3603 paenitere.
1959 3535 2059 3589 Sa-

459 3622 712 3678 tisfacere
743 3632 900 3692 potes
935 3641 946 3674 :
981 3621 1140 3674 nimis
1171 3620 1354 3676 facere
1385 3638 1494 3675 non
1523 3631 1699 3692 potes.
1748 3624 1943 3678 Melius
1976 3632 2058 3678 est

460 3719 520 3767 ut
549 3711 669 3782 plus
700 3709 871 3764 facias
901 3725 1060 3780 quam
1091 3708 1289 3763 minus.
1325 3709 1538 3764 Idcirco
1596 3710 1862 3766 sollicitus
1912 3721 2054 3778 esto,

461 3806 674 3871 satage,
705 3798 774 3853 da
800 3813 1039 3870 operam,
1073 3795 1314 3852 studium
1359 3797 1632 3869 impende,
1678 3806 1735 3853 ut
1778 3800 1938 3871 culpa
1989 3801 2059 3856 sit

463 3910 586 3951 cum
614 3893 746 3960 fine,
777 3892 993 3949 devotio
1023 3893 1140 3948 sine
1195 3891 1320 3948 fine.
1380 3893 1588 3948 Tamen
1645 3899 1704 3948 ut
1762 3894 2054 3967 aliquando

460 3981 744 4055 peccatrix
774 3979 1108 4037 conscientia
1139 3980 1472 4047 consoletur,
1506 3981 1716 4053 positus
1749 3990 1832 4038 est
1861 3984 2056 4039 modus

460 4080 516 4128 et
543 4086 797 4128 mensura
826 4069 1156 4142 poenitentiae
1188 4069 1493 4136 exterioris,
1553 4079 1610 4126 ut
1665 4070 1757 4126 illa
1815 4073 2052 4145 expleta,

461 4168 548 4228 vel
576 4168 876 4241 perfectam
904 4167 1160 4223 fiduciam
1193 4167 1395 4224 habere
1439 4167 1692 4239 incipias,
1752 4177 1807 4225 et
1861 4187 2054 4227 secura

459 4259 692 4330 quadam
722 4257 1160 4329 praesumptione,
1196 4256 1250 4310 in
1281 4273 1378 4328 spe
1419 4257 1808 4315 misericordias
1858 4260 2056 4318 divina

459 4347 529 4404 de
557 4345 897 4418 indulgentia
925 4355 977 4401 et
1007 4345 1328 4401 remissione
1359 4355 1713 4415 peccatorum
1753 4347 2049 4417 confidere,

2194 454 2356 523 cisse,
2390 473 2510 512 cum
2544 473 2648 512 non
2682 459 3068 516 satisfecerim.
3108 464 3206 520 Ille
3239 467 3374 520 mihi
3426 467 3676 537 injunxit,
3731 478 3791 524 ut

2193 551 2397 598 tantum
2431 545 2668 601 facerem
2704 567 2717 613 ;
2750 557 2804 603 et
2831 566 2939 605 non
2995 553 3226 622 amplius
3286 556 3417 610 mihi
3473 558 3735 628 praecepit
3769 576 3785 612 :

2195 648 2320 688 ecce
2359 641 2528 688 totum
2569 635 2793 705 perfeci,
2824 647 2876 692 et
2919 656 3024 695 non
3083 642 3350 699 satisfeci.
3421 644 3570 700 Vade
3629 647 3794 717 quasi

2193 746 2417 786 securus
2449 733 2516 787 ad
2549 734 2723 789 Deum
2755 745 2950 806 putans
2981 755 3070 794 me
3122 740 3453 798 satisfecisse
3508 743 3604 808 illi,
3663 761 3789 801 cum

2193 821 2375 876 adhuc
2410 830 2601 878 teneor
2655 825 2947 892 obligatus,
3020 828 3144 900 quia
3209 846 3320 886 non
3388 832 3779 890 satisfecerim.

2195 909 2381 978 Quare
2409 927 2560 983 ergo,
2596 912 2801 985 inquis,
2837 914 3040 972 factum
3071 926 3172 984 est,
3205 929 3262 975 ut
3310 920 3471 976 talem
3523 923 3787 980 sacerdo-

2195 1017 2302 1063 tem
2333 1025 2442 1064 non
2472 1010 2726 1079 habeam,
2759 1013 2851 1084 qui
2901 1015 3034 1069 mihi
3089 1016 3232 1073 dicat
3269 1036 3282 1071 :
3343 1021 3458 1076 Hoc
3519 1025 3789 1093 oportet?

2192 1097 2331 1152 Audi
2361 1115 2550 1170 quare.
2587 1100 2814 1174 Propter
2851 1113 3074 1174 peccata
3123 1113 3211 1161 tua
3272 1106 3473 1164 factum
3521 1119 3606 1166 est
3655 1112 3785 1180 hoc,

2195 1187 2389 1256 quibus
2418 1189 2687 1256 meruisti,
2721 1199 2780 1246 ut
2807 1193 3013 1248 malum
3045 1193 3299 1266 haberes,
3356 1199 3552 1268 quibus
3601 1199 3647 1255 si
3695 1201 3788 1256 di-

2193 1283 2379 1340 stricte
2405 1286 2754 1356 judicareris,
2788 1298 2840 1345 et
2871 1291 2956 1347 hic
2981 1308 3262 1349 merueras
3293 1302 3348 1350 ut
3378 1297 3582 1352 nullum
3611 1298 3787 1355 habe-

2193 1388 2302 1427 res.
2338 1372 2496 1442 Quia,
2528 1375 2702 1447 inquit
2733 1377 3029 1450 Scriptura,
3086 1405 3108 1430 -
3145 1399 3382 1454 regnare
3432 1384 3562 1442 facit
3607 1388 3786 1459 hypo-

2192 1460 2382 1517 critam
2410 1472 2639 1535 propter
2666 1476 2888 1536 peccata
2917 1469 3100 1541 populi
3130 1472 3250 1544 (Job
3284 1473 3416 1543 xrv).
3456 1500 3479 1523 ιι
3540 1475 3611 1530 Et
3667 1477 3739 1531 ait
3768 1495 3785 1533 :

2197 1583 2218 1607 ε
2252 1560 2373 1632 Ego
2401 1561 2778 1622 adhaerescere
2807 1565 3002 1623 faciam
3026 1569 3269 1644 linguam
3293 1579 3440 1628 tuam
3463 1574 3644 1646 palato
3665 1578 3785 1644 tuo,

2191 1665 2291 1705 nec
2320 1651 2428 1705 eris
2461 1652 2617 1724 quasi
2644 1655 2726 1709 vir
2753 1656 3084 1728 objurgans,
3117 1661 3245 1732 quia
3269 1662 3532 1719 Dominus
3553 1680 3787 1736 exaspe-

2195 1753 2322 1793 rans
2353 1749 2430 1795 cst
2455 1741 2671 1812 (Ezech.
2696 1746 2801 1815 in).
2829 1768 2850 1794 ι»
2877 1747 3017 1801 Nam
3040 1755 3097 1803 ut
3121 1750 3265 1805 scias
3287 1751 3411 1823 quia
3435 1752 3638 1809 malitia
3677 1757 3788 1814 hoc

2187 1834 2331 1904 fecit,
2363 1838 2487 1894 vide
2518 1839 2608 1895 ubi
2641 1849 2758 1898 erat
2786 1843 3004 1900 devotio
3035 1853 3152 1901 tua.
3193 1847 3249 1903 Si
3291 1849 3436 1905 enim
3483 1851 3785 1922 perfectam

2184 1925 2527 1982 devotionem
2558 1929 2866 1999 habuisses,
2899 1933 3064 1988 etiam
3091 1935 3240 1992 nullo
3257 1938 3600 1996 admonente
3649 1959 3783 1998 ces-

2183 2031 2302 2070 sare
2334 2023 2511 2072 tamen
2541 2020 2840 2089 potuisses.
2880 2023 3038 2079 Nunc
3085 2033 3271 2081 autem
3319 2027 3540 2100 pigritia
3587 2039 3682 2086 tua
3724 2042 3784 2089 et

2183 2113 2518 2186 negligentia
2547 2117 2892 2173 occasionem
2928 2121 3145 2177 tortoris
3192 2125 3447 2194 qua-sivit
3490 2143 3599 2182 non
3648 2145 3782 2185 cor-

2182 2209 2472 2258 rectorum.
2507 2204 2576 2258 Et
2608 2206 2741 2260 vidit
2773 2208 2874 2264 hoc
2896 2210 3062 2277 Deus,
3113 2219 3167 2266 et
3219 2212 3367 2268 dedit
3423 2215 3518 2271 tibi
3573 2233 3784 2274 secun-

2179 2289 2309 2344 dum
2341 2306 2436 2346 cor
2468 2301 2615 2348 tuum
2639 2304 2691 2349 ut
2723 2312 2831 2352 non
2861 2297 3140 2356 invenires
3172 2303 3317 2374 quod
3337 2319 3446 2360 non
3491 2307 3785 2378 quasrebas

2177 2388 2456 2458 accipere.
2497 2391 2612 2447 Nec
2644 2402 2822 2449 tamen
2856 2396 2984 2452 dico
3011 2406 3068 2453 ut
3099 2399 3380 2471 desperes,
3414 2403 3626 2460 etiamsi
3669 2409 3783 2464 hoc

2176 2478 2471 2549 contingat,
2505 2489 2561 2535 ut
2590 2482 2752 2538 homo
2783 2485 2875 2556 qui
2933 2488 3176 2543 exterius
3223 2491 3482 2547 curandis
3529 2494 3779 2551 vulveni-

2174 2564 2280 2620 bus
2319 2576 2669 2637 peccatorum
2710 2573 3168 2631 medicamentum
3223 2581 3494 2650 apponit,
3563 2582 3777 2656 aliquid

2174 2665 2352 2718 minus
2391 2663 2666 2722 sufﬁciens
2706 2670 2934 2728 tribuat.
2983 2674 3140 2744 Saepe
3198 2677 3346 2748 quod
3401 2677 3580 2735 minus
3637 2680 3777 2738 foris

2173 2752 2374 2822 agitur,
2417 2754 2691 2812 efficacius
2735 2759 2880 2815 intus
2919 2773 3201 2832 Operatur.
3254 2767 3312 2819 In
3369 2783 3534 2838 parvo
3596 2786 3778 2840 opere

2173 2857 2373 2911 magna
2391 2843 2608 2901 devotio
2638 2863 2762 2902 esse
2788 2858 2998 2919 potest.
3037 2852 3213 2909 Homo
3244 2855 3391 2910 videt
3419 2856 3472 2910 in
3523 2857 3719 2914 faciem
3757 2876 3772 2929 ;

2175 2938 2320 2992 Deus
2349 2947 2526 2996 autem
2562 2942 2804 3000 intuetur
2833 2963 2956 3002 cor.
2995 2950 3082 3014 Et,
3116 2959 3173 3005 ut
3205 2951 3380 3007 minus
3406 2954 3607 3025 dicam,
3639 2974 3772 3013 ma-

2171 3043 2340 3098 gnum
2371 3038 2472 3094 est,
2507 3031 2552 3085 si
2582 3032 2636 3086 in
2667 3033 2770 3090 hac
2800 3036 2910 3091 vita
2938 3036 3182 3109 incipere
3211 3043 3416 3111 possis,
3461 3052 3515 3100 et
3561 3046 3608 3100 si
3655 3062 3774 3104 non

2173 3115 2444 3185 proticias.
2485 3120 2629 3175 Nam
2659 3130 2712 3176 et
2740 3133 2864 3194 post
2895 3136 3121 3183 mortem
3145 3129 3291 3202 ignis
3313 3132 3533 3203 quidam
3565 3152 3773 3208 purga-

2169 3215 2341 3268 torius
2362 3215 2579 3288 dicitur,
2615 3220 2706 3274 ubi
2737 3233 3047 3293 purgantur
3076 3235 3129 3281 et
3157 3229 3492 3286 mundantur
3539 3233 3630 3304 qui
3680 3235 3774 3291 hic

2169 3313 2451 3372 coeperunt
2475 3315 2529 3362 et
2558 3323 2664 3363 non
2696 3311 3066 3380 perfecerunt.
3103 3315 3211 3378 Qui
3240 3328 3421 3374 autem
3448 3320 3503 3374 in
3534 3321 3636 3378 hac
3657 3324 3773 3380 vita

2169 3407 2271 3447 nec
2299 3393 2538 3465 incipere
2572 3398 2882 3466 voluerunt,
2913 3402 2989 3457 ibi
3036 3419 3419 3464 consummare
3468 3425 3578 3465 non
3628 3428 3768 3482 pos-

2169 3500 2316 3546 sunt.
2357 3492 2565 3561 Quibus
2595 3505 2778 3552 autem
2810 3500 2896 3555 hic
2943 3505 3343 3560 correctionem
3393 3524 3550 3564 suam
3607 3511 3771 3568 datur

2169 3579 2435 3652 incipere,
2467 3585 2631 3639 etiam
2661 3587 2708 3641 si
2737 3587 3005 3658 perficere
3034 3607 3142 3647 non
3174 3595 3355 3661 datur,
3407 3597 3519 3654 illic
3567 3615 3768 3656 corre-

2166 3669 2360 3724 ctionis
2391 3674 2653 3742 perfectio
2684 3688 3018 3736 reservatur.
3077 3683 3283 3738 Tamen
3333 3686 3492 3741 tutius
3537 3690 3764 3746 omnino

2165 3775 2268 3832 est,
2300 3775 2354 3822 ut
2386 3768 2470 3824 hic
2496 3779 2546 3825 et
2575 3771 2818 3844 incipere
2849 3784 2902 3830 et
2929 3775 3200 3847 perﬁcere
3221 3783 3542 3848 contendas,
3569 3792 3629 3839 ut
3648 3785 3764 3843 illic

2164 3855 2298 3910 nihil
2327 3856 2636 3915 faciendum
2671 3863 2765 3917 tibi
2796 3865 2881 3918 vel
2911 3867 3233 3937 patiendum
3265 3874 3524 3941 supersit.
3550 3873 3764 3932 Durum

2165 3951 2250 3998 est
2279 3952 2546 4004 tormenta
2573 3949 2669 4006 illa
2688 3952 2773 4007 vel
2803 3954 2872 4010 ad
2904 3956 3185 4013 modicum
3213 3961 3437 4028 sentire,
3472 3972 3766 4035 propterea

2165 4041 2329 4096 tutius
2357 4045 2579 4102 omnino
2609 4047 2704 4102 tibi
2733 4057 2816 4106 est
2861 4060 2918 4106 ut
2972 4053 3061 4110 hic
3113 4051 3344 4127 incipias
3400 4066 3452 4114 et
3505 4061 3767 4130 perficias

2167 4131 2312 4221 quod
2342 4132 2526 4191 facere
2554 4136 2751 4194 debes.
2789 4138 2946 4209 Quod
2970 4142 3017 4197 si
3043 4143 3133 4200 hic
3150 4144 3420 4216 perﬁcere
3439 4163 3551 4204 non
3568 4158 3765 4221 potue-

2165 4219 2264 4287 ris,
2296 4221 2343 4276 si
2373 4231 2549 4280 tamen
2576 4225 2937 4299 inchoaveris,
2985 4232 3100 4289 noli
3149 4233 3472 4306 desperare,
3517 4260 3540 4288 ι
3570 4219 3765 4297 salvus

2165 4317 2291 4387 eris,
2316 4320 2394 4376 sic
2416 4329 2597 4378 tamen
2614 4325 2768 4396 quasi
2789 4343 2890 4398 per
2911 4328 3096 4402 ignem
3117 4331 3169 4402 (Ι
3183 4332 3307 4389 Cor.
3330 4335 3431 4404 ut).
3468 4357 3490 4383 υ
3536 4338 3764 4395 Ardehit

459 4452 516 4501 et
542 4452 693 4499 tanto
713 4407 925 4509 verius,
961 4450 1163 4514 quanto
1206 4442 1392 4515 utique
1442 4443 1716 4500 sincerius
1758 4445 2053 4516 iniunctam
2085 4445 2138 4506 D
2168 4407 2616 4516 3‘}{‘,‘_°_’“*,§°“°‘¥
2644 4426 3047 4516 °°°39mP‘“m_
3075 4419 3240 4476 fuam
3283 4424 3764 4516 fi“°d_c”mmlle

459 4532 835 4607 paenitentiam
869 4531 1206 4602 expleveris.

530 4638 640 4694 Sed
667 4637 897 4694 fortasse
928 4636 1024 4692 tibi
1052 4636 1215 4692 tacita
1263 4635 1600 4710 cogitatione
1648 4640 1990 4711 respondeas
2039 4657 2053 4697 :

453 4727 762 4799 Quomodo,
795 4726 993 4799 inquis,
1029 4735 1209 4781 certus
1239 4741 1365 4780 esse
1397 4743 1620 4796 possum
1651 4729 1718 4784 de
1751 4731 1908 4785 venia
1932 4747 2058 4802 pro-

450 4825 574 4889 pter
602 4815 980 4888 pasnitentiam
1013 4822 1066 4871 et
1095 4813 1520 4870 satisfactionem
1570 4817 1639 4872 ab
1690 4818 1910 4875 homine
1962 4820 2052 4874 in-

450 4908 714 4978 junctam,
748 4905 913 4961 etiam
944 4905 990 4959 si
1038 4903 1186 4958 illam
1217 4904 1465 4960 studiose
1494 4905 1870 4977 complevere,
1923 4923 2048 4966 cum

451 4997 572 5067 ipse
599 4997 781 5060 homo,
815 4994 902 5051 cui
946 5001 1169 5065 peccata
1227 5009 1346 5048 mea
1401 4993 1686 5062 confiteor,
1755 5013 1902 5068 saepe
1960 5007 2053 5054 aut

449 5093 758 5164 ignorantia
786 5089 994 5147 nesciat
1028 5131 1041 5155 ,
1084 5097 1177 5144 aut
1234 5090 1573 5163 negligentia
1628 5109 1738 5148 non
1796 5096 2048 5152 conside-

446 5189 532 5236 ret
561 5181 777 5252 qualem
805 5181 952 5245 mihi,
1005 5179 1307 5235 secundum
1355 5180 1574 5235 modum
1624 5190 1677 5236 et
1728 5199 2045 5239 mensuram

449 5269 654 5332 delicti,
687 5269 883 5324 debeat
904 5267 1330 5323 satisfactionem
1356 5268 1646 5341 injungere
1663 5274 1691 5325 ἱ)
1714 5273 1802 5326 Ad
1828 5276 1928 5330 hoc
1951 5275 2047 5330 tibi

449 5363 690 5416 breviter
718 5361 1023 5431 respondeo
1054 5361 1182 5432 quia
1212 5361 1257 5414 si
1289 5362 1450 5417 homo
1481 5365 1658 5419 nescit
1709 5367 1856 5423 Deus
1907 5370 2035 5425 scit.

447 5460 527 5514 Tu
560 5468 737 5513 tamen
769 5457 852 5512 fac
883 5458 1025 5529 quod
1057 5458 1150 5512 tibi
1201 5459 1538 5528 praecipitur,
1603 5463 1867 5519 obediens
1926 5477 2042 5522 esto

446 5550 500 5604 in
529 5565 595 5604 eo
625 5547 772 5619 quod
815 5547 909 5600 tibi
951 5547 1197 5614 jubetur.
1258 5548 1446 5602 Videat
1502 5551 1648 5605 Deus
1693 5552 2040 5611 devotionem

442 5647 610 5706 tuam,
648 5634 809 5691 etiam
831 5634 874 5688 si
905 5633 1069 5688 homo
1113 5651 1218 5688 non
1270 5637 1541 5710 condigne
1589 5641 1904 5698 moderetur
1959 5645 2039 5698 af-

441 5725 739 5783 ﬂictionem
769 5729 938 5779 tuam.
969 5721 1151 5777 Perire
1183 5737 1291 5778 non
1321 5732 1498 5794 potes,
1531 5726 1577 5782 si
1606 5728 1836 5786 devotus
1867 5731 2036 5791 fueris

2167 4504 2378 4567 portas.
2417 4500 2499 4555 Tu
2527 4510 2712 4558 autem
2740 4505 2921 4562 salvus
2971 4509 3082 4564 eris
3129 4511 3388 4581 quoniam
3435 4513 3762 4575 fundamen-

2168 4593 2281 4641 tum
2310 4586 2369 4642 in
2398 4596 2451 4645 te
2476 4593 2779 4662 permansit
2807 4595 3090 4654 eharitatis
3118 4599 3240 4656 Dei.

2786 4719 2871 4776 Dn
2909 4737 3141 4780 mvrnu.

2233 4833 2397 4892 Livor
2425 4837 2588 4895 alieni
2648 4843 2775 4898 boni
2831 4861 2992 4902 suum
3048 4850 3198 4920 punit
3251 4861 3559 4911 auctorem.
3621 4859 3761 4915 Nam

2161 4926 2307 4981 unde
2337 4926 2514 4983 bonus
2557 4930 2785 5001 proficit,
2835 4934 2963 4991 inde
3012 4939 3184 4994 malus
3234 4945 3598 5000 contabescit.
3651 4949 3758 5005 Ho-

2161 5015 2334 5070 mines
2362 5033 2529 5087 prave
2561 5020 2805 5076 videntes
2849 5024 2988 5081 sicut
3047 5027 3116 5083 de
3172 5030 3445 5087 bonorum
3511 5035 3760 5107 lapsibus

2157 5115 2521 5185 gratulantur,
2558 5118 2628 5172 ita
2658 5119 2727 5174 de
2758 5138 2946 5178 eorum
2975 5134 3122 5182 recte
3151 5127 3308 5184 factis
3338 5129 3577 5204 bonique
3619 5151 3753 5206 per-

2159 5207 2471 5261 severantia
2519 5208 2953 5268 confunduntur.
3023 5215 3248 5272 invidus
3304 5223 3613 5277 membrum
3671 5235 3759 5280 est

2155 5290 2380 5356 diaboli,
2411 5296 2479 5349 ob
2511 5299 2663 5365 cujus
2692 5298 2950 5356 invidiam
2982 5320 3131 5359 mors
3175 5307 3410 5364 introivit
3457 5311 3513 5366 in
3562 5313 3756 5368 orbem

2155 5387 2450 5452 terrarum,
2477 5387 2618 5441 sicut
2649 5397 2701 5442 et
2731 5391 3002 5460 superbus
3034 5396 3341 5452 membrum
3391 5409 3475 5455 est
3521 5401 3748 5469 diaboli,

2152 5470 2221 5524 de
2251 5487 2358 5542 quo
2391 5474 2657 5545 scriptum
2689 5485 2771 5532 est
2807 5498 2818 5533 :
2883 5503 2906 5528 α
2947 5480 3122 5539 Omne
3181 5487 3417 5544 sublime
3471 5489 3634 5554 videt,
3697 5500 3750 5548 et

2151 5558 2268 5628 ipse
2290 5569 2373 5614 est
2394 5578 2482 5615 rex
2505 5580 2669 5634 super
2688 5582 2876 5623 omnes
2900 5569 3038 5626 filios
3061 5576 3332 5643 superbiae
3375 5578 3490 5644 (Job
3538 5586 3682 5649 xu).
3719 5602 3743 5631 ι

2148 5647 2306 5701 Nulla
2339 5659 2420 5704 est
2450 5651 2645 5721 virtus,
2679 5671 2799 5728 quae
2823 5673 2931 5713 non
2980 5660 3176 5717 habeat
3218 5666 3554 5722 contrarium
3603 5647 3745 5726 invi-

2149 5734 2252 5793 diae
2279 5737 2503 5797 malum.
2537 5741 2674 5802 Sola
2700 5743 2926 5804 miseria
2971 5757 3116 5806 caret
3157 5750 3379 5823 invidia,
3433 5753 3559 5828 quia
3577 5772 3744 5815 nemo
