4042 6080
244 268 381 321 1037

1302 260 1889 333 DEFLORATIONES
1945 261 2043 318 SS.
2088 260 2396 325 PATRUM.
2438 292 2504 304 -—-
2543 263 2671 319 LIB.
2722 264 2792 319 II.

3406 262 3544 339 1033

232 384 439 443 invidet
466 388 693 455 misero,
744 387 832 443 cui
880 387 968 443 cui
1004 402 1199 443 revera
1234 402 1343 443 non
1381 387 1522 442 livor
1557 386 1832 454 objicitur,
1864 386 1920 447 A
1950 386 2081 441 nihil
2118 394 2220 455 est,
2263 403 2381 460 quae
2453 387 2703 459 primitus
2784 387 2961 456 ipsum
3045 394 3325 453 auctorem
3378 387 3542 459 rodit,

236 473 335 527 sed
376 472 498 528 sola
561 472 933 528 misericordia
996 472 1311 527 adhibetur.
1360 473 1510 527 Multi
1567 478 1618 525 et
1658 471 1831 526 bonos

234 560 429 616 imitari
461 561 673 629 nolunt,
715 569 769 617 et
822 562 892 616 de
931 561 1199 616 bonorum
1238 560 1571 633 perfectibus
1610 559 1831 614 invidiae

227 649 405 706 livore
434 651 855 707 conlabascunt.
904 649 1024 719 Quo
1054 648 1113 704 fit
1142 659 1200 705 ut
1226 666 1329 706 nec
1367 649 1446 704 illi
1484 648 1832 719 corrigantur

229 760 266 800 a
293 745 439 801 malo
470 761 589 813 suo,
623 746 720 800 sed
750 763 851 816 per
880 745 1139 800 invidiam
1170 745 1596 811 deteriorentur,
1641 752 1695 799 et
1725 744 1828 799 bo-

224 849 329 889 nos
369 852 400 889 a
427 842 576 891 recto
616 835 797 889 studio
823 842 1083 905 quantum
1140 833 1197 889 in
1228 834 1363 905 ipsis
1403 842 1506 897 est,
1542 833 1591 889 si
1630 840 1828 904 potue-

226 923 356 991 rint,
387 923 696 996 depravare
726 932 1010 980 conentur.
1045 922 1280 993 Quando
1309 924 1438 979 boui
1468 923 1642 978 malos
1662 922 1828 993 profi-

228 1036 358 1077 cere
389 1021 592 1088 vident,
628 1021 1171 1089 nescandalizentur,
1204 1022 1303 1078 sed
1333 1038 1492 1095 quem
1519 1022 1628 1076 sint
1664 1019 1829 1077 ﬁnem

229 1109 469 1165 habituri
492 1110 725 1167 maxime
763 1111 1030 1183 cogitent.
1075 1113 1191 1167 Hoc
1220 1111 1397 1167 omnis
1442 1111 1665 1166 invidus
1686 1110 1825 1166 alie-

229 1207 316 1263 nis
346 1208 634 1263 virtutibus
663 1216 883 1280 prastat
911 1227 923 1263 :
966 1210 1111 1281 quod
1140 1210 1301 1265 beato
1350 1209 1457 1265 Job
1487 1210 1652 1264 Satan
1684 1226 1828 1279 prae-

231 1297 366 1353 stitit
396 1299 530 1367 (Job.
564 1298 621 1367 1).
654 1300 795 1353 Nam
826 1299 956 1354 dum
1010 1300 1312 1355 cumulatus
1370 1299 1828 1370 prosperitatibus

229 1387 530 1443 commovit
594 1387 846 1454 adversa,
909 1405 1087 1443 unum
1129 1404 1251 1444 eum
1310 1388 1541 1444 credidit
1577 1387 1829 1443 diabolus

232 1492 398 1548 posse
424 1477 716 1548 prosterni,
747 1478 801 1531 in
826 1492 891 1533 eo
919 1484 1084 1533 aucta
1122 1485 1247 1533 sunt
1278 1480 1489 1543 merita,
1523 1477 1829 1549 atqueinde

233 1561 547 1617 claruerunt
611 1562 982 1633 probabiliora
1038 1562 1309 1633 patientiae
1365 1563 1711 1618 documenta.
1752 1564 1828 1618 lta

232 1660 514 1732 requirunt
534 1660 704 1716 invidi
731 1660 938 1715 aditum
984 1660 1145 1717 malae
1176 1660 1351 1728 famae,
1385 1677 1487 1732 per
1527 1677 1687 1733 quam
1724 1661 1829 1715 bo-

1944 477 2267 532 excrucians
2298 476 2565 532 animum.
2599 476 2714 546 Qua
2746 476 2948 532 invidia
2978 476 3107 531 saevi
3141 493 3249 532 non
3282 476 3541 533 invenere

1942 565 2157 636 tyranni
2187 566 2367 635 majus
2397 573 2743 634 tormentum,
2803 566 2963 638 eique
2989 564 3078 622 vel
3132 566 3276 621 mala
3302 582 3406 638 per
3459 583 3542 633 se,

1942 670 2043 709 seu
2074 672 2175 725 per
2203 654 2340 710 alios
2368 654 2657 711 inferendo
2689 654 2777 711 vel
2804 654 3184 725 machinando,
3219 654 3432 727 ipsique
3454 652 3541 711 vel

1940 742 2096 798 factis
2127 744 2268 813 ejus,
2311 744 2430 799 sive
2460 744 2619 800 bonis
2649 744 2766 801 sive
2806 744 2967 799 malis
2998 743 3341 817 derogando,
3374 744 3538 801 etiam

1939 847 2004 887 ea
2035 832 2399 903 pervertendo
2424 848 2625 889 nocere
2645 832 2815 904 cupit.
2846 834 3009 889 Bome
3026 849 3257 906 quorum
3290 834 3540 890 volunta-

1938 919 2008 981 tis
2038 920 2382 977 dulcedinem
2413 936 2596 978 amaro
2611 921 2737 978 felle
2753 921 2974 979 malitiae
2994 922 3212 995 penitus
3233 922 3536 995 exstirpare

1939 1017 2026 1077 vel
2064 1017 2288 1075 inﬁcere
2354 1019 2519 1092 gestit
2572 1018 2890 1076 charitatem
2940 1020 3345 1091 proximorum,
3423 1036 3533 1099 qua

1938 1124 2127 1165 eorum
2157 1108 2245 1164 vel
2298 1107 2445 1163 bona
2482 1108 2570 1165 vel
2606 1109 2753 1165 mala
2804 1116 2988 1165 nostra
3047 1109 3415 1166 existimantes
3453 1109 3535 1166 eis

1935 1204 2030 1262 vel
2072 1205 2417 1278 congaudere
2455 1205 2541 1261 vel
2597 1205 2891 1263 condolere
2929 1206 3210 1276 debemus,
3272 1222 3381 1263 una
3410 1223 3531 1265 cum

1936 1295 2309 1366 superioribus
2339 1294 2589 1366 superbia
2618 1295 2828 1351 scilicet
2857 1302 2910 1351 et
2938 1311 3080 1351 vana
3108 1295 3282 1367 gloria
3302 1312 3531 1369 prorsus

1937 1383 2176 1454 eXpellit.
2216 1384 2353 1439 Nam
2408 1384 2525 1439 sine
2551 1383 2672 1439 aliis
2701 1385 2820 1441 hac
2848 1386 3072 1440 omnino
3118 1384 3298 1441 locum
3328 1386 3531 1443 habere

1937 1488 2047 1528 non
2093 1473 2308 1543 poterit.
2367 1471 2571 1527 Invidia
2627 1472 2811 1545 itaque
2868 1472 3235 1545 exstinguitur
3288 1472 3534 1532 charitas

1938 1586 2045 1642 qua
2073 1569 2316 1642 diligitur
2344 1569 2568 1637 bonum,
2602 1571 2750 1643 quod
2797 1585 2989 1627 omnes
3016 1570 3300 1644 possidere
3328 1586 3532 1643 possu-

1936 1676 2079 1727 mus,
2130 1666 2183 1714 et
2211 1657 2413 1730 singuli
2445 1666 2637 1714 totum.
2671 1659 2780 1715 Sed
2833 1660 2939 1716 hoc
2968 1674 3001 1715 a
3030 1658 3247 1716 nemine
3274 1659 3532 1733 posside-

234 1764 430 1804 norum
473 1749 641 1805 vitam
705 1748 1006 1818 maculent,
1073 1752 1214 1807 sicut
1255 1750 1573 1821 quaerebant
1636 1747 1832 1805 ostium
1862 1745 1917 1807 B
1947 1755 2050 1815 tur,
2104 1747 2212 1802 nisi
2269 1746 2360 1819 qui
2429 1746 2669 1819 perfecte
2714 1748 2921 1804 deserit
2955 1748 3270 1819 hujusmodi
3322 1749 3534 1821 cupidi-

238 1834 535 1890 Sodomitae
568 1853 582 1901 ;
623 1841 676 1889 ut
708 1834 939 1889 Domum
978 1836 1079 1889 Lot
1122 1834 1351 1891 nocituri
1406 1834 1708 1890 introirent.
1751 1832 1835 1887 Illi

238 1946 373 1986 vero
402 1930 639 1987 caecitate
673 1932 871 1986 erroris
900 1930 1139 2001 parietes
1170 1932 1446 1997 videbant,
1478 1930 1677 1985 ostium
1724 1946 1835 1985 non

237 2020 593 2075 inveniebant
624 2021 783 2091 (Gen.
830 2021 977 2083 xxx).
1028 2021 1146 2074 Non
1187 2019 1346 2075 aliter
1402 2019 1568 2075 invidi
1597 2019 1833 2075 videndo

237 2108 388 2164 velut
418 2109 624 2180 pariete
660 2110 877 2164 virtutes
937 2108 1284 2164 dissimulant
1316 2126 1328 2170 ;
1365 2108 1495 2163 vitia
1529 2124 1661 2163 vero
1700 2125 1835 2180 per-

238 2208 483 2278 quirunt,
515 2224 612 2277 per
634 2224 751 2277 quae
817 2223 1004 2262 eorum
1035 2208 1428 2263 conscientiam
1464 2216 1647 2261 urant.
1695 2207 1834 2262 Invi-

236 2297 343 2351 diae
372 2296 699 2352 diabolicum
731 2297 955 2361 malum,
988 2296 1054 2351 de
1080 2296 1335 2367 superbia
1363 2305 1415 2351 et
1453 2312 1595 2352 vana
1650 2296 1835 2369 gloria

236 2385 614 2457 principaliter
644 2393 1006 2456 procreatum,
1042 2394 1092 2441 et
1149 2402 1539 2456 nonnunquam
1578 2403 1676 2457 per
1703 2402 1833 2443 ava-

235 2484 413 2539 ritiam
445 2490 685 2547 auctum,
760 2481 907 2554 quod
936 2497 1029 2537 cor
1084 2481 1317 2537 hominis
1347 2482 1415 2538 de
1446 2483 1834 2555 temporalibus

235 2573 353 2631 sive
384 2571 751 2644 spiritualibus
788 2571 1021 2642 proximi
1059 2571 1217 2627 bonis
1257 2572 1538 2629 tabescere
1569 2580 1621 2629 et
1649 2589 1834 2646 aegre-

238 2677 398 2719 scere
437 2660 739 2717 mox-taliter
765 2660 892 2716 facit
924 2678 935 2715 :
978 2660 1139 2731 juxta
1175 2660 1276 2718 hoc
1312 2677 1325 2717 :
1358 2660 1576 2717 Justius
1630 2661 1834 2719 invidia

1942 1852 2125 1912 tatem,
2160 1861 2279 1917 quae
2307 1851 2389 1900 est
2420 1852 2601 1900 mater
2630 1844 2871 1901 invidiae.
2902 1846 3039 1900 Nam
3072 1845 3337 1918 quidquid
3363 1847 3416 1902 in
3432 1848 3537 1904 hoc

1942 1934 2147 1989 mundo
2184 1933 2644 2005 concupiscimus,
2694 1935 2799 1990 hoc
2828 1934 3020 2006 procul
3077 1934 3242 1990 dubio
3271 1936 3537 2007 proximis

1941 2022 2273 2079 invidemus.
2314 2022 2536 2079 Videtur
2584 2023 2729 2079 enim
2787 2023 2915 2095 quia
2971 2023 3129 2078 nobis
3177 2023 3337 2095 desit,
3388 2024 3535 2096 quod

1941 2112 2075 2167 alter
2103 2112 2425 2183 assequitur.
2465 2113 2530 2167 Et
2557 2113 2680 2184 quia
2720 2128 2937 2182 semper
2967 2111 3167 2167 invidia
3198 2113 3474 2169 discordat
3502 2131 3534 2170 a

1941 2211 2087 2265 bona
2114 2206 2411 2276 voluntate,
2444 2226 2594 2276 mox,
2628 2218 2686 2264 ut
2732 2216 2977 2266 mentem
3032 2212 3147 2267 haec
3184 2212 3409 2283 ceperit,
3442 2212 3538 2268 illa

1941 2299 2199 2356 discedit.
2248 2299 2535 2354 Proximos
2582 2307 2764 2354 autem
2811 2298 3090 2372 diligimus
3146 2300 3290 2357 sicut
3318 2317 3439 2370 nos,
3489 2301 3538 2357 si

1940 2401 2051 2440 non
2107 2392 2327 2456 propter
2355 2383 2565 2455 aliquas
2613 2383 2870 2440 utilitates
2899 2392 3131 2453 nostras,
3175 2401 3285 2441 non
3315 2394 3541 2457 propter

1941 2473 2209 2529 beneﬁcia
2238 2481 2454 2544 sperata
2482 2472 2571 2529 vel
2600 2481 2846 2544 accepta,
2880 2473 2979 2530 sed
3024 2482 3256 2547 propter
3286 2474 3394 2532 hoc
3423 2482 3539 2530 tan-

1941 2570 2076 2629 tum,
2110 2561 2256 2634 quod
2288 2570 2415 2617 sunt
2466 2570 2670 2619 natura:
2697 2570 2901 2619 nostrae
2957 2579 3055 2620 seu
3087 2562 3285 2621 divina:
3344 2563 3540 2637 gratim

1942 2660 2255 2735 participes,
2287 2659 2375 2719 vel
2404 2666 2462 2717 ut
2492 2660 2638 2729 ﬁant,
2670 2659 2969 2735 diligimus.

1156 3098 1165 3109 ι
1244 2951 1859 3055 DOMINICA
1962 2950 2526 3078 QUARTA.

1527 3196 1924 3261 Secundum
1954 3197 2232 3262 Lucam.

319 3373 341 3398 α
368 3350 552 3406 Estote
576 3346 962 3404 misericordes
993 3346 1136 3404 sicut
1165 3351 1220 3403 et
1268 3348 1429 3404 Pater
1462 3355 1641 3404 vester
1670 3348 1838 3404 mise-

1951 3336 2033 3384 est
2060 3328 2316 3402 quoniam
2360 3328 2653 3398 temeritas,
2682 3343 2789 3403 qua
2838 3329 3002 3403 punis
3030 3329 3217 3402 alium,
3276 3335 3332 3391 te
3359 3333 3549 3408 puniat

243 3439 424 3495 ricors
488 3446 569 3494 est
595 3439 754 3509 (Luc.
789 3438 886 3501 v1).
925 3460 946 3485 ιο
980 3438 1189 3492 Natura
1218 3436 1319 3492 Dei
1350 3436 1702 3509 impassibilis
1730 3445 1839 3494 est.

244 3528 397 3583 Sicut
425 3535 607 3582 autem
640 3527 777 3582 zelat
806 3526 926 3581 sine
971 3525 1156 3597 aliquo
1195 3525 1390 3592 livore,
1424 3526 1677 3582 irascitur
1730 3528 1848 3583 sine

242 3616 430 3688 aliqua
462 3617 897 3687 pertuibatione,
929 3614 1153 3686 pcenitet
1181 3631 1302 3670 eum
1321 3615 1441 3670 sine
1473 3615 1703 3684 alicujus
1735 3632 1847 3673 sum

240 3715 530 3787 pravitatis
564 3714 933 3785 correptione,
968 3715 1037 3767 ita
1067 3720 1151 3767 est
1184 3713 1399 3783 patiens
1432 3713 1548 3769 sine
1578 3713 1685 3769 ulla
1717 3731 1846 3786 pas-

243 3804 420 3874 sione,
456 3813 506 3859 et
539 3803 827 3858 miseretur
854 3802 970 3857 sine
998 3802 1181 3873 aliquo
1203 3801 1409 3859 dolore.
1444 3826 1465 3851 α
1502 3803 1688 3858 Estote
1714 3820 1848 3877 ergo

243 3902 298 3950 et
324 3910 423 3949 vos
453 3892 701 3965 perfecti,
732 3892 869 3947 sicut
901 3899 954 3946 et
1011 3892 1171 3947 Pater
1230 3899 1410 3947 vester
1446 3892 1683 3949 caelestis
1714 3909 1846 3963 per-

240 3988 415 4047 fectus
445 3999 525 4047 est
554 3989 781 4061 (Matth.
822 4007 874 4058 v,
906 3990 1019 4059 28).
1060 4012 1081 4037 η
1110 3988 1284 4059 Sicut,
1328 3989 1693 4045 similitudinis
1742 3998 1845 4058 est,

236 4096 349 4136 non
379 4079 715 4151 quantitatis.
755 4079 963 4134 Sensus
1013 4094 1147 4150 ergo
1201 4078 1327 4133 talis
1358 4086 1439 4135 est
1474 4096 1485 4133 :
1518 4080 1682 4135 Prout
1736 4096 1846 4151 po-

241 4170 418 4238 testis,
451 4168 679 4241 perfecti
712 4174 908 4233 eslote,
946 4174 999 4222 ut
1032 4167 1241 4238 queatis
1270 4168 1539 4239 prodesse
1569 4169 1732 4224 etiam
1756 4168 1851 4225 ini-

242 4259 401 4315 micis
436 4278 447 4313 :
479 4258 623 4329 quod
654 4259 829 4312 Deum
862 4254 1042 4311 facere
1072 4256 1423 4311 manifestum
1459 4264 1559 4312 est.

322 4398 343 4424 «ι
396 4373 579 4430 Nolite
638 4372 881 4442 judicare
946 4379 1004 4426 ut
1061 4387 1169 4427 non
1214 4372 1563 4441 judicemini.
1634 4375 1692 4427 In
1740 4390 1847 4443 quo

249 4464 397 4521 enim
421 4463 628 4532 judicio
654 4461 1032 4530 judicavertis,
1052 4461 1453 4529 judicabimini.
1502 4461 1682 4517 Nolite
1712 4478 1848 4517 con-

251 4555 533 4619 demnare,
565 4560 623 4605 ut
650 4568 757 4607 non
790 4548 1307 4606 condemnabimini.
1348 4574 1370 4598 »
1400 4551 1479 4605 De
1510 4550 1849 4620 dubiisjudi—

238 4659 389 4708 care,
420 4650 474 4697 et
504 4648 794 4711 suspectos
847 4640 1003 4709 quasi
1036 4654 1162 4693 reos
1203 4639 1591 4705 condemnare,
1626 4640 1845 4711 penitus

239 4740 457 4811 repellit
488 4755 520 4795 a
548 4739 726 4794 nobis.
786 4736 963 4792 Dubia
1018 4752 1150 4808 ergo
1179 4736 1235 4791 in
1286 4737 1476 4794 melius
1516 4740 1843 4809 interprete-

238 4842 386 4889 mur,
409 4825 535 4893 quia
585 4823 653 4877 de
684 4821 1008 4887 manifestis,
1069 4830 1124 4875 ut
1156 4828 1281 4874 sunt
1339 4830 1547 4893 stupra,
1584 4823 1843 4894 blasphe-

240 4914 385 4974 miae,
421 4912 584 4978 furta,
618 4911 932 4978 ebrietates,
970 4916 1022 4963 et
1077 4909 1160 4962 bis
1193 4909 1411 4977 similia,
1448 4911 1605 4966 nobis
1636 4920 1844 4966 tantum

235 5011 485 5082 judicare
516 5009 866 5080 permittitur.
900 5008 980 5062 De
1010 5006 1190 5061 dubiis
1221 5008 1483 5078 scriptum
1512 5017 1595 5065 est
1628 5028 1639 5064 :
1679 5034 1701 5058 α
1725 5010 1844 5065 No-

242 5102 336 5155 lite
372 5109 493 5154 aute
524 5107 737 5168 tempus
762 5096 1033 5168 judicare,
1095 5097 1454 5169 quoadusque
1504 5098 1685 5154 veniat
1738 5100 1846 5155 Do-

243 5198 448 5265 minus,
484 5205 537 5252 et
569 5194 834 5250 illuminet
864 5194 1190 5249 abscondita
1246 5196 1588 5251 tenebrarum
1638 5198 1689 5267 (I
1720 5199 1839 5255 Cor.

244 5290 343 5347 tv).
382 5310 403 5335 υ
438 5287 559 5341 Duo
582 5292 702 5339 sunt
730 5284 782 5337 in
806 5283 1006 5355 quibus
1064 5285 1411 5340 temerarium
1447 5285 1716 5356 judicium
1747 5304 1841 5344 ca-

243 5402 377 5444 vere
406 5384 687 5451 debemus,
720 5398 847 5438 cum
902 5382 1173 5438 incertum
1203 5399 1310 5455 quo
1339 5384 1520 5441 animo
1548 5384 1676 5441 ﬁant
1723 5403 1843 5459 qum

244 5475 386 5529 bene
445 5480 497 5527 et
526 5471 665 5527 male
720 5469 835 5525 ﬁeri
864 5478 1118 5541 possunt,
1168 5472 1256 5527 vel
1284 5489 1407 5528 cum
1437 5474 1704 5531 incertum
1763 5483 1844 5531 est

246 5562 423 5636 qualis
455 5562 665 5616 futurus
732 5560 800 5613 sit
831 5560 922 5630 qui
978 5575 1125 5615 nunc
1177 5560 1265 5617 vel
1320 5562 1493 5617 malus
1527 5564 1614 5620 vel
1670 5565 1845 5621 bonus

244 5667 493 5732 apparet.
524 5657 789 5729 Nunquid
819 5656 865 5710 si
920 5664 1129 5713 temere
1155 5657 1608 5730 judicaverimus,
1644 5670 1847 5720 temere

245 5751 398 5807 Deus
427 5749 497 5805 de
526 5747 686 5805 nobis
710 5745 977 5818 judicabit
999 5745 1028 5801 τ
1056 5746 1220 5805 Absit
1254 5750 1267 5805 l
1300 5748 1409 5807 Sed
1436 5749 1847 5825 intelligendum

1948 3433 2177 3474 necesse
2209 3426 2313 3473 est.
2374 3418 2512 3475 Hinc
2542 3417 2675 3474 alibi
2730 3419 2840 3476 ait:
2878 3443 2900 3469 «ι
2936 3419 3040 3490 Qui
3068 3424 3400 3493 percusserit
3429 3424 3549 3497 gla-

1947 3506 2058 3573 dio,
2093 3506 2277 3579 gladio
2304 3507 2504 3579 peribit
2530 3508 2683 3579 (Luc.
2734 3509 2890 3580 xxii),
2949 3534 2972 3559 ιι
3009 3511 3263 3571 videlicet
3311 3514 3547 3587 peccati,

1947 3596 2094 3665 quod
2117 3611 2241 3652 cum
2271 3596 2456 3669 gladio
2485 3595 2671 3653 ferreo
2693 3598 2999 3654 committit.

2023 3715 2045 3740 α
2081 3692 2301 3750 Dimitte
2332 3701 2385 3749 et
2414 3693 2778 3763 dimittemini,
2809 3695 2936 3752 date
2968 3704 3020 3752 et
3048 3696 3271 3753 dabitur
3300 3700 3483 3757 vobis.
3524 3725 3546 3753 ι

1946 3781 2214 3838 Dimittite
2269 3783 2507 3853 injurias
2576 3790 2630 3839 et
2684 3784 2806 3841 date
2875 3783 3158 3855 beneficia,
3217 3795 3276 3843 ut
3330 3798 3555 3861 peccata

1947 3878 2133 3929 vestra
2157 3872 2314 3928 vobis
2341 3872 2697 3943 dimittantur,
2726 3882 2780 3930 et
2810 3873 2920 3930 vita
2948 3875 3108 3931 detur
3132 3883 3356 3933 aeterna.

2026 4011 2048 4037 ι
2082 3989 2391 4045 Mansuram
2416 3988 2623 4045 bonam
2653 3996 2707 4046 et
2770 3988 3029 4046 refertam
3058 3998 3109 4047 et
3138 3992 3464 4064 coagitatem
3495 4001 3551 4050 et

1950 4077 2431 4148 supereflluentem
2462 4077 2671 4133 dabunt
2721 4078 2778 4132 in
2810 4078 2990 4133 sinum
3034 4088 3314 4152 vestrum;
3353 4104 3374 4132 ι
3411 4083 3551 4141 Huic

1947 4165 2128 4221 simile
2158 4174 2245 4222 est
2277 4166 2424 4238 quod
2453 4166 2581 4220 alibi
2610 4165 2814 4222 dicitur
2846 4184 2861 4221 :
2908 4189 2930 4213 ιι
2966 4168 3033 4223 Ut
3062 4173 3118 4223 et
3146 4168 3251 4240 ipsi
3282 4171 3551 4243 recipiant

1946 4269 2044 4310 vos
2076 4254 2129 4308 in
2160 4263 2361 4309 aeterna
2383 4253 2729 4310 tabernacula
2777 4256 2928 4327 (Luc.
2987 4258 3122 4327 xu).
3162 4281 3183 4305 η
3218 4256 3303 4313 Illi
3350 4259 3550 4331 quibus

1947 4342 2331 4412 eleemosynas
2359 4342 2560 4397 dabitis
2580 4343 2803 4410 dabunt,
2828 4344 2881 4398 id
2907 4352 2989 4399 est
3013 4361 3183 4401 causa
3206 4355 3359 4403 erunt
3381 4364 3550 4422 quare

1946 4431 2215 4485 Dominus
2246 4431 2396 4485 dabit
2428 4432 2480 4485 in
2512 4433 2690 4487 sinum
2720 4442 2981 4500 vestrum,
3006 4434 3061 4489 id
3091 4444 3171 4490 est
3202 4435 3257 4490 in
3284 4452 3549 4511 magnam

1947 4530 2300 4584 securitatem
2333 4547 2347 4596 ;
2379 4545 2687 4585 mensuram
2719 4530 2939 4600 bonam,
2974 4532 3139 4587 vitam
3168 4534 3375 4591 scilicet
3394 4542 3552 4592 aeter-

1947 4634 2093 4685 nam,
2128 4620 2446 4685 confertam,
2479 4618 2731 4673 omnibus
2758 4620 3014 4676 videlicet
3060 4624 3264 4678 sanctis
3297 4624 3548 4679 collatam

1872 4709 1926 4770 D
1957 4715 2009 4763 et
2040 4723 2160 4762 cum
2192 4708 2404 4779 angelis
2460 4708 2805 4781 coagitatam,
2839 4710 2893 4764 id
2951 4718 3035 4766 est
3062 4712 3405 4781 conjunctam
3438 4733 3454 4781 ;
3494 4720 3550 4769 et

1953 4803 2453 4872 supereflluentem,
2488 4806 2590 4862 hoc
2642 4814 2723 4860 est
2774 4824 2942 4877 super
2994 4809 3245 4864 meritum
3300 4817 3545 4865 nostrum

1953 4890 2342 4948 abundantem.
2384 4894 2544 4949 Sinus
2596 4894 2721 4949 ideo
2774 4895 3047 4966 accipitur
3075 4914 3176 4969 pro
3227 4898 3543 4968 securitate,

1953 4980 2077 5051 quia
2109 4980 2272 5036 valde
2304 4983 2479 5037 securi
2509 4998 2695 5036 sumus
2724 4982 2794 5038 de
2824 4984 2909 5038 his
2938 5000 3057 5057 qua
3082 4987 3135 5041 in
3166 4986 3285 5041 sinu
3342 5002 3543 5043 recon-

1952 5078 2150 5133 dimus.
2184 5078 2280 5133 Vel
2312 5096 2408 5149 per
2460 5080 2638 5135 sinum
2668 5081 2917 5154 intellige
2972 5084 3367 5141 conscientiam
3422 5086 3543 5144 sive

1951 5176 2152 5223 castum
2183 5176 2515 5224 sauctorum.

2026 5311 2049 5341 ι
2086 5292 2151 5347 Et
2180 5292 2235 5346 in
2282 5308 2386 5364 qua
2436 5309 2652 5349 mesura
2710 5294 2887 5350 mensi
2942 5294 3174 5365 fueritis,
3232 5298 3546 5357 remetiatur

1950 5379 2159 5436 vobis.»
2197 5380 2535 5439 Generaliter
2563 5383 2631 5438 de
2661 5382 2915 5439 omnibus
2972 5400 3093 5456 quae
3120 5394 3318 5455 mente,
3352 5404 3540 5458 manu,

1951 5468 2138 5541 lingua
2165 5472 2410 5542 gerimus
2433 5470 2606 5543 accipi
2637 5479 2835 5543 potest,
2867 5472 2999 5545 quia
3020 5473 3173 5529 Deus
3205 5476 3395 5534 reddet
3424 5485 3542 5535 sin-

1955 5557 2101 5630 gulis
2128 5560 2425 5614 secundum
2458 5575 2630 5632 opera
2658 5577 2867 5616 eorum.

2030 5688 2052 5715 α
2089 5664 2233 5735 Quid
2262 5675 2449 5724 autem
2480 5667 2631 5725 vides
2658 5666 2929 5726 festucam
2960 5667 3018 5724 in
3044 5668 3203 5728 oculo
3229 5670 3412 5729 fratris
3442 5672 3541 5741 tui,

1957 5762 2011 5813 et
2064 5755 2277 5813 trabem
2305 5755 2362 5813 in
2412 5756 2570 5816 oculo
2617 5764 2710 5816 tuo
2753 5772 2865 5816 non
2892 5757 3072 5818 vides.
3125 5759 3246 5820 Aut
3273 5762 3547 5836 quomodo
