4042 6080
498 289 636 346 1039

1632 275 1975 334 WERNERI
2015 270 2300 329 ABBATIS
2327 269 2397 326 S.
2435 269 2659 326 BLASII

3665 275 3801 329 40Ᾱο

497 414 633 471 dicis
659 411 817 469 fratri
839 420 928 467 tuo
959 429 971 467 :
1003 441 1072 450 —
1099 407 1226 466 Sine
1256 403 1473 478 ejiciam
1503 403 1769 459 festucam
1799 401 1903 458 deo
1933 399 2093 458 oculo
2123 400 2177 460 A
2207 411 2352 454 nunc
2377 403 2650 467 postrema
2676 410 2688 463 ;
2723 402 2796 465 et,
2831 393 2977 467 quod
3009 393 3184 465 magis
3212 409 3301 450 me
3325 403 3541 466 gravat,
3602 397 3674 454 ad
3703 413 3802 456 co-

495 512 606 572 tuo,
638 509 771 557 —et
800 516 931 558 ecce
953 499 1137 555 trabes
1161 497 1216 552 in
1237 494 1396 552 oculo
1418 494 1582 549 tuo?»
1606 491 1662 548 Si
1711 492 1831 563 quis
1855 491 1936 544 ira
1960 504 2095 560 pec-

492 601 598 659 cat,
629 599 687 647 tu
713 607 828 647 non
853 590 1022 646 debes
1075 587 1200 644 odio
1229 582 1660 657 reprehendere.
1687 582 1920 636 Tantum
1951 579 2094 634 enim

492 681 655 739 distat
682 681 816 735 inter
844 680 979 735 iram
1011 685 1063 733 et
1093 676 1298 742 odium,
1360 679 1624 744 quantum
1654 669 1797 724 inter
1826 668 2089 724 festucam

491 788 545 836 et
573 779 808 835 trabem.
841 776 1038 833 Odium
1069 775 1213 830 enim
1247 781 1330 830 est
1364 771 1446 828 ira
1477 771 1805 826 inveterata.

568 911 590 936 «
621 885 939 958 Hypocrita,
965 883 1105 953 ejice
1127 882 1364 954 primum
1396 878 1610 934 trabem
1671 877 1740 932 de
1770 874 1938 932 oculo
1984 883 2095 928 tuo,

493 984 548 1035 et
572 984 702 1032 tunc
731 974 942 1032 videbis
993 971 1197 1043 ejicere
1249 970 1508 1025 festucam
1567 966 1636 1022 de
1695 963 1855 1021 oculo
1913 962 2098 1018 fratris

494 1076 592 1143 tui,
627 1098 648 1124 υ
683 1075 737 1129 id
755 1077 840 1129 est
872 1072 1051 1144 primo
1077 1071 1178 1126 abs
1211 1079 1282 1133 te,
1319 1068 1530 1125 scilicet
1559 1065 1627 1121 ab
1677 1063 1974 1118 intentione
2004 1070 2098 1116 tua

497 1173 553 1221 et
581 1164 648 1220 de
674 1168 842 1220 corde
872 1170 964 1217 tuo
995 1159 1214 1231 expelle
1231 1158 1436 1220 odium,
1470 1160 1549 1223 ut,
1570 1155 1639 1209 de
1669 1153 1872 1208 lumine
1901 1150 2098 1206 mentis

493 1254 651 1310 trabe
681 1251 924 1309 mortalis
955 1248 1200 1305 criminis
1223 1247 1412 1315 ejecta,
1444 1242 1700 1314 exemplo
1729 1241 1908 1312 potius
1936 1255 2095 1309 quam

493 1351 654 1410 dictis
692 1350 894 1406 docere
922 1347 1102 1402 valeas
1132 1345 1347 1400 minora
1368 1342 1588 1399 excludi
1617 1348 1863 1412 peccata,
1891 1355 2010 1410 qua:
2040 1337 2095 1392 in

493 1441 704 1498 festuca
766 1436 1176 1509 signiﬁcantur.
1237 1433 1372 1488 Cum
1439 1430 1743 1487 necessitas
1808 1444 1909 1484 nos
1948 1426 2096 1498 cogit

499 1529 738 1600 aliquem
770 1524 1198 1596 reprehendere,
1239 1523 1417 1593 primo
1448 1519 1752 1592 cogitemus
1779 1527 1958 1572 utrum
1987 1516 2094 1570 tale

497 1617 686 1683 vitium
733 1629 973 1686 unquam
1028 1612 1340 1676 habuimus,
1382 1618 1436 1664 et
1489 1609 1535 1663 si
1572 1623 1848 1679 nunquam
1889 1603 2094 1659 habui-

496 1733 638 1783 mus,
697 1715 1007 1786 cogitemus
1047 1727 1149 1767 nos
1217 1711 1426 1765 habere
1490 1707 1759 1780 potuisse.
1834 1703 2095 1760 Homines

497 1806 642 1864 enim
671 1820 879 1859 sumus.
906 1802 1044 1857 Hinc
1074 1809 1153 1855 est
1183 1799 1316 1854 illud
1348 1797 1612 1868 sapientis
1642 1815 1687 1850 :u
1707 1794 1853 1849 Nihil
1879 1792 2096 1848 humani

498 1895 735 1951 alienum
794 1908 827 1945 a
883 1907 967 1944 me
1029 1897 1185 1960 puto.
1230 1911 1250 1936 υ
1288 1888 1345 1942 Si
1402 1901 1534 1942 vero
1565 1884 1870 1950 habuimus,
1912 1889 2095 1953 tangat

496 2004 795 2048 memorem
827 1986 1132 2044 communis
1161 1984 1469 2049 infirmitas,
1519 1991 1576 2037 ut
1607 1979 2094 2052 reprehensionem

493 2082 645 2138 illam
667 2095 776 2135 non
804 2077 1009 2143 odium,
1063 2075 1161 2130 sed
1190 2071 1573 2129 misericordia
1601 2069 1898 2142 prmcedat.
1938 2067 2094 2136 Quod

496 2170 544 2226 si
571 2185 675 2225 nos
704 2169 847 2223 idem
877 2165 1062 2221 vitium
1114 2163 1381 2218 habemus
1409 2161 1464 2216 in
1517 2175 1624 2231 quo
1671 2167 1754 2213 est
1784 2157 1876 2212 ille
1935 2172 2096 2228 quem

499 2257 902 2330 reprehendere
936 2253 1205 2318 volumus,
1261 2266 1370 2305 non
1418 2248 1893 2319 reprehendamus
1923 2245 2092 2310 illum,

495 2353 596 2410 sed
621 2350 1108 2422 congemiscamus,
1132 2355 1186 2402 et
1213 2362 1321 2402 non
1351 2345 1504 2399 illum
1525 2344 1593 2400 ad
1607 2341 2095 2413 obtemperandum

497 2442 678 2507 nobis,
734 2440 831 2495 sed
859 2439 928 2492 ad
981 2437 1185 2508 pariter
1240 2434 1532 2490 curandum
1566 2431 1881 2486 invitemus.
1947 2430 2096 2485 Multi

498 2547 632 2588 vero
671 2527 991 2585 criminibus
1020 2524 1282 2596 praeventi
1298 2523 1425 2578 odio
1445 2522 1530 2578 vel
1554 2523 1722 2576 livore
1743 2520 1924 2576 omnia
1939 2536 2096 2575 accu-

497 2645 622 2686 sare
651 2626 971 2698 suscipiunt,
1015 2632 1072 2679 et
1127 2622 1311 2678 volunt
1373 2621 1544 2677 videri
1575 2618 1942 2684 consultores,
1979 2617 2096 2672 sine

499 2717 758 2788 exemplo
785 2731 899 2771 suae
932 2711 1327 2769 emendationis
1356 2711 1566 2766 leviora
1595 2716 1824 2780 peccata
1845 2709 1900 2762 in
1923 2707 2098 2761 fratri-

498 2808 604 2864 bus
634 2809 1006 2876 vituperantes
1030 2811 1080 2857 et
1111 2800 1456 2856 damnantes.

501 2943 579 2999 De
609 2939 986 2996 altercatione
1005 2934 1410 2990 misericordiae
1444 2937 1500 2988 et
1521 2931 1801 2999 veritatis,
1839 2931 1971 2988 hinc
2000 2931 2097 2986 in-

782 3027 847 3082 de
875 3040 933 3081 se
964 3023 1290 3080 accusantis
1323 3039 1390 3077 ac
1419 3022 1803 3088 defendentis.

2205 487 2454 540 mitatum
2483 493 2632 540 tuum
2664 500 2769 540 non
2801 491 2991 540 vocata
3014 483 3259 540 accedo?
3295 485 3613 541 Econtrario
3643 488 3798 542 veri-

2206 582 2291 630 tas
2322 575 2618 647 respondit,
2678 573 2734 627 in
2785 573 2890 628 hac
2947 573 3028 628 via
3068 580 3159 628 tua
3213 573 3642 630 misericordiam
3704 592 3800 633 co-

2206 663 2388 718 mitem
2420 678 2523 718 nec
2554 678 2682 717 esse
2712 678 2898 734 posse,
2958 677 3062 717 nec
3089 661 3312 728 debere,
3359 661 3483 718 ideo
3513 664 3636 731 quia
3665 681 3804 720 con-

2207 759 2388 815 silium
2419 759 2680 814 voluntati
2711 760 2827 828 ejus
2862 760 3195 816 contrarium
3245 760 3313 814 sit
3361 761 3692 830 ordinatum,
3751 773 3804 818 et

2206 847 2408 904 idcirco
2437 850 2491 902 in
2522 850 2637 917 ejus
2667 865 2831 918 opere
2881 864 3126 920 praesens
3156 848 3276 920 ipsa
3305 865 3428 904 esse
3456 866 3563 906 non
3597 853 3800 923 possit:

2207 945 2319 991 tum
2351 937 2515 992 etiam
2569 937 2699 1009 quia
2755 953 2878 992 cum
2935 938 3052 1007 ipso
3082 953 3308 1008 egressa
3362 954 3470 994 non
3528 941 3614 994 sit.
3658 942 3803 997 Dixit

2208 1032 2369 1087 etiam
2402 1035 2523 1104 ipsa
2553 1033 2989 1090 misericordiam
3020 1035 3198 1107 magis
3228 1043 3480 1106 oportere
3533 1037 3798 1093 rationem

2205 1123 2440 1178 reddere
2473 1140 2640 1196 quare
2669 1123 2788 1195 ipsa
2819 1125 3124 1194 egredienti
3159 1125 3390 1180 Domino
3421 1142 3530 1180 non
3569 1125 3797 1192 affuerit,

2206 1219 2260 1267 et
2288 1212 2538 1267 absentia
2567 1213 2686 1282 ejus
2713 1213 2887 1284 magis
2917 1229 3043 1268 esse
3063 1214 3186 1284 (sic)
3216 1215 3404 1269 Jesum
3422 1216 3734 1283 Dominum,
3749 1218 3800 1272 in

2203 1316 2412 1364 tantum
2440 1314 2498 1364 ut
2526 1327 2634 1366 uno
2657 1311 2854 1367 comite
2881 1311 2984 1367 iter
3012 1327 3236 1382 carpere
3264 1313 3581 1380 compulsus
3614 1315 3800 1370 sit.Ad

2203 1398 2320 1453 haec
2347 1399 2735 1456 misericordia
2794 1400 3070 1471 respondit
3096 1417 3156 1456 se
3201 1417 3305 1458 nec
3333 1401 3476 1456 mala
3505 1403 3802 1460 intentione

2203 1501 2510 1560 egressam,
2544 1504 2643 1543 nec
2673 1489 2816 1544 malo
2845 1505 3013 1559 opere
3043 1499 3385 1560 occupatam,
3421 1493 3516 1547 sed
3547 1493 3726 1564 magis
3742 1510 3802 1550 se

2203 1576 2396 1632 honori
2426 1585 2480 1632 et
2507 1577 2722 1632 utilitati
2775 1578 2992 1633 Domini
3046 1579 3130 1634 sui
3175 1579 3481 1647 consulere,
3515 1598 3636 1652 quae
3690 1598 3800 1637 non

2201 1673 2434 1742 perdere
2463 1675 2683 1730 studeat
2715 1683 2764 1730 et
2795 1677 3098 1742 destruere,
3133 1677 3274 1734 sicut
3303 1677 3422 1748 ipsa
3448 1679 3670 1746 veritas,
3702 1681 3803 1735 sed

2123 1762 2176 1821 B
2208 1762 2421 1818 salvere
2456 1783 2466 1818 :
2500 1763 2651 1818 illam
2685 1773 2871 1819 autem
2893 1781 3016 1820 esse
3045 1766 3342 1821 notandum
3375 1767 3526 1838 prius
3553 1776 3604 1823 et
3629 1783 3800 1824 accu-

2205 1853 2458 1918 sandam,
2502 1870 2622 1924 quae
2682 1853 2916 1909 famulos
2969 1861 3023 1910 et
3076 1854 3358 1911 ministros
3414 1857 3630 1912 Domini
3671 1858 3802 1913 velit

2204 1948 2461 2018 interimi,
2503 1959 2560 2005 ut
2616 1967 2738 2006 cum
2798 1967 2988 2007 omnes
3027 1952 3272 2018 abierirt,
3305 1954 3510 2009 nullum
3557 1956 3801 2027 patiatur

2203 2053 2301 2108 per
2328 2037 2720 2110 indulgentiam
2751 2040 2985 2113 aliquam
3004 2041 3176 2096 levari
3201 2051 3252 2097 et
3279 2043 3547 2098 revocari.
3578 2045 3800 2101 Veritas

2204 2134 2382 2183 autem
2412 2129 2696 2199 respondit
2725 2145 2831 2185 non
2864 2146 2987 2185 esse
3017 2130 3219 2186 decens
3270 2131 3468 2187 bonum
3499 2133 3800 2190 Dominum

2205 2223 2261 2271 et
2282 2217 2483 2285 justum
2515 2219 2688 2274 malos
2719 2235 2906 2274 servos
2936 2228 2988 2275 et
3017 2220 3254 2291 injustos
3283 2222 3509 2278 habere.
3577 2223 3799 2280 Miseri-

2205 2312 2391 2368 cordia
2437 2313 2574 2368 dixit
2621 2323 2825 2369 tantum
2862 2316 3150 2371 Dominum
3183 2317 3300 2374 sine
3361 2319 3622 2375 ministris
3672 2337 3800 2378 esse

2204 2416 2313 2456 non
2346 2401 2567 2459 debere.
2628 2405 2842 2460 Veritas
2903 2403 3201 2460 affirmavit
3254 2423 3488 2478 nequam
3545 2410 3799 2467 homines

2204 2491 2398 2546 merito
2427 2492 2632 2548 debere
2663 2493 2927 2548 damnari.
2972 2494 3347 2551 Misericordia
3375 2499 3654 2568 respondit
3675 2515 3797 2566 eos,

2205 2596 2259 2642 ut
2289 2588 2414 2643 boni
2447 2588 2654 2656 fierent,
2720 2601 3016 2661 spontanea
3049 2593 3206 2647 etiam
3237 2594 3436 2663 pietate
3465 2595 3675 2652 debere
3703 2613 3799 2654 re-

2203 2685 2422 2740 vocari.
2461 2686 2679 2742 Veritas
2708 2687 2866 2755 dixit,
2893 2689 3026 2760 quia
3054 2690 3200 2746 Deus
3227 2692 3384 2746 malis
3413 2694 3636 2751 omnino
3665 2711 3798 2767 par—

2206 2787 2332 2829 cere
2377 2790 2484 2829 non
2539 2775 2779 2831 deberet.
2813 2777 3184 2834 Misericordia
3239 2781 3417 2836 dixit:
3478 2783 3534 2838 Si
3593 2785 3801 2840 nemini

2208 2882 2462 2941 parceret
2510 2874 2676 2941 Deus,
2737 2891 3010 2946 nunquam
3065 2879 3237 2933 bonos
3284 2879 3534 2936 haberet.
3577 2882 3802 2938 Veritas

2207 2969 2342 3024 dixit
2372 2987 2431 3026 se
2461 2972 2605 3026 nolle
2656 2988 2757 3027 nec
2786 2989 2948 3042 posse
2980 2982 3056 3028 tot
3087 2976 3294 3031 scelera
3347 2977 3626 3033 hominum
3658 2981 3805 3035 tole-

2210 3076 2360 3113 rare.
2394 3061 2775 3117 Misericordia
2831 3064 3114 3133 respondit
3171 3066 3402 3138 gratiam
3459 3068 3678 3123 Domini
3729 3069 3805 3124 ad

567 3136 716 3191 Deus
750 3147 967 3188 sursum
1019 3137 1156 3196 erat,
1216 3135 1268 3184 el
1328 3129 1490 3182 homo
1547 3126 1828 3181 deorsum-
1883 3126 2092 3180 vernas
2125 3119 2174 3183 Ο
2207 3147 2597 3219 indulgendum
2635 3119 3106 3220 superabundare.
3167 3119 3374 3210 {feritas
3405 3155 3538 3210 dixit
3570 3172 3584 3210 :
3619 3159 3805 3214 Unus-

501 3241 623 3291 erat
652 3233 709 3287 in
735 3229 876 3287 coelo
898 3245 1019 3284 cum
1045 3226 1234 3296 judice
1263 3226 1399 3290 Deo,
1424 3222 1940 3279 etmisericordiain
1961 3231 2101 3277 terra

501 3339 628 3381 cum
681 3319 900 3377 homine
951 3314 1274 3386 judicando.
1359 3313 1463 3370 Ubi
1515 3312 1662 3368 enim
1719 3311 2102 3368 misericordia

505 3419 674 3477 esset,
703 3409 751 3464 si
779 3423 904 3464 cum
933 3405 1134 3460 misero
1189 3419 1301 3458 non
1332 3409 1479 3458 esset
1513 3419 1526 3456 :
1560 3400 1927 3457 descenderat
1957 3399 2102 3456 enim

505 3500 648 3557 forte
675 3496 952 3553 nesciente
985 3493 1236 3560 veritate,
1268 3491 1525 3563 quoniam
1550 3489 1702 3545 illam
1730 3490 1797 3544 ad
1827 3489 2105 3546 hominem

505 3603 789 3654 venturam
834 3591 1060 3657 sciebat,
1111 3597 1163 3644 et
1201 3589 1270 3644 de
1319 3587 1464 3642 illius
1494 3587 1735 3642 adventu
1793 3585 2095 3642 metuebat.

508 3681 808 3742 Descendit
851 3695 984 3752 ergo
1013 3678 1164 3748 prius
1220 3675 1613 3742 misericordia,
1680 3692 1767 3744 ne,
1803 3676 1851 3729 si
1907 3675 2106 3730 veritas

508 3770 860 3848 praeveniret,
920 3782 1202 3824 accessum
1254 3765 1324 3820 ad
1398 3764 1671 3820 hominem
1745 3765 1862 3835 ipsa
1916 3772 2109 3834 postea

510 3887 620 3927 non
649 3867 942 3924 inveniret.
1007 3867 1248 3933 Accepto
1299 3862 1470 3933 igitur
1523 3869 1768 3932 tempore
1825 3869 2110 3932 assumpta

512 3961 747 4018 veritate
822 3952 1103 4011 descendit
1159 3953 1327 4016 Deus,
1405 3958 1463 4004 ut
1531 3949 1798 4005 rationem
1873 3955 2112 4021 poneret

515 4065 640 4108 cum
671 4045 911 4102 homine.
944 4042 1102 4112 Quod
1133 4057 1256 4098 cum
1287 4041 1514 4096 vidisset
1549 4038 1950 4105 misericordia,
2000 4055 2110 4094 non

514 4139 705 4212 ignara
734 4133 903 4190 divini
933 4131 1168 4196 consilii,
1198 4129 1437 4202 perrexit
1465 4128 1521 4182 in
1549 4128 1768 4183 obviam
1799 4127 1894 4194 illi,
1937 4128 2111 4183 Deum

515 4235 745 4306 cupiens
775 4230 1051 4302 mitigare,
1085 4236 1137 4283 et
1190 4226 1455 4298 placatum
1513 4225 1808 4281 adducere.
1868 4225 2112 4282 Cernens

516 4332 699 4380 autem
729 4320 1015 4376 veritatem
1044 4315 1325 4371 obstinato
1383 4314 1532 4370 vultu
1577 4313 1940 4381 incedentem,
1994 4314 2112 4386 pri-

517 4427 666 4468 mum
695 4407 900 4466 occurit
957 4405 1034 4459 illi
1066 4419 1287 4475 rogans,
1320 4411 1377 4457 ut
1438 4402 1682 4475 gaudum
1713 4404 1950 4469 sisteret,
2011 4418 2114 4459 nec

2209 3237 2441 3309 quisque
2496 3248 2653 3308 prout
2683 3239 2854 3310 gessit
2911 3239 2964 3295 in
3017 3256 3246 3313 corpore
3301 3245 3560 3316 accipiat.
3632 3248 3806 3302 Mise-

2210 3330 2452 3387 ricordia
2481 3332 2613 3388 dixit
2647 3352 2659 3389 :
2694 3333 2885 3391 Omnis
2916 3335 3079 3392 homo
3117 3337 3296 3411 magis
3339 3347 3688 3397 convertatur
3734 3341 3806 3397 ad

2211 3419 2522 3489 Dominum,
2557 3430 2611 3478 et
2641 3423 2816 3480 vivat.

2284 3555 2381 3609 His
2411 3571 2546 3628 ergo
2578 3556 2651 3612 ita
2681 3557 2784 3612 sibi
2813 3558 3162 3615 obviantibus
3192 3567 3246 3616 et
3271 3561 3342 3617 ad
3372 3562 3592 3620 diversa
3619 3564 3810 3621 volun-

2215 3659 2378 3708 tatem
2411 3655 2508 3710 Dei
2537 3655 2797 3711 inclinare
2823 3657 3276 3726 desiderantibus,
3308 3660 3501 3716 videns
3529 3663 3674 3718 Deus
3696 3673 3808 3720 tam

2215 3742 2463 3797 diversas
2495 3744 2794 3799 sententias
2843 3745 2913 3800 ad
2949 3745 3198 3802 effectum
3255 3748 3423 3803 simul
3483 3767 3594 3806 non
3643 3769 3807 3824 posse

2215 3842 2536 3911 procedere,
2566 3843 2640 3896 ait
2693 3857 2706 3896 :
2757 3843 3031 3914 Scriptum
3078 3853 3194 3900 est:
3234 3868 3257 3893 α
3291 3846 3728 3904 Misericordiam
3757 3858 3810 3906 et

2218 3928 2503 3984 veritatem
2535 3930 2712 4002 diligit
2750 3932 2898 3986 Deus
2929 3933 3102 4002 (Psal.
3134 3937 3383 4004 Lxxxin).
3432 3958 3454 3985 ιι
3497 3936 3648 4004 Quas
3677 3954 3808 4006 ergo

2217 4017 2332 4071 vult
2363 4017 2467 4072 sibi
2499 4035 2718 4090 semper
2749 4028 2952 4090 praesto
3011 4037 3152 4086 esse,
3186 4031 3240 4077 et
3268 4021 3395 4094 quia
3426 4041 3640 4080 rursum
3669 4027 3806 4082 dici-

2219 4114 2306 4160 tur
2326 4106 2394 4161 de
2424 4107 2539 4162 Deo
2573 4123 2586 4163 :
2625 4131 2647 4155 ι
2682 4110 2742 4162 In
2770 4125 2906 4180 pace
2947 4109 3121 4166 factus
3151 4118 3233 4165 est
3262 4110 3415 4167 locus
3445 4113 3562 4182 ejus
3619 4116 3800 4181 (Psal.

2219 4204 2436 4274 Lxxxv),
2467 4225 2489 4255 ι
2524 4220 2630 4260 non
2662 4215 2838 4276 potest
2865 4206 2986 4262 illas
3029 4207 3314 4264 discordes
3340 4210 3638 4267 sustinere.
3671 4213 3811 4268 Con-

2220 4293 2406 4348 cordia
2433 4301 2613 4348 autem
2644 4311 2765 4350 esse
2795 4311 2903 4351 non
2933 4304 3130 4366 potest,
3165 4296 3256 4351 ubi
3301 4297 3554 4353 voluntas
3582 4308 3696 4354 tam
3724 4301 3810 4356 di-

2220 4397 2378 4437 versa
2407 4390 2513 4438 est.
2554 4383 2766 4439 Veritas
2803 4383 2954 4438 enim
3009 4384 3119 4440 vult
3146 4393 3203 4440 ut
3267 4394 3436 4442 totum
3463 4387 3807 4458 imputetur:

516 4498 683 4555 nimis
713 4501 1052 4568 properaret,
1103 4492 1279 4548 donec
1333 4491 1455 4561 ipsa
1508 4491 1759 4546 funderet
1814 4491 2113 4546 orationem
2142 4481 2194 4541 D
2223 4479 2598 4568 misericordia
2625 4497 2778 4548 vero.
2810 4489 2870 4536 υῐ
2899 4489 3066 4536 ῑοιιιῐη
3099 4482 3437 4539 οοιιάοηθωι·
3465 4499 3478 4538 ε
3512 4503 3634 4556 quae
3654 4487 3812 4542 simul

519 4611 680 4654 suam
709 4593 779 4650 ad
803 4591 1116 4648 Dominum.
1151 4589 1231 4643 lbi
1251 4603 1386 4660 ergo
1416 4586 1795 4642 misericordia
1830 4596 1882 4642 et
1912 4589 2113 4643 veritas

518 4684 872 4742 obviaverunt
903 4679 1026 4734 sibi.
1059 4679 1211 4733 Tunc
1233 4675 1606 4732 misericordia
1637 4675 1890 4732 clementi
1922 4691 2115 4732 causa-

517 4775 666 4831 tione
743 4769 1022 4844 querelam
1101 4781 1286 4822 coram
1374 4766 1492 4821 Deo
1577 4765 1847 4836 deposuit,
1924 4764 2113 4820 dicens

515 4889 664 4948 aegre
695 4889 756 4928 se
785 4871 930 4925 ferre
961 4867 1107 4939 quod
1137 4867 1205 4922 ad
1233 4868 1337 4923 hoc
1367 4865 1643 4938 negotium
1675 4865 1824 4922 socia
1847 4865 2113 4922 advocata

513 4979 625 5020 non
683 4960 862 5026 fuerit,
919 4957 1221 5028 praesertim
1277 4973 1399 5011 cum
1459 4971 1731 5026 nunquam
1787 4956 1938 5010 Deus
1990 4955 2112 5010 sine

515 5061 744 5123 utraque
776 5048 974 5105 comite
1004 5048 1108 5102 hac
1163 5047 1272 5101 iter
1301 5045 1520 5114 aliquod
1581 5043 1765 5100 facere
1794 5043 2101 5099 consuevit.

514 5143 648 5196 Cum
679 5138 820 5194 enim
885 5135 1151 5206 scriptum
1183 5134 1250 5189 sit
1285 5153 1295 5188 :
1333 5158 1354 5183 ις
1391 5133 1672 5189 Universae
1728 5133 1831 5186 via:
1888 5133 2110 5202 Domini

513 5227 888 5284 misericordia
919 5234 966 5280 et
1001 5224 1392 5289 veritas(Psal.
1428 5222 1946 5292 xxxiv),nquomodo
1967 5222 2109 5276 veri-

511 5333 623 5380 tate
654 5322 772 5378 sola
841 5328 1148 5386 contentus,
1182 5318 1614 5374 misericordiam
1664 5319 1925 5372 Dominus
1957 5319 2108 5372 Deus

508 5429 618 5469 non
653 5411 882 5475 vocavit,
907 5410 1181 5480 praecipue
1209 5425 1329 5463 cum
1361 5424 1466 5462 non
1492 5407 1666 5462 solum
1691 5407 1974 5479 aequalem,
2011 5406 2108 5462 sed

507 5501 749 5574 priorem
769 5497 1199 5553 misericordiam
1240 5513 1362 5552 esse
1384 5496 1586 5551 debere
1611 5496 1890 5566 Scriptura
1907 5495 2108 5567 ubique

507 5595 946 5657 commemorat?
966 5595 1158 5664 Neque
1179 5593 1322 5648 enim
1367 5595 1625 5664 scriptum
1648 5602 1730 5648 est
1756 5610 1768 5646 :
1796 5592 2006 5649 Veritas
2055 5601 2110 5648 et

505 5683 899 5751 misericordia,
953 5682 1050 5737 sed
1092 5679 1468 5736 misericordia
1499 5691 1551 5737 et
1581 5681 1800 5746 veritas,
1835 5681 2107 5737 universas

500 5777 608 5835 viae
636 5771 884 5832 Domini.
924 5769 1103 5839 Quare
1159 5783 1296 5840 ergo
1357 5785 1476 5840 qua:
1506 5769 1678 5840 prima
1710 5785 1832 5826 esse
1888 5769 2102 5840 debuit,

2224 4566 2341 4622 fieri
2389 4583 2496 4623 non
2522 4573 2777 4639 possunt.
2854 4571 3146 4640 Pr0pterea
3173 4587 3277 4628 nec
3328 4588 3454 4644 ego,
3485 4574 3577 4646 qui
3604 4585 3813 4633 amator

2221 4656 2374 4727 pacis
2404 4673 2544 4724 sum,
2573 4658 2872 4729 compellar
2900 4659 3218 4714 societatem
3249 4671 3483 4716 vestram
3529 4663 3814 4736 relinque-

2221 4761 2301 4815 re,
2334 4760 2561 4801 necesse
2584 4754 2666 4801 est
2695 4754 2751 4800 ut
2789 4762 2884 4802 vos
2912 4748 3173 4802 studentis
3197 4749 3449 4822 utrinque
3476 4761 3690 4808 vestras
3710 4769 3814 4809 vo-

2221 4841 2458 4898 luntates
2507 4843 2577 4899 ad
2612 4861 2776 4900 unum
2845 4860 3175 4900 consensum
3232 4846 3517 4904 inclinare.
3579 4851 3662 4905 Ad
3711 4851 3814 4907 hoc

2221 4933 2424 4988 veritas
2455 4933 2733 5004 respondit
2789 4949 2849 4989 se
2881 4934 3058 4989 minus
3117 4935 3465 5000 laudabilem,
3501 4938 3548 4992 si
3605 4939 3816 5010 aliquid

2219 5021 2449 5076 inultum
2474 5021 2838 5092 relinquatur.
2888 5022 3258 5078 Misericordia
3314 5025 3446 5080 dixit
3500 5041 3560 5081 se
3633 5028 3818 5083 minus

2219 5120 2524 5181 amabilem,
2567 5118 2613 5173 si
2644 5135 2751 5174 non
2794 5124 2963 5174 totum
3019 5122 3263 5192 gratuita
3304 5123 3504 5192 pietate
3551 5125 3816 5183 solvatur.

2218 5205 2369 5258 Tunc
2401 5205 2568 5269 Deus,
2601 5205 2643 5256 si
2677 5204 2878 5258 vellent
2907 5205 3102 5269 ambae,
3143 5205 3500 5279 interrogavit
3547 5224 3675 5263 suas
3713 5225 3818 5265 vo-

2219 5293 2460 5346 luntates
2493 5292 2545 5345 in
2577 5293 2698 5360 ejus
2727 5293 2932 5347 arbitio
2962 5309 3184 5362 ponere,
3244 5303 3298 5349 et
3345 5296 3490 5366 quod
3521 5295 3639 5365 ipse
3691 5297 3821 5353 inde

2216 5382 2554 5437 discerneret
2627 5381 2745 5435 sine
2819 5382 3251 5437 contradictione
3321 5399 3578 5439 annuere.
3655 5383 3824 5454 Quod

2216 5488 2450 5550 utraque
2493 5478 2814 5550 inquantum
2872 5478 2990 5534 ﬁeri
3027 5479 3226 5549 possit,
3284 5480 3404 5537 sine
3459 5481 3818 5538 diminutione

2214 5570 2454 5625 nominis
2484 5578 2538 5623 et
2575 5567 2855 5640 dignitatis
2920 5584 3034 5624 sua:
3071 5569 3431 5637 concedente,
3472 5568 3618 5624 dixit
3669 5571 3821 5627 Deus

2213 5683 2430 5741 aequum
2461 5666 2566 5722 sibi
2594 5665 2769 5742 videri
2799 5673 3168 5743 ut’peccatum
3198 5666 3433 5722 hominis
3473 5675 3525 5722 et
3555 5683 3629 5724 ex
3664 5677 3819 5740 parte

2212 5774 2442 5840 propter
2469 5763 2748 5822 veritatem
2773 5761 3052 5836 puniatur,
3075 5770 3128 5820 et
3154 5779 3220 5822 ex
3248 5772 3410 5837 parte
3439 5773 3669 5838 propter
3700 5765 3816 5822 mi-
