4042 6080
277 236 409 333 toti

1181 282 1772 340 DEFLORATIONES
1803 284 1901 341 SS.
1938 282 2246 340 PATRUM.
2279 313 2347 326 —
2393 283 2531 340 LIB.
2575 285 2645 338 II.

3435 287 3572 340 1042

271 402 630 459 sericordiam
653 401 974 460 dimittatur.
1007 406 1071 460 ln
1103 407 1210 463 hoc
1239 424 1393 480 ergo,
1429 409 1696 464 ambabus
1730 425 1864 466 con-
1895 411 1950 475 Α
1978 409 2122 465 enim
2155 419 2428 466 terrenum
2459 408 2596 481 perit
2628 427 2640 474 ;
2687 418 2871 466 manet
2917 417 3042 466 ante
3089 417 3400 483 erogatum.
3465 409 3574 466 Diu

274 501 655 567 sentientibus,
690 501 892 556 veritas
914 502 1119 574 adjecit
1139 505 1346 571 dicens,
1369 507 1577 576 justum
1622 523 1764 574 esse,
1815 515 1872 561 ut

274 591 414 646 sicut
442 591 592 660 prius
622 590 1002 647 misericordia
1033 608 1158 648 cum
1208 595 1433 649 homine
1482 595 1601 661 fuit,
1651 604 1703 650 et
1751 595 1872 666 ipsa

268 679 324 735 in
359 679 498 735 caelo
527 680 844 750 permansit,
878 681 952 735 ita
981 698 1124 738 nunc
1157 683 1275 754 ipsa
1305 685 1359 738 in
1404 691 1548 739 terra
1595 701 1714 739 cum
1765 685 1868 738 ho-

269 779 416 834 mine
447 787 791 849 permaneat,
827 788 878 834 et
909 779 1286 836 misericordia
1335 798 1455 838 cum
1506 784 1620 839 Deo
1669 782 1866 838 caelum

268 867 620 924 conscendat.
659 868 935 940 Scriptum
961 873 1228 938 ostentm,
1271 871 1380 926 ait:
1433 896 1454 920 α
1499 872 1868 928 Misericordia

266 965 321 1012 et
353 957 556 1012 veritas
584 959 896 1028 precedent
925 957 1118 1014 faciem
1151 967 1298 1015 tuam
1331 963 1504 1030 (Psal.
1526 962 1809 1032 Lxxxvut).
1837 983 1858 1010 υ

265 1052 324 1108 Si
356 1070 492 1127 ergo
522 1054 904 1112 misericordia
933 1059 1236 1127 precessit,
1270 1067 1324 1115 et
1355 1059 1558 1115 veritas
1605 1070 1866 1131 perman-

267 1141 356 1209 sit,
384 1143 592 1211 justum
621 1160 744 1200 esse
795 1152 858 1199 ut
905 1162 1051 1202 nunc
1098 1147 1479 1204 misericordia
1528 1156 1760 1218 maneat,
1811 1156 1866 1204 et

263 1231 466 1287 veritas
495 1233 799 1304 praecedat.
837 1235 989 1291 Tunc
1021 1235 1402 1294 misericordia
1424 1253 1630 1311 rogans
1652 1238 1862 1294 verita-

259 1337 371 1385 tem
428 1347 723 1387 memorem
783 1348 907 1389 esse
961 1334 1266 1389 communis
1323 1335 1486 1406 pacti,
1537 1336 1745 1392 scilicet
1791 1351 1862 1390 ne

257 1418 556 1491 quidquam
587 1418 724 1474 ultra
757 1436 1080 1477 concessum
1110 1431 1298 1478 contra
1336 1423 1612 1480 hominem
1662 1424 1859 1480 molia-

256 1513 367 1574 tur,
399 1523 523 1564 cum
559 1508 790 1565 Domino
819 1511 1087 1566 ascendit.
1151 1511 1366 1568 Veritas
1413 1521 1597 1569 autem
1649 1515 1859 1569 intrans

257 1618 358 1660 cor
385 1603 641 1670 hominis,
673 1606 881 1661 invenit
910 1606 986 1662 ibi
1013 1608 1194 1663 omnia
1225 1609 1387 1675 mala,
1421 1617 1475 1664 et
1521 1610 1692 1683 digna
1733 1627 1855 1681 poe-

256 1693 361 1758 nis,
395 1701 449 1748 et
477 1693 714 1750 clamare
739 1695 902 1766 cmpit
931 1696 1000 1752 de
1032 1704 1194 1762 terra,
1229 1697 1501 1754 hominem
1555 1715 1844 1755 accusans.

1987 508 2132 563 enim
2171 524 2294 564 cum
2337 509 2499 564 rebus
2565 510 2764 564 nostris
2831 510 3026 564 durare
3089 525 3198 564 non
3260 524 3570 580 possumus,

1979 597 2072 668 qui
2100 605 2192 652 aut
2220 613 2321 653 nos
2351 597 2475 652 illas
2507 598 2789 654 moriendo
2818 597 3142 663 deserimus,
3193 606 3284 653 aut
3329 597 3425 652 ille
3471 612 3574 654 nos

1978 693 2223 748 viventes
2253 695 2512 749 deserunt
2541 711 2644 765 per
2663 694 2990 749 diversitate
3013 710 3162 748 usus.
3188 693 3295 748 Alii
3316 692 3385 748 de
3407 692 3570 748 rebus

1977 783 2268 837 mundanis
2327 791 2580 854 pereunt,
2640 799 2778 853 quas
2833 783 3082 853 cupidius
3146 780 3402 852 rapiunt:
3476 780 3570 836 alii

1977 896 2111 937 vero
2139 881 2433 948 salvantur,
2466 881 2594 936 dum
2621 881 2677 936 in
2723 897 2911 936 earum
2961 881 3361 952 pulchritudine
3418 880 3566 936 Con-

1975 970 2163 1026 ditoris
2204 971 2630 1041 pulcherrimam
2679 971 3078 1042 providentiam
3123 969 3406 1026 laudantes
3458 969 3566 1024 mi-

1975 1066 2182 1125 rantur,
2216 1059 2302 1115 vel
2333 1059 2460 1114 dum
2491 1075 2592 1130 per
2621 1059 3019 1116 misericordiae
3045 1075 3182 1130 opus
3226 1075 3291 1114 ex
3340 1058 3420 1114 eis
3455 1073 3562 1115 cus-

1971 1155 2132 1212 lestia
2158 1157 2303 1212 bona
2331 1165 2632 1212 merentur.
2694 1157 3070 1214 Misericordia
3112 1173 3145 1213 a
3182 1155 3563 1228 compatiendo

1972 1244 2167 1328 alienae
2187 1246 2434 1302 miseriae
2453 1245 2787 1301 vocabulum
2810 1246 3000 1302 sortita
3021 1255 3120 1301 est.
3156 1245 3350 1301 Nullus
3381 1253 3562 1301 autem

1969 1343 2026 1398 in
2055 1343 2233 1400 alieno
2265 1343 2580 1400 misericors
2611 1360 2734 1400 esse
2761 1352 2961 1414 potest,
2985 1344 3221 1415 quandiu
3261 1359 3426 1415 prave
3473 1343 3561 1399 vi-

1969 1433 2167 1499 vendo,
2193 1433 2246 1487 in
2269 1449 2329 1488 se
2356 1433 2672 1489 misericors
2693 1449 2803 1488 non
2833 1440 2934 1488 est.
2969 1431 3072 1502 Qui
3115 1433 3256 1488 enim
3307 1432 3410 1486 sibi
3455 1447 3559 1487 ne-

1968 1538 2125 1594 quam
2158 1529 2260 1588 est,
2283 1522 2370 1578 cui
2401 1523 2576 1577 bonus
2633 1531 2713 1578 est
2742 1523 2771 1576 ?
2827 1521 2984 1576 Nulla
3043 1521 3251 1578 scelera
3310 1521 3556 1577 eleemo-

1966 1619 2116 1691 synis
2156 1635 2320 1691 posse
2358 1620 2553 1676 redimi
2589 1663 2602 1690 ,
2644 1620 2690 1676 si
2748 1621 2802 1675 in
2857 1620 3099 1691 peccatis
3153 1619 3389 1692 quisque
3426 1635 3556 1690 per-

1969 1709 2250 1764 manserit.
2281 1710 2434 1764 Tunc
2463 1717 2643 1764 autem
2675 1709 3141 1781 eleemosynarum
3171 1708 3350 1765 fructu
3371 1707 3556 1762 indul-

255 1781 637 1838 Misericordia
667 1800 800 1840 vero
830 1799 938 1840 non
968 1785 1267 1842 desistebat
1295 1788 1349 1842 in
1379 1788 1519 1844 cmlo
1551 1789 1847 1844 Dominum
1877 1773 1929 1833 Β
1957 1805 2200 1878 gentiam
2231 1807 2572 1873 conceditur,
2607 1807 2822 1878 quando
2854 1773 2933 1861 at;
2957 1807 3225 1863 scelerum
3256 1822 3420 1877 ορειιε
3448 1805 3556 1860 de-

253 1893 415 1934 orare
447 1894 548 1950 pro
578 1879 798 1936 homine
827 1881 1130 1953 postulans.
1155 1883 1338 1939 Homo
1366 1883 1422 1938 in
1453 1891 1598 1939 terra
1627 1901 1723 1955 per
1749 1901 1851 1940 ve-

250 1967 466 2023 ritatem
496 1969 830 2036 stimulatus,
865 1987 1130 2041 peccasse
1173 1971 1552 2039 confitebatur,
1603 1981 1656 2028 et
1703 1975 1850 2030 Deus

248 2057 304 2112 in
335 2057 476 2114 coelo
508 2074 607 2130 per
635 2059 1073 2116 misericm'diam
1105 2061 1275 2117 ﬂexus
1305 2062 1584 2118 confitenti
1614 2064 1848 2120 misere-

247 2155 431 2211 batur.
474 2159 650 2213 Homo
680 2157 1081 2214 confessionem
1113 2159 1183 2214 ad
1213 2160 1443 2217 salutem
1460 2161 1734 2232 propriam
1755 2177 1848 2219 ore

250 2244 503 2311 faciebat,
550 2254 604 2301 et
647 2247 1023 2304 misericordia
1080 2249 1340 2319 precibus
1387 2249 1500 2304 suis
1552 2250 1846 2306 Dominum

251 2334 323 2390 ad
350 2333 794 2403 justiﬁcationem
826 2337 1063 2392 hominis
1093 2337 1476 2409 compellebat.
1512 2339 1725 2394 Veritas
1777 2339 1848 2396 de

253 2441 395 2488 terra
428 2449 527 2504 per
556 2433 960 2489 confessionem
991 2434 1231 2490 hominis
1259 2435 1554 2502 oriebatur,
1593 2443 1642 2491 et
1683 2435 1848 2506 justi-

251 2522 324 2576 tia
362 2523 435 2577 de
465 2522 602 2578 coelo
634 2523 992 2594 prospiciens,
1023 2540 1120 2594 per
1149 2524 1586 2579 misericordiam
1633 2526 1731 2580 Dei
1779 2525 1848 2580 ad

248 2618 425 2666 terras
453 2612 790 2667 mittebatur.
835 2613 1049 2667 Veritas
1099 2613 1241 2667 dixit
1290 2613 1442 2684 prius
1481 2614 1844 2684 puniendum,

249 2710 338 2781 qui
369 2709 520 2781 prius
551 2711 751 2766 malum
783 2710 985 2766 fecerat
1017 2729 1030 2774 ;
1063 2711 1448 2767 misericordia
1478 2712 1618 2767 dixit
1658 2722 1847 2783 postea

243 2798 600 2867 iustificatam
637 2800 986 2863 salvandum,
1023 2800 1115 2872 qui
1171 2809 1224 2854 et
1280 2801 1482 2855 malum
1540 2800 1846 2857 conﬁtendo

247 2887 386 2944 bene
417 2887 636 2944 fecerat.
670 2890 771 2944 Per
799 2889 1087 2945 veritatem
1117 2891 1500 2959 accusabatur,
1529 2898 1583 2945 et
1611 2907 1712 2961 per
1738 2891 1845 2946 mi-

243 2985 601 3042 sericordiam
645 2995 876 3058 propter
919 2986 1203 3044 veritatem
1241 2986 1664 3057 justiﬁcabatur,
1719 2987 1847 3059 quia

241 3076 453 3131 veritas
483 3076 552 3132 de
584 3085 730 3132 terra
758 3084 879 3133 orta
910 3084 1012 3144 est,
1045 3085 1098 3132 et
1121 3077 1329 3146 justitia
1358 3077 1426 3132 de
1453 3076 1594 3132 caelo
1615 3093 1845 3148 prospe-

240 3164 345 3220 xit.
385 3165 519 3234 Quia
552 3181 690 3238 ergo
721 3165 1102 3223 misericordia
1151 3182 1275 3221 cum
1324 3167 1439 3222 Deo
1485 3181 1584 3236 pro
1622 3165 1841 3222 homine

241 3270 381 3330 erat,
415 3271 468 3318 et
491 3263 708 3332 justitia
737 3271 790 3319 et
820 3263 1022 3319 veritas
1052 3279 1085 3318 a
1113 3264 1230 3319 Deo
1259 3279 1385 3320 cum
1434 3264 1654 3319 homine
1701 3270 1841 3330 erat,

235 3355 350 3422 jam
384 3351 524 3408 inter
549 3353 722 3408 Deum
756 3361 809 3407 et
833 3353 1112 3408 hominem
1165 3368 1264 3424 pro
1297 3353 1505 3423 justitia
1552 3369 1658 3424 pax
1707 3361 1838 3421 erat,

239 3449 292 3496 et
321 3441 571 3497 ascendit
594 3441 806 3511 justitia
854 3442 924 3496 ad
984 3442 1160 3496 Deum
1217 3442 1286 3495 ab
1345 3441 1589 3504 homine.
1645 3457 1842 3513 pacem

236 3537 521 3611 postulans
555 3553 569 3608 ;
603 3547 656 3594 et
685 3539 966 3594 descendit
998 3553 1104 3610 pax
1148 3554 1182 3593 a
1238 3539 1355 3594 Deo
1411 3539 1478 3594 ad
1536 3538 1839 3620 hominem,

231 3627 501 3700 justitiam
529 3628 864 3699 amplectens
890 3637 942 3683 et
988 3627 1264 3684 osculans.
1315 3629 1466 3684 Tunc
1513 3629 1588 3682 ait
1629 3627 1842 3697 justitia

235 3718 307 3772 ad
335 3732 529 3789 pacem
567 3737 578 3772 :
614 3717 868 3790 Nunquid
899 3718 1109 3786 optimo
1140 3717 1268 3773 satis
1318 3721 1402 3772 est
1453 3717 1595 3772 mala
1652 3716 1837 3771 dimit-

237 3823 378 3880 tere,
418 3816 521 3870 nisi
559 3817 722 3872 etiam
781 3816 994 3872 studeat
1050 3818 1191 3872 bona
1255 3815 1562 3872 conferre?
1619 3814 1836 3870 Laxavit

235 3913 462 3977 peccata
482 3921 581 3976 per
601 3905 1018 3979 indulgentiam,
1050 3922 1194 3961 nunc
1217 3903 1464 3962 conferat
1484 3904 1629 3960 dona
1661 3903 1835 3959 virtu-

237 4003 348 4050 tum
380 4010 480 4065 per
507 3994 760 4066 gratiam.
795 3994 1101 4068 Respondit
1130 4010 1256 4066 pax,
1290 3999 1346 4050 et
1373 3993 1538 4048 dixit:
1568 3993 1834 4048 Dominus

233 4091 387 4148 dabit
416 4092 827 4160 benignitatem,
861 4100 914 4147 et
957 4100 1102 4148 terra
1150 4100 1338 4147 nostra
1393 4091 1539 4145 dabit
1595 4090 1832 4145 fructum

233 4196 394 4236 suum
425 4182 596 4249 (Psal.
625 4181 875 4249 Lxxxrv).
914 4205 935 4231 υ
970 4183 1128 4237 Nunc
1158 4189 1339 4237 autem
1370 4179 1584 4235 interim
1619 4203 1640 4227 α
1661 4179 1830 4249 justi-

232 4270 310 4326 tia
337 4278 463 4326 aote
491 4286 616 4326 eum
660 4271 976 4338 ambulabit,
1029 4280 1084 4326 et
1132 4278 1296 4342 ponet
1351 4271 1406 4324 in
1461 4269 1550 4324 via
1605 4285 1829 4341 gressus

234 4383 367 4422 suos
401 4367 608 4438 (ibid.).
637 4390 660 4414 ιι
685 4366 842 4435 Quod
871 4367 1098 4422 audiens
1132 4367 1339 4435 justitia
1362 4383 1704 4439 praecurrens
1733 4383 1822 4421 re-

1957 1894 2186 1951 sinitur.
2226 1896 2426 1951 Verum
2458 1903 2542 1952 est
2571 1899 2698 1968 quia
2745 1904 2972 1966 peccata
3018 1896 3200 1951 omnia
3243 1895 3552 1951 misericor-

1955 1983 2061 2040 diae
2087 1984 2344 2056 operibus
2375 1992 2774 2058 expurgentur,
2804 1985 2901 2040 sed
2935 1984 2981 2040 si
3022 1985 3134 2055 jam
3183 1992 3370 2040 caveat
3415 2000 3550 2056 pec-

1955 2097 2082 2138 care
2115 2082 2206 2154 qui
2239 2083 2674 2138 misericordiam
2708 2082 3043 2154 impertitur.
3083 2082 3349 2138 Caeterum
3400 2081 3550 2137 nulla

1955 2177 2038 2226 est
2066 2170 2282 2225 delictis
2313 2170 2489 2236 venia,
2521 2171 2740 2242 quando
2770 2170 2854 2226 sic
2875 2170 3122 2240 procedit
3149 2169 3546 2239 misericordia,

1955 2276 2012 2323 ut
2040 2284 2162 2323 eam
2194 2277 2494 2340 sequantur
2549 2276 2797 2340 peccata.
2861 2269 2982 2323 Non
3041 2276 3125 2324 est
3175 2267 3546 2339 eleemosyna,

1955 2375 2077 2430 quae
2103 2357 2296 2430 glorias
2327 2358 2503 2428 magis
2534 2372 2721 2424 causa,
2745 2373 2902 2429 quam
2930 2356 3321 2413 misericordiae
3341 2357 3552 2427 imper-

1954 2448 2089 2502 titur
2118 2447 2328 2501 intuitu.
2368 2446 2530 2516 Quali
2563 2447 2708 2502 enim
2747 2446 3052 2502 intentione
3100 2447 3168 2501 ab
3222 2461 3552 2519 unoquoque

1954 2543 2185 2616 largitur
2214 2544 2394 2600 taliter
2422 2553 2474 2600 et
2517 2545 2660 2614 apud
2709 2546 2880 2600 Deum
2926 2545 3204 2617 recipitur.
3253 2544 3358 2615 Qui
3408 2545 3554 2600 enim

1953 2633 2040 2690 hic
2068 2635 2135 2689 de
2166 2634 2309 2689 bono
2333 2650 2499 2704 opere
2546 2634 2761 2689 laudem
2797 2642 3118 2704 praesentem
3141 2635 3364 2705 appetit,
3397 2651 3553 2704 spem

1953 2723 2147 2794 perdit,
2173 2731 2225 2778 et
2243 2723 2476 2793 gloriam
2489 2723 2761 2779 mercedis
2777 2725 2831 2776 in
2847 2723 3041 2796 futuro
3063 2740 3169 2778 non
3193 2723 3554 2794 recipit.Dum

1953 2819 2096 2875 enim
2127 2837 2286 2876 causa
2311 2820 2588 2888 jactantim
2614 2836 2820 2891 pauper
2849 2821 3110 2891 pascitur,
3162 2823 3321 2876 etiam
3371 2821 3552 2891 ipsum

1952 2909 2348 2966 misericordiae
2377 2925 2515 2980 opus
2545 2909 2602 2964 in
2635 2917 2921 2980 peceatum
2956 2910 3244 2965 convertit.
3279 2907 3552 2965 Intantum

1951 2997 2427 3069 eleemosynarum
2457 3013 2628 3070 opera
2673 3005 2900 3069 peccata
2956 2997 3330 3070 exstinguunt,
3384 3007 3550 3070 atque

1952 3095 2215 3151 intentum
2233 3096 2302 3150 ad
2323 3111 2554 3169 regnum
2577 3095 2737 3151 futuri
2762 3095 2949 3151 saeculi
2973 3095 3277 3167 perﬁciunt,
3310 3104 3367 3152 ut
3386 3095 3552 3152 etiam

1948 3185 2124 3258 judex
2155 3184 2394 3241 caelestis
2425 3186 2477 3239 in
2494 3185 2699 3254 judicio
2734 3183 2914 3241 futuro
2947 3185 3192 3254 veniens,
3249 3185 3306 3240 in
3353 3185 3552 3264 dextra

1955 3283 2383 3340 consistentibus
2413 3282 2605 3342 dicat:
2669 3307 2690 3330 α
2725 3283 2966 3349 Esurivi,
3025 3291 3080 3338 et
3134 3282 3362 3338 dedistis
3418 3282 3551 3338 mihi

1953 3373 2284 3427 manducare
2317 3386 2331 3440 ;
2362 3371 2525 3438 sitivi,
2559 3379 2613 3426 et
2646 3370 2876 3426 dedistis
2905 3371 3037 3427 mihi
3075 3371 3303 3442 bibere;
3346 3372 3550 3442 hospes

1952 3476 2124 3527 eram,
2157 3468 2211 3515 et
2239 3459 2541 3532 collegistis
2569 3475 2659 3515 me
2695 3477 2708 3524 ;
2739 3459 2938 3532 nudus,
2971 3469 3024 3516 et
3051 3459 3416 3531 cooperuistis
3457 3475 3548 3517 me

1953 3556 2174 3628 (Matth.
2207 3557 2355 3626 xxv).
2385 3581 2408 3606 η
2429 3555 2640 3626 Quibus
2661 3557 2820 3613 etiam
2841 3557 2980 3613 bene
3012 3556 3276 3628 promittit
3314 3556 3503 3612 dicens
3529 3573 3543 3610 :

1953 3669 1977 3695 α
2006 3647 2218 3716 Venite,
2242 3645 2517 3702 benedicti
2540 3647 2714 3702 Patris
2731 3647 2860 3712 mei,
2884 3646 3150 3718 percipite
3170 3653 3419 3718 paratum
3453 3661 3550 3702 vo-

1951 3736 2034 3791 bis
2067 3752 2294 3809 regnum
2330 3735 2532 3807 (ibid.).
2571 3758 2593 3783 »
2630 3735 2725 3791 His
2755 3743 2938 3792 autem
2969 3751 3106 3808 quos
3151 3735 3296 3791 nulla
3337 3750 3545 3806 praace-

1946 3833 2129 3889 dentia
2157 3833 2632 3905 eleemosynarum
2676 3833 2817 3891 facta
2857 3843 3176 3906 sequuntur,
3221 3833 3410 3889 aeterni
3450 3832 3544 3902 ju-

1944 3922 2081 3978 dicis
2115 3938 2247 3979 voce
2278 3923 2359 3978 sic
2392 3922 2591 3978 dicitur
2625 3942 2636 3977 :
2704 3945 2726 3970 ‹ι
2760 3923 2998 3990 Esurivi,
3040 3929 3094 3978 et
3146 3937 3257 3976 non
3313 3921 3541 3977 dedistis

1942 4019 2073 4072 mihi
2103 4018 2451 4084 manducare,
2487 4024 2590 4072 etc.
2625 4017 2822 4088 (ibid.)
2849 4041 2871 4066 ιι
2926 4017 3136 4085 Quibus
3175 4016 3319 4085 juste
3360 4014 3489 4070 dicit
3519 4033 3532 4068 :

1946 4129 1969 4154 α
2005 4107 2280 4162 Discedite
2308 4121 2340 4160 a
2375 4121 2484 4172 me,
2548 4106 2852 4171 maledicti,
2903 4105 2958 4159 in
3006 4105 3192 4177 ignem
3247 4110 3533 4166 zeternum,

1941 4196 2030 4267 qui
2063 4201 2290 4267 paratus
2320 4202 2405 4249 est
2433 4193 2648 4248 diabolo
2673 4201 2726 4249 et
2753 4192 2963 4267 angelis
2993 4193 3120 4265 ejus
3153 4193 3388 4263 (ibid.).-
3407 4193 3532 4248 Non

1938 4295 2117 4352 solum
2178 4293 2358 4366 itaque
2418 4292 2510 4363 qui
2569 4292 2824 4348 esurienti
2881 4299 2937 4348 et
2994 4292 3194 4347 sitienti
3260 4299 3312 4348 et
3382 4291 3531 4347 nudo

1937 4382 2258 4439 beneficium
2293 4380 2565 4454 largitatis
2613 4382 2897 4452 impendit,
2953 4383 3040 4437 vel
3097 4381 3144 4436 si
3197 4381 3326 4453 quid
3383 4380 3529 4436 aliud

234 4471 395 4512 versa
424 4465 513 4510 est
556 4457 627 4510 ad
683 4456 976 4520 hominem,
1033 4463 1090 4510 ut
1147 4456 1217 4510 ab
1273 4472 1339 4512 eo
1396 4473 1503 4510 non
1561 4456 1822 4521 discedat,

1950 4472 2208 4546 indigenti
2237 4472 2488 4544 largitur,
2530 4471 2626 4526 sed
2661 4480 2714 4527 et
2745 4470 2836 4542 qui
2880 4471 3156 4528 inimicum
3200 4471 3377 4544 diligit
3411 4486 3424 4526 :
3474 4478 3529 4527 et

232 4545 413 4601 donec
441 4543 707 4601 Dominus
727 4552 896 4615 ponat
922 4546 974 4598 in
996 4544 1084 4600 via
1104 4559 1334 4617 gressus
1365 4561 1512 4610 suos,
1535 4552 1590 4600 et
1611 4545 1818 4600 veniat.

564 4730 642 4786 De
671 4729 1018 4787 amatoribus
1049 4729 1476 4788 misericordice.

302 4861 558 4918 Graviter
586 4861 641 4916 in
667 4862 841 4917 Deum
872 4861 1210 4935 delinquunt,
1244 4862 1336 4936 qui
1366 4862 1586 4920 divitias
1620 4877 1653 4916 a
1707 4863 1823 4918 Deo

229 4975 546 5028 concessas,
578 4975 690 5016 non
721 4960 774 5015 in
808 4961 972 5016 rebus
1000 4960 1353 5028 salutaribus,
1389 4961 1486 5018 sed
1534 4961 1590 5016 in
1633 4960 1823 5016 usibus

227 5051 413 5124 pravis
431 5055 678 5106 utuntur.
697 5051 962 5107 Nesciunt
985 5051 1133 5107 enim
1167 5053 1446 5123 impertire
1468 5050 1818 5124 pauperibus,

226 5149 506 5222 oppressis
544 5149 841 5205 subvenire
871 5149 1200 5221 despiciunt,
1231 5157 1286 5205 et
1329 5149 1454 5204 inde
1493 5149 1669 5220 magis
1715 5163 1820 5204 au-

225 5247 359 5312 gent
389 5238 603 5304 delicta,
633 5239 778 5294 unde
808 5239 1083 5294 redimere
1111 5239 1434 5295 debuerant.
1467 5239 1583 5295 Hoc
1612 5245 1819 5293 tantum

224 5328 427 5384 bonum
458 5327 620 5383 habet
649 5327 928 5399 possessio
957 5329 1307 5399 praesentium
1339 5344 1542 5394 rerum,
1576 5328 1620 5383 si
1653 5327 1819 5382 vitam

223 5425 432 5482 reﬁciat
462 5425 808 5481 miserorum.
852 5426 1084 5498 Pr0pter
1115 5427 1220 5482 hoc
1252 5425 1474 5481 tentatio
1503 5432 1582 5482 est
1631 5427 1820 5482 mundi

225 5513 460 5580 lucrum,
493 5521 751 5588 tantoque
781 5514 985 5583 majora
1005 5515 1274 5587 supplicia
1298 5515 1351 5569 in
1377 5515 1552 5571 futuro
1586 5515 1814 5584 dabunt,

225 5613 429 5677 quanto
455 5612 508 5660 et
536 5604 658 5676 ipsa
687 5605 897 5674 majora
927 5612 1068 5660 sunt.
1104 5606 1356 5660 Potentes
1387 5604 1530 5659 enim
1570 5612 1820 5676 potenter

225 5711 494 5761 tormenta
523 5704 801 5775 patiuntur
827 5702 984 5776 (Sap.
1021 5705 1127 5774 v1).
1186 5704 1427 5759 Terrena
1467 5703 1651 5760 omnia
1693 5719 1818 5760 ser-

227 5793 406 5851 vando
434 5793 757 5866 amittimus,
785 5791 1073 5864 largiendo
1099 5805 1400 5852 sanemus.
1432 5792 1817 5850 Patrimonium

1935 4569 2026 4643 qui
2055 4569 2263 4643 lugenti
2293 4567 2547 4626 aﬂ‘ectum
2595 4568 2992 4640 compassionis
3037 4576 3089 4625 et
3138 4569 3527 4627 consolationis

1932 4659 2190 4731 impertit,
2251 4667 2342 4714 aut
2399 4659 2454 4713 in
2511 4658 2842 4732 quibuslibet
2885 4659 3303 4715 necessitatibus
3349 4651 3530 4716 censi;

1931 4746 2064 4803 lium
2117 4747 2361 4814 adhibet,
2421 4747 2825 4821 eleemosynam
2892 4748 3085 4819 procul
3144 4748 3312 4804 dubio
3368 4747 3517 4802 facit.

1930 4848 2069 4903 Nam
2101 4855 2154 4904 et
2181 4846 2505 4919 disciplinae,
2539 4847 2625 4903 vel
2655 4847 2915 4904 doctrinm
2935 4848 3136 4902 bonum
3174 4847 3525 4918 eleemosyna

1929 4953 2032 5013 est,
2065 4952 2116 5000 et
2143 4944 2514 5026 eleemosyna:
2546 4943 2760 5001 carnali
2782 4944 3105 5001 eminentior
3136 4952 3237 5000 est.
3273 4943 3521 5015 Quicun-

1927 5049 2035 5106 que
2064 5048 2172 5088 non
2201 5049 2373 5107 egens
2401 5033 2594 5104 poscit,
2629 5048 2758 5090 cum
2792 5049 2851 5089 se
2899 5032 3236 5105 indigentem
3281 5032 3518 5099 simulet,

1927 5130 2089 5188 etiam
2116 5139 2228 5187 toto
2250 5130 2418 5186 corde
2441 5129 3032 5187 illicommiserandum
3063 5135 3293 5200 oportet.
3339 5131 3410 5186 Et
3457 5131 3522 5186 li-

1927 5228 2014 5276 cet
2044 5219 2134 5275 ille
2165 5220 2396 5275 fortasse
2425 5219 2619 5275 falsam
2647 5219 2947 5292 indigentis
2976 5219 3222 5290 speciem
3257 5220 3518 5292 proferat,

1924 5307 1973 5366 is
2003 5317 2181 5365 tamen
2209 5309 2302 5382 qui
2332 5308 2652 5382 simpliciter
2697 5307 2958 5380 impertit,
3018 5307 3248 5365 fructum
3301 5309 3526 5379 justitia:

1925 5423 2035 5462 non
2064 5408 2288 5463 amittit.
2336 5406 2598 5476 Quamvis
2649 5406 2932 5479 quisquam
2966 5404 3035 5460 sit
3091 5421 3284 5478 egens,
3339 5407 3528 5464 nullus

1927 5514 2109 5563 tamen
2134 5505 2277 5561 unde
2311 5505 2507 5561 tribuat
2537 5504 2826 5580 indigenti,
2874 5503 3279 5561 excusationem
3325 5505 3526 5579 inopiae

1927 5612 2110 5678 potest
2136 5604 2456 5672 obtendere,
2503 5605 2724 5677 quando
2775 5619 2841 5659 ex
2897 5611 3174 5675 praecepto
3226 5603 3524 5662 Salvatoris

1927 5693 2089 5751 etiam
2121 5693 2348 5750 calicem
2380 5709 2544 5765 aquas
2570 5692 2786 5767 frigidas
2828 5692 3215 5764 praecipiamur
3259 5691 3526 5768 indigenti

1927 5792 2204 5866 prmbere.
2240 5793 2380 5850 Nam
2411 5791 2458 5848 si
2485 5791 2632 5850 aliud
2660 5806 2771 5850 non
2801 5791 3084 5861 habentes,
3135 5789 3373 5863 idipsum
3419 5791 3526 5848 be-
