3986 6070
467 263 607 320 1043

1616 253 1962 312 WERNERI
2003 252 2289 310 ABBATIS
2328 252 2386 309 S.
2427 250 2650 307 BLASII

3647 249 3775 304 1044

470 388 638 462 nigne
659 383 984 454 tribuamus,
1023 382 1338 440 mercedem
1360 380 1550 456 procul
1569 379 1735 439 dubio
1761 395 1868 436 non
1899 379 2065 435 amit-
2094 377 2148 442 Α
2176 384 2515 435 meruerunt.
2537 375 2850 448 Hypocritae
2871 382 3050 432 autem
3074 376 3334 433 malitiam
3364 391 3523 433 suam
3568 373 3780 430 occulte

472 486 678 533 tamus.
716 476 986 532 Creterum
1016 473 1063 528 si
1091 472 1334 544 amplius
1363 487 1676 545 possumus,
1701 479 1750 525 et
1771 476 2067 541 egestatem

474 565 785 623 simulando
815 563 998 618 minus
1027 561 1312 635 largimur,
1343 577 1451 615 non
1483 568 1738 634 egentem
1768 559 1863 614 sed
1894 559 2069 614 Deum

475 655 734 722 fallimus,
769 653 856 710 cui
887 651 1274 708 conscientiam
1305 657 1550 706 nostram
1574 649 1914 704 abscondere
1961 663 2074 702 non

477 759 794 818 possumus.
827 742 960 798 Duae
987 748 1113 795 sunt
1156 740 1542 810 eleemosynae,
1593 753 1702 792 una
1744 736 2070 807 corporalis,

481 831 664 907 egenti
692 831 824 887 dare
852 829 1117 902 quidquid
1152 828 1414 900 potueris,
1447 827 1622 882 altera
1669 825 1943 897 spiritalis,
1996 825 2074 879 di-

480 923 700 980 mittere
730 936 760 975 a
790 935 899 990 quo
931 918 1095 973 laesus
1121 917 1416 973 exstiteris.
1450 917 1648 970 Harum
1699 915 1876 986 prima
1924 913 2075 968 adhi-

481 1019 663 1077 benda
689 1016 928 1083 miseris,
960 1015 1202 1072 secunda
1230 1014 1407 1070 malis.
1439 1013 1550 1068 Erit
1580 1028 1713 1085 ergo
1744 1011 1886 1083 quod
1925 1027 2077 1066 sem-

482 1125 586 1182 per
616 1107 917 1180 impertias,
949 1105 1051 1160 etsi
1082 1121 1193 1161 non
1219 1103 1539 1176 pecuniam,
1601 1103 1685 1158 vel
1737 1102 1968 1157 salutem
2025 1109 2078 1157 et

483 1197 744 1270 gratiam.
780 1196 940 1250 Nunc
966 1194 1069 1250 erit
1097 1193 1446 1264 eleemosyna
1476 1207 1599 1248 cum
1630 1207 1781 1246 mora
1819 1191 2081 1262 praeben-

485 1290 576 1352 da,
608 1301 698 1351 ne,
730 1283 1022 1340 comitante
1052 1282 1288 1349 tristitia,
1347 1296 1563 1338 merces
1618 1288 1806 1351 pereat
1859 1280 2080 1351 dispen-

487 1382 628 1431 sata.
659 1375 813 1430 Tunc
842 1380 1022 1428 autem
1049 1371 1189 1428 bene
1215 1370 1488 1436 tribuitur,
1513 1369 1733 1442 quando
1757 1384 1880 1425 cum
1901 1384 2080 1424 mem—

484 1463 555 1519 tis
584 1461 850 1518 hilaritate
880 1460 1183 1532 praebetur.
1223 1459 1377 1516 Unde
1409 1467 1462 1514 et
1491 1458 1788 1530 Apostolus
1820 1475 1833 1512 :
1872 1481 1892 1507 α
1929 1457 2081 1512 llila-

487 1567 626 1620 rem,
659 1550 854 1622 inquit,
886 1552 1136 1605 datorem
1180 1547 1359 1622 diligit
1411 1549 1560 1603 Deus
1607 1547 1681 1618 (Il
1736 1546 1858 1604 Cor.
1915 1548 2018 1616 ιι).
2057 1569 2078 1594 »

489 1647 837 1705 Metuendum
868 1655 953 1702 est
980 1646 1164 1720 itaque
1209 1662 1279 1701 ne
1326 1660 1538 1718 pauper
1595 1653 1686 1701 aut
1740 1661 1865 1701 cum
1919 1643 2085 1700 taedio

2175 486 2422 550 agentes,
2457 483 2583 532 ante
2623 475 2814 532 oculos
2844 475 3122 530 hominum
3169 477 3407 548 quadam
3454 474 3782 530 innocentia:

2181 566 2468 621 sanctitate
2496 581 2557 620 se
2589 566 2830 619 vestiunt
2862 573 2923 619 ut
2954 572 3301 622 venerentur.
3359 566 3580 636 Quibus
3647 565 3780 619 bene

2180 655 2367 711 divina
2398 669 2536 710 voce
2565 653 2765 708 dicitur
2797 669 2810 706 :
2851 676 2872 702 ιι
2910 654 3001 709 Va:
3054 655 3224 723 vobis,
3282 655 3614 727 hypocrita,
3666 654 3782 725 quia

2183 753 2390 808 similes
2421 752 2547 808 facti
2581 753 2711 806 estis
2735 750 3002 821 sepulcris
3037 753 3321 819 dealbatis,
3348 755 3439 825 qui
3481 753 3622 808 foris
3671 752 3784 822 qui-

2183 843 2309 898 dem
2343 850 2608 913 apparent
2638 841 2949 895 hominibus
2979 841 3251 910 speciosa,
3277 842 3426 897 intus
3477 858 3615 897 vero
3669 848 3786 894 sunt

2185 932 2350 1003 plena
2379 931 2596 986 ossibus
2626 939 2965 986 mortuorum
2989 931 3206 998 (Matth.
3241 935 3422 1002 χχιιι),
3455 956 3478 979 ιι
3506 931 3583 985 ita
3616 939 3669 984 et
3690 945 3787 984 vos

2189 1029 2322 1084 foris
2345 1029 2562 1102 quidem
2593 1029 2873 1099 apparetis
2919 1031 3233 1085 hominibus
3271 1031 3425 1099 justi,
3475 1029 3630 1084 intus
3663 1043 3789 1082 vero

2185 1118 2332 1190 pleni
2366 1118 2497 1174 estis
2521 1118 2751 1173 avaritia
2774 1127 2824 1173 et
2857 1119 3163 1192 iniquitate.
3200 1119 3502 1190 Dupliciter
3521 1119 3790 1172 damnas.

2186 1214 2274 1262 tur
2303 1207 2617 1279 hypocrita,
2649 1207 2764 1262 sive
2794 1223 2891 1278 pro
2921 1208 3139 1266 occulta
3168 1208 3472 1281 iniquitate,
3525 1207 3648 1262 sive
3694 1220 3792 1276 pro

2187 1313 2372 1376 aperta
2402 1305 2768 1360 simulatione.
2823 1307 2900 1361 Ex
2956 1306 3050 1362 illo
3126 1307 3273 1361 enim
3347 1305 3793 1362 condemnentur

2191 1393 2320 1466 quia
2350 1393 2520 1466 iniqui
2547 1402 2692 1460 sunt,
2725 1411 2794 1450 ex
2821 1394 2926 1450 isto
2973 1395 3096 1467 quia
3143 1394 3440 1451 ostendunt
3490 1395 3644 1466 quod
3693 1409 3800 1448 non

2193 1490 2341 1538 sunt.
2377 1485 2498 1538 Non
2530 1499 2749 1554 semper
2790 1483 2958 1540 latent
3015 1485 3339 1556 hypocrita},
3403 1485 3529 1557 quia
3587 1482 3697 1538 etsi
3748 1481 3801 1536 in

2191 1579 2459 1651 principio
2489 1581 2572 1634 sui
2601 1580 2819 1651 quidem
2851 1597 2958 1636 non
2989 1589 3196 1652 patent,
3231 1583 3380 1652 prius
3414 1587 3602 1636 tamen
3635 1597 3803 1652 quam

2193 1669 2299 1723 vita
2328 1684 2518 1724 eorum
2549 1667 2787 1734 finiatur,
2819 1683 2983 1742 quam
3045 1669 3298 1726 simulate
3351 1670 3595 1725 vixerint
3644 1670 3802 1725 dete-

487 1737 721 1808 εοοίρίαι
785 1736 970 1831 (ἶδίξιῑα
995 1780 1009 1802 ν
1077 1743 1164 1790 θυι
1215 1751 1298 1831 ἠε
1339 1735 1617 1831 -οωηίηρ,
1651 1733 2081 1831 Ρνῗδίθιίωίδξυεν
2113 1741 2166 1801 Β
2197 1765 2419 1830 guntur.
2451 1759 2628 1814 Omne
2659 1733 2804 1812 enim
2837 1733 3121 1814 sincerum
3169 1769 3477 1831 permanet,
3528 1759 3637 1814 sed
3686 1775 3806 1831 quae

490 1842 729 1883 moerens
758 1825 1038 1898 tristisque
1068 1825 1309 1880 recedat.
1339 1825 1419 1879 De
1451 1823 1652 1895 rapinis
1693 1823 1886 1878 alienis
1938 1822 2090 1878 elee-

491 1931 779 1988 mosynam
811 1915 1012 1980 facere,
1045 1929 1154 1968 non
1185 1920 1268 1970 est
1293 1911 1532 1969 ofﬁcium
1565 1913 1956 1979 miserationis,
1981 1911 2095 1968 sci-

491 2005 622 2061 licet
669 2003 1098 2060 emolumentum
1154 2001 1408 2058 sceleris.
1467 2001 1624 2059 Unde
1671 2009 1722 2057 et
1782 2001 2091 2057 Salomon:

501 2117 524 2142 ι
562 2092 668 2164 Qui
697 2091 874 2159 offert,
904 2091 1098 2163 inquit,
1129 2089 1456 2147 sacrificium
1511 2090 1579 2145 de
1635 2089 1825 2162 rapina
1881 2105 2096 2162 paupe-

497 2199 642 2250 rum,
677 2189 937 2255 tanquam
969 2180 1015 2235 si
1043 2179 1166 2254 quis
1189 2179 1430 2236 victimet
1475 2179 1645 2234 filium
1697 2179 1752 2235 in
1799 2187 2097 2250 conspectu

497 2279 671 2356 patris
698 2278 784 2335 sui
814 2278 1012 2348 (Eccli.
1041 2278 1262 2348 xxxiv).
1300 2299 1323 2326 ιι
1357 2275 1462 2345 Qui
1492 2275 1640 2332 enim
1681 2276 1882 2346 injuste
1935 2276 2096 2344 tollit,

495 2370 646 2441 juste
675 2381 974 2439 numquam
1002 2364 1297 2433 distribuit,
1344 2381 1444 2422 nec
1487 2363 1629 2421 bene
1676 2365 1834 2421 alteri
1888 2366 2102 2438 praebet

501 2455 648 2532 quod
677 2455 749 2513 ab
777 2454 884 2512 alio
913 2453 1057 2512 male
1086 2462 1391 2527 extorquet.
1423 2455 1682 2528 Magnum
1712 2454 1889 2511 scelus
1909 2463 1992 2511 est
2010 2471 2102 2511 res

503 2560 808 2620 pauperum
836 2552 1107 2618 praestare
1132 2542 1406 2612 divitibus,
1439 2551 1494 2599 et
1540 2544 1609 2600 de
1655 2546 1962 2616 sumptibus
2011 2545 2099 2599 in-

505 2651 674 2709 opum
701 2632 987 2708 acquirere
1013 2631 1233 2690 favores
1288 2640 1619 2706 potentum;
1677 2634 1885 2690 arentis
1941 2641 2102 2690 terrae

502 2725 705 2799 aquam
735 2722 948 2790 tollere,
981 2729 1034 2779 et
1064 2721 1286 2778 ﬂumina
1316 2739 1438 2795 qua
1458 2739 1566 2780 non
1587 2721 1836 2797 indigent
1851 2723 2101 2798 irrigare.

501 2811 905 2883 Nonnunquam
935 2807 1160 2881 largitas
1188 2807 1414 2864 divitum
1443 2807 1698 2879 praedica,
1731 2823 1839 2864 non
1884 2808 1952 2863 ad
2001 2806 2105 2863 uti-

503 2907 731 2973 litatem,
765 2907 864 2964 sed
893 2905 963 2962 ad
993 2905 1279 2964 elationem
1329 2904 1652 2962 effunditur.
1707 2905 2108 2978 Comparantur

503 2983 826 3070 hypocritis,
859 2995 952 3068 qui
997 3011 1107 3051 non
1160 2995 1233 3051 ad
1289 2994 1708 3052 aediﬁcationem
1765 2995 1965 3052 docent
2019 3012 2112 3052 au-

509 3085 794 3153 dientium,
828 3085 928 3140 sed
957 3084 1024 3139 ad
1055 3100 1170 3140 suae
1199 3083 1392 3158 gloriae
1422 3085 1874 3159 exaggerandum
1923 3100 2112 3142 cumu-

516 3173 656 3231 lum.
709 3172 1178 3246 Reprehensibilis
1221 3176 1307 3228 est
1347 3174 1630 3245 superﬂua
1671 3172 1867 3230 eﬂ'usio
1935 3174 2111 3248 largi-

512 3263 665 3319 tatis.
702 3264 843 3319 Nam
874 3262 965 3336 qui
1010 3261 1233 3318 modum
1289 3270 1487 3330 servat,
1545 3277 1750 3320 avarus
1807 3263 1946 3318 nulli
2006 3273 2109 3332 est,

513 3351 612 3410 sed
631 3351 923 3418 omnibus;
945 3350 1134 3424 largus
1159 3349 1508 3422 dispensator
1526 3367 1637 3408 non
1659 3351 1822 3408 debet
1837 3369 1960 3409 esse
1983 3369 2114 3424 pro-

514 3440 696 3512 digus,
728 3439 830 3496 sed
872 3439 1173 3496 discretus.
1249 3439 1461 3513 Largiri
1515 3440 1667 3497 enim
1724 3441 1887 3498 debet
1944 3457 2114 3514 quan-

515 3536 627 3584 tum
657 3535 894 3602 oportet,
925 3535 984 3584 ut
1035 3528 1272 3585 tenendo
1326 3545 1647 3586 mensuram
1704 3529 1939 3588 sufﬁciat
1993 3531 2115 3605 plu-

513 3632 691 3674 nmis.

1090 3761 1167 3818 De
1198 3758 1536 3835 hypocritis.

589 3865 882 3941 Hypocrita
897 3867 1067 3925 verba
1091 3875 1400 3925 sanctorum
1422 3868 1604 3935 habet,
1645 3868 1815 3924 vitam
1859 3884 1970 3925 non
2016 3870 2116 3924 ha-

520 3957 612 4014 bet
644 3975 658 4024 ;
691 3965 744 4012 et
772 3973 910 4030 quos
939 3973 1040 4028 per
1067 3973 1379 4015 sermonem
1410 3958 1676 4015 doctrinae
1706 3959 1961 4032 genuerit
2006 3975 2116 4015 non

520 4047 670 4103 fovet
688 4046 1079 4118 exemplis,sed
1102 4047 1331 4114 deserit,
1350 4047 1483 4118 quia
1504 4064 1643 4120 quos
1665 4048 1850 4104 verbis
1869 4047 2114 4114 aediﬁcat,

523 4135 634 4192 vita
665 4144 720 4193 et
748 4137 996 4193 moribus
1024 4137 1270 4194 destruit.
1302 4137 1610 4209 Hypocritm
1637 4137 1983 4194 simulatores
2029 4138 2116 4192 di-

522 4232 738 4287 cuntur,
772 4225 864 4298 qui
889 4224 1019 4294 justi
1044 4241 1169 4282 esse
1198 4241 1305 4282 non
1337 4234 1606 4298 quaerunt,
1640 4226 1740 4282 sed
1789 4235 1996 4281 tantum
2043 4227 2123 4282 vi-

527 4313 644 4368 deri
673 4313 924 4384 cupiunt.
962 4313 1033 4368 Hi
1063 4313 1209 4370 mala
1239 4324 1430 4388 agunt,
1480 4322 1538 4372 et
1587 4315 1732 4372 bona
1771 4315 2110 4386 profitentur.

527 4401 632 4456 Per
659 4401 1079 4458 ostentationem
1111 4404 1314 4475 quippe
1338 4403 1464 4460 boni
1495 4412 1772 4476 apparent,
1806 4421 1906 4474 per
1944 4404 2120 4460 actio-

2201 1856 2450 1911 simulata
2481 1865 2626 1923 sunt,
2660 1856 2912 1910 diuturna
2941 1873 3068 1912 esse
3099 1873 3208 1912 non
3238 1861 3490 1927 possunt.
3523 1858 3656 1912 Non
3706 1871 3805 1910 eo-

2201 1961 2323 2000 rum
2355 1945 2706 2014 desperanda
2737 1953 2819 2000 est
2849 1945 3024 2011 salus,
3058 1945 3149 2016 qui
3178 1945 3354 2001 adhuc
3385 1945 3592 2016 aliquid
3638 1953 3812 2000 terre-

2202 2049 2332 2088 num
2364 2033 2601 2104 sapiunt,
2657 2033 2786 2088 dum
2843 2034 3056 2105 possint
3121 2042 3174 2090 et
3229 2034 3282 2088 in
3347 2034 3580 2090 occultis
3641 2049 3812 2107 agere

2204 2132 2349 2187 unde
2377 2130 2758 2200 justiﬁcentur.
2792 2131 2858 2186 Hi
2888 2131 3143 2188 meliores
3190 2140 3316 2187 sunt
3361 2134 3696 2206 hypocritis,
3746 2148 3814 2188 eo

2205 2221 2353 2292 quod
2380 2221 2509 2275 mali
2540 2221 2647 2275 sint
2668 2221 2722 2274 in
2747 2229 2955 2292 aperto,
2988 2229 3040 2276 et
3078 2221 3134 2276 in
3155 2222 3365 2277 occulto
3415 2222 3564 2278 boni.
3630 2223 3817 2294 Hypo-

2207 2310 2359 2366 critae
2389 2325 2522 2365 vero
2551 2309 2766 2366 occulte
2795 2309 2927 2365 mali
2977 2319 3122 2378 sunt,
3167 2318 3222 2367 et
3273 2310 3449 2367 bonos
3509 2327 3570 2367 se
3631 2311 3818 2382 palam

2208 2408 2520 2464 ostendunt.
2553 2407 2907 2479 Hypocritam
2931 2408 3116 2478 justus
3173 2424 3405 2482 arguere
3459 2409 3817 2481 prohibetur,

2208 2511 2278 2552 ne
2307 2496 2552 2552 deterior
2584 2496 2883 2570 castigatus
2932 2497 3146 2564 existat,
3199 2498 3414 2555 dicente
3462 2498 3769 2555 Salomone
3802 2516 3815 2554 :

2213 2609 2236 2634 ιι
2268 2585 2394 2641 Noli
2419 2601 2651 2658 arguere
2679 2586 3002 2655 derisorem,
3035 2603 3104 2642 ne
3135 2587 3313 2643 oderit
3341 2591 3396 2643 te
3425 2586 3632 2656 (Prov.
3669 2591 3768 2659 ιχ).
3796 2612 3817 2635 ι

2211 2683 2504 2742 Sciendum
2530 2699 2748 2756 quoque
2779 2684 2925 2756 quod
2976 2684 3121 2753 vitia,
3180 2701 3291 2741 non
3346 2685 3622 2756 homines,
3694 2687 3825 2742 odio

2213 2780 2338 2828 sunt
2367 2772 2642 2828 habenda.
2682 2772 2961 2828 Flebiliter
2991 2781 3172 2828 autem
3204 2773 3530 2846 deplorandi
3559 2786 3691 2831 sunt
3733 2778 3827 2848 qui

2214 2861 2339 2918 odio
2370 2861 2423 2916 in
2453 2860 2612 2918 fratre
2638 2861 2940 2930 tabescunt,
2974 2866 3028 2919 et
3059 2871 3246 2919 contra
3274 2863 3412 2920 alios
3440 2865 3829 2936 perniciosum

2215 2959 2400 3017 odium
2430 2961 2595 3016 animi
2626 2969 2868 3017 servant.
2901 2964 2943 3016 A
2974 2977 3147 3035 regno
3178 2961 3322 3018 enim
3355 2963 3454 3018 Dei
3484 2980 3546 3019 se
3563 2973 3829 3036 separant

2219 3049 2314 3122 qui
2350 3050 2678 3122 semetipsos
2708 3066 2740 3105 a
2771 3051 3030 3107 charitate
3077 3051 3395 3109 dissociant.
3449 3052 3601 3109 Sicut
3655 3062 3832 3110 mater

2227 3101 2314 3122 Ἰ--
2352 3101 2674 3122 _-___--_r_--
2710 3101 2740 3105 _
2775 3101 3028 3107 me“---
3081 3101 3395 3109 -7--_---_---.
3449 3101 3601 3109 _--_-
3655 3101 3823 3110 -....-.,.

2140 3101 2190 3165 Ο
2219 3139 2465 3196 Ecclesia
2494 3155 2666 3211 grave
2695 3140 3011 3195 hominibus
3063 3140 3335 3197 haereticis
3380 3142 3678 3213 premitur,
3733 3143 3831 3199 sed

2220 3245 2402 3292 tamen
2432 3254 2528 3293 eos
2558 3238 2628 3293 ad
2659 3255 2718 3294 se
2743 3238 3023 3294 venientes
3078 3239 3317 3312 benigna
3373 3240 3652 3297 charitate
3715 3257 3833 3297 am-

2222 3326 2494 3400 plectitur,
2529 3327 2598 3381 ita
2628 3335 2681 3382 et
2729 3327 2935 3400 singuli
2995 3326 3252 3383 nimirum
3297 3345 3672 3402 quoscunque
3723 3331 3833 3384 ini-

2225 3416 2399 3472 micos
2431 3416 2783 3482 sustinemus,
2831 3425 3172 3472 revertentes
3223 3427 3464 3473 materna
3523 3419 3833 3476 imitatione

2225 3505 2480 3577 amplecti
2513 3505 2698 3560 statim
2755 3505 3044 3562 debemus.
3112 3507 3230 3563 Cito
3287 3515 3369 3563 est
3421 3508 3834 3579 ignoscendum

2222 3595 2439 3666 cuique,
2474 3594 2603 3649 dum
2633 3595 2848 3650 veniam
2897 3594 3155 3666 postulat.
3214 3597 3339 3651 Non
3393 3598 3542 3652 enim
3602 3609 3836 3670 possunt

2221 3692 2447 3755 peccata
2477 3683 2671 3738 dimitti
2701 3684 2772 3750 ei,
2807 3684 2900 3756 qui
2931 3685 2985 3738 in
3011 3700 3072 3740 se
3099 3686 3346 3755 peccanti
3375 3686 3567 3741 debita
3600 3703 3715 3744 non
3748 3689 3831 3743 di-

2223 3773 2406 3827 mittit.
2440 3773 2694 3827 Formam
2738 3772 2883 3828 enim
2939 3772 3099 3829 nobis
3155 3773 3508 3846 indulgentia
3559 3777 3719 3832 Deus
3771 3793 3831 3833 ex

2225 3861 2421 3916 merito
2449 3861 2782 3917 conditionis
2809 3870 3013 3917 nostrae
3066 3862 3349 3935 imposuit,
3408 3865 3540 3919 dum
3595 3867 3676 3920 ita
3732 3883 3832 3922 nos

2225 3965 2388 4006 orare
2442 3950 2750 4020 praecepit:
2815 3973 2838 3998 ι
2879 3951 3102 4006 Dimitte
3157 3951 3318 4007 nobis
3371 3953 3566 4008 debita
3623 3965 3830 4021 nostra,

2226 4039 2368 4094 sicut
2400 4047 2453 4093 et
2482 4054 2583 4094 nos
2607 4038 2924 4093 dimittimus
2953 4039 3293 4095 debitoribus
3334 4044 3540 4096 nostris
3591 4045 3824 4113 (lauit.

2226 4130 2330 4198 γι).
2370 4147 2391 4176 ι
2423 4128 2631 4181 Justum
2690 4135 2772 4182 est
2829 4128 2972 4182 enim
3028 4128 3130 4182 Dei
3178 4129 3445 4198 judicium
3500 4138 3830 4204 tantumque

2225 4215 2495 4288 peccatori
2525 4232 2557 4270 a
2586 4232 2645 4270 se
2676 4214 2947 4286 indulgeri
2977 4218 3236 4284 ostendit,
3270 4227 3533 4289 quantum
3569 4221 3831 4277 alterutro

2225 4305 2601 4376 unusquisque
2623 4304 2676 4358 in
2698 4322 2759 4360 se
2779 4304 2994 4360 offenso
3028 4306 3293 4378 indulget.
3329 4307 3566 4376 Quidam
3603 4309 3677 4365 de
3719 4311 3831 4366 suis

2227 4392 2565 4450 confidentes
2597 4393 2824 4456 meritis,
2858 4393 3013 4465 pigre
3041 4394 3094 4448 iu
3125 4410 3187 4450 se
3234 4395 3691 4466 delinquentibus
3743 4416 3832 4455 ve-

527 4504 654 4544 nem
686 4505 825 4545 vero
855 4489 981 4546 mali
1012 4465 1268 4547 exis-imit:
1303 4491 1497 4548 Omnia
1520 4465 1768 4563 ρὸεευῃί
1795 4465 1858 4548 ἐχ
1903 4493 2120 4563 simpli-
2150 4465 2202 4527 D
2232 4482 2377 4537 niam
2405 4491 2686 4553 praestant.
2717 4483 2824 4539 Sed
2872 4483 3006 4538 nihil
3048 4483 3261 4554 proficit
3301 4465 3568 4542 illibatum
3619 4504 3752 4545 esse
3803 4506 3832 4544 a

527 4577 684 4634 cibus
715 4577 842 4632 vitia
871 4579 1187 4650 perpetrari,
1227 4579 1498 4636 simulatio
1545 4589 1598 4636 et
1644 4581 1956 4653 hypocrisis
2014 4597 2124 4637 non

526 4666 902 4737 committitur,
934 4666 1038 4723 nisi
1070 4683 1103 4722 a
1154 4667 1297 4726 male
1351 4669 1564 4737 astutis,
1616 4686 1716 4741 per
1771 4669 2122 4726 calliditatem

527 4755 836 4813 valentibus
867 4755 995 4813 vitia
1023 4757 1125 4812 sub
1158 4757 1342 4829 specie
1373 4758 1635 4814 virtutum
1681 4757 1882 4830 celare,
1929 4766 1984 4814 et
2014 4775 2122 4816 non

526 4861 717 4902 veram
747 4846 1094 4903 sanctitatem
1117 4846 1385 4918 objicere.
1424 4847 1606 4905 Sancti
1635 4863 1744 4904 non
1775 4847 1951 4905 solum
1993 4848 2123 4921 glo-

529 4934 666 4990 riam
696 4949 866 5006 supra
890 4935 1112 4992 modum
1170 4951 1330 4992 suum
1386 4937 1609 4994 omnino
1664 4952 1774 4993 non
1831 4945 2118 5009 appetunt,

527 5023 626 5081 sed
657 5023 822 5082 etiam
847 5025 957 5084 hoc
998 5025 1180 5100 ipsum
1237 5025 1417 5084 videri
1475 5025 1758 5100 refugiunt
1814 5027 1958 5099 quod
1997 5041 2121 5084 esse

2231 4573 2390 4643 culpa
2420 4571 2512 4642 qui
2540 4587 2649 4627 non
2678 4581 2760 4628 est
2790 4580 3010 4643 paratus
3051 4573 3117 4626 ad
3169 4575 3400 4641 veniam,
3460 4575 3594 4631 dum
3651 4579 3834 4649 potius

2231 4661 2335 4716 hoc
2389 4676 2594 4733 magna
2633 4661 2702 4715 sit
2739 4660 2921 4732 culpa,
2971 4662 3188 4734 quando
3229 4664 3439 4718 tardius
3513 4665 3836 4721 relaxantur

2232 4750 2478 4805 fraterna
2507 4751 2729 4807 delicta.
2764 4750 2874 4814 Qui
2906 4751 3132 4805 fratrem
3178 4751 3282 4806 sibi
3328 4752 3535 4808 tardius
3586 4756 3835 4811 reconci-

2232 4839 2346 4910 liat,
2381 4840 2556 4894 Deum
2586 4839 2689 4894 sibi
2723 4839 2928 4895 tardius
2959 4840 3155 4911 placat.
3189 4840 3417 4896 Frustra
3455 4842 3604 4897 enim
3659 4846 3836 4917 ρι-ορὶ⁹

2231 4937 2356 4994 tiari
2387 4937 2490 4993 sibi
2521 4938 2696 4993 Deum
2727 4936 2940 5012 quierit,
2971 4937 3066 5012 qui
3097 4938 3205 4996 cito
3234 4939 3459 5012 placare
3488 4940 3594 4998 sibi
3637 4943 3834 5014 proxi-

2229 5043 2377 5084 mum
2405 5025 2665 5100 negligit.

1561 5362 2178 5468 DOMINICA
2276 5361 2793 5488 QUINTA.

1807 5571 2207 5638 Secundum
2261 5573 2538 5637 Lucam.

609 5769 637 5798 α
669 5749 808 5807 Cum
838 5747 1016 5806 turba
1037 5749 1322 5808 irruerent
1337 5751 1410 5808 ad
1425 5753 1634 5823 Iesum,
1656 5761 1716 5812 ut
1731 5756 1981 5814 audirent
2002 5773 2121 5816 ver-

2221 5759 2350 5815 bum
2381 5758 2502 5831 Dei,
2535 5765 2588 5817 et
2612 5757 2732 5833 ipse
2763 5759 2940 5818 stabat
2968 5774 3127 5818 secus
3173 5764 3435 5833 stagnum
3485 5758 3829 5819 Genesar-eth
