  <div class='ocr_page' id='page_1' title='image "/cluster/home/n/w/nwhite01/storage/ocr_20150623/157/hvd.32044054760152/528.png"; bbox 0 0 4042 6080; ppageno 0'>
   <div class='ocr_carea' id='block_1_1' title="bbox 306 265 444 319">
    <p class='ocr_par' dir='ltr' id='par_1_1' title="bbox 306 265 444 319">
     <span class='ocr_line' id='line_1_1' title="bbox 306 265 444 319; baseline -0.007 -1"><span class='ocrx_word' id='word_1_1' title='bbox 306 265 444 319; x_wconf 75' lang='grc'>1045</span> 
     </span>
    </p>
   </div>
   <div class='ocr_carea' id='block_1_2' title="bbox 1235 260 2665 323">
    <p class='ocr_par' dir='ltr' id='par_1_2' title="bbox 1235 260 2665 323">
     <span class='ocr_line' id='line_1_2' title="bbox 1235 260 2665 323; baseline 0.001 -6"><span class='ocrx_word' id='word_1_2' title='bbox 1235 260 1829 319; x_wconf 78' lang='lat' dir='ltr'>DEFLORATIONES</span> <span class='ocrx_word' id='word_1_3' title='bbox 1868 262 1964 320; x_wconf 85' lang='lat' dir='ltr'>SS.</span> <span class='ocrx_word' id='word_1_4' title='bbox 2008 264 2303 323; x_wconf 79' lang='lat' dir='ltr'>PATRUM.</span> <span class='ocrx_word' id='word_1_5' title='bbox 2336 294 2406 307; x_wconf 98' lang='lat'>—</span> <span class='ocrx_word' id='word_1_6' title='bbox 2444 266 2569 321; x_wconf 87' lang='lat' dir='ltr'><strong>LIB.</strong></span> <span class='ocrx_word' id='word_1_7' title='bbox 2597 266 2665 319; x_wconf 84' lang='lat' dir='ltr'>ll.</span> 
     </span>
    </p>
   </div>
   <div class='ocr_carea' id='block_1_3' title="bbox 3468 263 3605 319">
    <p class='ocr_par' dir='ltr' id='par_1_3' title="bbox 3468 263 3605 319">
     <span class='ocr_line' id='line_1_3' title="bbox 3468 263 3605 319; baseline 0 0"><span class='ocrx_word' id='word_1_8' title='bbox 3468 263 3605 319; x_wconf 73' lang='grc'>1046</span> 
     </span>
    </p>
   </div>
   <div class='ocr_carea' id='block_1_4' title="bbox 302 384 3606 461">
    <p class='ocr_par' dir='ltr' id='par_1_4' title="bbox 302 384 3606 461">
     <span class='ocr_line' id='line_1_4' title="bbox 302 384 3606 461; baseline 0 -18"><span class='ocrx_word' id='word_1_9' title='bbox 302 386 458 457; x_wconf 83' lang='lat' dir='ltr'>(Luc.</span> <span class='ocrx_word' id='word_1_10' title='bbox 491 386 575 457; x_wconf 91' lang='lat' dir='ltr'>v).</span> <span class='ocrx_word' id='word_1_11' title='bbox 619 406 641 437; x_wconf 78' lang='grc' dir='ltr'>ι</span> <span class='ocrx_word' id='word_1_12' title='bbox 666 386 933 459; x_wconf 89' lang='lat' dir='ltr'>Stagnum</span> <span class='ocrx_word' id='word_1_13' title='bbox 982 384 1320 442; x_wconf 89' lang='lat' dir='ltr'>Genesareth</span> <span class='ocrx_word' id='word_1_14' title='bbox 1376 385 1521 441; x_wconf 88' lang='lat' dir='ltr'>idem</span> <span class='ocrx_word' id='word_1_15' title='bbox 1555 387 1739 443; x_wconf 90' lang='lat' dir='ltr'>dicunt</span> <span class='ocrx_word' id='word_1_16' title='bbox 1776 404 1899 444; x_wconf 89' lang='lat' dir='ltr'>esse</span> <span class='ocrx_word' id='word_1_17' title='bbox 1930 389 1986 450; x_wconf 83' lang='lat' dir='ltr'><strong>A</strong></span> <span class='ocrx_word' id='word_1_18' title='bbox 2014 392 2185 445; x_wconf 88' lang='lat' dir='ltr'>totam</span> <span class='ocrx_word' id='word_1_19' title='bbox 2223 398 2443 445; x_wconf 88' lang='lat' dir='ltr'>noctem</span> <span class='ocrx_word' id='word_1_20' title='bbox 2475 389 2812 458; x_wconf 79' lang='lat' dir='ltr'>laborantes,</span> <span class='ocrx_word' id='word_1_21' title='bbox 2862 389 2995 446; x_wconf 85' lang='lat' dir='ltr'>nihil</span> <span class='ocrx_word' id='word_1_22' title='bbox 3025 389 3290 461; x_wconf 87' lang='lat' dir='ltr'>cepimus,</span> <span class='ocrx_word' id='word_1_23' title='bbox 3322 389 3379 444; x_wconf 92' lang='lat' dir='ltr'>in</span> <span class='ocrx_word' id='word_1_24' title='bbox 3436 387 3606 444; x_wconf 90' lang='lat' dir='ltr'>verbo</span> 
     </span>
    </p>
   </div>
   <div class='ocr_carea' id='block_1_5' title="bbox 302 474 1906 547">
    <p class='ocr_par' dir='ltr' id='par_1_5' title="bbox 302 474 1906 547">
     <span class='ocr_line' id='line_1_5' title="bbox 302 474 1906 547; baseline 0.001 -16"><span class='ocrx_word' id='word_1_25' title='bbox 302 476 448 547; x_wconf 89' lang='lat' dir='ltr'>quod</span> <span class='ocrx_word' id='word_1_26' title='bbox 474 491 621 530; x_wconf 89' lang='lat' dir='ltr'>mare</span> <span class='ocrx_word' id='word_1_27' title='bbox 653 475 915 544; x_wconf 66' lang='lat' dir='ltr'>Galilaeae,</span> <span class='ocrx_word' id='word_1_28' title='bbox 949 474 1039 531; x_wconf 86' lang='lat' dir='ltr'>vel</span> <span class='ocrx_word' id='word_1_29' title='bbox 1071 491 1223 532; x_wconf 91' lang='lat' dir='ltr'>mare</span> <span class='ocrx_word' id='word_1_30' title='bbox 1254 476 1587 530; x_wconf 89' lang='lat' dir='ltr'>Tiberiadis.</span> <span class='ocrx_word' id='word_1_31' title='bbox 1614 477 1721 532; x_wconf 85' lang='lat' dir='ltr'>Sed</span> <span class='ocrx_word' id='word_1_32' title='bbox 1756 493 1906 534; x_wconf 89' lang='lat' dir='ltr'>mare</span> 
     </span>
    </p>
   </div>
   <div class='ocr_carea' id='block_1_6' title="bbox 300 563 1905 634">
    <p class='ocr_par' dir='ltr' id='par_1_6' title="bbox 300 563 1905 634">
     <span class='ocr_line' id='line_1_6' title="bbox 300 563 1905 634; baseline 0.001 -15"><span class='ocrx_word' id='word_1_33' title='bbox 300 563 546 622; x_wconf 69' lang='lat' dir='ltr'>Galilaeae</span> <span class='ocrx_word' id='word_1_34' title='bbox 574 564 854 634; x_wconf 88' lang='lat' dir='ltr'>adjacente</span> <span class='ocrx_word' id='word_1_35' title='bbox 886 563 1169 634; x_wconf 81' lang='lat' dir='ltr'>provincia</span> <span class='ocrx_word' id='word_1_36' title='bbox 1199 572 1278 619; x_wconf 91' lang='lat' dir='ltr'>est</span> <span class='ocrx_word' id='word_1_37' title='bbox 1310 565 1509 619; x_wconf 91' lang='lat' dir='ltr'>dictum</span> <span class='ocrx_word' id='word_1_38' title='bbox 1542 581 1696 621; x_wconf 86' lang='lat' dir='ltr'>mare</span> <span class='ocrx_word' id='word_1_39' title='bbox 1743 566 1905 621; x_wconf 86' lang='lat' dir='ltr'>Tibe-</span> 
     </span>
    </p>
   </div>
   <div class='ocr_carea' id='block_1_7' title="bbox 299 652 1905 724">
    <p class='ocr_par' dir='ltr' id='par_1_7' title="bbox 299 652 1905 724">
     <span class='ocr_line' id='line_1_7' title="bbox 299 652 1905 724; baseline 0.001 -16"><span class='ocrx_word' id='word_1_40' title='bbox 299 654 468 709; x_wconf 91' lang='lat' dir='ltr'>riadis</span> <span class='ocrx_word' id='word_1_41' title='bbox 495 671 523 707; x_wconf 89' lang='lat' dir='ltr'>a</span> <span class='ocrx_word' id='word_1_42' title='bbox 548 655 794 724; x_wconf 85' lang='lat' dir='ltr'>proxima</span> <span class='ocrx_word' id='word_1_43' title='bbox 826 654 1064 709; x_wconf 76' lang='lat' dir='ltr'>civitate.</span> <span class='ocrx_word' id='word_1_44' title='bbox 1096 655 1269 709; x_wconf 91' lang='lat' dir='ltr'>Porro</span> <span class='ocrx_word' id='word_1_45' title='bbox 1301 652 1548 709; x_wconf 78' lang='lat' dir='ltr'>Genesar</span> <span class='ocrx_word' id='word_1_46' title='bbox 1578 654 1773 710; x_wconf 70' lang='lat' dir='ltr'>Graaco</span> <span class='ocrx_word' id='word_1_47' title='bbox 1804 670 1905 710; x_wconf 90' lang='lat' dir='ltr'>vo-</span> 
     </span>
    </p>
   </div>
   <div class='ocr_carea' id='block_1_8' title="bbox 297 751 1907 824">
    <p class='ocr_par' dir='ltr' id='par_1_8' title="bbox 297 751 1907 824">
     <span class='ocr_line' id='line_1_8' title="bbox 297 751 1907 824; baseline -0.001 -15"><span class='ocrx_word' id='word_1_48' title='bbox 297 752 503 809; x_wconf 88' lang='lat' dir='ltr'>cabulo</span> <span class='ocrx_word' id='word_1_49' title='bbox 534 752 690 824; x_wconf 89' lang='lat' dir='ltr'>quasi</span> <span class='ocrx_word' id='word_1_50' title='bbox 723 752 834 807; x_wconf 85' lang='lat' dir='ltr'>sibi</span> <span class='ocrx_word' id='word_1_51' title='bbox 875 769 1087 807; x_wconf 81' lang='lat' dir='ltr'><strong><em>auram</em></strong></span> <span class='ocrx_word' id='word_1_52' title='bbox 1127 751 1325 806; x_wconf 86' lang='lat' dir='ltr'>dicitur</span> <span class='ocrx_word' id='word_1_53' title='bbox 1354 768 1383 805; x_wconf 91' lang='lat' dir='ltr'>a</span> <span class='ocrx_word' id='word_1_54' title='bbox 1440 752 1775 822; x_wconf 80' lang='lat' dir='ltr'>proprietate</span> <span class='ocrx_word' id='word_1_55' title='bbox 1806 752 1907 807; x_wconf 75' lang='lat' dir='ltr'>laci</span> 
     </span>
    </p>
   </div>
   <div class='ocr_carea' id='block_1_9' title="bbox 298 840 1906 913">
    <p class='ocr_par' dir='ltr' id='par_1_9' title="bbox 298 840 1906 913">
     <span class='ocr_line' id='line_1_9' title="bbox 298 840 1906 913; baseline 0 -18"><span class='ocrx_word' id='word_1_56' title='bbox 298 840 491 912; x_wconf 87' lang='lat' dir='ltr'>ipsius,</span> <span class='ocrx_word' id='word_1_57' title='bbox 534 841 623 913; x_wconf 88' lang='lat' dir='ltr'>qui</span> <span class='ocrx_word' id='word_1_58' title='bbox 673 855 705 895; x_wconf 88' lang='lat' dir='ltr'>a</span> <span class='ocrx_word' id='word_1_59' title='bbox 750 840 1116 911; x_wconf 79' lang='lat' dir='ltr'>crispantibus</span> <span class='ocrx_word' id='word_1_60' title='bbox 1154 840 1311 910; x_wconf 85' lang='lat' dir='ltr'>aquis</span> <span class='ocrx_word' id='word_1_61' title='bbox 1385 840 1451 894; x_wconf 91' lang='lat' dir='ltr'>de</span> <span class='ocrx_word' id='word_1_62' title='bbox 1493 857 1551 895; x_wconf 90' lang='lat' dir='ltr'>se</span> <span class='ocrx_word' id='word_1_63' title='bbox 1590 840 1906 911; x_wconf 86' lang='lat' dir='ltr'>frequenter</span> 
     </span>
    </p>
   </div>
   <div class='ocr_carea' id='block_1_10' title="bbox 299 928 1905 1002">
    <p class='ocr_par' dir='ltr' id='par_1_10' title="bbox 299 928 1905 1002">
     <span class='ocr_line' id='line_1_10' title="bbox 299 928 1905 1002; baseline 0 -16"><span class='ocrx_word' id='word_1_64' title='bbox 299 945 463 986; x_wconf 84' lang='lat' dir='ltr'>auras</span> <span class='ocrx_word' id='word_1_65' title='bbox 500 931 722 986; x_wconf 76' lang='lat' dir='ltr'>excitat.</span> <span class='ocrx_word' id='word_1_66' title='bbox 756 933 911 1001; x_wconf 81' lang='lat' dir='ltr'>Aqua</span> <span class='ocrx_word' id='word_1_67' title='bbox 944 930 1165 1002; x_wconf 89' lang='lat' dir='ltr'>quidem</span> <span class='ocrx_word' id='word_1_68' title='bbox 1194 928 1369 985; x_wconf 90' lang='lat' dir='ltr'>dulcis</span> <span class='ocrx_word' id='word_1_69' title='bbox 1399 938 1499 995; x_wconf 89' lang='lat' dir='ltr'>est,</span> <span class='ocrx_word' id='word_1_70' title='bbox 1532 931 1628 984; x_wconf 89' lang='lat' dir='ltr'>sed</span> <span class='ocrx_word' id='word_1_71' title='bbox 1658 930 1905 986; x_wconf 62' lang='lat' dir='ltr'>Hebraea:</span> 
     </span>
    </p>
   </div>
   <div class='ocr_carea' id='block_1_11' title="bbox 296 1028 1899 1101">
    <p class='ocr_par' dir='ltr' id='par_1_11' title="bbox 296 1028 1899 1101">
     <span class='ocr_line' id='line_1_11' title="bbox 296 1028 1899 1101; baseline -0.002 -15"><span class='ocrx_word' id='word_1_72' title='bbox 296 1029 504 1101; x_wconf 67' lang='lat' dir='ltr'>lingua:</span> <span class='ocrx_word' id='word_1_73' title='bbox 560 1029 961 1084; x_wconf 85' lang='lat' dir='ltr'>consuetudine</span> <span class='ocrx_word' id='word_1_74' title='bbox 1000 1028 1179 1083; x_wconf 91' lang='lat' dir='ltr'>omnis</span> <span class='ocrx_word' id='word_1_75' title='bbox 1236 1044 1495 1100; x_wconf 89' lang='lat' dir='ltr'>aquarum</span> <span class='ocrx_word' id='word_1_76' title='bbox 1526 1030 1899 1100; x_wconf 80' lang='lat' dir='ltr'>congregatio,</span> 
     </span>
    </p>
   </div>
   <div class='ocr_carea' id='block_1_12' title="bbox 300 1116 1903 1188">
    <p class='ocr_par' dir='ltr' id='par_1_12' title="bbox 300 1116 1903 1188">
     <span class='ocr_line' id='line_1_12' title="bbox 300 1116 1903 1188; baseline -0.002 -12"><span class='ocrx_word' id='word_1_77' title='bbox 300 1119 416 1176; x_wconf 74' lang='lat' dir='ltr'>sire</span> <span class='ocrx_word' id='word_1_78' title='bbox 448 1118 621 1174; x_wconf 89' lang='lat' dir='ltr'>dulcis</span> <span class='ocrx_word' id='word_1_79' title='bbox 653 1118 768 1173; x_wconf 84' lang='lat' dir='ltr'>sive</span> <span class='ocrx_word' id='word_1_80' title='bbox 800 1118 964 1185; x_wconf 88' lang='lat' dir='ltr'>salsa,</span> <span class='ocrx_word' id='word_1_81' title='bbox 1000 1133 1151 1173; x_wconf 90' lang='lat' dir='ltr'>mare</span> <span class='ocrx_word' id='word_1_82' title='bbox 1181 1126 1548 1188; x_wconf 87' lang='lat' dir='ltr'>nuncupatur.</span> <span class='ocrx_word' id='word_1_83' title='bbox 1606 1116 1708 1186; x_wconf 88' lang='lat' dir='ltr'>Qui</span> <span class='ocrx_word' id='word_1_84' title='bbox 1749 1117 1903 1175; x_wconf 89' lang='lat' dir='ltr'>lacus</span> 
     </span>
    </p>
   </div>
   <div class='ocr_carea' id='block_1_13' title="bbox 300 1207 1902 1279">
    <p class='ocr_par' dir='ltr' id='par_1_13' title="bbox 300 1207 1902 1279">
     <span class='ocr_line' id='line_1_13' title="bbox 300 1207 1902 1279; baseline -0.001 -14"><span class='ocrx_word' id='word_1_85' title='bbox 300 1208 649 1265; x_wconf 83' lang='lat' dir='ltr'>interﬂuente</span> <span class='ocrx_word' id='word_1_86' title='bbox 677 1207 913 1263; x_wconf 89' lang='lat' dir='ltr'>Jordane</span> <span class='ocrx_word' id='word_1_87' title='bbox 945 1222 1011 1261; x_wconf 75' lang='grc' dir='ltr'>χι</span> <span class='ocrx_word' id='word_1_88' title='bbox 1039 1207 1226 1262; x_wconf 85' lang='lat' dir='ltr'>stadiis</span> <span class='ocrx_word' id='word_1_89' title='bbox 1260 1208 1316 1261; x_wconf 92' lang='lat' dir='ltr'>in</span> <span class='ocrx_word' id='word_1_90' title='bbox 1371 1207 1787 1279; x_wconf 84' lang='lat' dir='ltr'>longitudinem,</span> <span class='ocrx_word' id='word_1_91' title='bbox 1849 1215 1902 1263; x_wconf 88' lang='lat' dir='ltr'>et</span> 
     </span>
    </p>
   </div>
   <div class='ocr_carea' id='block_1_14' title="bbox 302 1295 1900 1369">
    <p class='ocr_par' dir='ltr' id='par_1_14' title="bbox 302 1295 1900 1369">
     <span class='ocr_line' id='line_1_14' title="bbox 302 1295 1900 1369; baseline -0.001 -16"><span class='ocrx_word' id='word_1_92' title='bbox 302 1313 371 1353; x_wconf 75' lang='grc' dir='ltr'>ιιι</span> <span class='ocrx_word' id='word_1_93' title='bbox 430 1297 738 1353; x_wconf 86' lang='lat' dir='ltr'>extenditur</span> <span class='ocrx_word' id='word_1_94' title='bbox 780 1298 835 1351; x_wconf 93' lang='lat' dir='ltr'>in</span> <span class='ocrx_word' id='word_1_95' title='bbox 894 1297 1212 1351; x_wconf 91' lang='lat' dir='ltr'>latudinem.</span> <span class='ocrx_word' id='word_1_96' title='bbox 1275 1295 1410 1366; x_wconf 85' lang='lat' dir='ltr'>Quia</span> <span class='ocrx_word' id='word_1_97' title='bbox 1455 1313 1592 1367; x_wconf 89' lang='lat' dir='ltr'>ergo</span> <span class='ocrx_word' id='word_1_98' title='bbox 1649 1306 1900 1369; x_wconf 81' lang='lat' dir='ltr'>stagnum</span> 
     </span>
    </p>
   </div>
   <div class='ocr_carea' id='block_1_15' title="bbox 305 1394 1901 1468">
    <p class='ocr_par' dir='ltr' id='par_1_15' title="bbox 305 1394 1901 1468">
     <span class='ocr_line' id='line_1_15' title="bbox 305 1394 1901 1468; baseline 0.001 -18"><span class='ocrx_word' id='word_1_99' title='bbox 305 1395 425 1450; x_wconf 91' lang='lat' dir='ltr'>sive</span> <span class='ocrx_word' id='word_1_100' title='bbox 453 1411 604 1450; x_wconf 87' lang='lat' dir='ltr'>mare</span> <span class='ocrx_word' id='word_1_101' title='bbox 634 1411 883 1466; x_wconf 68' lang='lat' dir='ltr'>praesens</span> <span class='ocrx_word' id='word_1_102' title='bbox 941 1394 1197 1450; x_wconf 73' lang='lat' dir='ltr'>saeculum</span> <span class='ocrx_word' id='word_1_103' title='bbox 1242 1395 1511 1468; x_wconf 83' lang='lat' dir='ltr'>designat,</span> <span class='ocrx_word' id='word_1_104' title='bbox 1566 1396 1714 1450; x_wconf 92' lang='lat' dir='ltr'>Deus</span> <span class='ocrx_word' id='word_1_105' title='bbox 1743 1412 1901 1451; x_wconf 91' lang='lat' dir='ltr'>secus</span> 
     </span>
    </p>
   </div>
   <div class='ocr_carea' id='block_1_16' title="bbox 306 1484 1903 1556">
    <p class='ocr_par' dir='ltr' id='par_1_16' title="bbox 306 1484 1903 1556">
     <span class='ocr_line' id='line_1_16' title="bbox 306 1484 1903 1556; baseline -0.001 -16"><span class='ocrx_word' id='word_1_106' title='bbox 306 1499 457 1540; x_wconf 86' lang='lat' dir='ltr'>mare</span> <span class='ocrx_word' id='word_1_107' title='bbox 489 1492 610 1551; x_wconf 88' lang='lat' dir='ltr'>stat,</span> <span class='ocrx_word' id='word_1_108' title='bbox 661 1492 951 1556; x_wconf 86' lang='lat' dir='ltr'>postquam</span> <span class='ocrx_word' id='word_1_109' title='bbox 1005 1484 1355 1539; x_wconf 88' lang='lat' dir='ltr'>stabilitatem</span> <span class='ocrx_word' id='word_1_110' title='bbox 1392 1492 1669 1555; x_wconf 65' lang='lat' dir='ltr'>perpetuae</span> <span class='ocrx_word' id='word_1_111' title='bbox 1706 1485 1903 1556; x_wconf 88' lang='lat' dir='ltr'>quietis</span> 
     </span>
    </p>
   </div>
   <div class='ocr_carea' id='block_1_17' title="bbox 304 1572 1901 1629">
    <p class='ocr_par' dir='ltr' id='par_1_17' title="bbox 304 1572 1901 1629">
     <span class='ocr_line' id='line_1_17' title="bbox 304 1572 1901 1629; baseline 0 -1"><span class='ocrx_word' id='word_1_112' title='bbox 304 1572 437 1628; x_wconf 89' lang='lat' dir='ltr'>adiit</span> <span class='ocrx_word' id='word_1_113' title='bbox 492 1572 708 1629; x_wconf 88' lang='lat' dir='ltr'>devicta</span> <span class='ocrx_word' id='word_1_114' title='bbox 746 1573 1079 1628; x_wconf 88' lang='lat' dir='ltr'>mortalitate</span> <span class='ocrx_word' id='word_1_115' title='bbox 1144 1572 1379 1628; x_wconf 87' lang='lat' dir='ltr'>labentis</span> <span class='ocrx_word' id='word_1_116' title='bbox 1407 1573 1554 1628; x_wconf 83' lang='lat' dir='ltr'>vitae.</span> <span class='ocrx_word' id='word_1_117' title='bbox 1595 1574 1901 1628; x_wconf 82' lang='lat' dir='ltr'>Turbarum</span> 
     </span>
    </p>
   </div>
   <div class='ocr_carea' id='block_1_18' title="bbox 304 1670 1904 1745">
    <p class='ocr_par' dir='ltr' id='par_1_18' title="bbox 304 1670 1904 1745">
     <span class='ocr_line' id='line_1_18' title="bbox 304 1670 1904 1745; baseline 0.002 -19"><span class='ocrx_word' id='word_1_118' title='bbox 304 1679 604 1727; x_wconf 90' lang='lat' dir='ltr'>conventus</span> <span class='ocrx_word' id='word_1_119' title='bbox 665 1671 908 1744; x_wconf 86' lang='lat' dir='ltr'>gentium</span> <span class='ocrx_word' id='word_1_120' title='bbox 966 1670 1022 1726; x_wconf 92' lang='lat' dir='ltr'>in</span> <span class='ocrx_word' id='word_1_121' title='bbox 1060 1670 1225 1727; x_wconf 88' lang='lat' dir='ltr'>ﬁdem</span> <span class='ocrx_word' id='word_1_122' title='bbox 1264 1673 1705 1728; x_wconf 86' lang='lat' dir='ltr'>concurrentium</span> <span class='ocrx_word' id='word_1_123' title='bbox 1744 1678 1904 1745; x_wconf 84' lang='lat' dir='ltr'>typus</span> 
     </span>
    </p>
   </div>
   <div class='ocr_carea' id='block_1_19' title="bbox 303 1760 939 1833">
    <p class='ocr_par' dir='ltr' id='par_1_19' title="bbox 303 1760 939 1833">
     <span class='ocr_line' id='line_1_19' title="bbox 303 1760 939 1833; baseline -0.005 -16"><span class='ocrx_word' id='word_1_124' title='bbox 303 1769 406 1828; x_wconf 88' lang='lat' dir='ltr'>est,</span> <span class='ocrx_word' id='word_1_125' title='bbox 449 1761 519 1817; x_wconf 93' lang='lat' dir='ltr'>de</span> <span class='ocrx_word' id='word_1_126' title='bbox 579 1760 775 1833; x_wconf 89' lang='lat' dir='ltr'>quibus</span> <span class='ocrx_word' id='word_1_127' title='bbox 814 1762 891 1815; x_wconf 90' lang='lat' dir='ltr'>ait</span> <span class='ocrx_word' id='word_1_128' title='bbox 926 1778 939 1815; x_wconf 92' lang='lat'>:</span> 
     </span>
    </p>
   </div>
   <div class='ocr_carea' id='block_1_20' title="bbox 301 1848 1905 1922">
    <p class='ocr_par' dir='ltr' id='par_1_20' title="bbox 301 1848 1905 1922">
     <span class='ocr_line' id='line_1_20' title="bbox 301 1848 1905 1922; baseline 0.001 -17"><span class='ocrx_word' id='word_1_129' title='bbox 301 1858 513 1922; x_wconf 83' lang='lat' dir='ltr'>gentes,</span> <span class='ocrx_word' id='word_1_130' title='bbox 557 1859 608 1905; x_wconf 89' lang='lat' dir='ltr'>et</span> <span class='ocrx_word' id='word_1_131' title='bbox 688 1849 839 1905; x_wconf 89' lang='lat' dir='ltr'>ibunt</span> <span class='ocrx_word' id='word_1_132' title='bbox 886 1848 1072 1921; x_wconf 91' lang='lat' dir='ltr'>populi</span> <span class='ocrx_word' id='word_1_133' title='bbox 1118 1849 1272 1904; x_wconf 90' lang='lat' dir='ltr'>multi</span> <span class='ocrx_word' id='word_1_134' title='bbox 1336 1858 1387 1905; x_wconf 89' lang='lat' dir='ltr'>et</span> <span class='ocrx_word' id='word_1_135' title='bbox 1424 1850 1650 1907; x_wconf 89' lang='lat' dir='ltr'>dicent:</span> <span class='ocrx_word' id='word_1_136' title='bbox 1696 1851 1905 1919; x_wconf 81' lang='lat' dir='ltr'>Venite,</span> 
     </span>
    </p>
   </div>
   <div class='ocr_carea' id='block_1_21' title="bbox 302 1937 1617 2010">
    <p class='ocr_par' dir='ltr' id='par_1_21' title="bbox 302 1937 1617 2010">
     <span class='ocr_line' id='line_1_21' title="bbox 302 1937 1617 2010; baseline -0.005 -15"><span class='ocrx_word' id='word_1_137' title='bbox 302 1939 665 1995; x_wconf 89' lang='lat' dir='ltr'>ascendamus</span> <span class='ocrx_word' id='word_1_138' title='bbox 695 1938 749 1992; x_wconf 94' lang='lat' dir='ltr'>in</span> <span class='ocrx_word' id='word_1_139' title='bbox 782 1946 1020 1993; x_wconf 90' lang='lat' dir='ltr'>montem</span> <span class='ocrx_word' id='word_1_140' title='bbox 1054 1937 1271 1994; x_wconf 90' lang='lat' dir='ltr'>Domini</span> <span class='ocrx_word' id='word_1_141' title='bbox 1300 1939 1428 2008; x_wconf 84' lang='lat' dir='ltr'>(Isa.</span> <span class='ocrx_word' id='word_1_142' title='bbox 1464 1943 1551 2010; x_wconf 85' lang='grc' dir='ltr'>ιι).</span> <span class='ocrx_word' id='word_1_143' title='bbox 1596 1964 1617 1988; x_wconf 69' lang='grc' dir='ltr'><strong><em>υ</em></strong></span> 
     </span>
    </p>
   </div>
   <div class='ocr_carea' id='block_1_22' title="bbox 377 2034 1899 2108">
    <p class='ocr_par' dir='ltr' id='par_1_22' title="bbox 377 2034 1899 2108">
     <span class='ocr_line' id='line_1_22' title="bbox 377 2034 1899 2108; baseline 0 -19"><span class='ocrx_word' id='word_1_144' title='bbox 377 2058 399 2083; x_wconf 79' lang='grc' dir='ltr'><strong>α</strong></span> <span class='ocrx_word' id='word_1_145' title='bbox 437 2036 499 2089; x_wconf 89' lang='lat' dir='ltr'>Et</span> <span class='ocrx_word' id='word_1_146' title='bbox 528 2034 661 2091; x_wconf 87' lang='lat' dir='ltr'>vidit</span> <span class='ocrx_word' id='word_1_147' title='bbox 717 2035 852 2089; x_wconf 90' lang='lat' dir='ltr'>duas</span> <span class='ocrx_word' id='word_1_148' title='bbox 908 2051 1075 2090; x_wconf 85' lang='lat' dir='ltr'>naves</span> <span class='ocrx_word' id='word_1_149' title='bbox 1122 2042 1330 2090; x_wconf 90' lang='lat' dir='ltr'>stantes</span> <span class='ocrx_word' id='word_1_150' title='bbox 1362 2050 1529 2091; x_wconf 83' lang='lat' dir='ltr'>secus</span> <span class='ocrx_word' id='word_1_151' title='bbox 1557 2043 1834 2108; x_wconf 82' lang='lat' dir='ltr'>stagnum.</span> <span class='ocrx_word' id='word_1_152' title='bbox 1878 2062 1899 2089; x_wconf 83' lang='lat'><strong>»</strong></span> 
     </span>
    </p>
   </div>
   <div class='ocr_carea' id='block_1_23' title="bbox 300 2124 1909 2197">
    <p class='ocr_par' dir='ltr' id='par_1_23' title="bbox 300 2124 1909 2197">
     <span class='ocr_line' id='line_1_23' title="bbox 300 2124 1909 2197; baseline 0.001 -15"><span class='ocrx_word' id='word_1_153' title='bbox 300 2125 436 2182; x_wconf 66' lang='lat' dir='ltr'>Duae</span> <span class='ocrx_word' id='word_1_154' title='bbox 466 2140 639 2179; x_wconf 86' lang='lat' dir='ltr'>naves</span> <span class='ocrx_word' id='word_1_155' title='bbox 694 2124 1050 2180; x_wconf 86' lang='lat' dir='ltr'>circumcisio</span> <span class='ocrx_word' id='word_1_156' title='bbox 1102 2133 1305 2181; x_wconf 91' lang='lat' dir='ltr'>suntet</span> <span class='ocrx_word' id='word_1_157' title='bbox 1363 2127 1718 2197; x_wconf 68' lang='lat' dir='ltr'>praeputium.</span> <span class='ocrx_word' id='word_1_158' title='bbox 1758 2127 1909 2197; x_wconf 89' lang='lat' dir='ltr'>Quas</span> 
     </span>
    </p>
   </div>
   <div class='ocr_carea' id='block_1_24' title="bbox 299 2213 1906 2288">
    <p class='ocr_par' dir='ltr' id='par_1_24' title="bbox 299 2213 1906 2288">
     <span class='ocr_line' id='line_1_24' title="bbox 299 2213 1906 2288; baseline 0.002 -18"><span class='ocrx_word' id='word_1_159' title='bbox 299 2216 461 2270; x_wconf 83' lang='lat' dir='ltr'>Jesus</span> <span class='ocrx_word' id='word_1_160' title='bbox 489 2213 642 2280; x_wconf 86' lang='lat' dir='ltr'>vidit,</span> <span class='ocrx_word' id='word_1_161' title='bbox 693 2213 817 2285; x_wconf 91' lang='lat' dir='ltr'>quia</span> <span class='ocrx_word' id='word_1_162' title='bbox 847 2213 914 2268; x_wconf 90' lang='lat' dir='ltr'>de</span> <span class='ocrx_word' id='word_1_163' title='bbox 971 2221 1205 2285; x_wconf 88' lang='lat' dir='ltr'>utroque</span> <span class='ocrx_word' id='word_1_164' title='bbox 1235 2215 1438 2286; x_wconf 86' lang='lat' dir='ltr'>populo</span> <span class='ocrx_word' id='word_1_165' title='bbox 1478 2216 1569 2288; x_wconf 89' lang='lat' dir='ltr'>qui</span> <span class='ocrx_word' id='word_1_166' title='bbox 1606 2217 1749 2272; x_wconf 91' lang='lat' dir='ltr'>siunt</span> <span class='ocrx_word' id='word_1_167' title='bbox 1788 2220 1906 2286; x_wconf 85' lang='lat' dir='ltr'>ejus</span> 
     </span>
    </p>
   </div>
   <div class='ocr_carea' id='block_1_25' title="bbox 303 2312 1906 2383">
    <p class='ocr_par' dir='ltr' id='par_1_25' title="bbox 303 2312 1906 2383">
     <span class='ocr_line' id='line_1_25' title="bbox 303 2312 1906 2383; baseline 0.003 -15"><span class='ocrx_word' id='word_1_168' title='bbox 303 2312 454 2368; x_wconf 88' lang='lat' dir='ltr'>novit</span> <span class='ocrx_word' id='word_1_169' title='bbox 481 2313 558 2383; x_wconf 88' lang='lat' dir='ltr'>(II</span> <span class='ocrx_word' id='word_1_170' title='bbox 591 2314 734 2368; x_wconf 82' lang='lat' dir='ltr'>Tim.</span> <span class='ocrx_word' id='word_1_171' title='bbox 766 2313 847 2383; x_wconf 89' lang='lat' dir='ltr'>ll),</span> <span class='ocrx_word' id='word_1_172' title='bbox 897 2319 951 2367; x_wconf 90' lang='lat' dir='ltr'>et</span> <span class='ocrx_word' id='word_1_173' title='bbox 979 2312 1411 2368; x_wconf 86' lang='lat' dir='ltr'>misericorditer</span> <span class='ocrx_word' id='word_1_174' title='bbox 1460 2315 1531 2371; x_wconf 90' lang='lat' dir='ltr'>ad</span> <span class='ocrx_word' id='word_1_175' title='bbox 1560 2314 1752 2372; x_wconf 69' lang='lat' dir='ltr'>fatum</span> <span class='ocrx_word' id='word_1_176' title='bbox 1782 2317 1906 2373; x_wconf 71' lang='lat' dir='ltr'>vitae</span> 
     </span>
    </p>
   </div>
   <div class='ocr_carea' id='block_1_26' title="bbox 303 2401 1499 2475">
    <p class='ocr_par' dir='ltr' id='par_1_26' title="bbox 303 2401 1499 2475">
     <span class='ocr_line' id='line_1_26' title="bbox 303 2401 1499 2475; baseline 0 -16"><span class='ocrx_word' id='word_1_177' title='bbox 303 2401 747 2474; x_wconf 85' lang='lat' dir='ltr'>tranquillitatem</span> <span class='ocrx_word' id='word_1_178' title='bbox 778 2401 931 2474; x_wconf 89' lang='lat' dir='ltr'>quasi</span> <span class='ocrx_word' id='word_1_179' title='bbox 956 2402 1026 2456; x_wconf 90' lang='lat' dir='ltr'>ad</span> <span class='ocrx_word' id='word_1_180' title='bbox 1056 2401 1200 2457; x_wconf 88' lang='lat' dir='ltr'>littus</span> <span class='ocrx_word' id='word_1_181' title='bbox 1225 2403 1499 2475; x_wconf 88' lang='lat' dir='ltr'>provehit.</span> 
     </span>
    </p>
   </div>
   <div class='ocr_carea' id='block_1_27' title="bbox 378 2518 1903 2579">
    <p class='ocr_par' dir='ltr' id='par_1_27' title="bbox 378 2518 1903 2579">
     <span class='ocr_line' id='line_1_27' title="bbox 378 2518 1903 2579; baseline 0.007 -11"><span class='ocrx_word' id='word_1_182' title='bbox 378 2542 399 2567; x_wconf 78' lang='grc' dir='ltr'><strong><em>υ</em></strong></span> <span class='ocrx_word' id='word_1_183' title='bbox 428 2518 742 2574; x_wconf 81' lang='lat' dir='ltr'>Piscatores</span> <span class='ocrx_word' id='word_1_184' title='bbox 774 2525 958 2574; x_wconf 90' lang='lat' dir='ltr'>autem</span> <span class='ocrx_word' id='word_1_185' title='bbox 1017 2518 1419 2575; x_wconf 85' lang='lat' dir='ltr'>descenderant</span> <span class='ocrx_word' id='word_1_186' title='bbox 1449 2527 1503 2576; x_wconf 89' lang='lat' dir='ltr'>et</span> <span class='ocrx_word' id='word_1_187' title='bbox 1530 2520 1781 2577; x_wconf 80' lang='lat' dir='ltr'>levabant</span> <span class='ocrx_word' id='word_1_188' title='bbox 1810 2538 1903 2579; x_wconf 83' lang='lat' dir='ltr'>re-</span> 
     </span>
    </p>
   </div>
   <div class='ocr_carea' id='block_1_28' title="bbox 304 2607 1906 2680">
    <p class='ocr_par' dir='ltr' id='par_1_28' title="bbox 304 2607 1906 2680">
     <span class='ocr_line' id='line_1_28' title="bbox 304 2607 1906 2680; baseline 0.002 -16"><span class='ocrx_word' id='word_1_189' title='bbox 304 2607 405 2664; x_wconf 86' lang='lat' dir='ltr'>tia.</span> <span class='ocrx_word' id='word_1_190' title='bbox 445 2630 467 2657; x_wconf 72' lang='grc' dir='ltr'>ιι</span> <span class='ocrx_word' id='word_1_191' title='bbox 506 2609 817 2664; x_wconf 88' lang='lat' dir='ltr'>Piscatores</span> <span class='ocrx_word' id='word_1_192' title='bbox 868 2615 995 2663; x_wconf 92' lang='lat' dir='ltr'>sunt</span> <span class='ocrx_word' id='word_1_193' title='bbox 1022 2609 1300 2676; x_wconf 89' lang='lat' dir='ltr'>doctores,</span> <span class='ocrx_word' id='word_1_194' title='bbox 1335 2610 1558 2680; x_wconf 89' lang='lat' dir='ltr'>quinos</span> <span class='ocrx_word' id='word_1_195' title='bbox 1606 2612 1809 2667; x_wconf 89' lang='lat' dir='ltr'>retibus</span> <span class='ocrx_word' id='word_1_196' title='bbox 1839 2611 1906 2666; x_wconf 87' lang='lat' dir='ltr'>ﬁ-</span> 
     </span>
    </p>
   </div>
   <div class='ocr_carea' id='block_1_29' title="bbox 304 2706 1907 2778">
    <p class='ocr_par' dir='ltr' id='par_1_29' title="bbox 304 2706 1907 2778">
     <span class='ocr_line' id='line_1_29' title="bbox 304 2706 1907 2778; baseline 0.002 -16"><span class='ocrx_word' id='word_1_197' title='bbox 304 2706 394 2762; x_wconf 90' lang='lat' dir='ltr'>dei</span> <span class='ocrx_word' id='word_1_198' title='bbox 414 2708 863 2777; x_wconf 90' lang='lat' dir='ltr'>comprehensos,</span> <span class='ocrx_word' id='word_1_199' title='bbox 891 2715 944 2762; x_wconf 91' lang='lat' dir='ltr'>et</span> <span class='ocrx_word' id='word_1_200' title='bbox 984 2707 1053 2762; x_wconf 93' lang='lat' dir='ltr'>de</span> <span class='ocrx_word' id='word_1_201' title='bbox 1089 2707 1361 2778; x_wconf 89' lang='lat' dir='ltr'>profundo</span> <span class='ocrx_word' id='word_1_202' title='bbox 1392 2708 1461 2762; x_wconf 92' lang='lat' dir='ltr'>ad</span> <span class='ocrx_word' id='word_1_203' title='bbox 1491 2708 1676 2765; x_wconf 91' lang='lat' dir='ltr'>lumen</span> <span class='ocrx_word' id='word_1_204' title='bbox 1733 2709 1907 2766; x_wconf 90' lang='lat' dir='ltr'>elatos</span> 
     </span>
    </p>
   </div>
   <div class='ocr_carea' id='block_1_30' title="bbox 305 2795 1907 2868">
    <p class='ocr_par' dir='ltr' id='par_1_30' title="bbox 305 2795 1907 2868">
     <span class='ocr_line' id='line_1_30' title="bbox 305 2795 1907 2868; baseline 0.002 -18"><span class='ocrx_word' id='word_1_205' title='bbox 305 2802 465 2851; x_wconf 63' lang='lat' dir='ltr'>terras</span> <span class='ocrx_word' id='word_1_206' title='bbox 495 2796 799 2851; x_wconf 89' lang='lat' dir='ltr'>viventium</span> <span class='ocrx_word' id='word_1_207' title='bbox 830 2796 987 2868; x_wconf 89' lang='lat' dir='ltr'>quasi</span> <span class='ocrx_word' id='word_1_208' title='bbox 1010 2795 1174 2851; x_wconf 90' lang='lat' dir='ltr'>littori</span> <span class='ocrx_word' id='word_1_209' title='bbox 1206 2797 1509 2853; x_wconf 88' lang='lat' dir='ltr'>advehunt.</span> <span class='ocrx_word' id='word_1_210' title='bbox 1557 2798 1723 2867; x_wconf 88' lang='lat' dir='ltr'>Quasi</span> <span class='ocrx_word' id='word_1_211' title='bbox 1764 2799 1907 2853; x_wconf 88' lang='lat' dir='ltr'>enim</span> 
     </span>
    </p>
   </div>
   <div class='ocr_carea' id='block_1_31' title="bbox 334 2885 1909 2957">
    <p class='ocr_par' dir='ltr' id='par_1_31' title="bbox 334 2885 1909 2957">
     <span class='ocr_line' id='line_1_31' title="bbox 334 2885 1909 2957; baseline 0.001 -16"><span class='ocrx_word' id='word_1_212' title='bbox 334 2886 444 2941; x_wconf 87' lang='lat' dir='ltr'>etia</span> <span class='ocrx_word' id='word_1_213' title='bbox 473 2894 597 2940; x_wconf 89' lang='lat' dir='ltr'>sunt</span> <span class='ocrx_word' id='word_1_214' title='bbox 626 2885 937 2956; x_wconf 75' lang='lat' dir='ltr'>complexae</span> <span class='ocrx_word' id='word_1_215' title='bbox 967 2886 1273 2942; x_wconf 86' lang='lat' dir='ltr'>dictionnes</span> <span class='ocrx_word' id='word_1_216' title='bbox 1306 2887 1721 2957; x_wconf 72' lang='lat' dir='ltr'>przedicantium</span> <span class='ocrx_word' id='word_1_217' title='bbox 1775 2888 1909 2943; x_wconf 91' lang='lat' dir='ltr'>reti-</span> 
     </span>
    </p>
   </div>
   <div class='ocr_carea' id='block_1_32' title="bbox 298 2982 1907 3057">
    <p class='ocr_par' dir='ltr' id='par_1_32' title="bbox 298 2982 1907 3057">
     <span class='ocr_line' id='line_1_32' title="bbox 298 2982 1907 3057; baseline 0.001 -19"><span class='ocrx_word' id='word_1_218' title='bbox 298 2990 497 3039; x_wconf 87' lang='lat' dir='ltr'>nentes</span> <span class='ocrx_word' id='word_1_219' title='bbox 527 2998 623 3038; x_wconf 90' lang='lat' dir='ltr'>eos</span> <span class='ocrx_word' id='word_1_220' title='bbox 652 2983 705 3036; x_wconf 93' lang='lat' dir='ltr'>in</span> <span class='ocrx_word' id='word_1_221' title='bbox 735 2982 842 3039; x_wconf 86' lang='lat' dir='ltr'>ﬁde</span> <span class='ocrx_word' id='word_1_222' title='bbox 875 2999 1015 3053; x_wconf 84' lang='lat' dir='ltr'>quos</span> <span class='ocrx_word' id='word_1_223' title='bbox 1044 2985 1282 3053; x_wconf 90' lang='lat' dir='ltr'>capiunt.</span> <span class='ocrx_word' id='word_1_224' title='bbox 1312 2983 1464 3039; x_wconf 73' lang='lat' dir='ltr'>ltetia</span> <span class='ocrx_word' id='word_1_225' title='bbox 1487 3001 1725 3056; x_wconf 86' lang='lat' dir='ltr'>namque</span> <span class='ocrx_word' id='word_1_226' title='bbox 1751 2985 1907 3057; x_wconf 90' lang='lat' dir='ltr'>quasi</span> 
     </span>
    </p>
   </div>
   <div class='ocr_carea' id='block_1_33' title="bbox 299 3068 1899 3125">
    <p class='ocr_par' dir='ltr' id='par_1_33' title="bbox 299 3068 1899 3125">
     <span class='ocr_line' id='line_1_33' title="bbox 299 3068 1899 3125; baseline 0 -1"><span class='ocrx_word' id='word_1_227' title='bbox 299 3068 587 3124; x_wconf 86' lang='lat' dir='ltr'>retinentia</span> <span class='ocrx_word' id='word_1_228' title='bbox 618 3076 745 3123; x_wconf 89' lang='lat' dir='ltr'>sunt</span> <span class='ocrx_word' id='word_1_229' title='bbox 764 3078 979 3124; x_wconf 87' lang='lat' dir='ltr'>vocata.</span> <span class='ocrx_word' id='word_1_230' title='bbox 1013 3070 1143 3124; x_wconf 64' lang='lat' dir='ltr'>Haec</span> <span class='ocrx_word' id='word_1_231' title='bbox 1182 3068 1318 3123; x_wconf 84' lang='lat' dir='ltr'>retia</span> <span class='ocrx_word' id='word_1_232' title='bbox 1352 3069 1519 3124; x_wconf 91' lang='lat' dir='ltr'>modo</span> <span class='ocrx_word' id='word_1_233' title='bbox 1542 3069 1791 3125; x_wconf 85' lang='lat' dir='ltr'>laxantur</span> <span class='ocrx_word' id='word_1_234' title='bbox 1846 3070 1899 3124; x_wconf 89' lang='lat' dir='ltr'>in</span> 
     </span>
    </p>
   </div>
   <div class='ocr_carea' id='block_1_34' title="bbox 297 3157 1901 3231">
    <p class='ocr_par' dir='ltr' id='par_1_34' title="bbox 297 3157 1901 3231">
     <span class='ocr_line' id='line_1_34' title="bbox 297 3157 1901 3231; baseline 0 -17"><span class='ocrx_word' id='word_1_235' title='bbox 297 3165 599 3228; x_wconf 86' lang='lat' dir='ltr'>capturam,</span> <span class='ocrx_word' id='word_1_236' title='bbox 660 3158 826 3214; x_wconf 88' lang='lat' dir='ltr'>modo</span> <span class='ocrx_word' id='word_1_237' title='bbox 872 3157 984 3213; x_wconf 90' lang='lat' dir='ltr'>lota</span> <span class='ocrx_word' id='word_1_238' title='bbox 1040 3158 1329 3228; x_wconf 89' lang='lat' dir='ltr'>plicantur,</span> <span class='ocrx_word' id='word_1_239' title='bbox 1393 3160 1522 3231; x_wconf 90' lang='lat' dir='ltr'>quia</span> <span class='ocrx_word' id='word_1_240' title='bbox 1554 3176 1698 3215; x_wconf 92' lang='lat' dir='ltr'>nunc</span> <span class='ocrx_word' id='word_1_241' title='bbox 1738 3175 1901 3215; x_wconf 86' lang='lat' dir='ltr'>exer-</span> 
     </span>
    </p>
   </div>
   <div class='ocr_carea' id='block_1_35' title="bbox 298 3246 1901 3319">
    <p class='ocr_par' dir='ltr' id='par_1_35' title="bbox 298 3246 1901 3319">
     <span class='ocr_line' id='line_1_35' title="bbox 298 3246 1901 3319; baseline -0.001 -15"><span class='ocrx_word' id='word_1_242' title='bbox 298 3247 473 3304; x_wconf 88' lang='lat' dir='ltr'>cenda</span> <span class='ocrx_word' id='word_1_243' title='bbox 504 3255 588 3302; x_wconf 89' lang='lat' dir='ltr'>est</span> <span class='ocrx_word' id='word_1_244' title='bbox 614 3247 854 3303; x_wconf 91' lang='lat' dir='ltr'>doctoris</span> <span class='ocrx_word' id='word_1_245' title='bbox 884 3246 1091 3318; x_wconf 86' lang='lat' dir='ltr'>lingua,</span> <span class='ocrx_word' id='word_1_246' title='bbox 1126 3263 1269 3302; x_wconf 93' lang='lat' dir='ltr'>nunc</span> <span class='ocrx_word' id='word_1_247' title='bbox 1285 3247 1480 3302; x_wconf 89' lang='lat' dir='ltr'>suimet</span> <span class='ocrx_word' id='word_1_248' title='bbox 1511 3263 1645 3303; x_wconf 89' lang='lat' dir='ltr'>cura</span> <span class='ocrx_word' id='word_1_249' title='bbox 1664 3248 1901 3319; x_wconf 84' lang='lat' dir='ltr'>agenda.</span> 
     </span>
    </p>
   </div>
   <div class='ocr_carea' id='block_1_36' title="bbox 377 3361 1906 3436">
    <p class='ocr_par' dir='ltr' id='par_1_36' title="bbox 377 3361 1906 3436">
     <span class='ocr_line' id='line_1_36' title="bbox 377 3361 1906 3436; baseline 0.003 -21"><span class='ocrx_word' id='word_1_250' title='bbox 377 3386 399 3409; x_wconf 70' lang='grc' dir='ltr'><strong><em>α</em></strong></span> <span class='ocrx_word' id='word_1_251' title='bbox 433 3361 763 3418; x_wconf 84' lang='lat' dir='ltr'>Ascendens</span> <span class='ocrx_word' id='word_1_252' title='bbox 794 3370 975 3417; x_wconf 91' lang='lat' dir='ltr'>autem</span> <span class='ocrx_word' id='word_1_253' title='bbox 1018 3362 1071 3417; x_wconf 92' lang='lat' dir='ltr'>in</span> <span class='ocrx_word' id='word_1_254' title='bbox 1099 3378 1263 3417; x_wconf 90' lang='lat' dir='ltr'>unam</span> <span class='ocrx_word' id='word_1_255' title='bbox 1304 3378 1500 3419; x_wconf 85' lang='lat' dir='ltr'>navem</span> <span class='ocrx_word' id='word_1_256' title='bbox 1527 3380 1647 3436; x_wconf 76' lang='lat' dir='ltr'>quae</span> <span class='ocrx_word' id='word_1_257' title='bbox 1680 3372 1793 3419; x_wconf 90' lang='lat' dir='ltr'>erat</span> <span class='ocrx_word' id='word_1_258' title='bbox 1824 3364 1906 3421; x_wconf 86' lang='lat' dir='ltr'>Si-</span> 
     </span>
    </p>
   </div>
   <div class='ocr_carea' id='block_1_37' title="bbox 300 3451 1906 3523">
    <p class='ocr_par' dir='ltr' id='par_1_37' title="bbox 300 3451 1906 3523">
     <span class='ocr_line' id='line_1_37' title="bbox 300 3451 1906 3523; baseline 0.001 -16"><span class='ocrx_word' id='word_1_259' title='bbox 300 3451 480 3507; x_wconf 90' lang='lat' dir='ltr'>monis</span> <span class='ocrx_word' id='word_1_260' title='bbox 518 3451 737 3522; x_wconf 79' lang='lat' dir='ltr'>rogavit</span> <span class='ocrx_word' id='word_1_261' title='bbox 777 3466 901 3506; x_wconf 92' lang='lat' dir='ltr'>eum</span> <span class='ocrx_word' id='word_1_262' title='bbox 942 3466 974 3505; x_wconf 90' lang='lat' dir='ltr'>a</span> <span class='ocrx_word' id='word_1_263' title='bbox 1031 3459 1175 3506; x_wconf 89' lang='lat' dir='ltr'>terra</span> <span class='ocrx_word' id='word_1_264' title='bbox 1216 3452 1477 3507; x_wconf 87' lang='lat' dir='ltr'>reducere</span> <span class='ocrx_word' id='word_1_265' title='bbox 1514 3453 1798 3523; x_wconf 88' lang='lat' dir='ltr'>pusillum.</span> <span class='ocrx_word' id='word_1_266' title='bbox 1838 3454 1906 3509; x_wconf 90' lang='lat' dir='ltr'>Et</span> 
     </span>
    </p>
   </div>
   <div class='ocr_carea' id='block_1_38' title="bbox 300 3540 1902 3598">
    <p class='ocr_par' dir='ltr' id='par_1_38' title="bbox 300 3540 1902 3598">
     <span class='ocr_line' id='line_1_38' title="bbox 300 3540 1902 3598; baseline 0.002 -3"><span class='ocrx_word' id='word_1_267' title='bbox 300 3541 501 3596; x_wconf 89' lang='lat' dir='ltr'>sedens</span> <span class='ocrx_word' id='word_1_268' title='bbox 532 3540 764 3595; x_wconf 88' lang='lat' dir='ltr'>docebat</span> <span class='ocrx_word' id='word_1_269' title='bbox 795 3540 863 3595; x_wconf 90' lang='lat' dir='ltr'>de</span> <span class='ocrx_word' id='word_1_270' title='bbox 894 3541 1153 3596; x_wconf 86' lang='lat' dir='ltr'>navicula</span> <span class='ocrx_word' id='word_1_271' title='bbox 1188 3541 1389 3595; x_wconf 86' lang='lat' dir='ltr'>turbas.</span> <span class='ocrx_word' id='word_1_272' title='bbox 1421 3564 1442 3589; x_wconf 76' lang='grc' dir='ltr'>»ι</span> <span class='ocrx_word' id='word_1_273' title='bbox 1467 3542 1635 3597; x_wconf 80' lang='lat' dir='ltr'>Navis</span> <span class='ocrx_word' id='word_1_274' title='bbox 1666 3542 1902 3598; x_wconf 90' lang='lat' dir='ltr'>Simonis</span> 
     </span>
    </p>
   </div>
   <div class='ocr_carea' id='block_1_39' title="bbox 301 3628 1907 3703">
    <p class='ocr_par' dir='ltr' id='par_1_39' title="bbox 301 3628 1907 3703">
     <span class='ocr_line' id='line_1_39' title="bbox 301 3628 1907 3703; baseline -0.003 -17"><span class='ocrx_word' id='word_1_275' title='bbox 301 3638 385 3686; x_wconf 91' lang='lat' dir='ltr'>est</span> <span class='ocrx_word' id='word_1_276' title='bbox 414 3628 696 3701; x_wconf 91' lang='lat' dir='ltr'>primitiva</span> <span class='ocrx_word' id='word_1_277' title='bbox 711 3629 978 3697; x_wconf 86' lang='lat' dir='ltr'>Ecclesia,</span> <span class='ocrx_word' id='word_1_278' title='bbox 1013 3630 1079 3684; x_wconf 92' lang='lat' dir='ltr'>de</span> <span class='ocrx_word' id='word_1_279' title='bbox 1110 3646 1214 3701; x_wconf 90' lang='lat' dir='ltr'>qua</span> <span class='ocrx_word' id='word_1_280' title='bbox 1245 3630 1444 3684; x_wconf 87' lang='lat' dir='ltr'>Paulus</span> <span class='ocrx_word' id='word_1_281' title='bbox 1464 3630 1571 3685; x_wconf 85' lang='lat' dir='ltr'>ait:</span> <span class='ocrx_word' id='word_1_282' title='bbox 1600 3655 1621 3679; x_wconf 71' lang='grc' dir='ltr'>ι(</span> <span class='ocrx_word' id='word_1_283' title='bbox 1650 3630 1755 3700; x_wconf 90' lang='lat' dir='ltr'>Qui</span> <span class='ocrx_word' id='word_1_284' title='bbox 1780 3647 1907 3703; x_wconf 94' lang='lat' dir='ltr'>ope.</span> 
     </span>
    </p>
   </div>
   <div class='ocr_carea' id='block_1_40' title="bbox 301 3726 1898 3801">
    <p class='ocr_par' dir='ltr' id='par_1_40' title="bbox 301 3726 1898 3801">
     <span class='ocr_line' id='line_1_40' title="bbox 301 3726 1898 3801; baseline 0.001 -19"><span class='ocrx_word' id='word_1_285' title='bbox 301 3736 448 3783; x_wconf 90' lang='lat' dir='ltr'>ratus</span> <span class='ocrx_word' id='word_1_286' title='bbox 477 3735 560 3783; x_wconf 89' lang='lat' dir='ltr'>est</span> <span class='ocrx_word' id='word_1_287' title='bbox 592 3728 749 3783; x_wconf 90' lang='lat' dir='ltr'>Petro</span> <span class='ocrx_word' id='word_1_288' title='bbox 780 3727 834 3782; x_wconf 92' lang='lat' dir='ltr'>in</span> <span class='ocrx_word' id='word_1_289' title='bbox 863 3726 1168 3798; x_wconf 89' lang='lat' dir='ltr'>apostolatu</span> <span class='ocrx_word' id='word_1_290' title='bbox 1201 3728 1655 3793; x_wconf 87' lang='lat' dir='ltr'>circumcisionis,</span> <span class='ocrx_word' id='word_1_291' title='bbox 1696 3745 1898 3801; x_wconf 84' lang='lat' dir='ltr'>Opera-</span> 
     </span>
    </p>
   </div>
   <div class='ocr_carea' id='block_1_41' title="bbox 300 3816 1900 3889">
    <p class='ocr_par' dir='ltr' id='par_1_41' title="bbox 300 3816 1900 3889">
     <span class='ocr_line' id='line_1_41' title="bbox 300 3816 1900 3889; baseline 0.001 -17"><span class='ocrx_word' id='word_1_292' title='bbox 300 3824 389 3872; x_wconf 90' lang='lat' dir='ltr'>tus</span> <span class='ocrx_word' id='word_1_293' title='bbox 419 3824 501 3872; x_wconf 90' lang='lat' dir='ltr'>est</span> <span class='ocrx_word' id='word_1_294' title='bbox 531 3823 585 3872; x_wconf 92' lang='lat' dir='ltr'>et</span> <span class='ocrx_word' id='word_1_295' title='bbox 638 3816 771 3871; x_wconf 90' lang='lat' dir='ltr'>mihi</span> <span class='ocrx_word' id='word_1_296' title='bbox 828 3816 970 3870; x_wconf 91' lang='lat' dir='ltr'>inter</span> <span class='ocrx_word' id='word_1_297' title='bbox 1002 3824 1195 3889; x_wconf 78' lang='lat' dir='ltr'>gentes</span> <span class='ocrx_word' id='word_1_298' title='bbox 1226 3817 1377 3886; x_wconf 79' lang='lat' dir='ltr'>(Gal.</span> <span class='ocrx_word' id='word_1_299' title='bbox 1425 3817 1503 3888; x_wconf 86' lang='grc' dir='ltr'>ιι).</span> <span class='ocrx_word' id='word_1_300' title='bbox 1544 3841 1565 3865; x_wconf 74' lang='grc' dir='ltr'><strong>υ</strong></span> <span class='ocrx_word' id='word_1_301' title='bbox 1606 3820 1724 3874; x_wconf 91' lang='lat' dir='ltr'>Una</span> <span class='ocrx_word' id='word_1_302' title='bbox 1754 3819 1900 3874; x_wconf 88' lang='lat' dir='ltr'>dicta</span> 
     </span>
    </p>
   </div>
   <div class='ocr_carea' id='block_1_42' title="bbox 299 3905 1899 3980">
    <p class='ocr_par' dir='ltr' id='par_1_42' title="bbox 299 3905 1899 3980">
     <span class='ocr_line' id='line_1_42' title="bbox 299 3905 1899 3980; baseline 0.003 -20"><span class='ocrx_word' id='word_1_303' title='bbox 299 3906 428 3980; x_wconf 90' lang='lat' dir='ltr'>quia</span> <span class='ocrx_word' id='word_1_304' title='bbox 479 3928 502 3953; x_wconf 75' lang='grc' dir='ltr'>α</span> <span class='ocrx_word' id='word_1_305' title='bbox 558 3905 921 3960; x_wconf 87' lang='lat' dir='ltr'>multitudinis</span> <span class='ocrx_word' id='word_1_306' title='bbox 964 3905 1301 3961; x_wconf 90' lang='lat' dir='ltr'>credentium</span> <span class='ocrx_word' id='word_1_307' title='bbox 1344 3915 1463 3962; x_wconf 89' lang='lat' dir='ltr'>erat</span> <span class='ocrx_word' id='word_1_308' title='bbox 1501 3922 1600 3963; x_wconf 91' lang='lat' dir='ltr'>cor</span> <span class='ocrx_word' id='word_1_309' title='bbox 1647 3925 1812 3963; x_wconf 90' lang='lat' dir='ltr'>unum</span> <span class='ocrx_word' id='word_1_310' title='bbox 1846 3915 1899 3964; x_wconf 92' lang='lat' dir='ltr'>et</span> 
     </span>
    </p>
   </div>
   <div class='ocr_carea' id='block_1_43' title="bbox 297 4003 1898 4080">
    <p class='ocr_par' dir='ltr' id='par_1_43' title="bbox 297 4003 1898 4080">
     <span class='ocr_line' id='line_1_43' title="bbox 297 4003 1898 4080; baseline 0.002 -22"><span class='ocrx_word' id='word_1_311' title='bbox 297 4004 475 4059; x_wconf 86' lang='lat' dir='ltr'>anima</span> <span class='ocrx_word' id='word_1_312' title='bbox 505 4005 779 4074; x_wconf 84' lang='lat' dir='ltr'>una(Act.</span> <span class='ocrx_word' id='word_1_313' title='bbox 813 4005 910 4075; x_wconf 87' lang='lat' dir='ltr'>iv).</span> <span class='ocrx_word' id='word_1_314' title='bbox 946 4023 968 4053; x_wconf 70' lang='grc' dir='ltr'>ι</span> <span class='ocrx_word' id='word_1_315' title='bbox 1006 4004 1083 4059; x_wconf 91' lang='lat' dir='ltr'>De</span> <span class='ocrx_word' id='word_1_316' title='bbox 1113 4019 1220 4075; x_wconf 91' lang='lat' dir='ltr'>qua</span> <span class='ocrx_word' id='word_1_317' title='bbox 1269 4003 1505 4061; x_wconf 88' lang='lat' dir='ltr'>docebat</span> <span class='ocrx_word' id='word_1_318' title='bbox 1534 4007 1739 4073; x_wconf 91' lang='lat' dir='ltr'>turbas,</span> <span class='ocrx_word' id='word_1_319' title='bbox 1772 4007 1898 4080; x_wconf 87' lang='lat' dir='ltr'>quia</span> 
     </span>
    </p>
   </div>
   <div class='ocr_carea' id='block_1_44' title="bbox 299 4092 1897 4168">
    <p class='ocr_par' dir='ltr' id='par_1_44' title="bbox 299 4092 1897 4168">
     <span class='ocr_line' id='line_1_44' title="bbox 299 4092 1897 4168; baseline 0.001 -18"><span class='ocrx_word' id='word_1_320' title='bbox 299 4094 623 4151; x_wconf 88' lang='lat' dir='ltr'>auctoritate</span> <span class='ocrx_word' id='word_1_321' title='bbox 648 4092 820 4165; x_wconf 87' lang='lat' dir='ltr'>ipsius</span> <span class='ocrx_word' id='word_1_322' title='bbox 868 4092 1135 4150; x_wconf 71' lang='lat' dir='ltr'>Ecclesia:</span> <span class='ocrx_word' id='word_1_323' title='bbox 1178 4093 1343 4150; x_wconf 89' lang='lat' dir='ltr'>docet</span> <span class='ocrx_word' id='word_1_324' title='bbox 1370 4111 1545 4167; x_wconf 90' lang='lat' dir='ltr'>usque</span> <span class='ocrx_word' id='word_1_325' title='bbox 1565 4095 1727 4151; x_wconf 91' lang='lat' dir='ltr'>hodie</span> <span class='ocrx_word' id='word_1_326' title='bbox 1755 4112 1897 4168; x_wconf 85' lang='lat' dir='ltr'>gen—</span> 
     </span>
    </p>
   </div>
   <div class='ocr_carea' id='block_1_45' title="bbox 297 4190 400 4239">
    <p class='ocr_par' dir='ltr' id='par_1_45' title="bbox 297 4190 400 4239">
     <span class='ocr_line' id='line_1_45' title="bbox 297 4190 400 4239; baseline -0.01 -1"><span class='ocrx_word' id='word_1_327' title='bbox 297 4190 400 4239; x_wconf 89' lang='lat' dir='ltr'>tes.</span> 
     </span>
    </p>
   </div>
   <div class='ocr_carea' id='block_1_46' title="bbox 374 4295 1893 4368">
    <p class='ocr_par' dir='ltr' id='par_1_46' title="bbox 374 4295 1893 4368">
     <span class='ocr_line' id='line_1_46' title="bbox 374 4295 1893 4368; baseline 0 -15"><span class='ocrx_word' id='word_1_328' title='bbox 374 4320 396 4346; x_wconf 83' lang='grc' dir='ltr'>α</span> <span class='ocrx_word' id='word_1_329' title='bbox 431 4298 499 4353; x_wconf 92' lang='lat' dir='ltr'>Ut</span> <span class='ocrx_word' id='word_1_330' title='bbox 529 4297 998 4354; x_wconf 90' lang='lat' dir='ltr'>cessavittautem</span> <span class='ocrx_word' id='word_1_331' title='bbox 1050 4295 1201 4368; x_wconf 83' lang='lat' dir='ltr'>loqui</span> <span class='ocrx_word' id='word_1_332' title='bbox 1230 4296 1365 4351; x_wconf 88' lang='lat' dir='ltr'>dixit</span> <span class='ocrx_word' id='word_1_333' title='bbox 1421 4296 1490 4352; x_wconf 91' lang='lat' dir='ltr'>ad</span> <span class='ocrx_word' id='word_1_334' title='bbox 1548 4296 1826 4353; x_wconf 89' lang='lat' dir='ltr'>Simonem</span> <span class='ocrx_word' id='word_1_335' title='bbox 1880 4317 1893 4353; x_wconf 89' lang='lat'><strong>:</strong></span> 
     </span>
    </p>
   </div>
   <div class='ocr_carea' id='block_1_47' title="bbox 303 4394 1889 4466">
    <p class='ocr_par' dir='ltr' id='par_1_47' title="bbox 303 4394 1889 4466">
     <span class='ocr_line' id='line_1_47' title="bbox 303 4394 1889 4466; baseline -0.001 -19"><span class='ocrx_word' id='word_1_336' title='bbox 303 4421 326 4447; x_wconf 77' lang='grc' dir='ltr'><strong><em>α</em></strong></span> <span class='ocrx_word' id='word_1_337' title='bbox 362 4398 485 4452; x_wconf 91' lang='lat' dir='ltr'>Duc</span> <span class='ocrx_word' id='word_1_338' title='bbox 516 4396 568 4450; x_wconf 91' lang='lat' dir='ltr'>in</span> <span class='ocrx_word' id='word_1_339' title='bbox 601 4396 789 4466; x_wconf 90' lang='lat' dir='ltr'>altum,</span> <span class='ocrx_word' id='word_1_340' title='bbox 810 4403 863 4451; x_wconf 90' lang='lat' dir='ltr'>et</span> <span class='ocrx_word' id='word_1_341' title='bbox 885 4395 1065 4451; x_wconf 82' lang='lat' dir='ltr'>laxate</span> <span class='ocrx_word' id='word_1_342' title='bbox 1096 4394 1233 4449; x_wconf 89' lang='lat' dir='ltr'>retia</span> <span class='ocrx_word' id='word_1_343' title='bbox 1261 4402 1439 4450; x_wconf 87' lang='lat' dir='ltr'>vestra</span> <span class='ocrx_word' id='word_1_344' title='bbox 1456 4394 1511 4450; x_wconf 93' lang='lat' dir='ltr'>in</span> <span class='ocrx_word' id='word_1_345' title='bbox 1541 4404 1838 4466; x_wconf 86' lang='lat' dir='ltr'>capturam.</span> <span class='ocrx_word' id='word_1_346' title='bbox 1868 4418 1889 4445; x_wconf 80' lang='grc' dir='ltr'>ι)</span> 
     </span>
    </p>
   </div>
   <div class='ocr_carea' id='block_1_48' title="bbox 1931 3113 1980 3177">
    <p class='ocr_par' dir='ltr' id='par_1_48' title="bbox 1931 3113 1980 3177">
     <span class='ocr_line' id='line_1_48' title="bbox 1931 3113 1980 3177; baseline 0 0"><span class='ocrx_word' id='word_1_347' title='bbox 1931 3113 1980 3177; x_wconf 87' lang='lat' dir='ltr'>C</span> 
     </span>
    </p>
   </div>
   <div class='ocr_carea' id='block_1_49' title="bbox 2012 478 3604 535">
    <p class='ocr_par' dir='ltr' id='par_1_49' title="bbox 2012 478 3604 535">
     <span class='ocr_line' id='line_1_49' title="bbox 2012 478 3604 535; baseline 0 -2"><span class='ocrx_word' id='word_1_348' title='bbox 2012 486 2191 533; x_wconf 90' lang='lat' dir='ltr'>autem</span> <span class='ocrx_word' id='word_1_349' title='bbox 2213 487 2306 534; x_wconf 91' lang='lat' dir='ltr'>tuo</span> <span class='ocrx_word' id='word_1_350' title='bbox 2336 480 2533 535; x_wconf 85' lang='lat' dir='ltr'>laxabo</span> <span class='ocrx_word' id='word_1_351' title='bbox 2555 486 2733 535; x_wconf 80' lang='lat' dir='ltr'>rete.»</span> <span class='ocrx_word' id='word_1_352' title='bbox 2767 480 2885 535; x_wconf 91' lang='lat' dir='ltr'>Nisi</span> <span class='ocrx_word' id='word_1_353' title='bbox 2946 480 3208 535; x_wconf 84' lang='lat' dir='ltr'>Dominus</span> <span class='ocrx_word' id='word_1_354' title='bbox 3236 494 3333 535; x_wconf 91' lang='lat' dir='ltr'>cor</span> <span class='ocrx_word' id='word_1_355' title='bbox 3360 478 3604 533; x_wconf 89' lang='lat' dir='ltr'>illustra-</span> 
     </span>
    </p>
   </div>
   <div class='ocr_carea' id='block_1_50' title="bbox 2013 566 3607 637">
    <p class='ocr_par' dir='ltr' id='par_1_50' title="bbox 2013 566 3607 637">
     <span class='ocr_line' id='line_1_50' title="bbox 2013 566 3607 637; baseline -0.001 -16"><span class='ocrx_word' id='word_1_356' title='bbox 2013 568 2151 622; x_wconf 90' lang='lat' dir='ltr'>verit</span> <span class='ocrx_word' id='word_1_357' title='bbox 2180 568 2513 636; x_wconf 90' lang='lat' dir='ltr'>auditorum,</span> <span class='ocrx_word' id='word_1_358' title='bbox 2546 569 2804 625; x_wconf 90' lang='lat' dir='ltr'>doctorin</span> <span class='ocrx_word' id='word_1_359' title='bbox 2835 576 2992 625; x_wconf 82' lang='lat' dir='ltr'>nocte</span> <span class='ocrx_word' id='word_1_360' title='bbox 3013 569 3252 635; x_wconf 88' lang='lat' dir='ltr'>laborat;</span> <span class='ocrx_word' id='word_1_361' title='bbox 3274 567 3379 622; x_wconf 89' lang='lat' dir='ltr'>nisi</span> <span class='ocrx_word' id='word_1_362' title='bbox 3407 566 3461 621; x_wconf 90' lang='lat' dir='ltr'>in</span> <span class='ocrx_word' id='word_1_363' title='bbox 3492 582 3607 637; x_wconf 86' lang='lat' dir='ltr'>gra-</span> 
     </span>
    </p>
   </div>
   <div class='ocr_carea' id='block_1_51' title="bbox 2014 656 3605 728">
    <p class='ocr_par' dir='ltr' id='par_1_51' title="bbox 2014 656 3605 728">
     <span class='ocr_line' id='line_1_51' title="bbox 2014 656 3605 728; baseline 0.001 -19"><span class='ocrx_word' id='word_1_364' title='bbox 2014 656 2084 710; x_wconf 92' lang='lat' dir='ltr'>tia</span> <span class='ocrx_word' id='word_1_365' title='bbox 2113 673 2349 726; x_wconf 88' lang='lat' dir='ltr'>superna</span> <span class='ocrx_word' id='word_1_366' title='bbox 2368 657 2564 712; x_wconf 63' lang='lat' dir='ltr'>laxatae</span> <span class='ocrx_word' id='word_1_367' title='bbox 2587 657 2784 713; x_wconf 83' lang='lat' dir='ltr'>fuerint</span> <span class='ocrx_word' id='word_1_368' title='bbox 2806 658 3217 728; x_wconf 88' lang='lat' dir='ltr'>disputationes,</span> <span class='ocrx_word' id='word_1_369' title='bbox 3234 656 3435 711; x_wconf 88' lang='lat' dir='ltr'>frustra</span> <span class='ocrx_word' id='word_1_370' title='bbox 3457 672 3605 726; x_wconf 68' lang='lat' dir='ltr'>prae-</span> 
     </span>
    </p>
   </div>
   <div class='ocr_carea' id='block_1_52' title="bbox 2014 752 3607 827">
    <p class='ocr_par' dir='ltr' id='par_1_52' title="bbox 2014 752 3607 827">
     <span class='ocr_line' id='line_1_52' title="bbox 2014 752 3607 827; baseline 0.001 -20"><span class='ocrx_word' id='word_1_371' title='bbox 2014 754 2218 808; x_wconf 88' lang='lat' dir='ltr'>dicator</span> <span class='ocrx_word' id='word_1_372' title='bbox 2242 754 2446 823; x_wconf 86' lang='lat' dir='ltr'>jaculat</span> <span class='ocrx_word' id='word_1_373' title='bbox 2473 771 2657 823; x_wconf 85' lang='lat' dir='ltr'>voces,</span> <span class='ocrx_word' id='word_1_374' title='bbox 2694 754 2823 827; x_wconf 89' lang='lat' dir='ltr'>quia</span> <span class='ocrx_word' id='word_1_375' title='bbox 2852 754 2990 810; x_wconf 90' lang='lat' dir='ltr'>ﬁdes</span> <span class='ocrx_word' id='word_1_376' title='bbox 3021 771 3128 810; x_wconf 92' lang='lat' dir='ltr'>non</span> <span class='ocrx_word' id='word_1_377' title='bbox 3161 754 3309 810; x_wconf 85' lang='lat' dir='ltr'>verbi</span> <span class='ocrx_word' id='word_1_378' title='bbox 3338 752 3607 824; x_wconf 85' lang='lat' dir='ltr'>sapientia</span> 
     </span>
    </p>
   </div>
   <div class='ocr_carea' id='block_1_53' title="bbox 2012 843 3607 913">
    <p class='ocr_par' dir='ltr' id='par_1_53' title="bbox 2012 843 3607 913">
     <span class='ocr_line' id='line_1_53' title="bbox 2012 843 3607 913; baseline 0 -17"><span class='ocrx_word' id='word_1_379' title='bbox 2012 843 2279 913; x_wconf 85' lang='lat' dir='ltr'>provenit,</span> <span class='ocrx_word' id='word_1_380' title='bbox 2309 844 2405 898; x_wconf 88' lang='lat' dir='ltr'>sed</span> <span class='ocrx_word' id='word_1_381' title='bbox 2422 860 2651 899; x_wconf 88' lang='lat' dir='ltr'>munere</span> <span class='ocrx_word' id='word_1_382' title='bbox 2668 844 3082 900; x_wconf 87' lang='lat' dir='ltr'>divino.Aliter:</span> <span class='ocrx_word' id='word_1_383' title='bbox 3111 868 3133 892; x_wconf 80' lang='grc'><strong>«</strong></span> <span class='ocrx_word' id='word_1_384' title='bbox 3160 845 3489 913; x_wconf 68' lang='lat' dir='ltr'>Praeceptor,</span> <span class='ocrx_word' id='word_1_385' title='bbox 3506 858 3607 912; x_wconf 92' lang='lat' dir='ltr'>per</span> 
     </span>
    </p>
   </div>
   <div class='ocr_carea' id='block_1_54' title="bbox 2011 933 3606 999">
    <p class='ocr_par' dir='ltr' id='par_1_54' title="bbox 2011 933 3606 999">
     <span class='ocr_line' id='line_1_54' title="bbox 2011 933 3606 999; baseline 0 -14"><span class='ocrx_word' id='word_1_386' title='bbox 2011 939 2178 986; x_wconf 90' lang='lat' dir='ltr'>totam</span> <span class='ocrx_word' id='word_1_387' title='bbox 2208 940 2429 987; x_wconf 91' lang='lat' dir='ltr'>noetem</span> <span class='ocrx_word' id='word_1_388' title='bbox 2461 933 2889 999; x_wconf 65' lang='lat' dir='ltr'>laboravimus,s</span> <span class='ocrx_word' id='word_1_389' title='bbox 2910 940 3015 988; x_wconf 90' lang='lat' dir='ltr'>etc.</span> <span class='ocrx_word' id='word_1_390' title='bbox 3036 933 3265 988; x_wconf 91' lang='lat' dir='ltr'>Sanctus</span> <span class='ocrx_word' id='word_1_391' title='bbox 3285 934 3479 987; x_wconf 89' lang='lat' dir='ltr'>Petrus</span> <span class='ocrx_word' id='word_1_392' title='bbox 3494 935 3606 987; x_wconf 84' lang='lat' dir='ltr'>tota</span> 
     </span>
    </p>
   </div>
   <div class='ocr_carea' id='block_1_55' title="bbox 2010 1029 3606 1100">
    <p class='ocr_par' dir='ltr' id='par_1_55' title="bbox 2010 1029 3606 1100">
     <span class='ocr_line' id='line_1_55' title="bbox 2010 1029 3606 1100; baseline 0.001 -17"><span class='ocrx_word' id='word_1_393' title='bbox 2010 1038 2170 1085; x_wconf 91' lang='lat' dir='ltr'>nocte</span> <span class='ocrx_word' id='word_1_394' title='bbox 2222 1030 2278 1083; x_wconf 90' lang='lat' dir='ltr'>in</span> <span class='ocrx_word' id='word_1_395' title='bbox 2326 1030 2629 1100; x_wconf 86' lang='lat' dir='ltr'>piscatione</span> <span class='ocrx_word' id='word_1_396' title='bbox 2676 1030 2932 1085; x_wconf 88' lang='lat' dir='ltr'>laborans</span> <span class='ocrx_word' id='word_1_397' title='bbox 2969 1030 3102 1084; x_wconf 89' lang='lat' dir='ltr'>nihil</span> <span class='ocrx_word' id='word_1_398' title='bbox 3139 1030 3304 1100; x_wconf 84' lang='lat' dir='ltr'>cepit,</span> <span class='ocrx_word' id='word_1_399' title='bbox 3343 1029 3399 1083; x_wconf 93' lang='lat' dir='ltr'>in</span> <span class='ocrx_word' id='word_1_400' title='bbox 3437 1030 3606 1085; x_wconf 87' lang='lat' dir='ltr'>verbo</span> 
     </span>
    </p>
   </div>
   <div class='ocr_carea' id='block_1_56' title="bbox 2011 1117 3606 1188">
    <p class='ocr_par' dir='ltr' id='par_1_56' title="bbox 2011 1117 3606 1188">
     <span class='ocr_line' id='line_1_56' title="bbox 2011 1117 3606 1188; baseline 0.001 -17"><span class='ocrx_word' id='word_1_401' title='bbox 2011 1127 2193 1172; x_wconf 87' lang='lat' dir='ltr'>autem</span> <span class='ocrx_word' id='word_1_402' title='bbox 2228 1117 2447 1173; x_wconf 90' lang='lat' dir='ltr'>Domini</span> <span class='ocrx_word' id='word_1_403' title='bbox 2482 1126 2599 1174; x_wconf 89' lang='lat' dir='ltr'>rete</span> <span class='ocrx_word' id='word_1_404' title='bbox 2664 1118 2882 1188; x_wconf 82' lang='lat' dir='ltr'>laxans,</span> <span class='ocrx_word' id='word_1_405' title='bbox 2924 1118 3322 1174; x_wconf 85' lang='lat' dir='ltr'>multitudinem</span> <span class='ocrx_word' id='word_1_406' title='bbox 3373 1117 3606 1188; x_wconf 90' lang='lat' dir='ltr'>piscium</span> 
     </span>
    </p>
   </div>
   <div class='ocr_carea' id='block_1_57' title="bbox 2008 1206 3606 1280">
    <p class='ocr_par' dir='ltr' id='par_1_57' title="bbox 2008 1206 3606 1280">
     <span class='ocr_line' id='line_1_57' title="bbox 2008 1206 3606 1280; baseline 0 -17"><span class='ocrx_word' id='word_1_407' title='bbox 2008 1206 2302 1263; x_wconf 89' lang='lat' dir='ltr'>conclusit.</span> <span class='ocrx_word' id='word_1_408' title='bbox 2340 1208 2421 1262; x_wconf 88' lang='lat' dir='ltr'>Ita</span> <span class='ocrx_word' id='word_1_409' title='bbox 2442 1223 2543 1263; x_wconf 91' lang='lat' dir='ltr'>nos</span> <span class='ocrx_word' id='word_1_410' title='bbox 2578 1224 2702 1262; x_wconf 90' lang='lat' dir='ltr'>cum</span> <span class='ocrx_word' id='word_1_411' title='bbox 2730 1208 2873 1263; x_wconf 91' lang='lat' dir='ltr'>vitiis</span> <span class='ocrx_word' id='word_1_412' title='bbox 2902 1215 2955 1263; x_wconf 91' lang='lat' dir='ltr'>et</span> <span class='ocrx_word' id='word_1_413' title='bbox 2990 1207 3234 1280; x_wconf 86' lang='lat' dir='ltr'>peccatis</span> <span class='ocrx_word' id='word_1_414' title='bbox 3250 1207 3606 1263; x_wconf 87' lang='lat' dir='ltr'>contenebra-</span> 
     </span>
    </p>
   </div>
   <div class='ocr_carea' id='block_1_58' title="bbox 2011 1306 3603 1379">
    <p class='ocr_par' dir='ltr' id='par_1_58' title="bbox 2011 1306 3603 1379">
     <span class='ocr_line' id='line_1_58' title="bbox 2011 1306 3603 1379; baseline -0.001 -17"><span class='ocrx_word' id='word_1_415' title='bbox 2011 1307 2079 1362; x_wconf 91' lang='lat' dir='ltr'>tis</span> <span class='ocrx_word' id='word_1_416' title='bbox 2106 1307 2488 1377; x_wconf 60' lang='lat' dir='ltr'>pradicamus,</span> <span class='ocrx_word' id='word_1_417' title='bbox 2521 1307 2674 1379; x_wconf 88' lang='lat' dir='ltr'>quasi</span> <span class='ocrx_word' id='word_1_418' title='bbox 2714 1309 2768 1361; x_wconf 89' lang='lat' dir='ltr'>in</span> <span class='ocrx_word' id='word_1_419' title='bbox 2807 1314 2964 1362; x_wconf 93' lang='lat' dir='ltr'>nocte</span> <span class='ocrx_word' id='word_1_420' title='bbox 3022 1306 3225 1362; x_wconf 82' lang='lat' dir='ltr'>frustra</span> <span class='ocrx_word' id='word_1_421' title='bbox 3271 1307 3603 1373; x_wconf 87' lang='lat' dir='ltr'>laboramus,</span> 
     </span>
    </p>
   </div>
   <div class='ocr_carea' id='block_1_59' title="bbox 2011 1394 3604 1466">
    <p class='ocr_par' dir='ltr' id='par_1_59' title="bbox 2011 1394 3604 1466">
     <span class='ocr_line' id='line_1_59' title="bbox 2011 1394 3604 1466; baseline -0.001 -15"><span class='ocrx_word' id='word_1_422' title='bbox 2011 1403 2063 1452; x_wconf 91' lang='lat' dir='ltr'>et</span> <span class='ocrx_word' id='word_1_423' title='bbox 2100 1396 2225 1450; x_wconf 89' lang='lat' dir='ltr'>ideo</span> <span class='ocrx_word' id='word_1_424' title='bbox 2264 1396 2396 1450; x_wconf 86' lang='lat' dir='ltr'>nihil</span> <span class='ocrx_word' id='word_1_425' title='bbox 2462 1396 2727 1466; x_wconf 89' lang='lat' dir='ltr'>capimus,</span> <span class='ocrx_word' id='word_1_426' title='bbox 2778 1395 2875 1451; x_wconf 90' lang='lat' dir='ltr'>sed</span> <span class='ocrx_word' id='word_1_427' title='bbox 2904 1394 3074 1450; x_wconf 88' lang='lat' dir='ltr'>verba</span> <span class='ocrx_word' id='word_1_428' title='bbox 3108 1394 3388 1450; x_wconf 87' lang='lat' dir='ltr'>incassum</span> <span class='ocrx_word' id='word_1_429' title='bbox 3419 1394 3604 1450; x_wconf 83' lang='lat' dir='ltr'>fundi-</span> 
     </span>
    </p>
   </div>
   <div class='ocr_carea' id='block_1_60' title="bbox 2009 1478 3602 1553">
    <p class='ocr_par' dir='ltr' id='par_1_60' title="bbox 2009 1478 3602 1553">
     <span class='ocr_line' id='line_1_60' title="bbox 2009 1478 3602 1553; baseline 0.001 -19"><span class='ocrx_word' id='word_1_430' title='bbox 2009 1496 2152 1547; x_wconf 91' lang='lat' dir='ltr'>mus,</span> <span class='ocrx_word' id='word_1_431' title='bbox 2185 1479 2311 1553; x_wconf 89' lang='lat' dir='ltr'>quia</span> <span class='ocrx_word' id='word_1_432' title='bbox 2343 1479 2595 1535; x_wconf 89' lang='lat' dir='ltr'>nimirum</span> <span class='ocrx_word' id='word_1_433' title='bbox 2626 1495 2810 1535; x_wconf 89' lang='lat' dir='ltr'>sermo</span> <span class='ocrx_word' id='word_1_434' title='bbox 2828 1479 2928 1534; x_wconf 89' lang='lat' dir='ltr'>Dei</span> <span class='ocrx_word' id='word_1_435' title='bbox 2961 1479 3017 1534; x_wconf 93' lang='lat' dir='ltr'>in</span> <span class='ocrx_word' id='word_1_436' title='bbox 3045 1480 3151 1536; x_wconf 88' lang='lat' dir='ltr'>hoc</span> <span class='ocrx_word' id='word_1_437' title='bbox 3178 1495 3287 1535; x_wconf 91' lang='lat' dir='ltr'>non</span> <span class='ocrx_word' id='word_1_438' title='bbox 3316 1478 3482 1549; x_wconf 87' lang='lat' dir='ltr'>capit,</span> <span class='ocrx_word' id='word_1_439' title='bbox 3508 1478 3602 1551; x_wconf 89' lang='lat' dir='ltr'>qui</span> 
     </span>
    </p>
   </div>
   <div class='ocr_carea' id='block_1_61' title="bbox 2011 1575 3606 1649">
    <p class='ocr_par' dir='ltr' id='par_1_61' title="bbox 2011 1575 3606 1649">
     <span class='ocr_line' id='line_1_61' title="bbox 2011 1575 3606 1649; baseline -0.001 -16"><span class='ocrx_word' id='word_1_440' title='bbox 2011 1586 2217 1633; x_wconf 89' lang='lat' dir='ltr'>tantum</span> <span class='ocrx_word' id='word_1_441' title='bbox 2275 1585 2497 1633; x_wconf 90' lang='lat' dir='ltr'>terrena</span> <span class='ocrx_word' id='word_1_442' title='bbox 2559 1578 2724 1649; x_wconf 90' lang='lat' dir='ltr'>sapit.</span> <span class='ocrx_word' id='word_1_443' title='bbox 2772 1578 2831 1632; x_wconf 90' lang='lat' dir='ltr'>In</span> <span class='ocrx_word' id='word_1_444' title='bbox 2870 1577 2975 1633; x_wconf 90' lang='lat' dir='ltr'>hoc</span> <span class='ocrx_word' id='word_1_445' title='bbox 3019 1577 3192 1633; x_wconf 90' lang='lat' dir='ltr'>verbo</span> <span class='ocrx_word' id='word_1_446' title='bbox 3248 1575 3465 1631; x_wconf 83' lang='lat' dir='ltr'>Domini</span> <span class='ocrx_word' id='word_1_447' title='bbox 3494 1584 3606 1632; x_wconf 90' lang='lat' dir='ltr'>rete</span> 
     </span>
    </p>
   </div>
   <div class='ocr_carea' id='block_1_62' title="bbox 2009 1665 3605 1738">
    <p class='ocr_par' dir='ltr' id='par_1_62' title="bbox 2009 1665 3605 1738">
     <span class='ocr_line' id='line_1_62' title="bbox 2009 1665 3605 1738; baseline 0.001 -17"><span class='ocrx_word' id='word_1_448' title='bbox 2009 1667 2276 1733; x_wconf 83' lang='lat' dir='ltr'>laxamus,</span> <span class='ocrx_word' id='word_1_449' title='bbox 2353 1667 2485 1721; x_wconf 89' lang='lat' dir='ltr'>dum</span> <span class='ocrx_word' id='word_1_450' title='bbox 2546 1666 2752 1738; x_wconf 81' lang='lat' dir='ltr'>papulo</span> <span class='ocrx_word' id='word_1_451' title='bbox 2811 1665 3023 1737; x_wconf 86' lang='lat' dir='ltr'>justitia</span> <span class='ocrx_word' id='word_1_452' title='bbox 3065 1665 3327 1721; x_wconf 90' lang='lat' dir='ltr'>esurienti</span> <span class='ocrx_word' id='word_1_453' title='bbox 3380 1665 3605 1722; x_wconf 89' lang='lat' dir='ltr'>verbum</span> 
     </span>
    </p>
   </div>
   <div class='ocr_carea' id='block_1_63' title="bbox 1013 1749 3606 1818">
    <p class='ocr_par' dir='ltr' id='par_1_63' title="bbox 1013 1749 3606 1818">
     <span class='ocr_line' id='line_1_63' title="bbox 1013 1749 3606 1818; baseline 0.001 -11"><span class='ocrx_word' id='word_1_454' title='bbox 1013 1784 1035 1807; x_wconf 74' lang='grc' dir='ltr'>ιι</span> <span class='ocrx_word' id='word_1_455' title='bbox 1096 1761 1162 1815; x_wconf 83' lang='grc' dir='ltr'>Ει</span> <span class='ocrx_word' id='word_1_456' title='bbox 1209 1760 1375 1817; x_wconf 86' lang='lat' dir='ltr'>ﬂuent</span> <span class='ocrx_word' id='word_1_457' title='bbox 1431 1762 1500 1817; x_wconf 89' lang='lat' dir='ltr'>ad</span> <span class='ocrx_word' id='word_1_458' title='bbox 1558 1778 1682 1817; x_wconf 92' lang='lat' dir='ltr'>eum</span> <span class='ocrx_word' id='word_1_459' title='bbox 1712 1776 1903 1818; x_wconf 91' lang='lat' dir='ltr'>omnes</span> <span class='ocrx_word' id='word_1_460' title='bbox 1932 1749 1984 1811; x_wconf 92' lang='grc' dir='ltr'>Β</span> <span class='ocrx_word' id='word_1_461' title='bbox 2015 1756 2137 1812; x_wconf 85' lang='lat' dir='ltr'>vitae</span> <span class='ocrx_word' id='word_1_462' title='bbox 2166 1755 2638 1811; x_wconf 88' lang='lat' dir='ltr'>administramus.</span> <span class='ocrx_word' id='word_1_463' title='bbox 2679 1755 2833 1810; x_wconf 92' lang='lat' dir='ltr'>Tunc</span> <span class='ocrx_word' id='word_1_464' title='bbox 2879 1754 3276 1810; x_wconf 88' lang='lat' dir='ltr'>multitudinem</span> <span class='ocrx_word' id='word_1_465' title='bbox 3320 1753 3606 1811; x_wconf 89' lang='lat' dir='ltr'>concludi-</span> 
     </span>
    </p>
   </div>
   <div class='ocr_carea' id='block_1_64' title="bbox 2007 1843 3603 1916">
    <p class='ocr_par' dir='ltr' id='par_1_64' title="bbox 2007 1843 3603 1916">
     <span class='ocr_line' id='line_1_64' title="bbox 2007 1843 3603 1916; baseline -0.002 -15"><span class='ocrx_word' id='word_1_466' title='bbox 2007 1862 2148 1912; x_wconf 89' lang='lat' dir='ltr'>mus,</span> <span class='ocrx_word' id='word_1_467' title='bbox 2182 1844 2401 1916; x_wconf 90' lang='lat' dir='ltr'>quando</span> <span class='ocrx_word' id='word_1_468' title='bbox 2429 1843 2694 1915; x_wconf 89' lang='lat' dir='ltr'>plurimos</span> <span class='ocrx_word' id='word_1_469' title='bbox 2726 1851 2842 1899; x_wconf 89' lang='lat' dir='ltr'>rete</span> <span class='ocrx_word' id='word_1_470' title='bbox 2871 1843 3142 1899; x_wconf 89' lang='lat' dir='ltr'>sermonis</span> <span class='ocrx_word' id='word_1_471' title='bbox 3171 1851 3361 1914; x_wconf 89' lang='lat' dir='ltr'>captos</span> <span class='ocrx_word' id='word_1_472' title='bbox 3389 1843 3458 1899; x_wconf 92' lang='lat' dir='ltr'>de</span> <span class='ocrx_word' id='word_1_473' title='bbox 3474 1860 3603 1915; x_wconf 81' lang='lat' dir='ltr'>gur-</span> 
     </span>
    </p>
   </div>
   <div class='ocr_carea' id='block_1_65' title="bbox 2007 1942 3597 2016">
    <p class='ocr_par' dir='ltr' id='par_1_65' title="bbox 2007 1942 3597 2016">
     <span class='ocr_line' id='line_1_65' title="bbox 2007 1942 3597 2016; baseline 0 -19"><span class='ocrx_word' id='word_1_474' title='bbox 2007 1943 2121 2016; x_wconf 84' lang='lat' dir='ltr'>gite</span> <span class='ocrx_word' id='word_1_475' title='bbox 2150 1951 2501 2015; x_wconf 89' lang='lat' dir='ltr'>peccatorum</span> <span class='ocrx_word' id='word_1_476' title='bbox 2559 1958 2624 1999; x_wconf 89' lang='lat' dir='ltr'>ac</span> <span class='ocrx_word' id='word_1_477' title='bbox 2653 1942 2798 1998; x_wconf 89' lang='lat' dir='ltr'>littus</span> <span class='ocrx_word' id='word_1_478' title='bbox 2835 1942 3170 2013; x_wconf 68' lang='lat' dir='ltr'>poenitentiae</span> <span class='ocrx_word' id='word_1_479' title='bbox 3216 1942 3597 2013; x_wconf 89' lang='lat' dir='ltr'>producimus.</span> 
     </span>
    </p>
   </div>
   <div class='ocr_carea' id='block_1_66' title="bbox 2008 2030 3603 2103">
    <p class='ocr_par' dir='ltr' id='par_1_66' title="bbox 2008 2030 3603 2103">
     <span class='ocr_line' id='line_1_66' title="bbox 2008 2030 3603 2103; baseline 0 -17"><span class='ocrx_word' id='word_1_480' title='bbox 2008 2032 2141 2087; x_wconf 92' lang='lat' dir='ltr'>lnde</span> <span class='ocrx_word' id='word_1_481' title='bbox 2171 2032 2297 2087; x_wconf 89' lang='lat' dir='ltr'>dicit</span> <span class='ocrx_word' id='word_1_482' title='bbox 2351 2032 2667 2103; x_wconf 89' lang='lat' dir='ltr'>Scriptura:</span> <span class='ocrx_word' id='word_1_483' title='bbox 2706 2054 2727 2078; x_wconf 80' lang='grc' dir='ltr'>ιι</span> <span class='ocrx_word' id='word_1_484' title='bbox 2768 2031 3024 2102; x_wconf 91' lang='lat' dir='ltr'>Loquere</span> <span class='ocrx_word' id='word_1_485' title='bbox 3079 2031 3308 2087; x_wconf 90' lang='lat' dir='ltr'>verbum</span> <span class='ocrx_word' id='word_1_486' title='bbox 3344 2030 3463 2086; x_wconf 89' lang='lat' dir='ltr'>auri</span> <span class='ocrx_word' id='word_1_487' title='bbox 3501 2046 3603 2087; x_wconf 87' lang='lat' dir='ltr'>au-</span> 
     </span>
    </p>
   </div>
   <div class='ocr_carea' id='block_1_67' title="bbox 2007 2119 3603 2192">
    <p class='ocr_par' dir='ltr' id='par_1_67' title="bbox 2007 2119 3603 2192">
     <span class='ocr_line' id='line_1_67' title="bbox 2007 2119 3603 2192; baseline 0 -17"><span class='ocrx_word' id='word_1_488' title='bbox 2007 2120 2179 2176; x_wconf 90' lang='lat' dir='ltr'>dienti</span> <span class='ocrx_word' id='word_1_489' title='bbox 2210 2122 2408 2191; x_wconf 84' lang='lat' dir='ltr'>(Eccli.</span> <span class='ocrx_word' id='word_1_490' title='bbox 2440 2122 2587 2191; x_wconf 80' lang='lat' dir='ltr'>xxv).</span> <span class='ocrx_word' id='word_1_491' title='bbox 2626 2143 2647 2168; x_wconf 78' lang='grc'><strong>»</strong></span> <span class='ocrx_word' id='word_1_492' title='bbox 2683 2119 2930 2176; x_wconf 88' lang='lat' dir='ltr'>Inaniter</span> <span class='ocrx_word' id='word_1_493' title='bbox 2983 2119 3126 2175; x_wconf 91' lang='lat' dir='ltr'>enim</span> <span class='ocrx_word' id='word_1_494' title='bbox 3172 2120 3468 2192; x_wconf 89' lang='lat' dir='ltr'>perstrepit</span> <span class='ocrx_word' id='word_1_495' title='bbox 3496 2134 3603 2175; x_wconf 83' lang='lat' dir='ltr'>vox</span> 
     </span>
    </p>
   </div>
   <div class='ocr_carea' id='block_1_68' title="bbox 2007 2216 3600 2291">
    <p class='ocr_par' dir='ltr' id='par_1_68' title="bbox 2007 2216 3600 2291">
     <span class='ocr_line' id='line_1_68' title="bbox 2007 2216 3600 2291; baseline 0 -17"><span class='ocrx_word' id='word_1_496' title='bbox 2007 2219 2280 2291; x_wconf 89' lang='lat' dir='ltr'>loquentis</span> <span class='ocrx_word' id='word_1_497' title='bbox 2340 2237 2352 2273; x_wconf 89' lang='lat'><strong>:</strong></span> <span class='ocrx_word' id='word_1_498' title='bbox 2420 2216 2513 2274; x_wconf 87' lang='lat' dir='ltr'>ubi</span> <span class='ocrx_word' id='word_1_499' title='bbox 2557 2233 2750 2275; x_wconf 89' lang='lat' dir='ltr'>aversa</span> <span class='ocrx_word' id='word_1_500' title='bbox 2797 2225 2879 2273; x_wconf 92' lang='lat' dir='ltr'>est</span> <span class='ocrx_word' id='word_1_501' title='bbox 2924 2233 3081 2273; x_wconf 90' lang='lat' dir='ltr'>mens</span> <span class='ocrx_word' id='word_1_502' title='bbox 3135 2217 3429 2274; x_wconf 89' lang='lat' dir='ltr'>audientis.</span> <span class='ocrx_word' id='word_1_503' title='bbox 3494 2217 3600 2274; x_wconf 83' lang='lat' dir='ltr'>Se-</span> 
     </span>
    </p>
   </div>
   <div class='ocr_carea' id='block_1_69' title="bbox 2008 2307 2236 2381">
    <p class='ocr_par' dir='ltr' id='par_1_69' title="bbox 2008 2307 2236 2381">
     <span class='ocr_line' id='line_1_69' title="bbox 2008 2307 2236 2381; baseline 0 -19"><span class='ocrx_word' id='word_1_504' title='bbox 2008 2307 2188 2381; x_wconf 90' lang='lat' dir='ltr'>quitur</span> <span class='ocrx_word' id='word_1_505' title='bbox 2222 2326 2236 2362; x_wconf 87' lang='lat'><strong>:</strong></span> 
     </span>
    </p>
   </div>
   <div class='ocr_carea' id='block_1_70' title="bbox 2082 2412 3604 2486">
    <p class='ocr_par' dir='ltr' id='par_1_70' title="bbox 2082 2412 3604 2486">
     <span class='ocr_line' id='line_1_70' title="bbox 2082 2412 3604 2486; baseline -0.001 -16"><span class='ocrx_word' id='word_1_506' title='bbox 2082 2439 2103 2463; x_wconf 82' lang='lat' dir='ltr'>u</span> <span class='ocrx_word' id='word_1_507' title='bbox 2140 2416 2210 2470; x_wconf 91' lang='lat' dir='ltr'>Et</span> <span class='ocrx_word' id='word_1_508' title='bbox 2269 2430 2393 2471; x_wconf 90' lang='lat' dir='ltr'>cum</span> <span class='ocrx_word' id='word_1_509' title='bbox 2430 2414 2551 2471; x_wconf 60' lang='lat' dir='ltr'>haec</span> <span class='ocrx_word' id='word_1_510' title='bbox 2606 2413 2884 2480; x_wconf 82' lang='lat' dir='ltr'>fecissent,</span> <span class='ocrx_word' id='word_1_511' title='bbox 2941 2413 3324 2471; x_wconf 90' lang='lat' dir='ltr'>concluserunt</span> <span class='ocrx_word' id='word_1_512' title='bbox 3376 2412 3604 2486; x_wconf 87' lang='lat' dir='ltr'>piscium</span> 
     </span>
    </p>
   </div>
   <div class='ocr_carea' id='block_1_71' title="bbox 2006 2503 3602 2575">
    <p class='ocr_par' dir='ltr' id='par_1_71' title="bbox 2006 2503 3602 2575">
     <span class='ocr_line' id='line_1_71' title="bbox 2006 2503 3602 2575; baseline 0.001 -15"><span class='ocrx_word' id='word_1_513' title='bbox 2006 2503 2409 2561; x_wconf 89' lang='lat' dir='ltr'>multitudinem</span> <span class='ocrx_word' id='word_1_514' title='bbox 2465 2503 2768 2575; x_wconf 88' lang='lat' dir='ltr'>copiosam.</span> <span class='ocrx_word' id='word_1_515' title='bbox 2827 2504 3198 2575; x_wconf 82' lang='lat' dir='ltr'>Rumpebatur</span> <span class='ocrx_word' id='word_1_516' title='bbox 3247 2511 3426 2560; x_wconf 87' lang='lat' dir='ltr'>autem</span> <span class='ocrx_word' id='word_1_517' title='bbox 3480 2510 3602 2561; x_wconf 89' lang='lat' dir='ltr'>rete</span> 
     </span>
    </p>
   </div>
   <div class='ocr_carea' id='block_1_72' title="bbox 2008 2601 3607 2674">
    <p class='ocr_par' dir='ltr' id='par_1_72' title="bbox 2008 2601 3607 2674">
     <span class='ocr_line' id='line_1_72' title="bbox 2008 2601 3607 2674; baseline -0.001 -15"><span class='ocrx_word' id='word_1_518' title='bbox 2008 2618 2225 2659; x_wconf 88' lang='lat' dir='ltr'>eorum.</span> <span class='ocrx_word' id='word_1_519' title='bbox 2268 2625 2289 2651; x_wconf 77' lang='grc' dir='ltr'><em>η</em></span> <span class='ocrx_word' id='word_1_520' title='bbox 2353 2602 2491 2657; x_wconf 83' lang='lat' dir='ltr'>Rete</span> <span class='ocrx_word' id='word_1_521' title='bbox 2522 2602 2892 2673; x_wconf 89' lang='lat' dir='ltr'>rumpebatur,</span> <span class='ocrx_word' id='word_1_522' title='bbox 2951 2602 3081 2674; x_wconf 90' lang='lat' dir='ltr'>quia</span> <span class='ocrx_word' id='word_1_523' title='bbox 3109 2618 3254 2659; x_wconf 89' lang='lat' dir='ltr'>nunc</span> <span class='ocrx_word' id='word_1_524' title='bbox 3277 2602 3345 2657; x_wconf 86' lang='lat' dir='ltr'>ad</span> <span class='ocrx_word' id='word_1_525' title='bbox 3383 2601 3607 2659; x_wconf 81' lang='lat' dir='ltr'>confes-</span> 
     </span>
    </p>
   </div>
   <div class='ocr_carea' id='block_1_73' title="bbox 2010 2690 3606 2761">
    <p class='ocr_par' dir='ltr' id='par_1_73' title="bbox 2010 2690 3606 2761">
     <span class='ocr_line' id='line_1_73' title="bbox 2010 2690 3606 2761; baseline 0 -15"><span class='ocrx_word' id='word_1_526' title='bbox 2010 2693 2218 2747; x_wconf 90' lang='lat' dir='ltr'>sionem</span> <span class='ocrx_word' id='word_1_527' title='bbox 2248 2690 2380 2746; x_wconf 91' lang='lat' dir='ltr'>ﬁdei</span> <span class='ocrx_word' id='word_1_528' title='bbox 2410 2698 2485 2746; x_wconf 90' lang='lat' dir='ltr'>tot</span> <span class='ocrx_word' id='word_1_529' title='bbox 2516 2707 2638 2746; x_wconf 92' lang='lat' dir='ltr'>cum</span> <span class='ocrx_word' id='word_1_530' title='bbox 2694 2692 2885 2748; x_wconf 90' lang='lat' dir='ltr'>electis</span> <span class='ocrx_word' id='word_1_531' title='bbox 2914 2691 3080 2746; x_wconf 89' lang='lat' dir='ltr'>etiam</span> <span class='ocrx_word' id='word_1_532' title='bbox 3132 2691 3351 2761; x_wconf 89' lang='lat' dir='ltr'>reprobi</span> <span class='ocrx_word' id='word_1_533' title='bbox 3378 2690 3606 2759; x_wconf 89' lang='lat' dir='ltr'>intrant,</span> 
     </span>
    </p>
   </div>
   <div class='ocr_carea' id='block_1_74' title="bbox 2007 2780 3603 2852">
    <p class='ocr_par' dir='ltr' id='par_1_74' title="bbox 2007 2780 3603 2852">
     <span class='ocr_line' id='line_1_74' title="bbox 2007 2780 3603 2852; baseline 0 -16"><span class='ocrx_word' id='word_1_534' title='bbox 2007 2789 2065 2836; x_wconf 91' lang='lat' dir='ltr'>ut</span> <span class='ocrx_word' id='word_1_535' title='bbox 2112 2780 2417 2836; x_wconf 74' lang='lat' dir='ltr'>hseresibus</span> <span class='ocrx_word' id='word_1_536' title='bbox 2457 2780 2713 2837; x_wconf 89' lang='lat' dir='ltr'>Ecclesia</span> <span class='ocrx_word' id='word_1_537' title='bbox 2769 2780 3072 2836; x_wconf 87' lang='lat' dir='ltr'>scindatur.</span> <span class='ocrx_word' id='word_1_538' title='bbox 3130 2780 3416 2852; x_wconf 82' lang='lat' dir='ltr'>Rumpitur</span> <span class='ocrx_word' id='word_1_539' title='bbox 3467 2789 3603 2848; x_wconf 90' lang='lat' dir='ltr'>rete,</span> 
     </span>
    </p>
   </div>
   <div class='ocr_carea' id='block_1_75' title="bbox 2007 2877 3609 2950">
    <p class='ocr_par' dir='ltr' id='par_1_75' title="bbox 2007 2877 3609 2950">
     <span class='ocr_line' id='line_1_75' title="bbox 2007 2877 3609 2950; baseline -0.001 -15"><span class='ocrx_word' id='word_1_540' title='bbox 2007 2880 2107 2935; x_wconf 89' lang='lat' dir='ltr'>sed</span> <span class='ocrx_word' id='word_1_541' title='bbox 2161 2895 2272 2935; x_wconf 91' lang='lat' dir='ltr'>non</span> <span class='ocrx_word' id='word_1_542' title='bbox 2330 2878 2533 2934; x_wconf 88' lang='lat' dir='ltr'>labitur</span> <span class='ocrx_word' id='word_1_543' title='bbox 2587 2877 2777 2949; x_wconf 83' lang='lat' dir='ltr'>piscis,</span> <span class='ocrx_word' id='word_1_544' title='bbox 2817 2878 2942 2950; x_wconf 91' lang='lat' dir='ltr'>quia</span> <span class='ocrx_word' id='word_1_545' title='bbox 2980 2894 3111 2934; x_wconf 91' lang='lat' dir='ltr'>suos</span> <span class='ocrx_word' id='word_1_546' title='bbox 3140 2877 3403 2934; x_wconf 90' lang='lat' dir='ltr'>Dominus</span> <span class='ocrx_word' id='word_1_547' title='bbox 3448 2878 3609 2937; x_wconf 86' lang='lat' dir='ltr'>etiam</span> 
     </span>
    </p>
   </div>
   <div class='ocr_carea' id='block_1_76' title="bbox 2007 2967 3098 3041">
    <p class='ocr_par' dir='ltr' id='par_1_76' title="bbox 2007 2967 3098 3041">
     <span class='ocr_line' id='line_1_76' title="bbox 2007 2967 3098 3041; baseline -0.003 -17"><span class='ocrx_word' id='word_1_548' title='bbox 2007 2968 2147 3024; x_wconf 86' lang='lat' dir='ltr'>inter</span> <span class='ocrx_word' id='word_1_549' title='bbox 2165 2968 2574 3041; x_wconf 86' lang='lat' dir='ltr'>persequesium</span> <span class='ocrx_word' id='word_1_550' title='bbox 2600 2967 2863 3023; x_wconf 87' lang='lat' dir='ltr'>scandala</span> <span class='ocrx_word' id='word_1_551' title='bbox 2891 2974 3098 3023; x_wconf 89' lang='lat' dir='ltr'>servat.</span> 
     </span>
    </p>
   </div>
   <div class='ocr_carea' id='block_1_77' title="bbox 2087 3064 3609 3136">
    <p class='ocr_par' dir='ltr' id='par_1_77' title="bbox 2087 3064 3609 3136">
     <span class='ocr_line' id='line_1_77' title="bbox 2087 3064 3609 3136; baseline 0.003 -19"><span class='ocrx_word' id='word_1_552' title='bbox 2087 3090 2110 3117; x_wconf 80' lang='grc' dir='ltr'>(ι</span> <span class='ocrx_word' id='word_1_553' title='bbox 2142 3068 2208 3122; x_wconf 83' lang='grc' dir='ltr'>Ει</span> <span class='ocrx_word' id='word_1_554' title='bbox 2234 3074 2542 3122; x_wconf 88' lang='lat' dir='ltr'>annuerunt</span> <span class='ocrx_word' id='word_1_555' title='bbox 2581 3066 2745 3122; x_wconf 88' lang='lat' dir='ltr'>sociis</span> <span class='ocrx_word' id='word_1_556' title='bbox 2776 3065 2866 3136; x_wconf 91' lang='lat' dir='ltr'>qui</span> <span class='ocrx_word' id='word_1_557' title='bbox 2908 3074 3059 3121; x_wconf 88' lang='lat' dir='ltr'>erant</span> <span class='ocrx_word' id='word_1_558' title='bbox 3086 3066 3143 3121; x_wconf 91' lang='lat' dir='ltr'>in</span> <span class='ocrx_word' id='word_1_559' title='bbox 3203 3064 3312 3121; x_wconf 87' lang='lat' dir='ltr'>alia</span> <span class='ocrx_word' id='word_1_560' title='bbox 3349 3064 3494 3135; x_wconf 88' lang='lat' dir='ltr'>navi,</span> <span class='ocrx_word' id='word_1_561' title='bbox 3546 3073 3609 3122; x_wconf 86' lang='lat' dir='ltr'>ut</span> 
     </span>
    </p>
   </div>
   <div class='ocr_carea' id='block_1_78' title="bbox 2009 3162 3604 3233">
    <p class='ocr_par' dir='ltr' id='par_1_78' title="bbox 2009 3162 3604 3233">
     <span class='ocr_line' id='line_1_78' title="bbox 2009 3162 3604 3233; baseline -0.001 -13"><span class='ocrx_word' id='word_1_562' title='bbox 2009 3165 2259 3220; x_wconf 88' lang='lat' dir='ltr'>venirent</span> <span class='ocrx_word' id='word_1_563' title='bbox 2288 3172 2343 3219; x_wconf 90' lang='lat' dir='ltr'>et</span> <span class='ocrx_word' id='word_1_564' title='bbox 2369 3165 2693 3233; x_wconf 86' lang='lat' dir='ltr'>adjuvarent</span> <span class='ocrx_word' id='word_1_565' title='bbox 2721 3179 2869 3219; x_wconf 77' lang='lat' dir='ltr'>eos.»</span> <span class='ocrx_word' id='word_1_566' title='bbox 2906 3163 3026 3218; x_wconf 80' lang='lat' dir='ltr'>Alia</span> <span class='ocrx_word' id='word_1_567' title='bbox 3054 3163 3210 3218; x_wconf 90' lang='lat' dir='ltr'>navis</span> <span class='ocrx_word' id='word_1_568' title='bbox 3240 3171 3321 3219; x_wconf 91' lang='lat' dir='ltr'>est</span> <span class='ocrx_word' id='word_1_569' title='bbox 3351 3162 3604 3219; x_wconf 89' lang='lat' dir='ltr'>Ecclesia</span> 
     </span>
    </p>
   </div>
   <div class='ocr_carea' id='block_1_79' title="bbox 2010 3251 3603 3326">
    <p class='ocr_par' dir='ltr' id='par_1_79' title="bbox 2010 3251 3603 3326">
     <span class='ocr_line' id='line_1_79' title="bbox 2010 3251 3603 3326; baseline -0.003 -16"><span class='ocrx_word' id='word_1_570' title='bbox 2010 3254 2079 3310; x_wconf 89' lang='lat' dir='ltr'>de</span> <span class='ocrx_word' id='word_1_571' title='bbox 2107 3254 2383 3326; x_wconf 83' lang='lat' dir='ltr'>gentibus,</span> <span class='ocrx_word' id='word_1_572' title='bbox 2416 3254 2543 3325; x_wconf 89' lang='lat' dir='ltr'>quia</span> <span class='ocrx_word' id='word_1_573' title='bbox 2571 3268 2681 3308; x_wconf 91' lang='lat' dir='ltr'>non</span> <span class='ocrx_word' id='word_1_574' title='bbox 2713 3261 2837 3308; x_wconf 84' lang='lat' dir='ltr'>sunt</span> <span class='ocrx_word' id='word_1_575' title='bbox 2883 3253 2953 3308; x_wconf 91' lang='lat' dir='ltr'>de</span> <span class='ocrx_word' id='word_1_576' title='bbox 2982 3253 3172 3308; x_wconf 63' lang='lat' dir='ltr'>Iudaea</span> <span class='ocrx_word' id='word_1_577' title='bbox 3201 3259 3281 3309; x_wconf 92' lang='lat' dir='ltr'>tot</span> <span class='ocrx_word' id='word_1_578' title='bbox 3325 3251 3603 3318; x_wconf 88' lang='lat' dir='ltr'>credituri,</span> 
     </span>
    </p>
   </div>
   <div class='ocr_carea' id='block_1_80' title="bbox 2011 3341 3608 3416">
    <p class='ocr_par' dir='ltr' id='par_1_80' title="bbox 2011 3341 3608 3416">
     <span class='ocr_line' id='line_1_80' title="bbox 2011 3341 3608 3416; baseline -0.001 -18"><span class='ocrx_word' id='word_1_579' title='bbox 2011 3352 2142 3416; x_wconf 92' lang='lat' dir='ltr'>quot</span> <span class='ocrx_word' id='word_1_580' title='bbox 2170 3344 2240 3398; x_wconf 90' lang='lat' dir='ltr'>ad</span> <span class='ocrx_word' id='word_1_581' title='bbox 2266 3343 2435 3397; x_wconf 87' lang='lat' dir='ltr'>vitam</span> <span class='ocrx_word' id='word_1_582' title='bbox 2465 3350 2590 3397; x_wconf 89' lang='lat' dir='ltr'>sunt</span> <span class='ocrx_word' id='word_1_583' title='bbox 2619 3341 3015 3412; x_wconf 68' lang='lat' dir='ltr'>praedestinati.</span> <span class='ocrx_word' id='word_1_584' title='bbox 3055 3341 3190 3398; x_wconf 84' lang='lat' dir='ltr'>Rete</span> <span class='ocrx_word' id='word_1_585' title='bbox 3221 3341 3365 3397; x_wconf 91' lang='lat' dir='ltr'>enim</span> <span class='ocrx_word' id='word_1_586' title='bbox 3394 3342 3608 3412; x_wconf 90' lang='lat' dir='ltr'>rumpi-</span> 
     </span>
    </p>
   </div>
   <div class='ocr_carea' id='block_1_81' title="bbox 2011 3431 3607 3503">
    <p class='ocr_par' dir='ltr' id='par_1_81' title="bbox 2011 3431 3607 3503">
     <span class='ocr_line' id='line_1_81' title="bbox 2011 3431 3607 3503; baseline -0.001 -15"><span class='ocrx_word' id='word_1_587' title='bbox 2011 3441 2097 3488; x_wconf 90' lang='lat' dir='ltr'>tur</span> <span class='ocrx_word' id='word_1_588' title='bbox 2128 3432 2179 3487; x_wconf 91' lang='lat' dir='ltr'>in</span> <span class='ocrx_word' id='word_1_589' title='bbox 2211 3432 2459 3487; x_wconf 89' lang='lat' dir='ltr'>Ecclesia</span> <span class='ocrx_word' id='word_1_590' title='bbox 2488 3431 2938 3498; x_wconf 90' lang='lat' dir='ltr'>circumcisionis,</span> <span class='ocrx_word' id='word_1_591' title='bbox 2990 3431 3248 3503; x_wconf 73' lang='lat' dir='ltr'>quoniam</span> <span class='ocrx_word' id='word_1_592' title='bbox 3275 3431 3447 3486; x_wconf 87' lang='lat' dir='ltr'>Judas</span> <span class='ocrx_word' id='word_1_593' title='bbox 3474 3446 3607 3503; x_wconf 88' lang='lat' dir='ltr'>pro-</span> 
     </span>
    </p>
   </div>
   <div class='ocr_carea' id='block_1_82' title="bbox 2008 3528 3607 3601">
    <p class='ocr_par' dir='ltr' id='par_1_82' title="bbox 2008 3528 3607 3601">
     <span class='ocr_line' id='line_1_82' title="bbox 2008 3528 3607 3601; baseline 0 -16"><span class='ocrx_word' id='word_1_594' title='bbox 2008 3530 2153 3585; x_wconf 90' lang='lat' dir='ltr'>ditor</span> <span class='ocrx_word' id='word_1_595' title='bbox 2182 3538 2233 3585; x_wconf 90' lang='lat' dir='ltr'>et</span> <span class='ocrx_word' id='word_1_596' title='bbox 2265 3529 2452 3587; x_wconf 91' lang='lat' dir='ltr'>Simon</span> <span class='ocrx_word' id='word_1_597' title='bbox 2484 3530 2673 3601; x_wconf 84' lang='lat' dir='ltr'>Magus</span> <span class='ocrx_word' id='word_1_598' title='bbox 2702 3529 2886 3600; x_wconf 86' lang='lat' dir='ltr'>pisces</span> <span class='ocrx_word' id='word_1_599' title='bbox 2904 3529 3243 3600; x_wconf 88' lang='lat' dir='ltr'>nequissimi,</span> <span class='ocrx_word' id='word_1_600' title='bbox 3272 3537 3324 3585; x_wconf 89' lang='lat' dir='ltr'>et</span> <span class='ocrx_word' id='word_1_601' title='bbox 3351 3528 3607 3585; x_wconf 88' lang='lat' dir='ltr'>Ananias</span> 
     </span>
    </p>
   </div>
   <div class='ocr_carea' id='block_1_83' title="bbox 2008 3617 3607 3691">
    <p class='ocr_par' dir='ltr' id='par_1_83' title="bbox 2008 3617 3607 3691">
     <span class='ocr_line' id='line_1_83' title="bbox 2008 3617 3607 3691; baseline -0.001 -16"><span class='ocrx_word' id='word_1_602' title='bbox 2008 3627 2061 3675; x_wconf 92' lang='lat' dir='ltr'>et</span> <span class='ocrx_word' id='word_1_603' title='bbox 2088 3619 2335 3690; x_wconf 89' lang='lat' dir='ltr'>Saphira,</span> <span class='ocrx_word' id='word_1_604' title='bbox 2369 3626 2422 3674; x_wconf 90' lang='lat' dir='ltr'>et</span> <span class='ocrx_word' id='word_1_605' title='bbox 2473 3618 2626 3673; x_wconf 90' lang='lat' dir='ltr'>mutti</span> <span class='ocrx_word' id='word_1_606' title='bbox 2677 3617 2770 3673; x_wconf 91' lang='lat' dir='ltr'>alii</span> <span class='ocrx_word' id='word_1_607' title='bbox 2822 3618 3070 3673; x_wconf 90' lang='lat' dir='ltr'>abierunt</span> <span class='ocrx_word' id='word_1_608' title='bbox 3124 3628 3273 3675; x_wconf 88' lang='lat' dir='ltr'>retro</span> <span class='ocrx_word' id='word_1_609' title='bbox 3312 3626 3607 3691; x_wconf 87' lang='lat' dir='ltr'>antequam</span> 
     </span>
    </p>
   </div>
   <div class='ocr_carea' id='block_1_84' title="bbox 2006 3707 3604 3780">
    <p class='ocr_par' dir='ltr' id='par_1_84' title="bbox 2006 3707 3604 3780">
     <span class='ocr_line' id='line_1_84' title="bbox 2006 3707 3604 3780; baseline 0.001 -17"><span class='ocrx_word' id='word_1_610' title='bbox 2006 3708 2289 3763; x_wconf 88' lang='lat' dir='ltr'>Barnabas</span> <span class='ocrx_word' id='word_1_611' title='bbox 2320 3715 2371 3763; x_wconf 91' lang='lat' dir='ltr'>et</span> <span class='ocrx_word' id='word_1_612' title='bbox 2404 3708 2597 3763; x_wconf 88' lang='lat' dir='ltr'>Paulus</span> <span class='ocrx_word' id='word_1_613' title='bbox 2616 3707 2684 3763; x_wconf 92' lang='lat' dir='ltr'>ad</span> <span class='ocrx_word' id='word_1_614' title='bbox 2705 3707 2953 3779; x_wconf 88' lang='lat' dir='ltr'>gentium</span> <span class='ocrx_word' id='word_1_615' title='bbox 2983 3707 3343 3780; x_wconf 86' lang='lat' dir='ltr'>apostolatum</span> <span class='ocrx_word' id='word_1_616' title='bbox 3378 3707 3604 3764; x_wconf 82' lang='lat' dir='ltr'>fuissent</span> 
     </span>
    </p>
   </div>
   <div class='ocr_carea' id='block_1_85' title="bbox 2004 3805 2313 3879">
    <p class='ocr_par' dir='ltr' id='par_1_85' title="bbox 2004 3805 2313 3879">
     <span class='ocr_line' id='line_1_85' title="bbox 2004 3805 2313 3879; baseline 0 -17"><span class='ocrx_word' id='word_1_617' title='bbox 2004 3805 2313 3879; x_wconf 83' lang='lat' dir='ltr'>segregati.</span> 
     </span>
    </p>
   </div>
   <div class='ocr_carea' id='block_1_86' title="bbox 2082 3917 3601 3992">
    <p class='ocr_par' dir='ltr' id='par_1_86' title="bbox 2082 3917 3601 3992">
     <span class='ocr_line' id='line_1_86' title="bbox 2082 3917 3601 3992; baseline -0.003 -15"><span class='ocrx_word' id='word_1_618' title='bbox 2082 3923 2201 3977; x_wconf 86' lang='lat' dir='ltr'>«Et</span> <span class='ocrx_word' id='word_1_619' title='bbox 2234 3928 2501 3976; x_wconf 90' lang='lat' dir='ltr'>venerunt</span> <span class='ocrx_word' id='word_1_620' title='bbox 2566 3928 2619 3976; x_wconf 92' lang='lat' dir='ltr'>et</span> <span class='ocrx_word' id='word_1_621' title='bbox 2648 3919 3011 3992; x_wconf 89' lang='lat' dir='ltr'>impleverunt</span> <span class='ocrx_word' id='word_1_622' title='bbox 3057 3918 3246 3975; x_wconf 90' lang='lat' dir='ltr'>ambas</span> <span class='ocrx_word' id='word_1_623' title='bbox 3301 3917 3601 3986; x_wconf 88' lang='lat' dir='ltr'>naviculas,</span> 
     </span>
    </p>
   </div>
   <div class='ocr_carea' id='block_1_87' title="bbox 2004 4007 3602 4082">
    <p class='ocr_par' dir='ltr' id='par_1_87' title="bbox 2004 4007 3602 4082">
     <span class='ocr_line' id='line_1_87' title="bbox 2004 4007 3602 4082; baseline -0.003 -16"><span class='ocrx_word' id='word_1_624' title='bbox 2004 4011 2080 4067; x_wconf 91' lang='lat' dir='ltr'>ita</span> <span class='ocrx_word' id='word_1_625' title='bbox 2108 4019 2167 4066; x_wconf 90' lang='lat' dir='ltr'>ut</span> <span class='ocrx_word' id='word_1_626' title='bbox 2221 4026 2361 4082; x_wconf 90' lang='lat' dir='ltr'>pene</span> <span class='ocrx_word' id='word_1_627' title='bbox 2391 4019 2791 4082; x_wconf 89' lang='lat' dir='ltr'>mergerentur.</span> <span class='ocrx_word' id='word_1_628' title='bbox 2828 4031 2849 4060; x_wconf 76' lang='grc' dir='ltr'>ι</span> <span class='ocrx_word' id='word_1_629' title='bbox 2885 4010 3019 4064; x_wconf 62' lang='lat' dir='ltr'>Haec</span> <span class='ocrx_word' id='word_1_630' title='bbox 3062 4008 3303 4078; x_wconf 91' lang='lat' dir='ltr'>impletio</span> <span class='ocrx_word' id='word_1_631' title='bbox 3331 4024 3505 4080; x_wconf 88' lang='lat' dir='ltr'>usque</span> <span class='ocrx_word' id='word_1_632' title='bbox 3546 4007 3602 4063; x_wconf 92' lang='lat' dir='ltr'>in</span> 
     </span>
    </p>
   </div>
   <div class='ocr_carea' id='block_1_88' title="bbox 2003 4095 3601 4170">
    <p class='ocr_par' dir='ltr' id='par_1_88' title="bbox 2003 4095 3601 4170">
     <span class='ocr_line' id='line_1_88' title="bbox 2003 4095 3601 4170; baseline -0.002 -15"><span class='ocrx_word' id='word_1_633' title='bbox 2003 4099 2060 4155; x_wconf 91' lang='lat' dir='ltr'>in</span> <span class='ocrx_word' id='word_1_634' title='bbox 2091 4099 2255 4156; x_wconf 90' lang='lat' dir='ltr'>ﬁnem</span> <span class='ocrx_word' id='word_1_635' title='bbox 2306 4099 2489 4156; x_wconf 73' lang='lat' dir='ltr'>saeculi</span> <span class='ocrx_word' id='word_1_636' title='bbox 2518 4100 2742 4154; x_wconf 86' lang='lat' dir='ltr'>crescit.</span> <span class='ocrx_word' id='word_1_637' title='bbox 2779 4099 3116 4170; x_wconf 82' lang='lat' dir='ltr'>Merguntur,</span> <span class='ocrx_word' id='word_1_638' title='bbox 3140 4097 3244 4152; x_wconf 89' lang='lat' dir='ltr'>hoc</span> <span class='ocrx_word' id='word_1_639' title='bbox 3269 4104 3352 4152; x_wconf 89' lang='lat' dir='ltr'>est</span> <span class='ocrx_word' id='word_1_640' title='bbox 3380 4097 3435 4150; x_wconf 92' lang='lat' dir='ltr'>in</span> <span class='ocrx_word' id='word_1_641' title='bbox 3465 4095 3601 4152; x_wconf 91' lang='lat' dir='ltr'>sub-</span> 
     </span>
    </p>
   </div>
   <div class='ocr_carea' id='block_1_89' title="bbox 2004 4194 3595 4267">
    <p class='ocr_par' dir='ltr' id='par_1_89' title="bbox 2004 4194 3595 4267">
     <span class='ocr_line' id='line_1_89' title="bbox 2004 4194 3595 4267; baseline -0.003 -14"><span class='ocrx_word' id='word_1_642' title='bbox 2004 4197 2277 4253; x_wconf 90' lang='lat' dir='ltr'>mersione</span> <span class='ocrx_word' id='word_1_643' title='bbox 2327 4203 2672 4267; x_wconf 89' lang='lat' dir='ltr'>premuntur.</span> <span class='ocrx_word' id='word_1_644' title='bbox 2718 4195 2843 4251; x_wconf 92' lang='lat' dir='ltr'>Non</span> <span class='ocrx_word' id='word_1_645' title='bbox 2876 4194 3020 4250; x_wconf 89' lang='lat' dir='ltr'>enim</span> <span class='ocrx_word' id='word_1_646' title='bbox 3084 4202 3209 4250; x_wconf 89' lang='lat' dir='ltr'>sunt</span> <span class='ocrx_word' id='word_1_647' title='bbox 3275 4194 3595 4261; x_wconf 68' lang='lat' dir='ltr'>submersas,</span> 
     </span>
    </p>
   </div>
   <div class='ocr_carea' id='block_1_90' title="bbox 2005 4277 3600 4353">
    <p class='ocr_par' dir='ltr' id='par_1_90' title="bbox 2005 4277 3600 4353">
     <span class='ocr_line' id='line_1_90' title="bbox 2005 4277 3600 4353; baseline -0.003 -15"><span class='ocrx_word' id='word_1_648' title='bbox 2005 4282 2103 4339; x_wconf 88' lang='lat' dir='ltr'>sed</span> <span class='ocrx_word' id='word_1_649' title='bbox 2150 4281 2442 4353; x_wconf 83' lang='lat' dir='ltr'>periclitae.</span> <span class='ocrx_word' id='word_1_650' title='bbox 2511 4280 2666 4337; x_wconf 90' lang='lat' dir='ltr'>Unde</span> <span class='ocrx_word' id='word_1_651' title='bbox 2709 4279 3052 4350; x_wconf 78' lang='lat' dir='ltr'>Apostolus:</span> <span class='ocrx_word' id='word_1_652' title='bbox 3114 4300 3137 4332; x_wconf 72' lang='grc' dir='ltr'>ι</span> <span class='ocrx_word' id='word_1_653' title='bbox 3187 4279 3250 4334; x_wconf 93' lang='lat' dir='ltr'>In</span> <span class='ocrx_word' id='word_1_654' title='bbox 3285 4277 3600 4337; x_wconf 86' lang='lat' dir='ltr'>novissimis</span> 
     </span>
    </p>
   </div>
   <div class='ocr_carea' id='block_1_91' title="bbox 2005 4368 3597 4440">
    <p class='ocr_par' dir='ltr' id='par_1_91' title="bbox 2005 4368 3597 4440">
     <span class='ocr_line' id='line_1_91' title="bbox 2005 4368 3597 4440; baseline -0.001 -14"><span class='ocrx_word' id='word_1_655' title='bbox 2005 4370 2199 4426; x_wconf 88' lang='lat' dir='ltr'>diebus</span> <span class='ocrx_word' id='word_1_656' title='bbox 2228 4378 2389 4426; x_wconf 89' lang='lat' dir='ltr'>erunt</span> <span class='ocrx_word' id='word_1_657' title='bbox 2427 4377 2669 4440; x_wconf 87' lang='lat' dir='ltr'>tempora</span> <span class='ocrx_word' id='word_1_658' title='bbox 2715 4368 3041 4440; x_wconf 90' lang='lat' dir='ltr'>periculosa,</span> <span class='ocrx_word' id='word_1_659' title='bbox 3102 4377 3158 4425; x_wconf 90' lang='lat' dir='ltr'>et</span> <span class='ocrx_word' id='word_1_660' title='bbox 3198 4368 3450 4425; x_wconf 84' lang='lat' dir='ltr'>homines</span> <span class='ocrx_word' id='word_1_661' title='bbox 3502 4385 3597 4425; x_wconf 87' lang='lat' dir='ltr'>se-</span> 
     </span>
    </p>
   </div>
   <div class='ocr_carea' id='block_1_92' title="bbox 300 4467 1901 4557">
    <p class='ocr_par' dir='ltr' id='par_1_92' title="bbox 300 4484 1901 4557">
     <span class='ocr_line' id='line_1_92' title="bbox 300 4484 1901 4557; baseline -0.001 -17"><span class='ocrx_word' id='word_1_662' title='bbox 300 4485 458 4555; x_wconf 91' lang='lat' dir='ltr'>Quod</span> <span class='ocrx_word' id='word_1_663' title='bbox 490 4485 769 4541; x_wconf 87' lang='lat' dir='ltr'>Simonem</span> <span class='ocrx_word' id='word_1_664' title='bbox 802 4484 1011 4556; x_wconf 89' lang='lat' dir='ltr'>rogavit</span> <span class='ocrx_word' id='word_1_665' title='bbox 1050 4500 1243 4539; x_wconf 90' lang='lat' dir='ltr'>navem</span> <span class='ocrx_word' id='word_1_666' title='bbox 1265 4499 1298 4539; x_wconf 93' lang='lat' dir='ltr'>a</span> <span class='ocrx_word' id='word_1_667' title='bbox 1328 4493 1476 4539; x_wconf 90' lang='lat' dir='ltr'>terra</span> <span class='ocrx_word' id='word_1_668' title='bbox 1507 4485 1774 4540; x_wconf 88' lang='lat' dir='ltr'>reducere</span> <span class='ocrx_word' id='word_1_669' title='bbox 1800 4502 1901 4557; x_wconf 91' lang='lat' dir='ltr'>pu-</span> 
     </span>
    </p>
   </div>
   <div class='ocr_carea' id='block_1_93' title="bbox 2014 4467 3598 4557">
    <p class='ocr_par' dir='ltr' id='par_1_93' title="bbox 2014 4467 3598 4541">
     <span class='ocr_line' id='line_1_93' title="bbox 2014 4467 3598 4541; baseline 0.001 -18"><span class='ocrx_word' id='word_1_670' title='bbox 2014 4468 2158 4541; x_wconf 86' lang='lat' dir='ltr'>ipsos</span> <span class='ocrx_word' id='word_1_671' title='bbox 2186 4476 2434 4524; x_wconf 88' lang='lat' dir='ltr'>amantes</span> <span class='ocrx_word' id='word_1_672' title='bbox 2465 4467 2537 4537; x_wconf 84' lang='lat' dir='ltr'>(Il</span> <span class='ocrx_word' id='word_1_673' title='bbox 2569 4467 2713 4522; x_wconf 80' lang='lat' dir='ltr'>Tim.</span> <span class='ocrx_word' id='word_1_674' title='bbox 2760 4471 2844 4529; x_wconf 86' lang='grc' dir='ltr'>ιι).</span> <span class='ocrx_word' id='word_1_675' title='bbox 2873 4486 2896 4517; x_wconf 78' lang='grc' dir='ltr'>ι</span> <span class='ocrx_word' id='word_1_676' title='bbox 2956 4467 3132 4538; x_wconf 85' lang='lat' dir='ltr'>Mergi</span> <span class='ocrx_word' id='word_1_677' title='bbox 3154 4482 3290 4540; x_wconf 84' lang='lat' dir='ltr'>ergo</span> <span class='ocrx_word' id='word_1_678' title='bbox 3321 4482 3490 4524; x_wconf 86' lang='lat' dir='ltr'>naves</span> <span class='ocrx_word' id='word_1_679' title='bbox 3512 4474 3598 4524; x_wconf 89' lang='lat' dir='ltr'>est</span> 
     </span>
    </p>
   </div>
   <div class='ocr_carea' id='block_1_94' title="bbox 301 4572 1895 4644">
    <p class='ocr_par' dir='ltr' id='par_1_94' title="bbox 301 4572 1895 4644">
     <span class='ocr_line' id='line_1_94' title="bbox 301 4572 1895 4644; baseline -0.001 -14"><span class='ocrx_word' id='word_1_680' title='bbox 301 4574 505 4642; x_wconf 84' lang='lat' dir='ltr'>silium,</span> <span class='ocrx_word' id='word_1_681' title='bbox 540 4572 813 4644; x_wconf 87' lang='lat' dir='ltr'>signiﬁcat</span> <span class='ocrx_word' id='word_1_682' title='bbox 857 4573 940 4628; x_wconf 91' lang='lat' dir='ltr'>vel</span> <span class='ocrx_word' id='word_1_683' title='bbox 984 4581 1284 4644; x_wconf 88' lang='lat' dir='ltr'>temperate</span> <span class='ocrx_word' id='word_1_684' title='bbox 1334 4573 1592 4628; x_wconf 91' lang='lat' dir='ltr'>utendum</span> <span class='ocrx_word' id='word_1_685' title='bbox 1623 4574 1789 4630; x_wconf 89' lang='lat' dir='ltr'>verbo</span> <span class='ocrx_word' id='word_1_686' title='bbox 1827 4575 1895 4629; x_wconf 88' lang='lat' dir='ltr'>ad</span> 
     </span>
    </p>
   </div>
   <div class='ocr_carea' id='block_1_95' title="bbox 304 4670 1895 4741">
    <p class='ocr_par' dir='ltr' id='par_1_95' title="bbox 304 4670 1895 4741">
     <span class='ocr_line' id='line_1_95' title="bbox 304 4670 1895 4741; baseline 0.001 -15"><span class='ocrx_word' id='word_1_687' title='bbox 304 4672 512 4736; x_wconf 87' lang='lat' dir='ltr'>turbas,</span> <span class='ocrx_word' id='word_1_688' title='bbox 546 4687 615 4726; x_wconf 91' lang='lat' dir='ltr'>ne</span> <span class='ocrx_word' id='word_1_689' title='bbox 647 4672 697 4724; x_wconf 92' lang='lat' dir='ltr'>in</span> <span class='ocrx_word' id='word_1_690' title='bbox 719 4670 992 4741; x_wconf 84' lang='lat' dir='ltr'>profunda</span> <span class='ocrx_word' id='word_1_691' title='bbox 1023 4680 1490 4726; x_wconf 88' lang='lat' dir='ltr'>sacramentorum</span> <span class='ocrx_word' id='word_1_692' title='bbox 1536 4672 1746 4726; x_wconf 91' lang='lat' dir='ltr'>interim</span> <span class='ocrx_word' id='word_1_693' title='bbox 1800 4688 1895 4727; x_wconf 91' lang='lat' dir='ltr'>ea-</span> 
     </span>
    </p>
   </div>
   <div class='ocr_carea' id='block_1_96' title="bbox 304 4760 1897 4833">
    <p class='ocr_par' dir='ltr' id='par_1_96' title="bbox 304 4760 1897 4833">
     <span class='ocr_line' id='line_1_96' title="bbox 304 4760 1897 4833; baseline 0 -17"><span class='ocrx_word' id='word_1_694' title='bbox 304 4768 416 4825; x_wconf 90' lang='lat' dir='ltr'>tur,</span> <span class='ocrx_word' id='word_1_695' title='bbox 450 4768 508 4815; x_wconf 90' lang='lat' dir='ltr'>ut</span> <span class='ocrx_word' id='word_1_696' title='bbox 557 4761 830 4815; x_wconf 89' lang='lat' dir='ltr'>auditores</span> <span class='ocrx_word' id='word_1_697' title='bbox 886 4776 996 4814; x_wconf 90' lang='lat' dir='ltr'>non</span> <span class='ocrx_word' id='word_1_698' title='bbox 1045 4760 1362 4832; x_wconf 87' lang='lat' dir='ltr'>intelligant,</span> <span class='ocrx_word' id='word_1_699' title='bbox 1417 4761 1503 4817; x_wconf 89' lang='lat' dir='ltr'>vel</span> <span class='ocrx_word' id='word_1_700' title='bbox 1544 4760 1597 4815; x_wconf 91' lang='lat' dir='ltr'>in</span> <span class='ocrx_word' id='word_1_701' title='bbox 1628 4761 1897 4833; x_wconf 90' lang='lat' dir='ltr'>proximis</span> 
     </span>
    </p>
   </div>
   <div class='ocr_carea' id='block_1_97' title="bbox 303 4848 1896 4921">
    <p class='ocr_par' dir='ltr' id='par_1_97' title="bbox 303 4848 1896 4921">
     <span class='ocr_line' id='line_1_97' title="bbox 303 4848 1896 4921; baseline 0.001 -16"><span class='ocrx_word' id='word_1_702' title='bbox 303 4848 637 4921; x_wconf 86' lang='lat' dir='ltr'>regionibus</span> <span class='ocrx_word' id='word_1_703' title='bbox 678 4849 1104 4921; x_wconf 85' lang='lat' dir='ltr'>praedicandum,</span> <span class='ocrx_word' id='word_1_704' title='bbox 1162 4858 1220 4904; x_wconf 88' lang='lat' dir='ltr'>ut</span> <span class='ocrx_word' id='word_1_705' title='bbox 1267 4850 1412 4921; x_wconf 91' lang='lat' dir='ltr'>quod</span> <span class='ocrx_word' id='word_1_706' title='bbox 1441 4850 1656 4917; x_wconf 88' lang='lat' dir='ltr'>dicitur,</span> <span class='ocrx_word' id='word_1_707' title='bbox 1698 4852 1805 4906; x_wconf 91' lang='lat' dir='ltr'>duc</span> <span class='ocrx_word' id='word_1_708' title='bbox 1843 4852 1896 4905; x_wconf 93' lang='lat' dir='ltr'>in</span> 
     </span>
    </p>
   </div>
   <div class='ocr_carea' id='block_1_98' title="bbox 302 4938 1898 5011">
    <p class='ocr_par' dir='ltr' id='par_1_98' title="bbox 302 4938 1898 5011">
     <span class='ocr_line' id='line_1_98' title="bbox 302 4938 1898 5011; baseline 0 -15"><span class='ocrx_word' id='word_1_709' title='bbox 302 4940 491 5005; x_wconf 88' lang='lat' dir='ltr'>altum,</span> <span class='ocrx_word' id='word_1_710' title='bbox 525 4939 595 4993; x_wconf 89' lang='lat' dir='ltr'>ad</span> <span class='ocrx_word' id='word_1_711' title='bbox 626 4939 951 4995; x_wconf 89' lang='lat' dir='ltr'>remotiores</span> <span class='ocrx_word' id='word_1_712' title='bbox 975 4946 1167 5010; x_wconf 82' lang='lat' dir='ltr'>gentes</span> <span class='ocrx_word' id='word_1_713' title='bbox 1182 4938 1474 5010; x_wconf 88' lang='lat' dir='ltr'>pertineat,</span> <span class='ocrx_word' id='word_1_714' title='bbox 1490 4940 1687 5009; x_wconf 87' lang='lat' dir='ltr'>quibus</span> <span class='ocrx_word' id='word_1_715' title='bbox 1706 4948 1898 5011; x_wconf 88' lang='lat' dir='ltr'>postea</span> 
     </span>
    </p>
   </div>
   <div class='ocr_carea' id='block_1_99' title="bbox 300 5035 1897 5109">
    <p class='ocr_par' dir='ltr' id='par_1_99' title="bbox 300 5035 1897 5109">
     <span class='ocr_line' id='line_1_99' title="bbox 300 5035 1897 5109; baseline 0.001 -17"><span class='ocrx_word' id='word_1_716' title='bbox 300 5035 709 5109; x_wconf 62' lang='lat' dir='ltr'>prmdicandum</span> <span class='ocrx_word' id='word_1_717' title='bbox 773 5045 874 5093; x_wconf 89' lang='lat' dir='ltr'>est.</span> <span class='ocrx_word' id='word_1_718' title='bbox 914 5038 1155 5092; x_wconf 86' lang='lat' dir='ltr'>Joannes</span> <span class='ocrx_word' id='word_1_719' title='bbox 1203 5036 1669 5108; x_wconf 89' lang='lat' dir='ltr'>Chrysostomus:</span> <span class='ocrx_word' id='word_1_720' title='bbox 1714 5037 1897 5093; x_wconf 88' lang='lat' dir='ltr'>Habe-</span> 
     </span>
    </p>
   </div>
   <div class='ocr_carea' id='block_1_100' title="bbox 303 5125 1897 5198">
    <p class='ocr_par' dir='ltr' id='par_1_100' title="bbox 303 5125 1897 5198">
     <span class='ocr_line' id='line_1_100' title="bbox 303 5125 1897 5198; baseline -0.001 -17"><span class='ocrx_word' id='word_1_721' title='bbox 303 5142 427 5181; x_wconf 91' lang='lat' dir='ltr'>mus</span> <span class='ocrx_word' id='word_1_722' title='bbox 454 5140 553 5196; x_wconf 89' lang='lat' dir='ltr'>pro</span> <span class='ocrx_word' id='word_1_723' title='bbox 582 5141 724 5180; x_wconf 90' lang='lat' dir='ltr'>nave</span> <span class='ocrx_word' id='word_1_724' title='bbox 756 5125 1075 5191; x_wconf 88' lang='lat' dir='ltr'>Ecclesiam,</span> <span class='ocrx_word' id='word_1_725' title='bbox 1109 5140 1211 5197; x_wconf 91' lang='lat' dir='ltr'>pro</span> <span class='ocrx_word' id='word_1_726' title='bbox 1240 5125 1635 5198; x_wconf 85' lang='lat' dir='ltr'>gubernaculis</span> <span class='ocrx_word' id='word_1_727' title='bbox 1656 5141 1897 5192; x_wconf 88' lang='lat' dir='ltr'>crucem,</span> 
     </span>
    </p>
   </div>
   <div class='ocr_carea' id='block_1_101' title="bbox 304 5214 1897 5287">
    <p class='ocr_par' dir='ltr' id='par_1_101' title="bbox 304 5214 1897 5287">
     <span class='ocr_line' id='line_1_101' title="bbox 304 5214 1897 5287; baseline -0.001 -17"><span class='ocrx_word' id='word_1_728' title='bbox 304 5229 409 5287; x_wconf 87' lang='lat' dir='ltr'>pro</span> <span class='ocrx_word' id='word_1_729' title='bbox 483 5215 853 5283; x_wconf 79' lang='lat' dir='ltr'>gubernatore</span> <span class='ocrx_word' id='word_1_730' title='bbox 909 5214 1205 5282; x_wconf 82' lang='lat' dir='ltr'>Christum,</span> <span class='ocrx_word' id='word_1_731' title='bbox 1248 5230 1348 5286; x_wconf 84' lang='lat' dir='ltr'>pro</span> <span class='ocrx_word' id='word_1_732' title='bbox 1388 5222 1609 5286; x_wconf 89' lang='lat' dir='ltr'>proreta</span> <span class='ocrx_word' id='word_1_733' title='bbox 1664 5216 1897 5282; x_wconf 89' lang='lat' dir='ltr'>Patrem,</span> 
     </span>
    </p>
   </div>
   <div class='ocr_carea' id='block_1_102' title="bbox 305 5310 1903 5386">
    <p class='ocr_par' dir='ltr' id='par_1_102' title="bbox 305 5310 1903 5386">
     <span class='ocr_line' id='line_1_102' title="bbox 305 5310 1903 5386; baseline 0 -18"><span class='ocrx_word' id='word_1_734' title='bbox 305 5329 406 5386; x_wconf 89' lang='lat' dir='ltr'>pro</span> <span class='ocrx_word' id='word_1_735' title='bbox 435 5322 596 5370; x_wconf 92' lang='lat' dir='ltr'>vento</span> <span class='ocrx_word' id='word_1_736' title='bbox 635 5311 897 5384; x_wconf 85' lang='lat' dir='ltr'>Spiritum</span> <span class='ocrx_word' id='word_1_737' title='bbox 929 5319 1195 5379; x_wconf 89' lang='lat' dir='ltr'>sanctum,</span> <span class='ocrx_word' id='word_1_738' title='bbox 1216 5327 1313 5382; x_wconf 93' lang='lat' dir='ltr'>pro</span> <span class='ocrx_word' id='word_1_739' title='bbox 1334 5310 1458 5367; x_wconf 87' lang='lat' dir='ltr'>velo</span> <span class='ocrx_word' id='word_1_740' title='bbox 1517 5314 1768 5385; x_wconf 89' lang='lat' dir='ltr'>gratiam,</span> <span class='ocrx_word' id='word_1_741' title='bbox 1800 5330 1903 5385; x_wconf 92' lang='lat' dir='ltr'>pro</span> 
     </span>
    </p>
   </div>
   <div class='ocr_carea' id='block_1_103' title="bbox 311 5401 1903 5474">
    <p class='ocr_par' dir='ltr' id='par_1_103' title="bbox 311 5401 1903 5474">
     <span class='ocr_line' id='line_1_103' title="bbox 311 5401 1903 5474; baseline -0.001 -14"><span class='ocrx_word' id='word_1_742' title='bbox 311 5404 490 5460; x_wconf 86' lang='lat' dir='ltr'>nautis</span> <span class='ocrx_word' id='word_1_743' title='bbox 511 5402 811 5469; x_wconf 88' lang='lat' dir='ltr'>apostolos,</span> <span class='ocrx_word' id='word_1_744' title='bbox 869 5416 970 5473; x_wconf 91' lang='lat' dir='ltr'>pro</span> <span class='ocrx_word' id='word_1_745' title='bbox 1028 5401 1410 5472; x_wconf 85' lang='lat' dir='ltr'>navigantibus</span> <span class='ocrx_word' id='word_1_746' title='bbox 1447 5404 1759 5473; x_wconf 87' lang='lat' dir='ltr'>prophetas,</span> <span class='ocrx_word' id='word_1_747' title='bbox 1803 5419 1903 5474; x_wconf 89' lang='lat' dir='ltr'>pro</span> 
     </span>
    </p>
   </div>
   <div class='ocr_carea' id='block_1_104' title="bbox 310 5491 1905 5556">
    <p class='ocr_par' dir='ltr' id='par_1_104' title="bbox 310 5491 1905 5556">
     <span class='ocr_line' id='line_1_104' title="bbox 310 5491 1905 5556; baseline -0.004 -5"><span class='ocrx_word' id='word_1_748' title='bbox 310 5509 460 5551; x_wconf 88' lang='lat' dir='ltr'>mare</span> <span class='ocrx_word' id='word_1_749' title='bbox 492 5494 655 5547; x_wconf 81' lang='lat' dir='ltr'>Vetus</span> <span class='ocrx_word' id='word_1_750' title='bbox 685 5492 1111 5556; x_wconf 86' lang='lat' dir='ltr'>Testamentum,</span> <span class='ocrx_word' id='word_1_751' title='bbox 1145 5498 1196 5545; x_wconf 89' lang='lat' dir='ltr'>et</span> <span class='ocrx_word' id='word_1_752' title='bbox 1224 5491 1458 5546; x_wconf 90' lang='lat' dir='ltr'>Novum.</span> <span class='ocrx_word' id='word_1_753' title='bbox 1491 5492 1905 5547; x_wconf 88' lang='lat' dir='ltr'>Committamus</span> 
     </span>
    </p>
   </div>
   <div class='ocr_carea' id='block_1_105' title="bbox 314 5579 1905 5656">
    <p class='ocr_par' dir='ltr' id='par_1_105' title="bbox 314 5579 1905 5656">
     <span class='ocr_line' id='line_1_105' title="bbox 314 5579 1905 5656; baseline -0.001 -18"><span class='ocrx_word' id='word_1_754' title='bbox 314 5597 451 5656; x_wconf 85' lang='lat' dir='ltr'>ergo</span> <span class='ocrx_word' id='word_1_755' title='bbox 508 5596 609 5637; x_wconf 91' lang='lat' dir='ltr'>nos</span> <span class='ocrx_word' id='word_1_756' title='bbox 638 5580 821 5652; x_wconf 89' lang='lat' dir='ltr'>pelagi</span> <span class='ocrx_word' id='word_1_757' title='bbox 851 5580 1017 5648; x_wconf 88' lang='lat' dir='ltr'>hujus</span> <span class='ocrx_word' id='word_1_758' title='bbox 1047 5579 1339 5650; x_wconf 81' lang='lat' dir='ltr'>profundo,</span> <span class='ocrx_word' id='word_1_759' title='bbox 1374 5579 1444 5635; x_wconf 91' lang='lat' dir='ltr'>ad</span> <span class='ocrx_word' id='word_1_760' title='bbox 1483 5581 1905 5652; x_wconf 88' lang='lat' dir='ltr'>perquirendam</span> 
     </span>
    </p>
   </div>
   <div class='ocr_carea' id='block_1_106' title="bbox 314 5663 1614 5737">
    <p class='ocr_par' dir='ltr' id='par_1_106' title="bbox 314 5663 1614 5737">
     <span class='ocr_line' id='line_1_106' title="bbox 314 5663 1614 5737; baseline -0.001 -15"><span class='ocrx_word' id='word_1_761' title='bbox 314 5667 372 5722; x_wconf 92' lang='lat' dir='ltr'>in</span> <span class='ocrx_word' id='word_1_762' title='bbox 401 5664 699 5737; x_wconf 88' lang='lat' dir='ltr'>Scripturis</span> <span class='ocrx_word' id='word_1_763' title='bbox 726 5663 925 5719; x_wconf 88' lang='lat' dir='ltr'>divinis</span> <span class='ocrx_word' id='word_1_764' title='bbox 954 5663 1304 5735; x_wconf 87' lang='lat' dir='ltr'>margaritam</span> <span class='ocrx_word' id='word_1_765' title='bbox 1333 5663 1614 5721; x_wconf 87' lang='lat' dir='ltr'>latentem.</span> 
     </span>
    </p>
   </div>
   <div class='ocr_carea' id='block_1_107' title="bbox 398 5769 1911 5846">
    <p class='ocr_par' dir='ltr' id='par_1_107' title="bbox 398 5769 1911 5846">
     <span class='ocr_line' id='line_1_107' title="bbox 398 5769 1911 5846; baseline 0.007 -25"><span class='ocrx_word' id='word_1_766' title='bbox 398 5796 419 5821; x_wconf 81' lang='grc' dir='ltr'><em>α</em></span> <span class='ocrx_word' id='word_1_767' title='bbox 450 5773 519 5830; x_wconf 91' lang='lat' dir='ltr'>Et</span> <span class='ocrx_word' id='word_1_768' title='bbox 542 5772 903 5846; x_wconf 66' lang='lat' dir='ltr'>{respondens</span> <span class='ocrx_word' id='word_1_769' title='bbox 960 5769 1149 5829; x_wconf 87' lang='lat' dir='ltr'>Simon</span> <span class='ocrx_word' id='word_1_770' title='bbox 1186 5771 1324 5828; x_wconf 83' lang='lat' dir='ltr'>dixit</span> <span class='ocrx_word' id='word_1_771' title='bbox 1364 5786 1378 5827; x_wconf 90' lang='lat'><strong>:</strong></span> <span class='ocrx_word' id='word_1_772' title='bbox 1422 5773 1753 5845; x_wconf 63' lang='lat' dir='ltr'>Preceptor,</span> <span class='ocrx_word' id='word_1_773' title='bbox 1812 5789 1911 5846; x_wconf 85' lang='lat' dir='ltr'>per</span> 
     </span>
    </p>
   </div>
   <div class='ocr_carea' id='block_1_108' title="bbox 2001 4554 3595 4628">
    <p class='ocr_par' dir='ltr' id='par_1_108' title="bbox 2001 4554 3595 4628">
     <span class='ocr_line' id='line_1_108' title="bbox 2001 4554 3595 4628; baseline 0.001 -16"><span class='ocrx_word' id='word_1_774' title='bbox 2001 4558 2252 4613; x_wconf 90' lang='lat' dir='ltr'>homines</span> <span class='ocrx_word' id='word_1_775' title='bbox 2305 4556 2361 4611; x_wconf 91' lang='lat' dir='ltr'>in</span> <span class='ocrx_word' id='word_1_776' title='bbox 2433 4556 2692 4612; x_wconf 67' lang='lat' dir='ltr'>saeculum</span> <span class='ocrx_word' id='word_1_777' title='bbox 2738 4554 2931 4622; x_wconf 89' lang='lat' dir='ltr'>relabi,</span> <span class='ocrx_word' id='word_1_778' title='bbox 2994 4572 3132 4628; x_wconf 90' lang='lat' dir='ltr'>quos</span> <span class='ocrx_word' id='word_1_779' title='bbox 3177 4558 3365 4613; x_wconf 92' lang='lat' dir='ltr'>Petrus</span> <span class='ocrx_word' id='word_1_780' title='bbox 3418 4556 3595 4614; x_wconf 82' lang='lat' dir='ltr'>adhuc</span> 
     </span>
    </p>
   </div>
   <div class='ocr_carea' id='block_1_109' title="bbox 2003 4644 3377 4717">
    <p class='ocr_par' dir='ltr' id='par_1_109' title="bbox 2003 4644 3377 4717">
     <span class='ocr_line' id='line_1_109' title="bbox 2003 4644 3377 4717; baseline -0.001 -15"><span class='ocrx_word' id='word_1_781' title='bbox 2003 4648 2062 4703; x_wconf 89' lang='lat' dir='ltr'>in</span> <span class='ocrx_word' id='word_1_782' title='bbox 2086 4645 2399 4700; x_wconf 86' lang='lat' dir='ltr'>inﬁrmitate</span> <span class='ocrx_word' id='word_1_783' title='bbox 2428 4644 2637 4717; x_wconf 90' lang='lat' dir='ltr'>positus</span> <span class='ocrx_word' id='word_1_784' title='bbox 2663 4644 3000 4701; x_wconf 88' lang='lat' dir='ltr'>demonstrat</span> <span class='ocrx_word' id='word_1_785' title='bbox 3027 4645 3113 4700; x_wconf 90' lang='lat' dir='ltr'>his</span> <span class='ocrx_word' id='word_1_786' title='bbox 3143 4646 3331 4702; x_wconf 89' lang='lat' dir='ltr'>verbis</span> <span class='ocrx_word' id='word_1_787' title='bbox 3365 4661 3377 4701; x_wconf 93' lang='lat'><strong>:</strong></span> 
     </span>
    </p>
   </div>
   <div class='ocr_carea' id='block_1_110' title="bbox 2077 4760 3594 4833">
    <p class='ocr_par' dir='ltr' id='par_1_110' title="bbox 2077 4760 3594 4833">
     <span class='ocr_line' id='line_1_110' title="bbox 2077 4760 3594 4833; baseline 0.004 -21"><span class='ocrx_word' id='word_1_788' title='bbox 2077 4785 2100 4812; x_wconf 78' lang='grc' dir='ltr'>α</span> <span class='ocrx_word' id='word_1_789' title='bbox 2140 4761 2299 4832; x_wconf 88' lang='lat' dir='ltr'>Quod</span> <span class='ocrx_word' id='word_1_790' title='bbox 2327 4777 2451 4818; x_wconf 92' lang='lat' dir='ltr'>cum</span> <span class='ocrx_word' id='word_1_791' title='bbox 2507 4761 2715 4818; x_wconf 88' lang='lat' dir='ltr'>videret</span> <span class='ocrx_word' id='word_1_792' title='bbox 2761 4761 2955 4817; x_wconf 91' lang='lat' dir='ltr'>Simon</span> <span class='ocrx_word' id='word_1_793' title='bbox 2987 4762 3206 4829; x_wconf 87' lang='lat' dir='ltr'>Petrus,</span> <span class='ocrx_word' id='word_1_794' title='bbox 3239 4760 3472 4833; x_wconf 90' lang='lat' dir='ltr'>procidit</span> <span class='ocrx_word' id='word_1_795' title='bbox 3523 4761 3594 4818; x_wconf 88' lang='lat' dir='ltr'>ad</span> 
     </span>
    </p>
   </div>
   <div class='ocr_carea' id='block_1_111' title="bbox 2003 4859 3597 4933">
    <p class='ocr_par' dir='ltr' id='par_1_111' title="bbox 2003 4859 3597 4933">
     <span class='ocr_line' id='line_1_111' title="bbox 2003 4859 3597 4933; baseline -0.001 -17"><span class='ocrx_word' id='word_1_796' title='bbox 2003 4876 2186 4933; x_wconf 88' lang='lat' dir='ltr'>genua</span> <span class='ocrx_word' id='word_1_797' title='bbox 2212 4862 2343 4915; x_wconf 85' lang='lat' dir='ltr'>Jesu</span> <span class='ocrx_word' id='word_1_798' title='bbox 2364 4859 2553 4915; x_wconf 90' lang='lat' dir='ltr'>dicens</span> <span class='ocrx_word' id='word_1_799' title='bbox 2587 4876 2600 4913; x_wconf 90' lang='lat'><strong>:</strong></span> <span class='ocrx_word' id='word_1_800' title='bbox 2633 4859 2737 4914; x_wconf 83' lang='lat' dir='ltr'>Exi</span> <span class='ocrx_word' id='word_1_801' title='bbox 2784 4875 2816 4914; x_wconf 89' lang='lat' dir='ltr'>a</span> <span class='ocrx_word' id='word_1_802' title='bbox 2843 4876 2933 4915; x_wconf 91' lang='lat' dir='ltr'>me</span> <span class='ocrx_word' id='word_1_803' title='bbox 2994 4860 3121 4933; x_wconf 90' lang='lat' dir='ltr'>quia</span> <span class='ocrx_word' id='word_1_804' title='bbox 3149 4861 3311 4915; x_wconf 92' lang='lat' dir='ltr'>homo</span> <span class='ocrx_word' id='word_1_805' title='bbox 3339 4868 3597 4930; x_wconf 87' lang='lat' dir='ltr'>peccator</span> 
     </span>
    </p>
   </div>
   <div class='ocr_carea' id='block_1_112' title="bbox 2004 4948 3596 5019">
    <p class='ocr_par' dir='ltr' id='par_1_112' title="bbox 2004 4948 3596 5019">
     <span class='ocr_line' id='line_1_112' title="bbox 2004 4948 3596 5019; baseline -0.001 -13"><span class='ocrx_word' id='word_1_806' title='bbox 2004 4967 2147 5018; x_wconf 90' lang='lat' dir='ltr'>sum,</span> <span class='ocrx_word' id='word_1_807' title='bbox 2179 4950 2432 5004; x_wconf 85' lang='lat' dir='ltr'>Domine.</span> <span class='ocrx_word' id='word_1_808' title='bbox 2475 4950 2675 5019; x_wconf 92' lang='lat' dir='ltr'>Stupor</span> <span class='ocrx_word' id='word_1_809' title='bbox 2705 4948 2847 5004; x_wconf 89' lang='lat' dir='ltr'>enim</span> <span class='ocrx_word' id='word_1_810' title='bbox 2876 4949 3308 5005; x_wconf 86' lang='lat' dir='ltr'>circumdederat</span> <span class='ocrx_word' id='word_1_811' title='bbox 3337 4964 3481 5013; x_wconf 87' lang='lat' dir='ltr'>eum,</span> <span class='ocrx_word' id='word_1_812' title='bbox 3540 4956 3596 5004; x_wconf 91' lang='lat' dir='ltr'>et</span> 
     </span>
    </p>
   </div>
   <div class='ocr_carea' id='block_1_113' title="bbox 2005 5032 3595 5105">
    <p class='ocr_par' dir='ltr' id='par_1_113' title="bbox 2005 5032 3595 5105">
     <span class='ocr_line' id='line_1_113' title="bbox 2005 5032 3595 5105; baseline -0.003 -14"><span class='ocrx_word' id='word_1_813' title='bbox 2005 5051 2196 5091; x_wconf 89' lang='lat' dir='ltr'>omnes</span> <span class='ocrx_word' id='word_1_814' title='bbox 2227 5034 2318 5105; x_wconf 87' lang='lat' dir='ltr'>qui</span> <span class='ocrx_word' id='word_1_815' title='bbox 2352 5050 2478 5089; x_wconf 90' lang='lat' dir='ltr'>cum</span> <span class='ocrx_word' id='word_1_816' title='bbox 2506 5033 2599 5093; x_wconf 80' lang='lat' dir='ltr'>illo</span> <span class='ocrx_word' id='word_1_817' title='bbox 2629 5039 2784 5089; x_wconf 90' lang='lat' dir='ltr'>erant</span> <span class='ocrx_word' id='word_1_818' title='bbox 2811 5033 2866 5088; x_wconf 92' lang='lat' dir='ltr'>in</span> <span class='ocrx_word' id='word_1_819' title='bbox 2897 5042 3128 5105; x_wconf 87' lang='lat' dir='ltr'>captura</span> <span class='ocrx_word' id='word_1_820' title='bbox 3168 5032 3397 5104; x_wconf 89' lang='lat' dir='ltr'>piscium</span> <span class='ocrx_word' id='word_1_821' title='bbox 3428 5048 3595 5105; x_wconf 90' lang='lat' dir='ltr'>quam</span> 
     </span>
    </p>
   </div>
   <div class='ocr_carea' id='block_1_114' title="bbox 2007 5130 3596 5203">
    <p class='ocr_par' dir='ltr' id='par_1_114' title="bbox 2007 5130 3596 5203">
     <span class='ocr_line' id='line_1_114' title="bbox 2007 5130 3596 5203; baseline -0.002 -13"><span class='ocrx_word' id='word_1_822' title='bbox 2007 5139 2277 5203; x_wconf 86' lang='lat' dir='ltr'>ceperant.</span> <span class='ocrx_word' id='word_1_823' title='bbox 2358 5130 2617 5189; x_wconf 90' lang='lat' dir='ltr'>Similiter</span> <span class='ocrx_word' id='word_1_824' title='bbox 2673 5138 2851 5187; x_wconf 87' lang='lat' dir='ltr'>autem</span> <span class='ocrx_word' id='word_1_825' title='bbox 2908 5131 3179 5187; x_wconf 85' lang='lat' dir='ltr'>Jacobum</span> <span class='ocrx_word' id='word_1_826' title='bbox 3234 5137 3287 5185; x_wconf 92' lang='lat' dir='ltr'>et</span> <span class='ocrx_word' id='word_1_827' title='bbox 3329 5130 3596 5187; x_wconf 82' lang='lat' dir='ltr'>Joannem</span> 
     </span>
    </p>
   </div>
   <div class='ocr_carea' id='block_1_115' title="bbox 2008 5219 3570 5290">
    <p class='ocr_par' dir='ltr' id='par_1_115' title="bbox 2008 5219 3570 5290">
     <span class='ocr_line' id='line_1_115' title="bbox 2008 5219 3570 5290; baseline 0.001 -14"><span class='ocrx_word' id='word_1_828' title='bbox 2008 5220 2151 5277; x_wconf 90' lang='lat' dir='ltr'>ﬁlios</span> <span class='ocrx_word' id='word_1_829' title='bbox 2180 5220 2427 5276; x_wconf 76' lang='lat' dir='ltr'>Zebedaei</span> <span class='ocrx_word' id='word_1_830' title='bbox 2457 5221 2549 5290; x_wconf 88' lang='lat' dir='ltr'>qui</span> <span class='ocrx_word' id='word_1_831' title='bbox 2578 5228 2733 5275; x_wconf 90' lang='lat' dir='ltr'>erant</span> <span class='ocrx_word' id='word_1_832' title='bbox 2771 5219 2905 5275; x_wconf 89' lang='lat' dir='ltr'>socii</span> <span class='ocrx_word' id='word_1_833' title='bbox 2960 5219 3216 5276; x_wconf 84' lang='lat' dir='ltr'>Simonis.</span> <span class='ocrx_word' id='word_1_834' title='bbox 3252 5241 3274 5268; x_wconf 79' lang='grc' dir='ltr'><em>η</em></span> <span class='ocrx_word' id='word_1_835' title='bbox 3338 5219 3570 5277; x_wconf 89' lang='lat' dir='ltr'>Carnale</span> 
     </span>
    </p>
   </div>
   <div class='ocr_carea' id='block_1_116' title="bbox 2007 5308 3600 5382">
    <p class='ocr_par' dir='ltr' id='par_1_116' title="bbox 2007 5308 3600 5382">
     <span class='ocr_line' id='line_1_116' title="bbox 2007 5308 3600 5382; baseline 0.001 -17"><span class='ocrx_word' id='word_1_836' title='bbox 2007 5311 2062 5366; x_wconf 91' lang='lat' dir='ltr'>in</span> <span class='ocrx_word' id='word_1_837' title='bbox 2092 5309 2339 5365; x_wconf 87' lang='lat' dir='ltr'>Ecclesia</span> <span class='ocrx_word' id='word_1_838' title='bbox 2367 5310 2619 5382; x_wconf 85' lang='lat' dir='ltr'>regimen</span> <span class='ocrx_word' id='word_1_839' title='bbox 2648 5308 3030 5379; x_wconf 88' lang='lat' dir='ltr'>spiritualium,</span> <span class='ocrx_word' id='word_1_840' title='bbox 3054 5309 3109 5364; x_wconf 91' lang='lat' dir='ltr'>in</span> <span class='ocrx_word' id='word_1_841' title='bbox 3137 5308 3337 5380; x_wconf 89' lang='lat' dir='ltr'>quibus</span> <span class='ocrx_word' id='word_1_842' title='bbox 3365 5309 3600 5367; x_wconf 87' lang='lat' dir='ltr'>maxime</span> 
     </span>
    </p>
   </div>
   <div class='ocr_carea' id='block_1_117' title="bbox 2010 5398 3605 5472">
    <p class='ocr_par' dir='ltr' id='par_1_117' title="bbox 2010 5398 3605 5472">
     <span class='ocr_line' id='line_1_117' title="bbox 2010 5398 3605 5472; baseline -0.001 -15"><span class='ocrx_word' id='word_1_843' title='bbox 2010 5399 2213 5457; x_wconf 89' lang='lat' dir='ltr'>Christi</span> <span class='ocrx_word' id='word_1_844' title='bbox 2262 5414 2496 5470; x_wconf 90' lang='lat' dir='ltr'>persona</span> <span class='ocrx_word' id='word_1_845' title='bbox 2533 5398 2751 5465; x_wconf 90' lang='lat' dir='ltr'>eminet,</span> <span class='ocrx_word' id='word_1_846' title='bbox 2775 5413 2808 5453; x_wconf 93' lang='lat' dir='ltr'>a</span> <span class='ocrx_word' id='word_1_847' title='bbox 2837 5414 2897 5455; x_wconf 90' lang='lat' dir='ltr'>se</span> <span class='ocrx_word' id='word_1_848' title='bbox 2916 5398 3319 5472; x_wconf 86' lang='lat' dir='ltr'>quodammodo</span> <span class='ocrx_word' id='word_1_849' title='bbox 3334 5398 3605 5471; x_wconf 88' lang='lat' dir='ltr'>repellunt</span> 
     </span>
    </p>
   </div>
   <div class='ocr_carea' id='block_1_118' title="bbox 2011 5497 3603 5570">
    <p class='ocr_par' dir='ltr' id='par_1_118' title="bbox 2011 5497 3603 5570">
     <span class='ocr_line' id='line_1_118' title="bbox 2011 5497 3603 5570; baseline 0.001 -16"><span class='ocrx_word' id='word_1_850' title='bbox 2011 5514 2120 5554; x_wconf 91' lang='lat' dir='ltr'>non</span> <span class='ocrx_word' id='word_1_851' title='bbox 2150 5497 2357 5570; x_wconf 87' lang='lat' dir='ltr'>lingua,</span> <span class='ocrx_word' id='word_1_852' title='bbox 2415 5497 2513 5553; x_wconf 92' lang='lat' dir='ltr'>sed</span> <span class='ocrx_word' id='word_1_853' title='bbox 2545 5497 2792 5555; x_wconf 89' lang='lat' dir='ltr'>moribus</span> <span class='ocrx_word' id='word_1_854' title='bbox 2821 5506 2875 5554; x_wconf 90' lang='lat' dir='ltr'>et</span> <span class='ocrx_word' id='word_1_855' title='bbox 2920 5497 3150 5565; x_wconf 88' lang='lat' dir='ltr'>actione,</span> <span class='ocrx_word' id='word_1_856' title='bbox 3183 5497 3435 5555; x_wconf 88' lang='lat' dir='ltr'>timentes</span> <span class='ocrx_word' id='word_1_857' title='bbox 3491 5514 3603 5555; x_wconf 91' lang='lat' dir='ltr'>non</span> 
     </span>
    </p>
   </div>
   <div class='ocr_carea' id='block_1_119' title="bbox 2015 5586 3603 5660">
    <p class='ocr_par' dir='ltr' id='par_1_119' title="bbox 2015 5586 3603 5660">
     <span class='ocr_line' id='line_1_119' title="bbox 2015 5586 3603 5660; baseline 0 -17"><span class='ocrx_word' id='word_1_858' title='bbox 2015 5604 2181 5660; x_wconf 87' lang='lat' dir='ltr'>posse</span> <span class='ocrx_word' id='word_1_859' title='bbox 2209 5587 2323 5659; x_wconf 91' lang='lat' dir='ltr'>pati</span> <span class='ocrx_word' id='word_1_860' title='bbox 2353 5587 2602 5659; x_wconf 88' lang='lat' dir='ltr'>regimen</span> <span class='ocrx_word' id='word_1_861' title='bbox 2648 5603 2860 5655; x_wconf 90' lang='lat' dir='ltr'>eorum,</span> <span class='ocrx_word' id='word_1_862' title='bbox 2892 5595 2947 5643; x_wconf 92' lang='lat' dir='ltr'>et</span> <span class='ocrx_word' id='word_1_863' title='bbox 3002 5595 3183 5645; x_wconf 88' lang='lat' dir='ltr'>tamen</span> <span class='ocrx_word' id='word_1_864' title='bbox 3241 5603 3337 5644; x_wconf 92' lang='lat' dir='ltr'>eos</span> <span class='ocrx_word' id='word_1_865' title='bbox 3366 5586 3603 5644; x_wconf 83' lang='lat' dir='ltr'>maxime</span> 
     </span>
    </p>
   </div>
   <div class='ocr_carea' id='block_1_120' title="bbox 2014 5676 3600 5743">
    <p class='ocr_par' dir='ltr' id='par_1_120' title="bbox 2014 5676 3600 5743">
     <span class='ocr_line' id='line_1_120' title="bbox 2014 5676 3600 5743; baseline -0.001 -10"><span class='ocrx_word' id='word_1_866' title='bbox 2014 5678 2308 5743; x_wconf 88' lang='lat' dir='ltr'>honorant,</span> <span class='ocrx_word' id='word_1_867' title='bbox 2340 5676 2467 5735; x_wconf 91' lang='lat' dir='ltr'>licet</span> <span class='ocrx_word' id='word_1_868' title='bbox 2486 5677 2554 5732; x_wconf 89' lang='lat' dir='ltr'>ab</span> <span class='ocrx_word' id='word_1_869' title='bbox 2584 5677 2663 5733; x_wconf 90' lang='lat' dir='ltr'>eis</span> <span class='ocrx_word' id='word_1_870' title='bbox 2716 5677 2963 5734; x_wconf 89' lang='lat' dir='ltr'>moribus</span> <span class='ocrx_word' id='word_1_871' title='bbox 2991 5686 3041 5733; x_wconf 88' lang='lat' dir='ltr'>et</span> <span class='ocrx_word' id='word_1_872' title='bbox 3071 5677 3227 5733; x_wconf 88' lang='lat' dir='ltr'>factis</span> <span class='ocrx_word' id='word_1_873' title='bbox 3256 5676 3600 5733; x_wconf 82' lang='lat' dir='ltr'>dissentiant.</span> 
     </span>
    </p>
   </div>
   <div class='ocr_carea' id='block_1_121' title="bbox 2020 5772 3605 5849">
    <p class='ocr_par' dir='ltr' id='par_1_121' title="bbox 2020 5772 3605 5849">
     <span class='ocr_line' id='line_1_121' title="bbox 2020 5772 3605 5849; baseline -0.003 -17"><span class='ocrx_word' id='word_1_874' title='bbox 2020 5773 2501 5834; x_wconf 80' lang='lat' dir='ltr'>Honoriﬁcentiam</span> <span class='ocrx_word' id='word_1_875' title='bbox 2528 5774 2859 5849; x_wconf 81' lang='lat' dir='ltr'>signiﬁcavit</span> <span class='ocrx_word' id='word_1_876' title='bbox 2887 5777 3081 5834; x_wconf 88' lang='lat' dir='ltr'>Petrus</span> <span class='ocrx_word' id='word_1_877' title='bbox 3107 5775 3309 5833; x_wconf 87' lang='lat' dir='ltr'>cadens</span> <span class='ocrx_word' id='word_1_878' title='bbox 3335 5773 3407 5830; x_wconf 88' lang='lat' dir='ltr'>ad</span> <span class='ocrx_word' id='word_1_879' title='bbox 3434 5772 3605 5846; x_wconf 79' lang='lat' dir='ltr'>pedes</span> 
     </span>
    </p>
   </div>
  </div>
