3986 6070
431 263 570 315 1047

1535 253 1872 310 WERNERI
1921 249 2206 308 ABBATIS
2269 250 2336 306 δ.
2385 249 2604 307 BLASII

3599 249 3754 302 1048

432 383 686 446 Domini;
719 397 902 439 mores
952 389 1134 438 autem
1158 378 1454 436 dissimiles
1485 377 1542 434 in
1573 394 1638 435 eo
1687 379 1832 450 quod
1881 377 1954 432 ait
2012 392 2024 431 :
2055 375 2110 436 A
2138 374 2288 431 natio
2307 376 2376 432 de
2405 376 2827 448 superponendo
2847 376 3029 449 gladio
3050 376 3333 443 materiali,
3368 376 3413 431 si
3433 392 3546 432 non
3581 373 3761 429 suﬁ‘l-

435 495 458 521 α
492 473 590 528 Exi
615 487 646 526 a
675 488 783 538 me,
808 471 936 543 quia
962 472 1128 526 homo
1149 477 1408 541 peccator
1435 485 1577 524 sum.
1613 491 1634 517 η
1659 468 1923 523 Dominus
1946 474 2029 522 ta-

430 578 555 617 men
586 578 695 616 non
724 561 958 617 recessit
987 561 1058 615 ab
1088 575 1172 628 eo,
1207 559 1351 631 quod
1407 557 1676 630 signiﬁcat
1716 556 2029 627 spirituales

435 651 584 706 viros
611 666 720 705 non
752 650 956 705 debere
977 648 1316 704 commoveri
1364 647 1604 718 peccatis
1660 646 1941 700 turbarum
1972 652 2030 700 ut

432 746 690 801 deserant
722 762 918 799 munus
949 744 1408 800 ecclesiasticum.

512 867 532 891 α
567 845 634 898 Et
664 843 735 898 ait
767 844 834 896 ad
867 842 1144 897 Simonem
1172 859 1184 895 :
1235 840 1360 896 Noli
1391 841 1615 894 timere.
1656 840 1744 894 Ex
1786 839 1890 893 hoc
1914 838 2029 908 jam

438 933 695 988 homines
725 932 835 986 eris
863 933 1111 1002 capiens.
1153 930 1411 984 Carnales
1442 928 1792 984 confortandi
1826 936 1949 982 sunt
2003 944 2033 981 a

441 1029 818 1100 spiritualibus
849 1045 917 1082 ne
948 1029 1016 1082 de
1049 1027 1388 1083 conscientia
1419 1026 1594 1096 culpa:
1621 1043 1732 1080 sum
1759 1025 2030 1090 timentes,

440 1125 494 1172 et
523 1118 759 1172 aliorum
789 1117 1095 1172 innocentia
1124 1123 1426 1184 stupentes,
1461 1115 1765 1169 sanctitatis
1790 1115 1888 1168 iter
1918 1113 2035 1168 for-

438 1207 648 1262 mident
706 1205 962 1278 aggredi.
1011 1204 1167 1273 Quod
1220 1211 1397 1258 autem
1448 1203 1691 1272 sequitur
1722 1221 1733 1257 :
1764 1225 1785 1253 ι
1817 1204 1902 1257 Ex
1935 1205 2037 1257 hoc

440 1307 550 1376 jam
581 1306 830 1360 homines
887 1305 996 1359 eris
1033 1303 1310 1374 capiens,»
1345 1303 1412 1357 ad
1466 1304 1682 1358 Petrum
1728 1303 2037 1374 specialiter

439 1394 720 1466 pertinet:
761 1392 848 1448 cui
879 1392 1140 1447 Dominus
1198 1392 1421 1463 exponit
1478 1393 1624 1463 quod
1673 1401 1900 1462 captura
1956 1391 2037 1462 pi-

443 1483 614 1538 scium
639 1479 979 1551 signiﬁcabat
1009 1489 1284 1551 capturam
1316 1480 1590 1535 hominum
1622 1497 1720 1551 per
1749 1497 1892 1534 eum.

521 1593 542 1618 α
581 1571 645 1624 Ει
675 1569 1027 1626 crediderunt
1056 1569 1109 1624 in
1144 1586 1265 1624 eum
1297 1569 1548 1640 discipuli
1579 1569 1718 1638 ejus.
1742 1570 1809 1623 Et
1826 1569 2036 1624 subdu-

442 1667 548 1723 ctis
573 1667 640 1720 ad
673 1674 876 1721 terram
921 1666 1156 1720 navibus
1186 1665 1388 1722 relictis
1417 1665 1671 1720 omnibus
1711 1666 1882 1721 secuti
1915 1674 2036 1720 sunt

2135 473 2208 529 cit
2235 473 2523 545 spiritalis.
2563 475 2663 531 Hic
2691 483 2875 530 tamen
2906 476 3056 532 canis
3089 475 3212 530 fune
3244 475 3522 530 tenendus
3541 483 3658 538 est,
3688 488 3762 526 ne

2135 561 2439 632 impetuose
2467 563 2753 629 discurrat,
2799 564 2924 634 quia
2980 565 3174 620 dandae
3204 573 3327 618 sunt
3362 564 3626 630 induciae,
3671 562 3766 617 fa-

2137 651 2366 718 ciendae,
2407 653 2722 708 vocationes
2753 669 2853 723 pro
2884 655 3045 708 modo
3078 654 3224 717 facti,
3257 654 3597 725 etdignitate
3626 668 3768 722 per-

2141 759 2317 804 sonm.
2358 749 2558 805 Baculo
2589 751 3162 807 excommunicationis
3191 752 3415 808 arcendi
3445 759 3580 805 sunt
3607 749 3762 821 lupi.

2143 837 2198 891 Si
2227 837 2417 892 iterum
2469 839 2612 908 quod
2643 840 2871 893 debetur
2900 840 3069 894 amori
3121 841 3240 904 Dei,
3274 848 3324 895 et
3353 840 3572 894 utilitati
3610 855 3766 908 pro-

2142 925 2297 992 ximi,
2333 934 2386 980 et
2417 927 2562 997 quod
2593 935 2675 981 est
2699 928 2916 995 justitiae
2946 929 3114 995 canis,
3155 937 3210 982 ut
3256 928 3534 998 impendet
3564 927 3764 982 amori

2143 1024 2228 1080 vel
2260 1025 2404 1091 odio,
2457 1027 2716 1081 utendum
2748 1036 2826 1082 est
2859 1028 3073 1093 baculo,
3133 1028 3187 1083 id
3236 1036 3319 1082 est
3346 1045 3456 1082 non
3486 1037 3572 1083 est
3606 1027 3762 1082 sibi-

2143 1113 2251 1183 ipsi
2280 1115 2638 1183 parcendum,
2675 1117 2993 1186 quiajustus
3034 1117 3209 1188 primo
3231 1125 3524 1172 accusator
3553 1126 3642 1172 est
3667 1116 3763 1172 sui

2145 1202 2329 1272 (Prov.
2363 1204 2542 1274 xvm).
2584 1204 2751 1276 Virga
2801 1213 3004 1261 tenerae
3035 1206 3395 1262 correctionis
3448 1206 3762 1278 tangenda?

2145 1308 2271 1354 sunt
2300 1316 2451 1367 oves,
2503 1302 2557 1356 id
2589 1309 2670 1357 est
2719 1303 3015 1373 simplices,
3077 1320 3148 1358 ue
3176 1304 3453 1359 aberrent.
3488 1306 3552 1358 In
3612 1319 3766 1373 pera

2146 1389 2307 1444 debet
2337 1391 2538 1446 habere
2568 1407 2764 1460 panem
2796 1393 2948 1447 verbi
2971 1393 3070 1448 Dei
3099 1392 3468 1457 reconditum,
3488 1400 3547 1446 ut
3569 1393 3767 1462 sitpa-

2146 1481 2294 1532 ratus
2316 1479 2576 1534 rationem
2596 1481 2823 1536 reddere
2855 1481 3002 1536 omni
3050 1482 3315 1553 poscenti.
3349 1483 3527 1536 Nares
3557 1481 3762 1553 itaque

2146 1575 2270 1621 sunt
2291 1568 2682 1636 archidiaconi,
2715 1571 2804 1640 qui
2837 1571 3023 1641 sagaci
3070 1571 3298 1626 odoratu
3337 1570 3539 1625 debent
3595 1569 3760 1625 olfa-

2145 1679 2270 1720 cere
2299 1666 2461 1720 vitam
2494 1667 2862 1732 subditorum,
2914 1677 2966 1723 et
3023 1670 3092 1723 ad
3124 1669 3440 1740 episcopum
3500 1668 3749 1724 referre.

444 1771 587 1812 eum.
631 1779 651 1804 ι
706 1754 868 1808 Multa
917 1754 1255 1826 reliquerunt
1314 1755 1403 1826 qui
1435 1756 1486 1809 in
1545 1755 1648 1810 hoc
1707 1755 1908 1811 saeculo
1962 1755 2036 1809 nil
2065 1735 2118 1795 Β
2149 1756 2328 1808 Aures
2366 1764 2490 1809 sunt
2519 1757 2752 1825 diaconi,
2788 1751 2878 1828 qui
2907 1758 3106 1813 debent
3134 1735 3327 1812 audire
3347 1758 3574 1826 judicia,
3608 1767 3671 1812 ut
3704 1767 3766 1812 et

452 1859 641 1900 amare
669 1843 1016 1898 studuerunt.
1051 1843 1218 1897 Multa.
1267 1843 1602 1914 reliquerunt
1634 1843 1724 1914 qui
1767 1843 2042 1898 desideria

442 1941 679 1996 habendi
710 1941 1138 2012 dereliquernnt.
1173 1941 1232 1994 In
1253 1940 1337 1994 his
1368 1940 1630 1995 docemur
1651 1939 1923 1995 Christum
1955 1955 2041 1993 se-

444 2031 557 2103 qui,
590 2037 644 2086 et
673 2029 956 2085 sacularis
985 2029 1109 2084 vitae
1152 2029 1537 2097 sollicitudine,
1580 2043 1643 2084 ac
1672 2036 1917 2100 paterna:
1946 2027 2040 2082 do-

432 2136 554 2174 mus
581 2118 975 2175 consuetudine
996 2133 1106 2172 non
1135 2117 1336 2173 teneri.

509 2227 650 2281 Nota
681 2223 807 2296 quia
838 2224 958 2280 viso
1008 2223 1275 2279 miraculo
1306 2223 1374 2278 de
1407 2230 1629 2294 captura
1657 2222 1886 2295 piscium
1918 2232 2039 2277 tan-

441 2339 606 2396 quam
628 2321 838 2376 ﬁrmius
865 2321 1155 2377 credentes
1186 2321 1275 2390 qui
1308 2321 1670 2387 vocabantur,
1719 2337 1827 2376 non
1857 2321 2038 2376 solum

443 2411 671 2478 retibus,
699 2411 815 2482 sed,
849 2409 1105 2465 omnibus
1135 2409 1356 2478 relictis,
1392 2410 1563 2466 secuti
1595 2413 1722 2465 sunt
1749 2413 1938 2465 Jesum
1969 2411 2039 2465 ad

440 2499 775 2555 manendum
798 2513 922 2555 cum
955 2498 1068 2554 illo.
1101 2499 1281 2554 Naves
1326 2506 1502 2554 autem
1534 2499 1739 2554 idcirco
1771 2499 2040 2554 subduxe—

439 2605 566 2653 runt
591 2598 660 2652 ad
691 2605 917 2664 terram,
950 2596 1080 2653 licet
1109 2612 1216 2652 non
1249 2605 1441 2668 postea
1471 2597 1701 2653 redituri
1730 2598 1797 2652 ad
1818 2597 2041 2668 propria

433 2696 492 2743 ut
548 2687 628 2744 sic
657 2687 870 2744 cautius
931 2695 1284 2742 servarentur
1333 2687 1402 2741 ad
1432 2703 1610 2753 usum,
1645 2703 1928 2759 quousque
1984 2687 2036 2740 in

441 2785 680 2856 alicujus
739 2784 1151 2856 possessionem
1220 2784 1539 2839 transirent.
1599 2784 1843 2839 Decebat
1897 2784 2038 2838 enim

437 2873 718 2946 apostolos
747 2888 885 2945 quos
945 2872 1091 2927 Deus
1141 2871 1374 2927 formam
1413 2889 1555 2928 verte
1603 2871 1886 2942 religionis
1928 2880 2038 2926 toto

433 2962 640 3018 mundo
670 2961 1054 3026 constituebat,
1087 2976 1196 3016 non
1223 2961 1479 3031 superbe,
1515 2976 1624 3016 non
1669 2961 1849 3014 minus
1878 2967 2036 3015 caute

434 3051 697 3107 mundum
741 3058 1092 3106 contemnere
1143 3066 1156 3103 :
1205 3050 1350 3121 quod
1393 3049 1632 3122 legimus
1677 3049 2035 3120 phi1050phos

433 3140 659 3198 fecisse.
691 3140 881 3196 Crates
911 3139 1057 3194 enim
1099 3139 1412 3206 Thebanus,
1444 3147 1502 3193 ut
1539 3139 1614 3194 ait
1668 3139 2034 3208 Hieronymus

438 3231 508 3287 ad
566 3229 928 3295 Iovinianum,
988 3227 1230 3299 projecto
1260 3227 1314 3282 in
1370 3228 1506 3282 mari
1532 3243 1643 3283 non
1708 3243 1880 3298 parvo
1927 3227 2046 3282 auri

436 3319 714 3392 pondere:
750 3340 773 3365 ιι
807 3317 986 3385 Abite,
1015 3316 1209 3387 inquit,
1234 3331 1456 3388 pessum
1499 3316 1658 3372 malae
1689 3315 2034 3387 cupiditates.

437 3417 560 3488 Ego
591 3430 690 3471 vos
715 3429 984 3486 mergam,
1017 3429 1084 3469 ne
1103 3415 1222 3485 ipse
1251 3429 1468 3484 mergar
1495 3428 1528 3468 a
1578 3413 1760 3468 vobis.
1803 3437 1825 3461 η

832 3524 1071 3580 SERMO
1130 3523 1227 3580 DE
1279 3524 1642 3579 ECCLESIA.

515 3630 761 3688 Christus
791 3638 842 3686 et
871 3629 1142 3693 Ecclesia,
1165 3645 1271 3700 qua
1303 3630 1622 3701 designatur
1651 3630 1704 3684 in
1727 3630 1844 3685 istis
1875 3646 2044 3686 evan-

447 3730 648 3805 gelicis
680 3729 932 3795 navibus,
969 3744 1134 3783 unum
1168 3744 1369 3804 corpus
1426 3729 1755 3784 contituunt.
1805 3729 2046 3782 Christus

440 3821 625 3892 itaque
653 3827 736 3874 est
773 3825 950 3889 caput,
986 3832 1187 3888 corpus
1245 3833 1374 3872 vero
1415 3815 1680 3872 Ecclesia.
1718 3817 1858 3872 Nam
1911 3817 2047 3872 sicut

451 3918 507 3972 in
539 3916 717 3988 capite
761 3915 872 3970 vita
904 3921 956 3970 et
1013 3913 1290 3986 vegetatio
1335 3913 1499 3968 totius
1537 3914 1803 3984 corporis,
1861 3914 1935 3968 ita
1992 3913 2048 3968 in

455 4007 672 4062 Christo
696 4005 802 4061 vita
834 4012 886 4060 et
917 4010 1411 4059 sustentamentum
1435 4001 1687 4058 Eclesiae.
1710 4003 1844 4059 Haec
1873 4002 1919 4057 si
1947 4017 2047 4058 ve-

451 4094 512 4150 lit
533 4094 700 4166 capiti
737 4091 1087 4158 conformari,
1151 4101 1202 4148 et
1233 4091 1284 4147 ei
1311 4091 1534 4160 servire,
1571 4108 1675 4162 pro
1733 4092 2048 4147 diversitate

451 4199 809 4255 personarum
839 4191 892 4238 et
920 4179 1227 4238 olﬁciorum
1251 4179 1341 4236 ﬁet
1368 4196 1536 4236 unum
1565 4197 1692 4236 cum
1723 4196 1789 4236 eo
1807 4181 1861 4235 in
1889 4188 2048 4237 aeter-

453 4289 604 4328 num.
633 4274 804 4341 Hujus
832 4270 1086 4342 corporis
1113 4270 1259 4326 oculi
1296 4270 1388 4341 qui
1439 4271 1642 4325 debent
1669 4271 1931 4325 membris
1961 4269 2046 4324 in-

455 4369 743 4426 ferioribus
771 4369 1083 4440 providere,
1136 4375 1263 4424 sunt
1294 4368 1559 4438 episc0pi,
1611 4367 1702 4438 qui
1731 4384 1840 4423 non
1870 4368 2047 4423 solum

454 4467 620 4532 oculi,
658 4467 756 4521 sed
803 4465 966 4521 etiam
1013 4473 1265 4537 pastores
1308 4473 1361 4520 et
1416 4465 1635 4529 subditi,
1696 4481 1808 4520 non
1867 4465 2042 4520 solum
2075 4457 2126 4517 D

454 4555 828 4610 membrorum
857 4554 1100 4621 nomine,
1125 4553 1221 4609 sed
1254 4553 1446 4607 horum
1481 4561 1731 4622 respectu
1764 4552 2036 4608 dicuntur.

455 4646 681 4701 Multum
711 4643 938 4698 interest
966 4642 1108 4697 inter
1135 4649 1410 4713 pastorem
1453 4649 1506 4696 et
1553 4656 1730 4710 ovem,
1767 4642 2051 4713 praelatum

457 4751 511 4799 et
528 4741 828 4798 subditum.
858 4741 954 4796 Ille
983 4740 1144 4814 regit,
1176 4739 1279 4795 iste
1302 4739 1547 4812 regitur;
1585 4739 1682 4796 ille
1710 4741 1904 4811 pascit,
1952 4741 2052 4797 iste

459 4832 740 4904 pascitur.
768 4832 836 4887 Et
865 4831 1006 4887 sicut
1049 4837 1234 4901 pastor
1278 4836 1477 4899 przeest
1529 4829 1721 4885 ovibus
1785 4830 2053 4902 dignitate

456 4921 771 4986 creationis,
820 4919 948 4994 quia
995 4918 1279 4975 rationalis
1332 4925 1386 4974 et
1437 4926 1652 4974 erectus
1705 4919 1777 4974 ad
1831 4919 2048 4986 coelum,

456 5027 589 5068 oves
617 5019 798 5067 autem
827 5026 1016 5082 pronae
1045 5009 1115 5064 ad
1140 5007 1502 5080 pascendum,
1527 5007 1604 5062 ita
1661 5007 1906 5078 episcopi
1949 5007 2053 5063 de-

459 5109 588 5165 bent
616 5109 722 5164 dici
750 5107 1040 5164 rationales
1071 5115 1128 5163 et
1155 5105 1384 5162 discreti
1415 5104 1833 5176 comparatione
1862 5103 2052 5159 subdi-

459 5204 664 5253 torum.
693 5196 758 5252 Hi
788 5197 988 5253 debent
1017 5197 1225 5252 habere
1255 5209 1470 5260 canem,
1505 5195 1686 5250 funem
1725 5194 1796 5248 ad
1853 5200 2054 5248 tenen-

459 5285 589 5342 dum
609 5285 782 5354 illum,
809 5285 1059 5342 baculum
1081 5285 1149 5341 ad
1179 5284 1480 5340 arcendum
1503 5292 1614 5337 tum
1673 5283 1878 5354 lupum,
1940 5291 2054 5338 tum

462 5375 702 5431 etiamet
730 5388 943 5440 canem,
977 5374 1024 5428 si
1064 5389 1203 5445 opus
1248 5372 1428 5428 fuerit.
1485 5372 1707 5443 Virgam
1723 5389 1940 5445 quoque
1987 5374 2052 5428 ad

458 5469 732 5542 regendas
753 5484 904 5536 oves,
929 5486 1051 5540 qua:
1079 5485 1189 5525 non
1214 5476 1443 5539 possunt
1471 5468 1723 5524 baculum
1763 5471 1893 5540 pati,
1952 5487 2050 5540 pe-

459 5576 577 5616 ram
596 5559 687 5614 ubi
716 5565 896 5629 portet
924 5572 1121 5628 panem
1151 5573 1329 5612 suum.
1364 5556 1424 5611 In
1483 5558 1731 5614 Ecclesia
1786 5559 1887 5612 Dei
1930 5567 2052 5612 sunt

460 5659 765 5732 praedones,
793 5654 902 5725 lupi
933 5653 1160 5720 scilicet,
1194 5661 1386 5708 contra
1415 5670 1554 5725 quos
1583 5656 1922 5711 necessarius
1952 5660 2041 5711 est

458 5746 705 5817 canis,id
735 5753 818 5801 est
845 5743 1072 5800 latratus
1086 5755 1300 5812 “perae
1328 5743 1710 5813 correptionis,
1747 5753 1800 5800 et
1829 5744 2052 5801 commi-

2147 1842 2443 1897 secundum
2486 1845 2631 1915 quod
2671 1845 2944 1900 audierint
2977 1846 3242 1914 judicent.
3302 1846 3457 1901 Unde
3509 1862 3522 1900 :
3585 1845 3758 1915 Quod

2147 1939 2330 2005 audio,
2363 1956 2471 1996 non
2503 1943 2647 2013 quod
2675 1942 2784 2008 odi,
2819 1959 2925 1998 non
2983 1944 3130 2016 quod
3161 1959 3304 1999 amo.
3365 1943 3442 1998 Os
3472 1947 3526 1999 et
3558 1943 3763 2014 lingua

2147 2036 2273 2082 sunt
2303 2029 2630 2102 presbyteri,
2663 2031 2948 2098 diacones,
2984 2033 3378 2102 praedicatores
3425 2033 3579 2087 verbi
3625 2033 3756 2098 Dei,

2149 2117 2239 2186 qui
2270 2117 2351 2172 sic
2395 2134 2518 2173 esse
2564 2119 2846 2187 deberent,
2917 2122 3017 2176 sed
3046 2121 3213 2176 modo
3263 2121 3446 2176 omnia
3474 2137 3759 2177 conversa

2147 2209 2292 2268 sunt,
2326 2210 2383 2257 et
2413 2213 2821 2274 praeposteram.
2875 2204 3032 2261 Oculi
3089 2222 3197 2261 non
3228 2213 3352 2260 sunt
3407 2206 3603 2270 erecti,
3637 2206 3759 2261 imo

2145 2297 2476 2354 inclinantur
2504 2300 2573 2354 ad
2605 2317 2847 2366 munera,
2897 2302 2965 2356 ad
2999 2301 3200 2370 odium,
3231 2302 3301 2356 ad
3347 2318 3619 2357 amorem.
3690 2305 3759 2356 In

2145 2386 2224 2440 eis
2244 2395 2327 2442 est
2358 2388 2503 2458 quod
2526 2389 2724 2443 dicitur
2756 2405 2767 2443 :
2807 2415 2829 2438 ιι
2863 2391 3124 2446 Tenebrae
3151 2399 3306 2446 erant
3351 2407 3518 2460 super
3549 2390 3757 2447 faciem

2145 2474 2331 2546 abyssi
2362 2476 2529 2546 (Gen.
2567 2478 2626 2544 ι).
2665 2502 2686 2526 »
2724 2479 2781 2533 In
2803 2478 2884 2534 eis
2905 2479 3074 2534 facies
3094 2479 3280 2534 Lazari
3308 2479 3475 2551 ligata
3498 2480 3752 2535 sudario.

2145 2572 2202 2624 In
2237 2572 2316 2626 eis
2338 2582 2456 2627 sunt
2481 2574 2621 2630 oculi
2653 2577 3030 2645 apostolorum
3085 2591 3277 2632 somno
3307 2576 3541 2647 gravati.
3583 2577 3640 2631 In
3671 2578 3757 2632 eis

2143 2667 2226 2714 est
2255 2661 2452 2717 Saulus
2503 2680 2766 2735 squamas
2805 2666 3011 2721 habens
3067 2681 3235 2736 super
3291 2665 3506 2722 oculos.
3565 2667 3756 2721 Nares

2145 2749 2460 2806 amiserunt
2506 2754 2815 2823 odoratum,
2851 2762 3108 2824 putantes
3165 2756 3370 2810 bonum
3429 2755 3650 2818 malum,
3700 2763 3758 2811 et

2146 2859 2475 2903 econverso.
2514 2849 2756 2904 Tuentur
2787 2867 2924 2920 quos
2956 2850 3162 2917 volunt,
3213 2859 3449 2920 gravant
3481 2867 3622 2923 quos
3649 2867 3760 2907 vo-

2141 2932 2278 2989 lunt.
2305 2937 2488 2993 Aures
2516 2947 2838 3008 pervertunt
2861 2939 3086 3009 judicia,
3148 2956 3210 2996 os
3249 2948 3302 2995 et
3339 2940 3528 3012 lingua
3561 2940 3755 2996 silent.

2145 3023 2363 3087 Pectus.
2405 3026 2660 3088 dorsum.
2695 3028 2938 3093 brachia,
3001 3037 3052 3084 et
3079 3045 3278 3084 manus
3317 3029 3580 3085 Ecclesiae
3623 3037 3759 3084 sunt

2066 3096 2114 3159 C
2145 3112 2364 3169 milites.
2397 3116 2455 3169 In
2487 3125 2709 3186 pectore
2737 3127 2819 3172 est
2847 3133 2963 3183 cor,
2991 3117 3044 3172 in
3080 3134 3187 3190 quo
3218 3126 3301 3173 est
3374 3118 3628 3174 audacia.
3685 3119 3757 3173 Hi

2152 3211 2416 3268 audacter
2446 3213 2648 3269 debent
2683 3214 2986 3271 defendere
3008 3216 3279 3272 ministros
3300 3216 3586 3272 Ecclesia.
3618 3217 3760 3272 Dor-

2153 3315 2271 3353 sum
2305 3302 2561 3374 congruit
2589 3304 2847 3359 oneribus
2889 3306 3189 3375 portandis,
3224 3306 3449 3361 brachia
3475 3305 3755 3372 lavandis,

2154 3403 2344 3444 manus
2376 3393 2800 3448 contrectandis.
2824 3394 2887 3447 Hi
2927 3395 3127 3450 debent
3155 3403 3395 3465 portare,
3432 3395 3753 3462 sustollere,

2153 3493 2496 3543 contrectare
2525 3489 2818 3562 diligenter
2863 3491 3237 3547 ecclesiastica
3265 3508 3457 3547 onera.
3496 3493 3604 3548 Sed
3635 3493 3756 3548 haec

2153 3577 2339 3630 omnia
2395 3593 2657 3632 conversa
2697 3588 2846 3634 sunt.
2913 3580 3088 3648 Quam
3128 3581 3328 3651 iniquae
3385 3597 3579 3636 manus
3630 3597 3754 3652 quae

2154 3665 2407 3735 proprios
2435 3667 2717 3722 tenebrant
2749 3676 2802 3722 et
2831 3677 3028 3724 eruunt
3057 3669 3264 3736 oculos,
3325 3686 3459 3741 quos
3490 3671 3756 3725 deberent

2153 3753 2490 3827 abstergere,
2522 3757 2876 3813 obstruncant
2905 3774 3067 3812 nares
3098 3775 3234 3829 quos
3255 3759 3526 3816 deberent
3552 3776 3753 3815 emun-

2156 3867 2310 3923 gere,
2345 3857 2624 3922 amputant
2654 3870 2817 3910 aures
2849 3872 2983 3927 quas
3011 3855 3276 3910 deberent
3307 3873 3562 3927 purgare,
3593 3859 3752 3913 clau-

2157 3947 2290 4003 dunt
2321 3965 2381 4004 os
2429 3951 2518 4006 cui
2561 3951 2823 4008 deberent
2879 3953 3224 4009 ministrare!
3280 3955 3406 4009 Haec
3437 3963 3620 4009 autem
3672 3963 3754 4010 est

2157 4037 2266 4090 vita
2298 4038 2642 4103 clericorum,
2674 4042 2764 4113 qui
2796 4041 3011 4114 litigant
3039 4042 3092 4096 in
3151 4042 3435 4105 conviviis,
3469 4058 3535 4098 ac
3562 4043 3753 4100 disce-

2157 4135 2428 4204 ptationes
2458 4138 2658 4192 habent
2690 4138 2942 4192 intruﬁs.
2991 4141 3194 4194 Venter
3249 4148 3448 4207 autem,
3505 4141 3599 4212 qui
3657 4157 3753 4212 pro

2155 4222 2470 4281 inﬁrmitate
2502 4243 2600 4281 sua
2636 4227 2745 4282 vile
2803 4228 3052 4294 habetur,
3113 4236 3165 4283 et
3211 4236 3293 4282 est
3349 4230 3752 4300 receptalucum

2157 4319 2360 4367 tantum
2385 4315 2650 4381 ciborum,
2687 4324 2738 4370 et
2795 4316 3139 4370 nutritorium
3182 4318 3448 4386 corporis,
3498 4318 3754 4390 decoquit

2157 4401 2328 4468 cibos,
2364 4404 2595 4474 porrigit
2621 4405 2818 4460 vitales
2843 4422 3037 4460 succos
3059 4406 3430 4476 superioribus
3452 4414 3503 4461 et
3531 4407 3754 4464 inferio-

2159 4501 2306 4554 ribus
2363 4504 2637 4558 membris.
2699 4506 2832 4560 Sunt
2886 4505 3139 4562 monacbi
3198 4513 3250 4560 et
3297 4507 3556 4574 eremilm,
3616 4523 3754 4579 quos

2153 4599 2388 4655 mundus
2432 4601 2678 4672 despicit,
2717 4611 2768 4658 et
2815 4618 3027 4668 manus,
3090 4603 3141 4657 id
3202 4611 3286 4658 est
3313 4604 3513 4659 milites
3570 4607 3753 4677 appri-

2153 4705 2331 4752 munt.
2366 4699 2433 4752 Hi
2494 4698 2766 4769 recipiunt
2822 4699 3000 4755 cibum
3033 4699 3288 4770 spiritalis
3339 4699 3650 4757 doctrinae:
3699 4702 3755 4758 bi

2154 4804 2653 4852 sustentamentum
2705 4797 2982 4864 Ecclesiae,
3039 4796 3326 4870 signiﬁcati
3375 4815 3474 4868 per
3531 4801 3754 4871 Moysen

2155 4903 2402 4950 orantem
2434 4895 2489 4948 in
2547 4903 2750 4964 monte,
2797 4912 2897 4966 per
2932 4896 3243 4951 Samuelem
3283 4896 3643 4952 excubantem
3697 4899 3750 4952 in

2156 4985 2376 5054 templo,
2412 5001 2511 5054 per
2543 4985 2716 5039 Elian)
2776 4993 3074 5040 morantem
3105 4986 3160 5038 in
3191 4983 3434 5040 deserto.
3474 4986 3540 5040 Hi
3570 4987 3749 5056 porri-

2155 5083 2288 5146 gunt
2335 5073 2612 5145 spiritales
2663 5089 2860 5130 succos
2889 5074 3260 5145 superioribus
3311 5081 3365 5128 et
3395 5073 3749 5130 inferioribus

2155 5172 2435 5227 membris.
2473 5173 2567 5226 llis
2596 5173 2851 5228 convenit
2881 5173 3026 5244 quod
3057 5173 3260 5227 dicitur
3291 5173 3592 5227 humanum
3625 5189 3751 5244 pau-

2156 5269 2236 5325 cis
2267 5269 2393 5324 vivit
2419 5287 2615 5342 genus,
2651 5269 2775 5342 quia
2807 5270 2910 5324 nisi
2945 5271 2995 5325 hi
3027 5279 3228 5335 essent,
3259 5270 3499 5324 mundus
3530 5270 3748 5340 periret,

2156 5359 2245 5414 vel
2277 5358 2519 5424 fulmine,
2553 5360 2637 5415 vel
2672 5360 2818 5414 hiatu
2877 5367 3056 5415 terrae.
3093 5359 3264 5414 Pedes
3303 5359 3392 5430 qui
3425 5367 3593 5414 totum
3622 5375 3748 5415 cor-

2154 5477 2254 5530 pus
2286 5467 2519 5530 portant,
2553 5469 2675 5514 sunt
2706 5459 2916 5524 rustici,
2951 5459 3020 5514 de
3079 5474 3315 5530 quorum
3344 5458 3534 5513 labore
3563 5459 3751 5513 vivunt

2153 5571 2343 5612 omnes
2372 5557 2635 5628 praedicti.
2697 5557 2808 5611 llos
2837 5569 3048 5621 manus,
3107 5556 3160 5610 id
3189 5564 3272 5610 est
3327 5554 3526 5610 milites
3557 5572 3747 5625 perse-

2155 5655 2400 5718 quuntur
2432 5647 2648 5718 rapina,
2681 5645 2888 5718 gladio,
2919 5645 3198 5710 incendio,
3222 5645 3275 5698 in
3308 5659 3596 5699 carcerem
3629 5645 3746 5698 mit-

2151 5753 2288 5814 tunt,
2345 5745 2702 5819 compedibus
2749 5744 3030 5818 deputant,
3089 5743 3155 5798 ad
3201 5740 3606 5813 redemptiones
3652 5757 3745 5799 co-
