4042 6080
295 272 434 326 1049

1192 267 1775 327 DEFLORATIONES
1814 269 1919 328 SS.
1959 269 2266 327 PATRUM.
2299 300 2367 312 —
2398 269 2524 325 LIB.
2565 269 2636 324 ῐΙ.

3455 263 3592 321 1050

293 399 455 464 gunt.
491 393 622 450 Haec
653 400 737 451 est
768 391 1143 450 concatenatio
1178 391 1463 460 Ecclesiae,
1498 391 1540 447 si
1587 389 1750 463 capiti
1801 406 1900 447 suo
1929 382 1982 443 A
2011 391 2322 447 necessaria
2369 399 2604 450 tractant
2653 407 2783 465 pars
2833 392 3082 465 corporis
3129 390 3329 449 Christi
3377 388 3605 447 sinistra

293 482 422 536 velit
460 482 601 538 uniri
617 525 629 537 .

821 600 968 655 Item
1002 599 1067 656 de
1099 600 1346 656 Ecclesia
1361 641 1373 653 .

371 714 624 772 Ecclesia
652 725 836 771 sancta
869 732 1071 786 corpus
1100 715 1299 771 Christi
1329 722 1429 780 est,
1462 731 1570 769 uno
1601 714 1792 785 spiritu
1813 714 1899 767 vi-

299 803 455 859 vifica
486 813 539 860 et
569 805 712 859 unita
746 804 850 860 ﬁde
903 821 1011 860 una
1057 813 1108 859 et
1159 805 1507 860 sanctiﬁcata.
1558 805 1726 872 Hujus
1772 818 1896 858 cor-

293 901 452 972 poris
491 901 738 955 membra
790 901 996 974 singuli
1064 901 1264 972 quique
1325 900 1570 955 ﬁdelium
1631 903 1895 966 existunt,

293 1005 492 1045 omnes
521 1005 722 1060 corpus
752 1007 918 1043 unum
952 999 1181 1060 pr0pter
1214 990 1464 1060 Spiritum
1525 1006 1688 1043 unum
1737 999 1788 1043 et
1831 987 1898 1042 ﬁ-

297 1077 426 1133 dem
461 1094 644 1133 unam.
680 1078 1150 1146 Quemadmodum
1179 1087 1360 1133 autem
1407 1079 1462 1132 in
1511 1094 1744 1149 corpore
1795 1084 1899 1132 hu-

298 1192 466 1231 mano
498 1177 718 1249 singula
749 1193 977 1248 quisque
1003 1177 1246 1232 membra
1289 1176 1509 1247 propria
1554 1191 1618 1232 ac
1663 1176 1901 1231 discreta

295 1264 477 1320 ofﬁcia
514 1266 739 1334 habent,
817 1274 869 1320 et
909 1273 1091 1320 tamen
1144 1265 1569 1336 unumquodque
1632 1280 1742 1319 non
1799 1265 1899 1319 soli

299 1353 404 1407 sibi
440 1355 554 1425 agit
585 1355 729 1426 quod
764 1355 946 1408 solum
981 1355 1114 1423 agit,
1147 1355 1227 1409 sic
1258 1355 1309 1408 in
1342 1370 1575 1424 corpore
1592 1354 1736 1408 dona
1765 1371 1897 1425 gra-

297 1450 490 1505 tiarum
521 1451 805 1506 distributa
842 1459 969 1506 sunt
999 1459 1052 1507 et
1102 1459 1308 1517 tamen,
1359 1451 1740 1523 unusquisque
1789 1467 1898 1506 non

299 1540 403 1594 sibi
435 1540 540 1595 soli
571 1541 733 1595 habet
763 1541 925 1595 etiam
956 1540 1008 1594 in
1039 1541 1182 1611 quod
1215 1540 1364 1595 solus
1393 1540 1577 1595 habet.
1613 1539 1731 1595 Soli
1753 1541 1896 1595 enim

301 1628 441 1684 oculi
471 1629 676 1700 vident,
710 1639 762 1685 et
795 1639 975 1685 tamen
1007 1631 1111 1685 sibi
1142 1630 1484 1685 solummodo
1533 1646 1639 1684 non
1687 1629 1893 1695 vident,

2008 498 2132 543 sunt
2166 506 2178 544 :
2211 490 2397 547 clerici
2430 507 2562 547 vero
2594 492 2850 563 quoniam
2885 508 2945 547 ea
2967 509 3086 562 qua:
3109 490 3178 544 ad
3201 487 3495 560 spiritalem
3529 487 3605 542 vi-

2009 585 2118 633 tam
2167 580 2437 649 pertinent
2485 581 2822 652 dispensant,
2875 580 3033 652 quasi
3077 580 3275 635 dextra
3320 593 3448 648 pars
3479 583 3605 632 sunt

2007 678 2263 747 corporis
2292 677 2513 733 Christi.
2547 680 2613 733 Et
2659 687 2875 735 constat
2907 696 2970 734 ex
3002 678 3086 732 his
3113 677 3325 731 duabus
3357 675 3603 746 partibus

2010 770 2181 819 totum
2212 781 2413 838 corpus
2465 767 2661 822 Christi
2695 787 2707 823 :
2742 769 2887 840 quod
2919 776 3002 821 est
3051 767 3315 821 universa
3345 763 3599 819 ecclesia.

2009 861 2205 918 Laicus
2249 863 2640 933 interpretatur
2683 867 2999 938 papularis.
3056 864 3247 919 Graece
3295 862 3440 916 enim
3486 860 3603 916 laos

2008 959 2170 1015 latine
2189 960 2388 1016 dicitur
2407 963 2663 1033 populus.
2694 965 2848 1020 Unde
2869 971 2922 1018 et
2943 963 3178 1017 basileos
3199 977 3292 1015 rex
3311 959 3526 1024 dicitur,
3551 965 3606 1013 et

2007 1047 2186 1104 dictus
2208 1059 2423 1120 putatur
2447 1051 2601 1122 quasi
2622 1051 2874 1120 hasilaos,
2899 1052 2954 1106 id
2977 1061 3058 1106 est
3077 1052 3603 1106 sustentamentum

2002 1149 2222 1219 populi.
2276 1146 2523 1204 Clericus
2554 1148 2751 1204 dicitur
2779 1165 2810 1203 a
2841 1150 3034 1204 Graeco
3062 1149 3241 1204 eleros
3271 1147 3417 1219 quod
3443 1145 3605 1199 inter-

2007 1245 2276 1308 pretatum
2308 1245 2468 1292 sonat
2496 1242 2724 1305 sortem,
2760 1239 2875 1293 sive
2907 1238 3050 1310 quod
3071 1237 3188 1308 ipse
3219 1244 3366 1292 sorte
3400 1235 3605 1290 electus

2009 1334 2077 1388 sit
2106 1349 2133 1388 a
2172 1335 2306 1394 Deo.
2341 1343 2394 1389 et
2423 1335 2492 1389 ad
2523 1334 2802 1391 servitium
2835 1335 2954 1399 Dei,
2987 1335 3101 1389 sive
3134 1333 3278 1405 quod
3308 1333 3424 1404 ipse
3455 1333 3603 1387 Deus

2007 1447 2128 1487 sors
2157 1431 2302 1486 illius
2332 1432 2418 1499 sit,
2453 1441 2507 1488 et
2536 1433 2679 1505 quod
2710 1433 3012 1504 portionem
3043 1431 3205 1486 aliam
3237 1431 3289 1484 in
3322 1438 3469 1485 terra
3501 1431 3602 1484 ha-

2007 1527 2136 1582 bere
2167 1543 2278 1582 non
2307 1527 2503 1584 debeat
2533 1528 2762 1584 clericus
2783 1528 2887 1583 nisi
2910 1529 3161 1593 Deum,et
3189 1542 3255 1582 ea
3276 1543 3396 1597 quae
3419 1525 3484 1579 ad
3505 1523 3602 1580 Dei

1961 1639 1967 1649 ·
2006 1632 2221 1695 partem
2251 1631 2524 1696 spectant.
2565 1627 2661 1681 Cui
2705 1634 2960 1680 statutum
2993 1633 3075 1680 est
3105 1624 3330 1680 decimis
3362 1630 3417 1679 et
3443 1621 3603 1678 obla-

304 1729 400 1782 sed
434 1729 528 1783 toti
561 1730 797 1800 corpori.
832 1730 972 1785 Solae
1002 1746 1160 1785 aures
1191 1731 1432 1799 audiunt,
1465 1746 1568 1785 nec
1594 1738 1777 1784 tamen
1814 1747 1898 1783 so-
1927 1746 1979 1805 Β
2009 1723 2248 1777 tionibus
2280 1739 2400 1793 quw
2433 1723 2546 1777 Deo
2577 1721 2892 1790 offeruntur,
2929 1721 3248 1776 sustentari.

306 1815 589 1872 lummodo
621 1818 723 1871 sibi
753 1819 994 1884 audiunt,
1027 1819 1121 1874 sed
1154 1819 1247 1873 toti
1279 1819 1515 1890 corpori.
1568 1819 1680 1872 Soli
1729 1817 1897 1889 pedes

303 1906 602 1973 ambulant,
647 1915 698 1962 et
739 1923 847 1962 non
887 1908 988 1961 sibi
1051 1915 1232 1964 tamen
1297 1909 1638 1964 solummodo
1700 1907 1897 1962 ambu-

301 2001 436 2068 lant,
479 2004 574 2058 sed
613 2005 711 2058 toti
752 2005 992 2076 corpori,
1037 2013 1091 2061 et
1130 2006 1200 2061 ad
1243 2007 1384 2062 hunc
1423 2007 1644 2062 modum
1695 2023 1898 2060 unum-

305 2092 562 2162 quodque
620 2094 785 2148 habet
848 2095 1020 2149 solum
1087 2096 1141 2150 in
1209 2112 1315 2163 se,
1382 2111 1495 2151 non
1559 2095 1900 2151 solummodo

302 2181 464 2236 habet
504 2198 602 2252 per
666 2199 726 2238 se
779 2191 1047 2255 quatenus
1094 2185 1391 2240 secundum
1438 2185 1899 2256 dispensationem

302 2278 491 2350 optimi
531 2279 808 2351 largitoris
837 2289 888 2335 et
931 2281 1296 2338 distributoris
1341 2282 1730 2353 sapientissimi
1779 2282 1900 2338 sin-

308 2368 441 2442 gula
462 2368 566 2422 sint
589 2369 829 2424 omnium
853 2378 904 2425 et
924 2371 1106 2425 omnia
1120 2371 1480 2443 singulorum.
1497 2371 1752 2444 Quisquis
1765 2387 1902 2444 ergo

306 2458 515 2512 donum
540 2460 725 2529 gratias
757 2460 852 2514 Dei
884 2460 1168 2530 percipere
1201 2462 1410 2530 meruit,
1444 2461 1579 2516 sciat
1608 2477 1714 2515 non
1746 2462 1816 2516 ad
1843 2477 1902 2516 se

313 2553 492 2608 solum
534 2554 806 2624 pertinere
838 2555 982 2625 quod
1015 2555 1177 2609 habet
1208 2556 1365 2609 etiam
1414 2557 1459 2610 si
1509 2556 1657 2611 solus
1703 2557 1894 2611 habet.

314 2643 442 2698 Haec
481 2645 664 2715 itaque
703 2645 1052 2698 similitudine
1115 2645 1354 2699 Ecclesia
1422 2654 1631 2709 sancta,
1702 2645 1754 2699 id
1822 2653 1905 2699 est

309 2733 642 2788 universitas
673 2732 910 2787 ﬁdelium
943 2749 1144 2803 corpus
1177 2734 1376 2788 Christi
1412 2743 1634 2788 vocatur
1679 2743 1904 2805 propter

305 2829 560 2900 spiritum
593 2830 785 2884 Christi
818 2847 978 2901 quem
1007 2830 1239 2900 accepit.
1275 2831 1439 2898 Cujus
1476 2831 1813 2901 participatio
1848 2833 1901 2886 in

306 2917 532 2973 nomine
565 2919 906 2986 designatur,
948 2920 1170 2991 quando
1214 2935 1244 2973 a
1303 2919 1520 2974 Christo
1570 2919 1903 2975 Christianus

307 3007 636 3078 appellatur.
673 3009 788 3064 Hoc
819 3008 996 3079 itaque
1029 3025 1228 3064 nomen
1262 3008 1444 3080 signat
1472 3008 1716 3063 membra
1745 3009 1901 3063 Chri-

2080 1820 2256 1876 Laicis
2286 1820 2606 1876 Christianis
2633 1819 2888 1875 ﬁdelibus
2917 1829 3135 1876 terrena
3167 1819 3454 1891 possidere
3484 1831 3610 1872 con-

2007 1919 2235 1984 ceditur,
2269 1918 2484 1974 clericis
2519 1935 2648 1975 vero
2680 1918 2983 1989 spiritualia
3012 1927 3218 1972 tantum
3250 1916 3605 1973 committun-

2007 2016 2112 2073 tur,
2146 2007 2604 2079 quemadmodum
2637 2007 2764 2062 olim
2808 2009 2862 2061 in
2893 2007 2985 2061 illo
3026 2006 3228 2077 populo
3259 2005 3443 2078 priore
3490 2020 3605 2061 cae-

2009 2104 2139 2152 teras
2169 2097 2363 2162 turbae,
2397 2112 2519 2168 quas
2541 2105 2726 2168 typum
2773 2095 3039 2151 laicorum
3069 2093 3449 2166 praeferebant,
3482 2109 3607 2163 por-

2009 2195 2186 2251 tiones
2217 2195 2271 2249 in
2317 2194 2639 2250 haereditate
2681 2201 3034 2263 acceperunt,
3077 2191 3196 2248 sola
3237 2191 3410 2244 tribus
3451 2190 3601 2253 Levi,

2011 2301 2134 2355 quae
2174 2283 2405 2340 clericos
2453 2283 2727 2355 ﬁgurabat
2771 2280 3002 2337 decimis
3052 2290 3104 2336 et
3151 2279 3512 2336 oblationibus
3555 2286 3609 2335 et

2010 2369 2406 2429 sacriﬁciorum
2440 2371 2672 2428 victimis
2701 2368 3054 2442 pascebatur.
3087 2368 3315 2424 Gemina
3336 2367 3606 2441 siquidem

2011 2479 2094 2526 est
2124 2470 2385 2527 Ecclesiae
2409 2468 2775 2540 pulchritudo,
2801 2485 2914 2524 una
2925 2483 3084 2540 quam
3105 2467 3191 2522 hic
3208 2467 3348 2522 bene
3369 2464 3608 2522 vivendo

2011 2560 2383 2630 consequitur,
2417 2557 2589 2614 altera
2619 2574 2718 2629 per
2747 2575 2909 2630 quam
2949 2558 3079 2612 illuc
3135 2572 3200 2611 ex
3259 2554 3608 2611 tribulatione

2010 2647 2422 2720 gloriﬁcabitur.
2452 2648 2714 2702 Ecclesiae
2743 2655 2963 2718 propter
2981 2645 3254 2702 Christum
3277 2642 3615 2717 geminaetri-

2013 2746 2320 2800 bulationes
2351 2745 2607 2807 existunt,
2639 2745 2693 2798 id
2725 2749 2810 2799 est
2840 2744 2955 2799 sive
2985 2759 3120 2816 quos
3151 2758 3183 2798 a
3213 2743 3444 2814 paganis
3474 2757 3607 2812 per-

2012 2835 2131 2889 tulit
2170 2834 2225 2888 in
2263 2834 2615 2904 martyribus,
2673 2834 2789 2888 sive
2845 2849 2980 2904 quos
3039 2833 3108 2890 ab
3165 2831 3436 2887 haereticis
3491 2845 3611 2900 per-

2014 2923 2114 2979 fert
2149 2925 2203 2978 in
2254 2924 2446 2979 divisis
2511 2923 3035 2978 concertationibus.
3102 2922 3373 2993 Utrosque
3428 2927 3606 2974 autem

2012 3037 2114 3092 per
2161 3023 2394 3095 gratiam
2421 3021 2520 3077 Dei
2559 3029 2856 3092 exsuperat
2893 3019 3090 3092 partim
3133 3019 3359 3074 terendo
3405 3017 3605 3088 partim

307 3105 374 3161 sti
405 3104 788 3177 participantia
812 3106 1020 3176 spiritui
1045 3107 1261 3171 Christi,
1286 3117 1341 3161 ut
1371 3107 1441 3161 ab
1480 3114 1643 3162 uncto
1691 3107 1759 3161 sit
1806 3124 1902 3162 un-
1933 3111 1983 3174 C
2014 3112 2349 3167 resistendo.
2408 3112 2606 3167 Sancta
2648 3110 2900 3166 Ecclesia
2951 3108 3227 3164 Catholica
3271 3107 3411 3162 sicut
3467 3104 3608 3161 male

307 3203 449 3262 ctus,
482 3195 572 3266 qui
605 3209 633 3248 a
693 3195 911 3250 Christo
967 3196 1161 3251 dicitur
1217 3197 1579 3252 Christianus.
1652 3197 1902 3252 Christus

307 3283 509 3356 quippe
540 3291 733 3338 unctus
764 3283 816 3338 in
851 3293 1096 3355 tempore
1126 3286 1218 3342 illo
1248 3285 1503 3342 videlicet
1531 3286 1652 3341 oleo
1681 3285 1902 3354 laetitia),

304 3382 448 3452 quod
482 3398 594 3452 prae
624 3382 834 3437 caeteris
865 3383 1224 3454 participibus
1254 3384 1368 3438 suis
1396 3385 1700 3440 secundum
1731 3383 1903 3455 pleni-

305 3471 548 3526 tudinem
590 3473 820 3541 accepit,
855 3481 905 3527 et
935 3471 1142 3528 cunctis
1172 3473 1527 3543 participibus
1583 3473 1696 3528 suis
1747 3473 1903 3545 quasi

306 3568 469 3631 caput
499 3560 760 3614 membris
791 3561 1089 3616 secundum
1118 3562 1584 3632 participationem
1613 3562 1904 3617 transfudit

301 3659 477 3730 (Psat.
513 3659 686 3729 XLIV).
727 3659 877 3713 Sicut
906 3669 1236 3730 unguentum
1278 3659 1331 3713 in
1380 3661 1556 3731 capite
1601 3661 1749 3732 quod
1797 3660 1899 3716 de-

301 3748 514 3804 scendit
545 3764 577 3802 a
607 3748 781 3819 capite
812 3750 864 3802 in
897 3748 1144 3814 barbam,
1179 3749 1448 3804 etdeinde
1471 3767 1644 3820 usque
1673 3750 1729 3804 in
1749 3765 1901 3806 oram

305 3838 485 3907 (Psal.
520 3837 750 3909 cxxxu),
778 3839 881 3893 hoc
904 3846 990 3892 est
1024 3837 1414 3893 extremitatem
1454 3839 1759 3894 vestimenti
1806 3840 1900 3894 de-

303 3934 475 4002 ﬂuxit,
508 3943 565 3990 ut
595 3935 664 3990 ad
696 3943 864 3990 totum
911 3936 1191 4002 deﬂueret,
1247 3944 1299 3991 et
1352 3945 1520 3991 totum
1567 3935 1892 3993 viviﬁcaret.

308 4024 541 4092 Quando
607 4024 778 4095 igitur
846 4024 1188 4079 Christianus
1247 4023 1528 4092 efﬁceris,
1598 4025 1901 4081 membrum

305 4112 505 4168 Christi
539 4111 788 4179 etﬁceris,
822 4113 1127 4168 membrum
1160 4114 1412 4185 corporis
1441 4114 1642 4169 Christi
1673 4116 1901 4184 partici-

308 4223 446 4278 pans
476 4208 685 4278 spiritui
715 4209 942 4263 Christi.
977 4209 1117 4278 Quid
1168 4218 1251 4264 est
1297 4226 1432 4281 ergo
1479 4210 1746 4278 Ecclesia,
1795 4210 1898 4264 uisi

303 4297 590 4352 multitudo
624 4297 888 4363 ﬁdelium,
921 4298 1246 4354 universitas
1277 4299 1726 4355 Christianorum.
1759 4300 1898 4355 Uni-

304 4386 537 4444 versitas
566 4387 682 4442 haec
714 4387 853 4442 duos
907 4387 1128 4442 ordines
1173 4388 1573 4457 complectitur,
1630 4387 1797 4443 laicos
1846 4397 1897 4442 et

2010 3200 2257 3256 viventes
2285 3200 2339 3255 in
2372 3217 2431 3257 se
2461 3200 2655 3256 tolerat
2678 3200 2963 3271 patienter,
2995 3199 3066 3252 ita
3120 3196 3261 3252 male
3311 3195 3603 3252 credentes

2006 3313 2040 3352 a
2081 3313 2142 3353 se
2181 3297 2420 3368 repellit.
2499 3299 2692 3353 Sancta
2757 3295 3003 3352 Ecclesia
3065 3301 3257 3351 contra
3321 3292 3610 3366 gentilium

2009 3393 2172 3457 atque
2193 3387 2564 3442 haereticorum
2589 3386 2980 3457 pervicaciam,
3011 3398 3362 3453 summopere
3400 3381 3612 3452 sapien-

2007 3475 2098 3530 tiae
2122 3483 2173 3531 et
2197 3476 2478 3546 patientia:
2501 3475 2702 3531 studet.
2724 3475 2834 3531 Sed
2860 3481 3148 3529 exercetur
3189 3471 3460 3542 sapientia
3479 3486 3602 3526 cum

2006 3579 2246 3629 tentatur
2270 3573 2479 3639 verbis;
2503 3581 2788 3628 exercetur
2816 3571 3076 3642 patientia
3091 3586 3219 3626 cum
3242 3576 3478 3625 tentatur
3497 3567 3610 3639 gla-

2009 3663 2136 3717 diis.
2171 3662 2343 3717 Causa
2374 3662 2654 3732 pravitatis
2688 3661 2959 3717 haeretica:
3007 3658 3268 3716 doctrinis
3316 3664 3613 3730 propagata

2010 3761 2091 3808 est
2121 3751 2397 3807 Ecclesia.
2425 3751 2559 3806 Nam
2609 3759 2768 3806 antea
2821 3749 3057 3821 simplici
3113 3748 3448 3803 tantumdem
3503 3745 3609 3800 ﬁde

2011 3849 2256 3922 vigebat.
2301 3849 2694 3904 Haereticorum
2760 3849 2926 3920 igitur
2983 3848 3272 3904 occasione
3327 3844 3614 3918 propagati

2011 3947 2134 3994 sunt
2165 3939 2422 3993 doctores
2453 3938 2506 3992 in
2543 3935 2650 3993 ﬁde
2679 3943 2736 3992 et
2765 3953 2864 4007 per
2893 3953 3122 3992 acumen
3169 3935 3458 3991 haeresium
3503 3935 3614 3988 Ec-

2009 4027 2194 4084 clesiae
2225 4027 2474 4099 magistri
2504 4034 2812 4081 creverunt.
2842 4026 2983 4079 Nam
3023 4033 3157 4080 tunc
3205 4023 3406 4078 clarius
3442 4020 3614 4076 mani-

2006 4124 2236 4180 festatur
2265 4123 2519 4178 veritatis
2550 4123 2781 4177 assertio
2811 4122 3031 4191 quando
3080 4121 3308 4192 patuerit
3358 4119 3616 4192 quaelibet

2005 4213 2296 4268 dissensio.
2333 4213 2529 4267 Sancta
2562 4211 2808 4266 Ecclesia
2866 4211 2987 4265 ideo
3059 4210 3259 4266 dicitur
3317 4207 3612 4277 Catholica,

2002 4317 2101 4372 pro
2125 4316 2190 4356 eo
2223 4301 2368 4373 quod
2401 4299 2782 4355 universaliter
2809 4316 2910 4369 per
2957 4314 3173 4354 omnem
3226 4298 3294 4352 sit
3339 4297 3605 4352 mundum

2021 4397 2245 4452 diffusa.
2282 4398 2418 4452 Nam
2442 4397 2822 4452 haereticorum
2840 4395 3106 4451 Ecclesiae
3122 4395 3172 4448 in
3196 4393 3444 4465 partibus
3463 4409 3616 4447 mun-

303 4486 556 4550 clericos,
584 4485 738 4557 quasi
762 4485 872 4540 duo
892 4485 1059 4539 latera
1082 4484 1330 4555 corporis
1360 4485 1536 4539 unius.
1559 4485 1728 4553 Quasi
1765 4485 1908 4540 enim
1940 4468 1991 4528 D
2021 4487 2076 4542 di
2109 4490 2504 4551 coarctantur;
2536 4486 2624 4542 hic
2656 4501 2787 4542 vero
2817 4486 2871 4540 in
2928 4493 3038 4540 toto
3096 4483 3228 4540 orbe
3291 4481 3615 4553 expanditur

301 4575 371 4630 ad
401 4575 683 4630 sinistram
715 4583 841 4628 sunt
873 4573 996 4630 laici
1019 4573 1108 4646 qui
1131 4574 1251 4628 vitae
1272 4573 1560 4643 praesentis
1579 4574 1908 4629 necessitate

307 4663 568 4720 serviunt.
601 4665 726 4719 Non
759 4664 830 4717 ita
863 4663 990 4719 dico
1021 4663 1091 4718 ad
1121 4663 1397 4718 sinistram
1448 4664 1906 4733 quemadmodum

303 4761 378 4817 illi
405 4762 473 4816 ad
503 4761 778 4816 sinistram
811 4769 1134 4827 statuenlur,
1199 4762 1395 4832 quibus
1441 4761 1660 4816 dicetur
1693 4779 1706 4815 :
1746 4785 1766 4809 α
1804 4764 1903 4829 Ite,

302 4850 599 4916 maledicti,
643 4851 698 4905 in
727 4850 912 4923 ignem
944 4859 1208 4905 aeternum
1241 4851 1461 4917 (Matth.
1496 4852 1656 4918 xxv).
1690 4871 1710 4898 η
1750 4850 1909 4904 Absit

303 4955 336 4996 a
367 4956 454 4994 me
485 4948 541 4994 ut
575 4940 750 4996 bonos
779 4939 952 4996 laicos
982 4939 1055 4993 ibi
1103 4947 1344 4994 statuere
1372 4954 1698 5009 praesumam
1724 4938 1735 4992 l
1767 4939 1906 4993 Nam

304 5041 396 5112 qui
428 5040 552 5096 boni
586 5047 764 5106 erunt,
797 5040 912 5095 sive
942 5040 1063 5095 laici
1096 5040 1210 5095 sive
1240 5039 1449 5103 clerici,
1481 5037 1557 5092 ibi
1585 5053 1692 5095 non
1725 5046 1903 5109 erunt,

304 5137 359 5184 et
387 5129 478 5201 qui
510 5129 635 5184 mali
670 5143 846 5195 erunt,
881 5130 996 5184 sive
1027 5129 1152 5184 laici
1185 5130 1301 5184 sive
1344 5127 1552 5192 clerici,
1609 5127 1682 5181 ibi
1731 5136 1906 5184 erunt.

304 5220 428 5273 Non
459 5235 594 5291 ergo
623 5218 690 5272 ad
723 5218 870 5272 illam
902 5219 1181 5272 sinistram
1214 5217 1386 5273 laicos
1417 5217 1779 5281 Christianos,
1815 5216 1906 5288 qui

306 5324 436 5364 vere
468 5307 760 5361 Christiani
818 5315 964 5371 sunt,
1018 5307 1306 5372 constituo,
1351 5306 1448 5360 sed
1488 5307 1553 5359 ad
1585 5305 1731 5359 illam
1773 5305 1908 5360 sini-

309 5413 480 5458 stram
512 5405 580 5459 de
613 5420 718 5474 qua
749 5404 948 5460 dicitur
975 5422 989 5458 :
1020 5427 1041 5454 «
1070 5407 1127 5457 in
1158 5405 1349 5458 dextra
1381 5406 1498 5471 ejus
1530 5403 1910 5474 longanimitas

306 5494 437 5548 vitae
470 5513 483 5558 ;
517 5494 571 5547 in
603 5494 832 5548 sinistra
852 5503 1032 5549 autem
1065 5494 1183 5562 ejus
1214 5493 1415 5548 divitiae
1447 5502 1499 5548 et
1529 5493 1701 5565 gloria
1725 5495 1906 5556 (Prov.

306 5585 408 5650 ut).
437 5605 458 5630 »
496 5582 596 5650 Qui
628 5583 768 5637 enim
803 5583 871 5637 ad
903 5583 1175 5638 sinistram
1209 5583 1260 5636 in
1294 5597 1529 5654 corpore
1559 5592 1659 5646 est,
1695 5583 1763 5636 de
1794 5597 1912 5638 cor-

308 5695 444 5746 pore
476 5687 578 5743 est,
611 5686 663 5733 et
696 5679 897 5734 bonum
957 5684 1060 5747 est,
1093 5679 1344 5751 quamvis
1374 5679 1636 5749 Optimum
1668 5695 1776 5734 non
1807 5680 1899 5734 sit.

308 5767 454 5827 Laici
485 5783 616 5840 ergo
647 5768 959 5836 Christiani,
1025 5784 1133 5840 qua
1165 5775 1380 5826 terrena
1407 5773 1464 5824 et
1520 5777 1753 5825 terrenae
1781 5769 1907 5824 vitae

2017 4575 2239 4632 diffusa.
2283 4577 2533 4632 Haereses
2563 4585 2655 4631 aut
2684 4574 2738 4629 in
2782 4574 2966 4646 aliquo
3017 4572 3222 4645 angulo
3279 4571 3465 4626 mundi
3521 4578 3615 4626 aut

2017 4674 2071 4728 in
2103 4691 2214 4729 una
2244 4684 2408 4745 gente
2438 4675 2782 4729 inveniuntur
2806 4672 3031 4739 versari,
3063 4669 3317 4726 Ecclesia
3346 4684 3474 4724 vero
3503 4669 3612 4723 Ca-

2016 4763 2236 4831 tholica,
2269 4765 2409 4819 sicut
2435 4779 2537 4834 per
2566 4771 2731 4817 totum
2765 4762 3028 4816 mundum
3063 4758 3388 4824 extenditur,
3431 4757 3508 4810 ita
3563 4763 3616 4810 et

2016 4853 2265 4907 omnium
2296 4853 2538 4924 gentium
2599 4851 2860 4906 societate
2916 4849 3277 4905 construitur.
3333 4845 3437 4915 Qui
3492 4851 3614 4899 sunt

2016 4950 2284 5016 htm‘etici,
2316 4951 2418 5004 nisi
2453 4950 2564 5020 qui,
2593 4948 2784 5004 relicta
2804 4948 2905 5003 Dei
2925 4946 3190 5010 Ecclesia,
3218 4944 3454 5016 privatas
3495 4941 3613 4998 ele-

2016 5047 2215 5110 gerunt
2244 5039 2551 5094 societates.
2580 5039 2661 5093 De
2692 5037 2890 5108 quibus
2919 5037 3186 5091 Dominus
3214 5033 3346 5089 dicit
3377 5048 3390 5087 :
3428 5055 3450 5081 «
3491 5032 3610 5087 Duo

2017 5127 2158 5182 mala
2190 5127 2318 5182 fecit
2344 5127 2577 5198 pepulus
2609 5143 2763 5182 meus
2807 5141 2820 5181 :
2853 5127 2936 5181 Me
2967 5125 3374 5196 dereliquerunt
3406 5121 3611 5177 fontem

2017 5231 2174 5288 aquae
2201 5216 2363 5281 vivae,
2395 5225 2449 5270 et
2481 5215 2728 5272 foderunt
2755 5215 2858 5270 sibi
2890 5215 3160 5270 cisternas
3177 5228 3300 5284 quae
3331 5210 3611 5267 continere

2017 5329 2126 5369 non
2159 5313 2340 5370 valent
2370 5329 2537 5384 aquas
2567 5315 2703 5384 (λεν.
2739 5313 2866 5380 11).»
2902 5312 3074 5367 Causa
3105 5309 3332 5366 haeresis
3351 5309 3421 5363 ob
3443 5323 3611 5380 quam

2018 5419 2132 5457 rem
2163 5403 2241 5466 ﬁt,
2274 5403 2339 5456 ad
2369 5403 2808 5459 exercitationem
2841 5400 2986 5456 ﬁdei.
3023 5399 3115 5455 Vis
3158 5414 3291 5472 ergo
3321 5414 3418 5469 per
3445 5413 3610 5470 quam

2019 5491 2096 5556 ﬁt,
2132 5493 2435 5548 obscuritas
2465 5499 2547 5546 est
2572 5491 2876 5546 divinarum
2927 5489 3353 5560 Scripturarum,
3401 5487 3455 5540 in
3505 5501 3612 5557 qua

2018 5590 2314 5663 caligantes
2343 5589 2610 5654 haeretici,
2641 5589 2787 5644 aliud
2819 5603 2981 5660 quam
3014 5602 3073 5642 se
3104 5602 3195 5641 res
3226 5585 3392 5639 habet
3417 5580 3612 5636 intelli-

2017 5688 2170 5752 gunt.
2205 5681 2324 5735 Nec
2353 5694 2477 5734 esse
2508 5686 2737 5749 possunt
2765 5679 3026 5742 haereses,
3080 5675 3203 5746 quia
3246 5674 3422 5744 ipsum
3465 5667 3610 5740 quod

2017 5769 2249 5826 existunt
2281 5769 2535 5841 haereses,
2581 5767 2698 5838 jam
2738 5783 2846 5824 non
2891 5773 3043 5823 sunt.
3096 5763 3236 5820 Male
3283 5759 3428 5818 enim
3473 5772 3605 5813 sen—
