3986 6070
401 227 535 281 1051
589 255 592 262 λ

1489 222 1840 279 WERNERI
1906 219 2196 277 ABBATIS
2235 219 2292 274 S.
2347 218 2600 274 BLASII.

3573 214 3732 268 1052

393 349 575 407 tiendo
603 349 890 406 essentiam
921 364 1030 407 non
1063 347 1345 420 acquirunt
1376 363 1390 418 ;
1441 348 1511 404 ad
1564 349 1791 405 nihilum
1847 347 1992 404 enim
2023 349 2076 409 Α
2107 346 2234 402 dare
2264 343 2508 401 subditos
2535 349 2804 415 poterant,
2827 341 2951 397 inde
3000 340 3180 412 potius
3223 340 3531 399 vulnerant.
3585 336 3731 393 Ideo

394 439 618 494 tendunt
648 438 906 506 haeretici,
937 438 1143 511 ingenti
1185 438 1361 493 studio
1413 438 1691 494 mendacia
1749 453 1845 491 sua
1905 437 1994 491 di-

394 536 563 596 scunt,
587 536 640 582 et
667 529 856 584 labore
882 529 1213 594 vehementi,
1242 546 1309 584 ne
1340 530 1408 583 ad
1437 529 1696 582 unitatem
1743 525 1996 581 Ecclesiae

399 618 634 682 veniant,
669 617 959 673 decertant.
993 619 1072 672 De
1103 619 1300 688 quibus
1341 635 1438 690 per
1490 619 1809 688 pr0phctam
1861 631 1997 670 con-

404 732 537 788 grue
563 716 757 770 dicitur
788 735 800 770 :
830 739 851 763 σι
886 718 1196 772 Docuerunt
1216 718 1455 788 linguam
1477 733 1627 771 suam
1654 714 1799 784 loqui
1821 730 1999 769 mem-

405 805 639 870 dacium,
674 814 726 859 et
747 814 802 860 ut
822 806 1001 876 inique
1022 807 1643 879 agercntlaboraverunt
1669 807 1803 871 (Jer.
1836 803 1934 867 ιχ),
1973 825 1995 850 ιν

407 895 535 949 dum
585 894 818 950 vicissim
875 897 1110 951 hwretici
1145 913 1202 952 se
1255 903 1440 951 mutuo
1497 896 1732 949 lacerant
1788 892 2001 963 quando

403 983 714 1039 alterutrum
765 1002 882 1041 sese
934 985 988 1040 in
1045 986 1289 1056 proprias
1336 993 1508 1039 sectas
1570 983 1849 1038 inducunt.
1916 981 2004 1036 Sic

407 1088 584 1137 tamen
615 1082 845 1138 invicem
868 1083 1128 1139 collidunt
1157 1101 1293 1148 sese,
1341 1091 1398 1137 ut
1453 1089 1639 1138 contra
1705 1079 2004 1136 Ecclesium

412 1171 528 1243 pari
559 1174 754 1228 erroris
784 1174 972 1242 spiritu
1002 1173 1294 1239 decertent,
1349 1180 1401 1226 et
1456 1171 1545 1241 qui
1602 1170 1832 1225 invicem
1886 1174 2010 1222 sunt

410 1259 567 1315 divisi
626 1263 679 1316 in
761 1261 1136 1317 adversitatem
1211 1261 1484 1327 Ecclesiae,
1550 1259 1708 1314 simul
1778 1258 2008 1312 existant

407 1349 562 1404 uniti.
598 1350 688 1405 Eis
719 1358 895 1406 autem
930 1351 1262 1422 quibus,pro
1285 1366 1350 1405 eo
1372 1349 1513 1420 quod
1556 1356 1758 1403 tantum
1795 1346 2009 1404 valeant

406 1445 654 1515 haereses,
686 1449 934 1504 videntur
964 1449 1162 1504 habere
1193 1450 1493 1515 veritatem,
1528 1450 1632 1504 hoc
1662 1445 2007 1517 responden-

409 1535 535 1590 dum
569 1544 649 1592 est
679 1557 695 1590 :
723 1539 866 1592 Num
895 1538 1018 1595 ideo
1048 1538 1202 1594 saluti
1249 1539 1597 1612 praeponendi
1627 1544 1749 1592 sunt
1800 1532 2002 1600 morbi,

411 1626 535 1695 quia
566 1627 882 1698 plerumque
911 1629 984 1683 ita
1021 1629 1342 1701 generaliter
1396 1627 1655 1684 mundum
1711 1630 1994 1696 occupant,

411 1723 468 1769 ut
495 1732 722 1786 parvum
753 1717 928 1773 locum
961 1719 1117 1774 saluti
1147 1719 1451 1788 relinquant
1480 1719 1508 1772 ‘?

418 1843 494 1898 Dc
512 1843 915 1901 ecclesiasticis
945 1844 1284 1909 doctoribus,
1318 1845 1383 1900 de
1406 1843 1667 1901 doctrina
1714 1846 1770 1898 et
1814 1856 2008 1900 eorum

1051 1945 1351 2015 exemplis.

488 2068 895 2126 Ecclesiasticus
949 2069 1137 2125 doctor
1189 2077 1298 2124 tam
1355 2069 1597 2124 doctrina
1669 2085 1831 2140 quam
1902 2067 2012 2124 vita

419 2159 622 2216 clarere
653 2159 836 2214 debet.
869 2161 1007 2214 Nam
1052 2158 1295 2214 doctrina
1347 2159 1460 2213 sine
1516 2159 1626 2214 vita
1671 2165 2010 2230 arrogantem

419 2248 597 2304 reddit
627 2267 640 2312 ;
676 2249 783 2303 vita
812 2248 928 2302 sine
955 2248 1196 2303 doctrina
1225 2248 1466 2302 inutilem
1515 2247 1659 2303 facit.
1709 2246 2014 2302 Sacerdotis

422 2337 741 2410 pmdicatio
765 2337 1020 2409 operibus
1055 2335 1422 2392 conﬁrmanda
1477 2343 1571 2406 est,
1633 2337 1706 2391 ita
1758 2343 1816 2390 ut
1868 2335 2012 2406 quod

419 2435 578 2490 docet
611 2435 798 2502 verbo,
853 2435 1144 2490 instruatur
1197 2435 1474 2504 exemplo.
1541 2436 1679 2490 Vera
1733 2441 1813 2488 est
1867 2433 2009 2488 enim

421 2523 513 2580 illa
535 2523 795 2589 doctrina,
829 2541 991 2595 quam
1046 2524 1264 2580 vivendi
1317 2525 1556 2595 sequitur
1608 2525 1807 2580 forma.
1871 2523 2010 2578 Nam

423 2614 556 2669 nihil
587 2614 792 2685 turpius
837 2622 917 2669 est
972 2631 1132 2684 quam
1187 2614 1231 2670 si
1278 2614 1482 2670 bonum
1533 2614 1676 2686 quod
1728 2613 2011 2684 quisquam

421 2704 678 2776 praedicat
724 2705 942 2776 explere
980 2719 1143 2777 opere
1187 2704 1436 2776 negligit.
1488 2705 1636 2759 Tunc
1699 2703 2010 2773 praedicatio

423 2804 620 2860 utiliter
673 2803 944 2875 profertur
974 2844 988 2869 ,
1039 2803 1254 2873 quando
1309 2801 1596 2858 efﬁcaciter
1654 2802 2001 2873 adimpletur.

422 2893 798 2964 Unusquisque
851 2893 1040 2948 doctor
1093 2899 1146 2948 et
1201 2893 1358 2948 bonae
1413 2891 1656 2958 actionis,
1733 2897 1786 2946 et
1852 2891 2011 2946 bonae

424 2982 820 3056 praedicationis
848 2982 1048 3038 habere
1089 2980 1250 3037 debet
1294 2981 1548 3035 studium.
1597 2981 1734 3036 Nam
1784 2980 2009 3034 alterum

420 3073 537 3130 sine
564 3074 732 3130 altero
763 3088 871 3128 non
901 3071 1365 3141 facitperfectum,
1397 3071 1491 3127 sed
1538 3071 1807 3142 praecedet
1836 3070 2012 3140 justus
2039 3085 2088 3148 ρ

421 3169 560 3225 bene
587 3185 768 3242 agere,
800 3177 856 3224 ut
884 3177 1169 3239 sequenter
1199 3168 1366 3240 possit
1412 3168 1550 3224 bene
1592 3170 1804 3223 docere.
1866 3168 2016 3223 Sicut

422 3258 477 3314 in
507 3258 827 3314 numismate
853 3259 1150 3324 metallum,
1185 3271 1239 3312 et
1267 3257 1476 3329 pondus
1523 3265 1575 3312 et
1616 3257 1787 3330 ﬁgura
1832 3256 2018 3326 inqui-

426 3347 577 3415 ritur,
611 3348 684 3402 ita
715 3347 769 3401 in
801 3347 947 3403 omni
979 3346 1199 3404 doctore
1243 3347 1600 3401 ecclesiastico
1649 3347 1776 3416 quid
1818 3363 2020 3416 sequa—

430 3445 530 3502 tur,
553 3436 682 3506 quid
699 3436 910 3502 doceat,
935 3435 1209 3506 quomodo
1230 3436 1394 3490 vivat.
1422 3437 1520 3490 Per
1541 3436 1848 3506 qualitatem
1906 3435 2017 3507 igi-

430 3543 512 3590 tur
539 3535 742 3590 metalli
771 3535 1034 3599 doctrina,
1065 3551 1162 3604 per
1189 3535 1416 3607 ﬁguram
1445 3535 1738 3590 similitudo
1785 3543 2016 3606 patrum,

424 3639 523 3696 per
551 3623 759 3695 pondus
779 3623 1054 3678 humilitas
1084 3623 1425 3695 designatur.
1463 3623 1566 3691 Qui
1625 3639 1754 3678 vero
1810 3623 1878 3677 ab
1937 3623 2020 3677 his

425 3713 595 3768 tribus
622 3712 1023 3782 discrepaverit,
1047 3727 1155 3767 non
1185 3712 1485 3778 metallum,
1517 3711 1614 3766 sed
1646 3719 1783 3767 terra
1815 3711 1937 3767 erit.

497 3818 768 3875 Interdum
843 3819 1076 3875 doctoris
1151 3819 1283 3874 vitio
1356 3834 1520 3873 verax
1590 3819 1709 3888 ipsa
1779 3817 2021 3874 doctrina

427 3910 654 3977 vilescit,
707 3916 760 3965 et
813 3909 903 3980 qui
961 3925 1067 3964 non
1123 3908 1256 3964 vivit
1309 3907 1446 3962 sicut
1504 3907 1704 3974 docet,
1767 3907 2022 3979 praedicat

427 4000 706 4055 veritatem
737 3998 1196 4068 contemptibilem
1231 3997 1382 4053 facit.
1420 3999 1588 4051 Arcus
1613 4013 1896 4067 perversus
1944 4004 2023 4050 est

426 4089 612 4161 lingua
642 4089 1024 4161 magistrorum
1075 4086 1390 4143 docentium
1421 4086 1558 4141 bene
1617 4093 1668 4140 et
1725 4085 2020 4141 viventium

432 4187 592 4254 male,
627 4195 679 4241 et
707 4185 828 4240 ideo
851 4185 999 4256 quasi
1029 4202 1095 4241 ex
1125 4201 1376 4256 perverso
1427 4200 1554 4239 arcu
1597 4183 1820 4256 sagittas
1859 4183 2022 4238 emit-

435 4282 566 4342 tunt,
599 4275 729 4329 dum
755 4291 905 4329 suam
939 4290 1160 4346 pravam
1189 4273 1353 4330 vitam
1387 4289 1614 4346 prapere
1642 4274 1840 4345 lingua
1896 4288 2022 4327 arcu

431 4363 767 4419 confodiunt.
801 4362 906 4432 Qui
933 4363 1072 4418 bene
1102 4364 1276 4430 docet,
1311 4371 1364 4418 et
1389 4365 1529 4418 male
1558 4363 1710 4429 vivit,
1744 4362 1887 4432 quod
1932 4361 2022 4416 di-

2102 443 2215 499 sine
2246 459 2497 498 mensura
2546 441 2820 497 ulciscitur
2873 441 3057 513 culpas
3112 439 3432 512 praepositus
3489 439 3733 494 iracun-

2104 533 2222 599 dus,
2252 533 2378 602 quia
2406 547 2500 586 cor
2528 530 2646 599 ejus
2703 529 3004 601 dispersum
3060 530 3116 584 in
3171 544 3352 583 rerum
3405 527 3550 582 curis
3611 540 3732 579 non

2106 621 2377 694 colligitur
2397 621 2450 675 in
2479 635 2720 675 amorem
2752 619 2910 672 unius
2951 618 3182 673 deitatis.
3231 619 3384 672 Mens
3430 617 3581 670 enim
3640 629 3735 667 so—

2107 721 2216 776 luta
2260 719 2314 774 in
2371 718 2598 774 diversis
2647 733 2755 772 non
2811 716 3121 788 astringitur
3172 722 3364 770 catena
3417 711 3733 776 charitatis,

2107 809 2202 865 sed
2234 808 2375 863 male
2407 808 2584 862 laxata
2609 807 2750 860 male
2781 806 2848 860 ad
2879 822 3095 861 omnem
3127 804 3465 859 occasionem
3514 816 3735 855 move-

2110 905 2211 952 tur.
2244 899 2424 952 Bonus
2451 904 2626 951 rector
2657 904 2737 950 est
2764 895 2853 965 qui
2904 895 2958 948 in
3001 893 3300 949 humilitate
3347 891 3731 961 disciplinam,

2111 1003 2163 1051 et
2182 1011 2280 1064 per
2327 993 2671 1063 disciplinam
2721 1008 2829 1047 non
2888 991 3110 1046 incurrit
3164 990 3504 1061 superbiam.
3571 985 3730 1041 Elati

2112 1092 2290 1139 autem
2323 1091 2564 1154 pastores
2595 1082 2781 1153 plebes
2811 1080 3083 1151 tyrannica
3130 1086 3402 1149 premunt,
3458 1093 3571 1132 non
3626 1092 3731 1129 re-

2113 1181 2250 1246 gunt
2273 1172 2398 1242 quia
2429 1187 2538 1225 non
2591 1171 2690 1225 Dei
2747 1170 2843 1224 sed
2899 1186 3049 1224 suam
3107 1168 3339 1240 gloriam
3399 1183 3433 1221 a
3487 1164 3733 1221 subditis

2117 1269 2364 1343 exigunt.
2390 1268 2538 1324 Multi
2560 1275 2684 1322 sunt
2710 1267 2801 1338 qui
2855 1267 3023 1324 verbo
3076 1265 3333 1322 doctrinae
3379 1279 3491 1319 non
3541 1261 3736 1318 humi-

2115 1360 2193 1414 les
2221 1357 2315 1412 sed
2350 1365 2667 1430 arrogantes
2697 1357 2950 1420 existunt,
2981 1356 3178 1426 quique
3224 1354 3342 1426 ipsa
3393 1360 3539 1408 recta
3599 1366 3733 1422 qua

2115 1447 2430 1519 praedicant,
2461 1463 2568 1502 non
2598 1445 2772 1500 studio
2796 1444 3160 1512 correctionis,
3212 1442 3308 1498 sed
3352 1441 3485 1499 vitio
3532 1439 3735 1494 elatio-

2117 1546 2200 1599 nis
2229 1543 2565 1599 annuntiant.
2591 1542 2743 1597 Multi
2769 1549 2892 1596 sunt
2922 1541 3011 1611 qui
3042 1556 3150 1596 non
3181 1555 3247 1595 ex
3285 1537 3532 1594 consultu
3577 1535 3734 1591 aedi-

2123 1632 2338 1700 ﬁcandi,
2373 1632 2467 1688 sed
2496 1648 2564 1686 ex
2596 1639 2805 1687 tumore
2831 1628 3178 1701 Superbiendi
3223 1627 3460 1683 dot-ent:
3518 1641 3622 1681 nec
3670 1631 3738 1678 ut

2032 1731 2086 1792 Β
2117 1723 2321 1796 prosint
2349 1721 2619 1792 sapientes
2649 1727 2790 1789 sunt,
2848 1719 2943 1774 sed
2999 1725 3056 1773 ut
3111 1717 3382 1788 sapientes
3438 1715 3740 1769 videantur

2115 1819 2308 1876 docere
2338 1819 2576 1874 student.
2630 1817 2929 1873 JEstimatio
2979 1832 3147 1887 prava
3203 1812 3573 1886 arrogantium
3629 1827 3732 1866 sa-

2117 1909 2392 1964 cerdotum
2425 1925 2522 1980 per
2551 1925 2713 1979 quam
2757 1907 3033 1961 imitantur
3071 1913 3284 1960 sanctos
3320 1903 3503 1975 rigore
3551 1900 3733 1955 disci-

2119 1999 2300 2071 plinae,
2343 2004 2395 2052 et
2417 1997 2570 2068 sequi
2601 1996 2884 2069 negligunt
2922 1994 3196 2050 charitatis
3237 1991 3599 2058 affectionem,
3651 1987 3736 2045 vi-

2119 2097 2234 2152 deri
2263 2104 2525 2169 appetunt
2553 2095 2714 2168 rigidi
2745 2093 3050 2160 severitate,
3110 2100 3164 2147 et
3219 2091 3451 2146 formam
3509 2088 3732 2144 humili-

2121 2187 2241 2242 tatis
2272 2191 2599 2257 praesentare
2630 2190 2922 2253 nequeunt,
2963 2190 3020 2236 ut
3048 2181 3225 2254 magis
3254 2179 3520 2234 terribiles
3561 2193 3734 2248 quam

2119 2276 2279 2330 mites
2307 2275 2609 2330 videantur.
2643 2271 2872 2342 Superbi
2922 2271 3170 2326 doctores
3214 2269 3497 2325 vulnerare
3545 2267 3736 2338 potius

2120 2389 2282 2444 quam
2331 2371 2622 2427 emendare
2669 2377 2883 2438 norunt,
2945 2368 3238 2424 Salomone
3283 2371 3588 2432 attestante,
3635 2360 3734 2434 qui

2120 2463 2194 2517 ait
2218 2481 2229 2518 :
2269 2485 2291 2511 «
2326 2463 2387 2516 In
2416 2477 2511 2516 ore
2539 2459 2684 2514 stulti
2713 2459 2869 2531 virga
2887 2457 3155 2528 superbiae
3174 2458 3359 2525 (Prov.
3393 2456 3530 2523 xw),
3550 2477 3573 2500 -
3597 2453 3734 2523 quia

2117 2550 2446 2620 increpando
2476 2548 2649 2622 rigide
2679 2547 2897 2614 feriunt,
2931 2554 2983 2601 et
3028 2545 3264 2616 compati
3311 2542 3586 2599 humiliter
3632 2557 3734 2596 ne-

2117 2649 2310 2704 sciunt.
2345 2649 2485 2703 Bene
2541 2645 2702 2702 alieni
2760 2643 2966 2717 peccati
3023 2642 3262 2698 curanda
3313 2640 3445 2696 vitia
3499 2638 3734 2710 suscipit

2120 2739 2208 2810 qui
2231 2741 2334 2794 hoc
2364 2755 2432 2792 cx
2458 2736 2636 2792 cordis
2689 2734 2976 2790 dilectione
3040 2739 3095 2788 et
3150 2731 3340 2787 humili
3395 2727 3736 2785 conscientia

2120 2828 2266 2883 facit.
2301 2825 2678 2900 Caeterumqui
2703 2824 3103 2894 delinquentem
3133 2819 3366 2890 superbo
3403 2818 3491 2874 vel
3535 2816 3734 2873 odioso

2119 2927 2300 2982 animo
2360 2924 2598 2995 corripit,
2632 2938 2740 2978 non
2797 2921 3068 2991 emendat,
3115 2918 3208 2974 sed
3261 2916 3506 2988 percutit.
3559 2913 3737 2984 Quid-

2121 3014 2246 3085 quid
2277 3014 2419 3068 enim
2452 3021 2731 3084 protervus
2759 3011 2845 3066 vel
2895 3009 3204 3081 indignatus
3230 3006 3442 3061 animus
3488 3003 3736 3075 protule-

2119 3105 2187 3160 rit
2215 3105 2364 3159 furor
2382 3111 2461 3158 est
2488 3100 2876 3174 objurgantis;
2935 3115 3048 3154 non
3104 3096 3321 3152 dilectio
3379 3093 3730 3168 corrigentis.

2808 3248 3035 3289 DIVISIO.

2195 3363 2318 3418 Non
2349 3360 2603 3416 omnibus
2623 3373 2730 3414 una
2779 3357 3076 3427 eademque
3123 3354 3367 3412 doctrina
3422 3359 3501 3409 est
3558 3350 3727 3407 adhi-

2125 3451 2324 3518 benda,
2355 3451 2449 3504 sed
2485 3465 2582 3519 pro
2613 3448 2868 3519 qualitate
2897 3463 3110 3502 morum
3159 3445 3372 3499 diversa
3423 3440 3732 3497 exhortatio

2126 3542 2225 3598 erit
2252 3540 2535 3596 dictorum.
2558 3539 2697 3592 Nam
2721 3537 2982 3608 quosdam
3004 3534 3299 3606 increpatio
3347 3533 3502 3596 dura,
3556 3545 3724 3600 quos-

2125 3639 2250 3693 dam
2280 3652 2410 3693 vcro
2440 3637 2742 3692 exhortatio
2798 3633 2998 3689 blanda
3051 3630 3298 3704 corrigit.
3367 3629 3515 3685 Sicut
3570 3625 3731 3700 periti

2125 3726 2320 3782 medici
2351 3725 2418 3781 ad
2450 3726 2628 3780 varios
2657 3724 2897 3796 corporis
2939 3721 3161 3778 morbos
3219 3720 3430 3774 diverso
3481 3716 3730 3773 medica-

2125 3816 2270 3870 mine
2303 3813 2559 3879 serviunt,
2594 3814 2667 3868 ita
2687 3821 2764 3882 ut,
2785 3813 2944 3883 juxta
2975 3811 3257 3866 vulnerum
3287 3808 3593 3872 varietates,
3616 3821 3732 3859 me-

2125 3913 2304 3969 dicina
2333 3912 2547 3966 diversa
2576 3911 2662 3976 sit,
2726 3911 2799 3965 ita
2854 3917 2908 3966 et
2951 3909 3142 3964 doctor
3190 3905 3445 3962 Ecclesiae
3500 3903 3732 3976 singulis

2127 4003 2428 4073 quibusque
2458 4016 2758 4072 congruum
2815 3999 3072 4054 doctrinae
3129 3995 3427 4051 remedium
3487 3992 3726 4057 adhibet,

2127 4100 2179 4147 et
2209 4092 2336 4162 quid
2395 4091 2587 4160 cuique
2644 4095 2908 4158 oporteat,
2970 4103 3068 4158 pro
3125 4085 3298 4141 aetatis
3350 4099 3609 4155 processu
3667 4097 3731 4138 ac

2128 4189 2464 4262 professione
2495 4187 2852 4243 annuntiabit.
2883 4187 3004 4241 Non
3035 4183 3287 4240 omnibus
3314 4199 3380 4238 ea
3432 4196 3554 4252 qum
3605 4186 3729 4235 sunt

2127 4280 2328 4345 clausa,
2361 4277 2654 4349 aperienda
2681 4283 2830 4330 sunt.
2871 4275 3007 4329 Sunt
3061 4273 3204 4328 enim
3261 4269 3435 4337 multi,
3493 4268 3584 4339 qui
3639 4283 3728 4322 ca-

2129 4385 2255 4441 pere
2284 4383 2390 4423 non
2422 4373 2664 4438 possunt.
2695 4363 2906 4433 Quibus
2953 4363 2998 4418 si
3040 4361 3324 4417 indiscrete
3369 4357 3727 4414 manifesten-

431 4452 504 4508 cit
531 4452 670 4507 bene
700 4452 1001 4508 viventibus
1031 4451 1240 4524 proﬁcit
1271 4467 1284 4522 ;
1320 4452 1463 4523 quod
1505 4468 1635 4508 vero
1680 4452 1820 4506 male
1867 4450 2018 4519 vivit,
2051 4449 2102 4509 D
2134 4474 2232 4531 ιυιι,
2293 4465 2470 4520 statim
2528 4471 2619 4519 aut
2674 4463 2962 4517 detrahunt
3013 4467 3103 4516 aut
3159 4458 3468 4532 negligunt.
3550 4456 3728 4510 Prima

431 4550 668 4622 seipsum
698 4549 911 4604 occidit.
945 4549 1002 4606 Si
1032 4550 1282 4605 sacerdos
1308 4550 1620 4622 dignissime
1650 4549 1781 4620 agit,
1829 4555 1886 4602 ut
1928 4563 2023 4602 sa-

431 4641 703 4698 cerdotem
733 4638 904 4704 decet,
955 4639 1307 4694 ministerium
1365 4639 1482 4709 ejus
1538 4647 1592 4693 et
1643 4639 1744 4710 ipsi
1801 4644 1856 4692 ct.
1908 4637 2026 4691 aliis

431 4731 562 4788 utile
591 4737 687 4786 est.
722 4729 951 4801 Indigna
981 4736 1161 4784 autem
1203 4729 1410 4795 vivens,
1453 4729 1571 4784 aliis
1617 4727 1835 4798 quidem
1883 4726 2026 4781 utilis

433 4829 512 4877 est
540 4819 848 4892 loquendo;
881 4835 938 4874 se
959 4827 1138 4874 autem
1172 4817 1416 4874 interﬁcit
1454 4819 1596 4874 male
1643 4816 1874 4874 vivendo
1902 4835 1914 4872 :
1963 4831 2027 4871 ac

433 4933 531 4990 per
557 4919 660 4973 hoc
688 4915 834 4987 quod
862 4915 915 4970 in
945 4915 1038 4971 illo
1078 4922 1348 4970 mortuum
1407 4922 1504 4983 est,
1570 4913 1849 4985 proprium
1908 4911 2027 4980 ejus

435 5006 718 5077 est;quod
737 5022 866 5063 vero
890 5005 1020 5061 vivit
1040 5005 1094 5059 in
1131 5020 1214 5073 eo,
1255 5004 1378 5059 ideo
1414 5019 1623 5059 sacrum
1673 5001 2027 5057 ministerium

437 5095 673 5150 alienum
701 5103 797 5150 est.
829 5094 933 5163 Qui
969 5095 1108 5149 bene
1139 5093 1298 5149 docet
1334 5101 1389 5148 et
1426 5093 1568 5147 male
1613 5091 1761 5160 vivit,
1819 5091 2030 5146 videtur

436 5192 494 5238 ut
521 5199 732 5250 cereus,
758 5184 847 5253 qui
865 5184 985 5239 aliis
1003 5183 1206 5238 bonum
1233 5182 1474 5254 exponit,
1512 5183 1685 5237 lucem
1725 5187 1978 5253 prestera
2010 5193 2024 5248 ;

441 5297 498 5335 se
529 5296 658 5335 vero
693 5280 748 5334 in
779 5281 936 5336 malis
972 5281 1082 5336 suis
1127 5296 1460 5348 consumere,
1510 5288 1668 5349 atque
1714 5279 2029 5350 exstingue-

445 5385 522 5426 re.
547 5367 649 5436 Qui
686 5367 824 5422 bene
853 5368 1011 5424 docet
1037 5377 1091 5424 et
1117 5370 1258 5424 male
1287 5367 1443 5437 vivit,
1491 5368 1694 5423 bonum
1741 5367 1885 5422 malo
1941 5365 2028 5421 vi-

450 5459 600 5513 detur
626 5457 974 5528 conjungere,
1024 5458 1196 5513 lucem
1243 5456 1476 5512 tenebris
1512 5457 1882 5522 commiscere,
1930 5471 2029 5512 ve-

451 5547 659 5606 ritatem
697 5544 980 5602 mendacio
1009 5554 1233 5602 mutare.

512 5652 763 5710 Iracundi
793 5651 1040 5706 doctores
1088 5668 1185 5723 per
1237 5652 1444 5707 rabiem
1491 5652 1685 5707 furoris
1737 5651 2036 5722 disciplinae

453 5743 672 5802 modum
703 5742 771 5798 ad
801 5740 1191 5798 immanitatem
1212 5747 1547 5810 convertunt,
1587 5748 1640 5796 et
1665 5740 1807 5797 unde
1846 5755 2035 5796 emen-

2131 4555 2331 4627 quippe
2362 4552 2658 4625 prudentia
2686 4552 2852 4606 virtus
2881 4558 2959 4606 est
2987 4566 3105 4605 eam
3137 4547 3318 4620 quand
3344 4546 3537 4601 docere
3567 4559 3725 4614 opor-

2133 4651 2238 4700 teat
2267 4644 2531 4700 aestimare
2561 4657 2866 4713 personam.
2899 4639 3140 4694 Rudibus
3197 4636 3414 4708 populis
3468 4651 3564 4690 seu
3615 4649 3729 4689 car-

2131 4741 2344 4796 nalibus
2372 4741 2533 4812 plana
2559 4748 2720 4809 atque
2748 4738 3079 4805 communia,
3135 4752 3245 4791 non
3300 4749 3512 4789 summa
3570 4740 3727 4802 atque

2133 4827 2296 4882 ardua
2342 4825 2687 4896 praedicanda
2743 4831 2886 4889 sunt,
2944 4839 3010 4877 ne
3059 4819 3416 4876 immensitate
3473 4817 3729 4874 doctrinae

2134 4915 2508 4986 Opprimantur
2558 4913 2734 4985 potius
2789 4928 2950 4983 quam
3009 4909 3341 4965 erudiuntur.
3416 4906 3730 4963 Carnalibus

2136 5013 2335 5085 quippe
2366 5012 2580 5076 animis,
2615 5026 2713 5065 nec
2769 5010 2877 5064 alta
2921 5006 3082 5062 nimis
3136 5006 3205 5061 de
3250 5003 3572 5075 caelestibus,
3633 5017 3729 5058 nec

2136 5109 2349 5158 terrena
2395 5099 2649 5156 convenit
2701 5098 3015 5170 praedicare,
3084 5095 3180 5152 sed
3240 5093 3601 5159 mediocriter,
3675 5097 3730 5146 ut

2137 5191 2269 5249 vitia
2310 5206 2497 5246 eorum
2545 5203 2829 5258 moresque
2886 5203 3071 5242 eorum
3128 5184 3435 5240 desiderant
3486 5181 3724 5238 edoceri.

2138 5289 2345 5346 Corvus
2374 5288 2502 5343 dum
2533 5287 2708 5360 pullos
2736 5301 2860 5340 suos
2901 5284 3094 5341 viderit
3146 5282 3255 5339 albi
3307 5280 3522 5348 coloris,
3579 5278 3732 5334 nullis

2141 5395 2234 5435 eos
2264 5378 2401 5434 cibis
2431 5377 2544 5444 alit,
2591 5376 2686 5430 sed
2729 5383 2931 5430 tantum
2989 5371 3230 5438 attendit,
3291 5370 3464 5426 donec
3515 5376 3731 5440 paterno

2140 5469 2321 5525 colore
2353 5467 2682 5537 nigrescant,
2714 5471 2765 5520 et
2803 5464 2880 5517 sic
2908 5463 3028 5517 illos
3057 5460 3320 5531 frequenti
3363 5459 3487 5514 cibo
3536 5457 3723 5512 reﬁcit.

2141 5561 2222 5615 Ita
2249 5564 2299 5612 et
2328 5563 2574 5611 strenuus
2601 5554 2790 5610 doctor
2818 5551 3091 5616 Ecclesia,
3152 5549 3252 5604 nisi
3307 5564 3402 5604 eos
3456 5563 3592 5618 quos
3644 5545 3734 5601 do-

2142 5645 2312 5704 cuerit
2355 5645 2549 5701 viderit
2604 5644 2672 5699 ad
2726 5658 2878 5699 suam
2935 5639 3343 5696 similitudinem
3429 5634 3736 5708 poenitentia

2143 5733 2500 5795 confessionis
2525 5747 2786 5802 crescere,
2829 5739 2900 5800 et,
2955 5730 3129 5788 nitore
3183 5725 3426 5786 saeculari
3478 5724 3735 5799 deposito,
