4042 6080
351 236 486 289 1053

1282 185 1874 290 DEFLOBATIONES
1907 229 2004 289 SS.
2038 230 2345 288 PATRUM.
2377 261 2446 272 —
2474 231 2609 286 LIB.
2643 233 2718 287 II.

3493 229 3650 286 4034

348 357 755 414 lamentationis
785 358 1030 415 habitum
1086 358 1154 414 de
1183 358 1392 430 peccati
1422 357 1806 413 recordatione
1862 357 1950 412 in-
1979 355 2042 421 Α
2068 357 2335 412 doctrinae
2364 357 2596 413 verbum
2637 358 2789 425 dare,
2820 357 2905 414 vel
2929 356 3018 414 cui
3070 355 3303 424 auferre,
3335 362 3386 412 et
3423 356 3547 425 hoc,
3579 363 3668 412 aut

352 449 542 516 duere,
566 456 757 519 utputa
786 449 1150 504 exterioribus
1181 448 1384 514 adhuc,
1418 448 1471 502 id
1503 457 1586 502 est
1617 447 1948 513 carnalibus,

350 554 462 594 non
491 537 668 610 aperit
706 539 1077 610 intelligentiae
1131 537 1386 607 spiritalis
1443 537 1800 608 profundiore
1829 553 1951 608 my-

351 628 540 693 steria,
575 644 667 694 ne,
701 628 831 681 dum
863 627 1047 682 audita
1087 642 1197 681 non
1242 625 1483 696 capiunt,
1518 626 1640 696 plus
1691 625 1953 695 incipiant

352 725 724 784 contemnere,
761 732 922 787 quam
955 715 1207 771 venerari
1237 716 1495 769 mandata
1525 714 1797 770 ccnlestia.
1829 713 1950 767 Ali-

350 813 437 862 ter
466 806 741 876 agendum
781 814 860 860 est
885 821 1016 878 erga
1049 821 1144 860 eos
1175 804 1266 874 qui
1298 813 1483 859 nostro
1543 803 1954 858 committuntur

356 895 632 968 regimini,
669 895 714 949 si
745 894 1052 956 offendunt,
1088 902 1251 965 atque
1271 895 1431 948 aliter
1462 909 1585 948 eum
1618 893 1701 946 his
1731 893 1823 964 qui
1850 907 1951 946 no-

349 984 436 1038 bis
467 983 746 1040 commissi
800 1000 910 1037 non
943 991 1092 1037 sunt.
1152 983 1254 1052 Qui
1283 982 1416 1050 justi
1445 990 1588 1049 sunt,
1648 980 1951 1036 venerandi

352 1081 484 1129 sunt
514 1088 526 1142 ;
562 1073 607 1128 si
633 1089 764 1127 vero
794 1073 1133 1144 delinquunt,
1184 1087 1284 1143 pro
1301 1072 1416 1126 sola
1437 1071 1721 1138 eharitate,
1777 1078 1835 1124 ut
1863 1070 1949 1125 lo-

350 1179 448 1218 cus
479 1170 578 1228 est,
610 1162 947 1233 corripiendi
1003 1169 1127 1215 sunt
1161 1178 1173 1223 ;
1207 1177 1314 1215 non
1347 1171 1528 1214 tamen
1563 1175 1688 1216 cum
1748 1158 1952 1215 severi-

353 1257 484 1317 tate,
511 1250 651 1308 sicut
673 1250 726 1304 hi
750 1250 1010 1322 quinobis
1039 1249 1267 1321 regendi
1300 1257 1424 1303 sunt
1454 1249 1754 1305 commissi.
1792 1249 1950 1302 Prius

349 1339 587 1396 docendi
618 1347 744 1395 sunt
774 1339 1020 1394 seniores
1070 1339 1269 1410 plebis,
1315 1347 1370 1393 ut
1397 1355 1497 1408 per
1525 1353 1620 1393 eos
1678 1337 1816 1392 infra
1847 1353 1950 1408 po-

351 1429 460 1496 siti,
493 1427 704 1484 facilius
741 1428 1068 1483 doceantur.
1135 1428 1424 1499 Ingenium
1453 1430 1654 1481 bonum
1711 1426 1950 1482 doctoris

350 1525 434 1573 est
489 1517 794 1588 incipientis
851 1533 884 1572 a
921 1517 1178 1571 laudibus
1225 1533 1418 1571 eorum
1463 1532 1600 1587 quos
1659 1516 1950 1570 salubriter

352 1606 727 1677 objurgandos
757 1606 1038 1678 corrigere
1070 1605 1236 1676 cupit,
1269 1606 1407 1660 sicut
1436 1605 1729 1676 Apostolus
1759 1605 1950 1659 Corin-

351 1695 496 1750 thios
538 1695 680 1760 facit,
715 1711 853 1766 quos
883 1710 916 1749 a
944 1694 1194 1748 laudibus
1243 1693 1483 1759 inchoat,
1537 1695 1634 1750 sed
1693 1695 1950 1764 increpa-
1979 1721 2031 1781 B

347 1785 586 1840 tionibus
617 1785 817 1854 probat
847 1785 894 1854 (Ι
927 1785 1054 1841 Cor.
1094 1789 1162 1853 ι).
1235 1783 1342 1839 Sed
1378 1791 1533 1838 erant
1579 1784 1720 1854 apud
1754 1783 1938 1838 Corin-

348 1873 498 1928 thios
527 1874 617 1944 qui
668 1881 721 1928 et
750 1873 1003 1928 laudibus
1059 1881 1110 1927 et
1139 1872 1602 1943 increpationibus
1656 1872 1807 1943 digni
1865 1889 1950 1928 es-

351 1971 497 2018 sent.
530 1963 626 2018 Ille
673 1978 809 2018 vero
838 1963 1132 2018 indiscrete
1171 1962 1249 2016 sic
1271 1978 1425 2032 mque
1455 1962 1710 2016 omnibus
1767 1962 1947 2034 loqui-

349 2059 456 2115 tur,
492 2060 546 2105 ut
575 2051 834 2106 omnibus
883 2058 1115 2123 utraque
1145 2051 1472 2106 convenisse
1500 2051 1776 2106 videatur.
1845 2052 1948 2106 Pro

348 2140 495 2196 malo
521 2140 716 2196 merito
772 2140 968 2211 plebis,
1000 2139 1240 2196 aufertur
1287 2140 1536 2196 doctrina
1599 2140 1946 2210 praedicatio-

351 2229 459 2286 nis.
510 2231 615 2285 Pro
671 2230 818 2286 bono
864 2229 1060 2286 merito
1135 2229 1425 2296 audientis,
1480 2229 1728 2285 tribuitur
1767 2244 1946 2285 sermo

355 2318 588 2375 doctori.
623 2320 684 2374 In
703 2326 974 2391 potestate
1003 2319 1192 2374 divina
1227 2319 1498 2387 consistit,
1531 2319 1614 2374 cui
1641 2318 1771 2374 velit
1797 2320 1946 2374 Deus

2061 463 2159 518 pro
2181 448 2433 511 dicentis,
2467 456 2559 502 aut
2589 463 2690 518 pro
2722 447 2996 502 audientis
3031 447 3085 500 lit
3129 445 3348 509 merito,
3381 453 3438 500 ut
3494 445 3660 500 modo

2061 552 2159 607 pro
2213 537 2372 606 culpa
2411 537 2590 606 plebis
2639 536 2918 590 auferatur
2945 551 3128 590 sermo
3168 535 3430 600 doetoris,
3489 533 3658 588 modo

2061 641 2192 680 vero
2209 641 2306 695 pro
2329 625 2552 679 utilibus
2581 625 2792 679 meritis
2840 625 3134 679 tribuatur.
3202 625 3339 678 Nam
3372 631 3424 677 et
3482 621 3656 678 bonus

2061 714 2470 783 docetbonum,
2522 723 2575 768 et
2631 714 2804 768 malus
2861 714 3065 767 malum
3110 713 3302 784 ;quod
3362 721 3542 766 tamen
3600 711 3660 765 tit

2056 803 2217 870 juxta
2271 803 2524 857 meritum
2579 803 2932 872 populorum.
3002 803 3125 857 Non
3185 801 3369 856 omnia
3407 809 3656 870 tempora

2060 903 2362 962 congruunt
2404 891 2691 958 doctrinae,
2739 892 3037 946 secundum
3097 890 3406 947 Salomonis
3437 897 3658 944 senten-

2060 981 2187 1036 tiam
2246 981 2522 1036 dicentis:
2563 1000 2582 1032 ι
2616 982 2854 1051 Tempus
2913 981 3147 1047 tacendi,
3210 987 3263 1034 et
3293 987 3511 1049 tempus
3567 978 3654 1033 lo-

2006 1061 2014 1075 “
2061 1070 2260 1142 quendi
2295 1072 2497 1135 (Eccle.
2525 1073 2606 1140 v).
2653 1093 2672 1117 ο
2708 1071 2826 1124 Non
2875 1069 3093 1140 quidem
3124 1086 3223 1139 per
3252 1069 3524 1136 timorem,
3558 1067 3655 1123 sed

2058 1175 2159 1230 per
2209 1158 2616 1226 discretionem,
2650 1166 2875 1229 propter
2919 1158 3190 1212 malorum
3247 1156 3655 1227 corruptibilem

2058 1248 2424 1320 iniquitatem,
2457 1263 2846 1318 nonnunquam
2876 1246 3083 1302 electos
3111 1253 3325 1316 oportet
3355 1261 3386 1300 a
3408 1245 3658 1301 doctrina

2059 1352 2299 1394 cessare.
2338 1336 2607 1391 Interdum
2639 1337 2894 1391 doctores
2937 1335 3202 1391 Ecclesiae
3233 1335 3417 1390 calore
3471 1333 3657 1390 chari-

2058 1426 2185 1481 tatis
2225 1426 2478 1482 ardentes
2509 1425 2901 1491 conticescunt,
2933 1433 3025 1479 aut
3059 1423 3329 1486 docendo,
3367 1423 3492 1494 quia
3547 1438 3657 1478 non

2059 1523 2140 1570 est
2197 1515 2289 1586 qui
2345 1515 2548 1580 audiat,
2606 1521 2836 1570 testante
2895 1515 3159 1584 prepheta
3192 1531 3204 1566 :
3238 1512 3498 1566 Civitates
3553 1527 3657 1566 au-

2060 1604 2157 1659 stri
2178 1605 2382 1660 clausae
2420 1611 2564 1670 sunt,
2598 1611 2650 1659 et
2678 1619 2792 1658 non
2826 1611 2908 1658 est
2938 1602 3030 1674 qui
3062 1602 3273 1672 aperiat
3295 1602 3430 1671 (Jer.
3455 1600 3591 1669 xm).
3630 1620 3652 1650 ι

2061 1693 2166 1762 Qui
2196 1694 2428 1749 docendi
2460 1693 2657 1763 accipit
2711 1691 2972 1759 olﬁcium,
3023 1691 3291 1746 interdum
3323 1689 3394 1745 ad
3442 1697 3658 1759 tempus

2061 1783 2201 1838 facta
2231 1782 2467 1852 proximi
2498 1789 2677 1837 taceat
2710 1795 2723 1850 ;
2758 1798 2880 1852 quae
2946 1780 3127 1835 statim
3157 1779 3434 1851 corrigere
3479 1784 3661 1849 potest

2059 1880 2111 1945 et
2132 1871 2466 1937 dissimulat,
2513 1887 2703 1926 verum
2734 1875 2819 1925 est
2877 1869 3022 1940 quod
3079 1884 3411 1925 consensum
3447 1866 3658 1922 erroris

2057 1961 2221 2015 alieni
2259 1961 2480 2015 habeat.
2533 1959 2785 2032 Plerique
2843 1959 3017 2014 sancti
3073 1958 3328 2013 doctores
3359 1955 3658 2027 pertinacia

2057 2051 2208 2119 mali,
2242 2049 2367 2121 quia
2397 2049 2614 2121 iniquos
2668 2048 2966 2103 emundare
3024 2063 3132 2102 non
3164 2054 3415 2118 possunt,
3477 2044 3562 2098 his
3588 2052 3660 2099 la-

2056 2155 2183 2196 cere
2214 2138 2530 2209 disponunt.
2576 2138 2682 2194 Sed
2714 2137 2956 2192 calorem
3005 2135 3226 2207 spiritus
3257 2149 3365 2206 quo
3422 2140 3659 2205 aguntur

2057 2228 2200 2285 ferre
2228 2243 2337 2282 non
2377 2227 2731 2294 sustinentes,
2763 2226 2961 2283 iterum
2991 2224 3048 2281 in
3086 2224 3518 2296 increpationem
3539 2235 3660 2294 pro-

2057 2318 2242 2373 siliunt
2262 2316 2551 2388 impiorum
2565 2356 2578 2369 .

1435 2695 2074 2800 DOMINICA!
2130 2696 2587 2800 SEXTA.

1603 2941 1996 3005 Secundum
2039 2941 2429 3008 Matthaaum

435 3177 456 3203 ιι
490 3157 673 3210 Amen
703 3153 824 3210 dico
851 3154 1026 3219 vobis,
1052 3153 1156 3209 nisi
1178 3155 1758 3226 abundaveritjustitia
1776 3163 1954 3210 vestra
1986 3156 2034 3219 C
2065 3157 2163 3220 sci,
2197 3172 2305 3212 non
2338 3157 2510 3224 fratri,
2545 3160 2640 3214 sed
2686 3169 2910 3231 peccato
2957 3160 3303 3218 irascendum
3363 3169 3446 3217 est
3474 3170 3530 3217 ut
3589 3162 3665 3218 ait

362 3244 651 3316 plusquam
674 3243 991 3299 Scribarum
1023 3252 1075 3298 et
1099 3244 1515 3312 Pharisaeorum,
1556 3261 1665 3299 non
1687 3244 1956 3300 intrabitis

361 3334 417 3388 in
447 3349 681 3406 regnum
696 3333 976 3394 caelorum.
998 3342 1100 3388 etc.
1129 3335 1346 3402 (Matth.
1363 3337 1447 3405 v),
1474 3357 1495 3383 η
1513 3334 1642 3389 Tale
1665 3342 1747 3389 est
1767 3335 1872 3390 hoc
1889 3349 1957 3391 ac

362 3421 410 3478 si
439 3423 619 3477 dicat:
647 3422 869 3478 Studete
909 3423 1167 3477 mandata
1214 3423 1444 3493 implere
1495 3439 1560 3479 ac
1599 3424 1825 3480 docere:
1851 3440 1958 3496 ego

363 3512 530 3581 cnim,
551 3511 711 3581 cujus
728 3511 895 3566 verba
913 3528 1020 3567 non
1037 3521 1325 3579 mutantur,
1347 3513 1471 3568 dico
1494 3512 1649 3567 vobis
1672 3514 1837 3585 quod,
1852 3513 1957 3567 nisi

364 3601 747 3671 superaveritis
777 3601 1077 3670 injustitias
1103 3601 1413 3656 Scribarum
1435 3609 1486 3656 et
1529 3602 1952 3669 Pharisaeorum,

362 3689 453 3762 qui
483 3697 709 3760 propter
755 3704 926 3743 novas
979 3688 1294 3743 traditiones
1321 3689 1573 3755 justiores
1618 3698 1953 3759 reputantur,

362 3793 476 3832 non
498 3777 803 3850 regnabitis
833 3777 888 3830 in
922 3776 1100 3833 ecelis.
1138 3779 1299 3846 Nota,
1336 3794 1457 3832 cum
1484 3778 1688 3847 justitia
1708 3779 1957 3834 sitvirtus

362 3867 655 3940 unicuique
687 3867 926 3921 reddens
957 3867 1104 3939 quod
1141 3883 1297 3921 suum
1331 3876 1432 3934 est,
1464 3868 1646 3938 plures
1669 3877 1793 3922 sunt
1821 3885 1956 3939 par-

362 3964 446 4012 tes
468 3955 706 4025 justitize,
768 3972 997 4027 quorum
1049 3965 1321 4011 conventu
1357 3958 1534 4025 justus
1565 3956 1793 4012 etiicitur
1827 3976 1839 4011 :
1874 3974 1957 4013 re-

361 4044 495 4116 ligio
523 4047 665 4100 enim
711 4061 815 4116 qua
861 4044 1142 4099 reddimus
1177 4046 1290 4099 Deo
1349 4046 1494 4116 quod
1526 4063 1682 4100 suum
1742 4055 1822 4102 est
1854 4066 1867 4112 ;
1906 4055 1959 4100 et

361 4134 557 4207 pietas,
579 4134 897 4204 parentibus
921 4151 1042 4204 qua:
1073 4149 1170 4188 sua
1201 4142 1330 4187 sunt
1359 4135 1709 4204 persolvens.
1753 4136 1956 4190 Simili-

361 4231 447 4280 ter
478 4222 670 4290 virtus,
705 4239 824 4294 quae
847 4223 1022 4277 reddit
1080 4223 1378 4292 majoribus
1409 4233 1460 4277 et
1498 4223 1804 4278 minoribus
1837 4241 1958 4296 quae

363 4328 462 4368 sua
485 4320 625 4376 sunt,
659 4327 875 4367 necnon
904 4311 1073 4365 virtus
1105 4328 1225 4382 quae
1253 4312 1578 4381 pauperibus
1628 4315 1771 4384 quod
1800 4330 1956 4368 suum

363 4409 446 4457 est
468 4401 718 4472 largitur.
759 4401 906 4465 Haec,
958 4401 1204 4468 inquam,
1235 4401 1418 4455 omnia
1447 4400 1804 4470 adjustitiam
1845 4411 1960 4456 tan-

363 4506 525 4562 quam
565 4489 860 4561 integrales
892 4490 1232 4544 referuntur.

439 4615 460 4639 ιι
494 4593 734 4648 Audistis
781 4592 908 4664 quia
948 4593 1151 4647 dictum
1185 4595 1268 4647 est
1313 4592 1550 4664 antiquis
1582 4610 1594 4648 :
1628 4595 1749 4649 Non
1801 4594 1952 4650 occi-

359 4682 478 4737 des.
514 4680 617 4750 Qui
645 4690 824 4736 autem
856 4681 1140 4747 occiderit,
1177 4699 1298 4736 reus
1331 4682 1431 4736 erit
1456 4682 1686 4751 judicio.
1723 4684 1838 4755 Ego
1859 4701 1952 4738 au-

358 4779 469 4826 tem
491 4770 615 4826 dico
646 4770 824 4838 vobis,
857 4770 986 4842 quia
1021 4769 1199 4825 omnis
1240 4769 1329 4842 qui
1365 4770 1620 4827 irascitur
1643 4771 1795 4826 fratri
1853 4789 1952 4828 suo

356 4876 483 4916 reus
528 4859 622 4914 erit
655 4859 886 4928 judicio.
956 4883 976 4908 υ
1041 4859 1276 4914 Pulchro
1326 4860 1584 4931 ingressu
1639 4877 1776 4930 opus
1807 4861 1948 4934 legis

358 4948 524 5019 ccepit
555 4948 840 5014 excedere,
871 4964 979 5003 non
1012 4947 1334 5004 dissolvere.
1366 4949 1561 5018 Aperit
1586 4965 1818 5016 namque
1837 4967 1954 5005 mo-

355 5045 470 5094 tum
497 5037 661 5092 animi
693 5037 759 5092 ad
803 5036 1109 5093 nocendum
1165 5037 1321 5092 fratri
1353 5037 1407 5091 in
1452 5037 1744 5094 homicidio
1791 5055 1950 5094 'com-

353 5126 555 5198 putari.
609 5141 735 5182 cum
815 5125 962 5198 prius
993 5141 1101 5181 non
1184 5126 1533 5182 attenderent
1597 5127 1951 5183 homicidium

353 5231 498 5283 esse,
529 5215 634 5270 nisi
654 5214 1093 5286 peremptionem
1149 5217 1396 5287 corporis
1429 5217 1671 5273 humani.
1734 5216 1949 5273 Sensus

353 5311 439 5360 est
470 5321 484 5358 :
512 5303 720 5373 judicio
749 5303 888 5376 legis
921 5303 1091 5375 Moysi
1120 5320 1246 5359 reus
1277 5313 1361 5360 est
1403 5307 1494 5377 qui
1520 5306 1717 5362 occidit
1773 5314 1896 5362 actu
1931 5325 1945 5373 ;

353 5393 454 5449 sed
485 5409 589 5466 ego
611 5393 734 5449 dico
762 5391 943 5457 vobis,
979 5393 1102 5464 quia
1126 5393 1335 5462 judicio
1359 5395 1947 5469 ceelestislegis,quam

351 5483 545 5549 doceo,
579 5497 708 5536 reus
747 5489 830 5536 est
861 5481 1039 5537 omnis
1068 5481 1165 5554 qui
1221 5483 1471 5539 irascitur
1527 5484 1680 5539 fratri
1717 5501 1835 5540 suo.
1888 5487 1947 5540 In

352 5571 680 5644 quibusdam
711 5571 994 5627 codicibus
1051 5571 1274 5627 additur
1294 5572 1412 5629 sine
1442 5588 1606 5629 causa
1640 5591 1653 5638 ;
1690 5575 1788 5629 sed
1845 5589 1945 5629 ra-

351 5661 590 5718 dendum
619 5667 724 5727 est,
750 5660 872 5732 quia
890 5660 968 5716 ira
999 5662 1215 5732 penitus
1252 5661 1476 5726 tollitur,
1501 5670 1553 5717 et
1585 5663 1712 5734 quia
1760 5663 1945 5718 inimi-

349 5765 446 5807 cos
475 5754 696 5809 nostros
724 5764 912 5806 amare
935 5750 1211 5821 jubemur.
1236 5749 1397 5820 Quod
1426 5751 1472 5806 si
1501 5753 1778 5825 contingat
1826 5753 1944 5811 ira-

1984 4529 2036 4588 D

2070 3247 2398 3302 Psalmista:
2440 3271 2461 3297 «
2498 3249 2799 3305 Irascimini
2830 3253 3012 3319 (Psal.
3049 3255 3149 3322 iv),
3186 3275 3206 3301 ιι
3248 3251 3503 3308 videlicet
3524 3267 3662 3323 pec-

2065 3343 2210 3392 cato.
2235 3337 2391 3392 Unde
2422 3339 2672 3410 sequitur
2704 3353 2716 3393 :
2757 3360 2779 3389 α
2815 3340 2994 3395 Nolite
3024 3357 3254 3412 peccare
3285 3341 3470 3411 (ibid.)
3496 3363 3516 3388 υ
3554 3341 3662 3396 Sed

2068 3426 2364 3480 notandum
2395 3426 2673 3500 geminum
2697 3444 2820 3483 esse
2849 3429 3091 3484 divinum
3115 3430 3379 3498 judicium
3414 3448 3427 3484 :
3460 3431 3659 3497 Unum,

2069 3530 2177 3586 quo
2207 3524 2258 3570 et
2291 3516 2376 3571 hic
2396 3517 2712 3585 judicantur
2738 3519 2990 3575 homines
3018 3538 3032 3583 ;
3065 3520 3119 3574 in
3152 3519 3335 3575 futuro
3393 3519 3652 3576 alterum.

2068 3611 2232 3681 Quod
2264 3622 2521 3684 proptera
2561 3615 2649 3670 hic
2671 3615 3010 3684 judicantur,
3069 3632 3139 3671 ne
3159 3616 3274 3674 illic
3325 3616 3658 3685 judicentur,

2067 3702 2304 3774 Ideoque
2334 3704 2656 3774 quibusdam
2685 3705 2756 3759 ad
2785 3706 3162 3778 purgationem
3193 3706 3509 3777 temporalis
3525 3721 3660 3776 pro-

2068 3791 2178 3846 ficit
2199 3808 2362 3862 poena
2394 3811 2407 3858 ;
2443 3793 2769 3863 quibusdam
2803 3810 2936 3850 vero
2979 3796 3066 3851 hic
3092 3795 3308 3851 inchoat
3359 3796 3656 3862 damnatio,

2068 3888 2121 3935 et
2141 3881 2252 3937 illic
2280 3881 2521 3951 perfecta
2551 3893 2804 3952 speratur
2827 3884 3078 3954 perditio.
3103 3885 3166 3938 In
3187 3884 3395 3953 judicio
3437 3884 3662 3954 reprobi

2067 3970 2456 4025 humanitatem
2488 3971 2703 4037 Christi,
2739 3972 2794 4026 in
2825 3988 2934 4044 qua
2957 3972 3239 4044 judicatus
3261 3983 3370 4038 est,
3395 3973 3666 4027 videbunt

2068 4067 2126 4112 ut
2153 4059 2371 4114 doleant
2398 4059 2769 4125 ;divinitatem
2801 4077 2930 4116 vero
2976 4062 3098 4132 ejus
3127 4076 3240 4116 non
3261 4060 3542 4126 videbunt,
3595 4078 3664 4118 ne

2067 4148 2362 4218 gaudeant.
2397 4147 2608 4217 Quibus
2626 4149 2771 4202 enim
2802 4149 3058 4204 divinitas
3088 4150 3411 4214 ostenditur,
3472 4149 3662 4222 utique

2068 4237 2136 4291 ad
2167 4236 2434 4308 gaudium
2461 4237 2895 4292 demonstratur.
2918 4239 3028 4295 Pro
3049 4239 3362 4295 diversitate
3378 4240 3662 4296 conscien-

2070 4325 2266 4380 tiarum
2307 4335 2358 4380 et
2405 4327 2550 4380 mitis
2589 4326 2870 4396 apparebit
2907 4328 2962 4382 in
3003 4328 3212 4398 judicio
3243 4329 3486 4384 Christus
3543 4329 3663 4384 ele-

2068 4414 2188 4482 ctis,
2242 4422 2294 4469 et
2343 4415 2598 4470 terribilis
2649 4417 2915 4486 reprobis.
2973 4418 3111 4472 Nam
3163 4419 3380 4487 qualem
3431 4419 3661 4492 quisque

2070 4503 2460 4560 conscientiam
2510 4505 2709 4570 tulerit,
2759 4506 2923 4560 talem
2977 4505 3226 4578 judicem
3283 4508 3522 4574 habebit,
3581 4515 3658 4578 ut,

2069 4601 2323 4648 manente
2352 4593 2403 4647 in
2440 4609 2535 4648 sua
2569 4594 2960 4665 tranquillitate
2991 4595 3229 4659 Christo,
3265 4596 3370 4650 illis
3403 4596 3662 4652 terribilis

2063 4681 2206 4736 solis
2262 4691 2546 4754 appareat,
2580 4699 2716 4753 quos
2747 4684 3080 4739 conscientia
3109 4685 3163 4738 in
3212 4685 3368 4739 malis
3406 4694 3652 4741 accusat.

2063 4770 2196 4826 Duae
2228 4781 2352 4825 sunt
2382 4771 2701 4827 differentia:
2732 4773 2815 4826 vel
2846 4774 3070 4828 ordines
3100 4773 3382 4828 hominum
3412 4773 3466 4828 in
3519 4774 3659 4843 judi-

2063 4860 2168 4926 cio,
2229 4861 2331 4915 hoc
2389 4867 2473 4916 est
2504 4860 2803 4916 electorum
2835 4870 2889 4916 et
2921 4863 3306 4933 reproborum.
3341 4862 3445 4932 Qui
3475 4871 3657 4919 tamen

2062 4949 2378 5005 dividuntur
2405 4950 2459 5003 in
2491 4957 2719 5021 quatuor
2752 4966 2764 5004 :
2800 4950 3170 5007 Perfectorum
3212 4951 3344 5006 ordo
3375 4969 3516 5007 unus
3551 4961 3656 5021 est,

2063 5039 2155 5111 qui
2214 5055 2336 5094 eum
2395 5037 2631 5094 Domino
2683 5038 2915 5108 judicat,
2950 5047 3003 5095 et
3031 5039 3168 5096 alius
3225 5039 3316 5113 qui
3359 5041 3653 5111 judicatur.

2061 5129 2362 5200 Utrumque
2386 5135 2710 5184 tamencum
2760 5127 2973 5184 Christo
3003 5129 3335 5199 regnabunt.
3395 5129 3657 5187 Similiter

2060 5217 2196 5272 ordo
2228 5217 2583 5287 reproborum
2614 5216 2842 5288 partitur
2869 5218 2922 5272 in
2952 5217 3186 5284 duobus,
3218 5219 3346 5274 dum
3377 5219 3431 5275 hi
3453 5221 3545 5293 qui
3574 5222 3657 5276 in-

2059 5315 2146 5360 tra
2166 5305 2465 5361 Eeclesiam
2484 5305 2612 5361 mali
2632 5305 2921 5375 judicandi
2940 5315 3064 5361 sunt
3093 5316 3146 5363 et
3167 5309 3481 5365 damnand].
3503 5311 3651 5383 (εἰσ.)

2060 5396 2271 5449 Primus
2302 5396 2468 5468 igitur
2488 5396 2624 5451 ordo
2656 5412 2846 5451 eorum
2868 5397 2962 5468 qui
2986 5396 3308 5466 judicantur
3339 5407 3390 5453 et
3417 5411 3656 5470 pereunt

2059 5485 2353 5556 Opponitur
2379 5485 2459 5539 illi
2497 5485 2680 5540 ordini
2710 5485 2999 5551 bonorum,
3052 5488 3120 5542 de
3137 5503 3245 5558 quo
3275 5497 3400 5544 sunt
3440 5490 3530 5560 qui
3557 5490 3654 5559 ju-

2057 5573 2310 5630 dicantur
2339 5582 2392 5630 et
2422 5582 2683 5646 regnant.
2722 5575 3006 5632 Secundus
3037 5577 3174 5632 ordo
3203 5593 3391 5632 eorum
3414 5579 3503 5649 qui
3544 5594 3651 5633 non

2053 5664 2374 5733 judicantur
2393 5671 2446 5719 et
2471 5672 2703 5736 pereunt
2740 5666 3032 5737 opponitur
3059 5666 3134 5720 illi
3157 5667 3333 5722 ordini
3378 5666 3651 5737 perfecto-

2055 5770 2200 5823 rum,
2258 5752 2314 5809 in
2341 5769 2450 5825 quo
2481 5762 2610 5811 sunt
2639 5755 2694 5811 hi
2723 5755 2814 5828 qui
2849 5771 2959 5813 non
2981 5755 3296 5825 judicantur
3324 5763 3378 5815 et
3405 5763 3650 5828 regnant
