3986 6070
403 181 542 236 1055

1525 192 1866 250 WERNERI
1901 194 2187 257 ABBATIS
2227 201 2284 257 S.
2319 202 2541 260 BLASII

3587 209 3716 262 1056

402 304 619 402 Tertius
645 306 779 363 ordo
807 323 994 402 eorum
1041 315 1133 385 qui
1158 314 1474 384 judicantur
1528 327 1577 374 et
1600 325 1840 392 regnant
1871 334 1884 374 :
1920 317 1996 373 illi
2023 321 2076 384 Α
2111 323 2350 393 ponitur,
2384 333 2440 380 ut
2470 325 2671 383 inferni
2701 326 2976 384 cruciatus
3006 329 3284 402 designet.
3322 331 3584 386 Tmolum
3642 337 3719 386 est

400 394 574 449 ordini
626 403 708 450 est
730 400 1072 470 contrarius;
1109 403 1176 459 de
1233 406 1377 477 quod
1409 416 1534 463 sunt
1560 408 1651 479 qui
1701 407 2013 477 judicantur

399 489 453 538 et
482 493 731 552 pereunt.
771 485 1007 555 Quartus
1039 492 1178 548 ordo
1209 509 1394 548 eorum
1426 496 1514 566 qui
1546 512 1653 552 non
1703 497 2012 566 judicantur

403 586 458 634 et
485 593 718 650 regnant
747 585 1036 655 Opponitur
1075 588 1150 642 illi
1197 592 1472 646 contrario
1528 592 1727 659 ordini,
1787 592 1842 646 in
1901 607 2010 665 quo

403 666 479 721 illi
527 678 650 724 sunt
673 672 762 743 qui
794 689 908 728 non
934 675 1257 745 judicantur
1281 688 1333 735 et
1362 690 1609 751 pereunt.
1665 681 1896 736 Gemina
1912 697 2012 752 pu-

403 774 551 829 nitur
607 780 873 835 sententia
932 781 1149 853 impius,
1182 785 1309 839 dum
1366 794 1456 841 aut
1485 787 1570 843 hic
1629 803 1861 858 prorsus
1911 803 2010 857 pro

397 873 510 926 suis
542 875 743 930 meritis
771 879 962 932 mentis
991 881 1229 937 caecitate
1261 886 1569 954 percutitur,
1606 901 1677 941 ne
1720 886 2006 940 veritatem

404 960 586 1017 videat
616 982 630 1028 ;
655 971 748 1019 aut
772 966 900 1022 dum
947 968 1001 1023 in
1033 967 1137 1024 fine
1159 971 1502 1029 damnabitur
1546 982 1600 1029 ut
1642 973 1857 1030 debitas
1885 989 2006 1046 pm-

410 1074 510 1114 nas
537 1062 796 1120 exsolvat.

487 1244 509 1271 «
544 1223 842 1291 Quiautem
873 1225 1073 1282 dixerit
1094 1227 1246 1282 fratri
1261 1245 1362 1284 suo
1396 1246 1409 1283 :
1442 1243 1587 1294 raca,
1606 1245 1734 1286 reus
1753 1229 1856 1284 erit
1876 1245 2004 1286 con-

415 1309 565 1365 silio.
609 1310 712 1380 Qui
735 1322 916 1368 autem
952 1316 1151 1370 dixerit
1185 1335 1198 1372 :
1233 1318 1394 1384 fatue,
1429 1334 1557 1372 reus
1586 1318 1683 1373 crit
1741 1319 2009 1390 gehennae

411 1397 577 1471 ignis.
617 1424 636 1448 ι
677 1401 827 1457 Raca
854 1405 1080 1458 verbum
1106 1406 1325 1476 proprie
1347 1414 1431 1462 est
1460 1407 1832 1462 Hebraeorum.
1856 1407 2000 1461 Raca

417 1498 561 1553 enim
593 1499 792 1556 dicitur
812 1517 996 1567 cenos,
1032 1503 1085 1558 id
1128 1514 1212 1560 est
1235 1506 1412 1560 inanis
1447 1515 1539 1562 aut
1583 1523 1814 1571 vacuus,
1840 1523 2002 1578 quem

412 1600 515 1640 nos
547 1587 764 1658 vulgata
793 1590 994 1661 injuria
1023 1593 1228 1664 absque
1241 1595 1466 1650 cerebro
1479 1594 1662 1651 dicere
1692 1611 2001 1667 possumus.

2121 412 2300 483 itaque
2328 431 2357 468 a
2389 416 2608 472 nomine
2652 415 2756 472 loci
2785 432 2855 472 ex
2888 418 3038 473 caede
3067 419 3352 474 hominum
3383 419 3460 474 ibi
3489 417 3717 474 interfe-

2118 517 2324 565 ctorum
2380 513 2661 568 horribilis
2708 531 2772 571 ac
2830 515 3162 583 fetidissimi,
3213 518 3305 589 qui
3361 517 3566 572 dicitur
3614 533 3717 589 ge-

2116 599 2313 667 henna,
2375 602 2427 656 id
2463 611 2544 656 est
2601 603 2757 658 vallis
2788 603 3018 660 filiorum
3075 607 3306 672 Ennom,
3358 615 3412 661 et
3442 604 3720 677 signiﬁcat

2120 687 2306 744 futura
2365 691 2660 762 supplicia.
2703 695 2759 746 In
2793 696 2896 750 hac
2929 693 3068 749 valle
3096 695 3254 750 lucus
3279 703 3395 750 erat
3415 709 3718 751 consecra-

2119 795 2200 841 tus
2223 788 2369 844 idolo
2401 791 2549 857 Baal,
2603 791 2688 846 cui
2718 792 2997 847 dementia
3043 793 3210 847 Israel
3267 791 3607 857 immolabat,
3665 800 3721 848 et

2118 874 2257 932 filios
2288 894 2416 933 suos
2447 879 2732 936 daemoniis
2779 881 3128 937 incendebat.
3195 882 3289 938 Est
3342 889 3531 936 autem
3563 881 3718 937 locus

2117 963 2234 1035 ipse
2261 966 2417 1034 juxta
2470 968 2812 1024 Hierusalem
2861 971 2931 1025 ad
2964 971 3204 1026 radicem
3261 970 3466 1025 montis
3520 970 3710 1035 Moris,

2115 1063 2208 1118 ubi
2238 1065 2386 1120 Siloa
2415 1065 2552 1120 fluit.
2588 1067 2703 1123 Hoc
2733 1069 2942 1142 Regum
2969 1067 3223 1124 volumen
3253 1077 3304 1124 et
3331 1068 3711 1140 Paralipome-

2116 1167 2226 1208 non
2259 1162 2312 1208 et
2338 1155 2604 1211 Jeremias
2632 1156 2876 1212 scribunt
2930 1157 3266 1229 plenissime,
3316 1164 3370 1213 et
3408 1157 3719 1214 commina-

2117 1249 2204 1296 tur
2231 1243 2379 1297 Deus
2428 1261 2488 1298 se
2525 1244 2703 1300 locum
2734 1246 2910 1316 ipsum
2961 1246 3302 1317 impleturum
3354 1246 3716 1302 cadaveribus

2118 1343 2476 1399 mortuorum,
2541 1343 2600 1388 ut
2655 1349 3002 1406 nequaquam
3065 1343 3297 1391 vocetur
3343 1336 3593 1406 Topbeth
3647 1336 3714 1392 de

2116 1424 2266 1490 Baal,
2299 1425 2392 1480 sed
2444 1430 2672 1479 vocetur
2700 1424 3061 1495 Poyandrum,
3112 1423 3168 1478 id
3197 1431 3283 1478 est
3316 1425 3715 1479 tumulusmor-

2115 1528 2355 1576 tuorum.
2423 1520 2692 1590 Quoniam
2753 1537 2878 1575 reus
2936 1521 3045 1576 erit
3093 1521 3363 1594 gehennae
3417 1520 3564 1594 ignis
3621 1520 3712 1592 qui

2113 1609 2311 1666 dixerit
2357 1610 2501 1664 fatue
2560 1609 2712 1664 fratri
2771 1627 2894 1679 suo,
2955 1626 3087 1683 ergo
3134 1609 3506 1667 reconciliatio
3555 1626 3711 1681 quae-

555 1692 694 1773 er8_°
716 1680 1372 1773 “QuitétiSPP‘PTObrium
1395 1683 1524 1773 {ﬁcu
1555 1685 1705 1738 ῖιἮιΓί
1728 1701 1847 1749 δυο.
1882 1683 2002 1754 δρί·
2030 1685 2082 1746 Β
2116 1699 2287 1755 renda
2353 1707 2438 1756 est
2467 1715 2500 1754 a
2557 1698 2723 1754 fratre
2765 1673 2922 1756 laeso.
3072 1700 3177 1757 hoc
3205 1708 3288 1756 est
3341 1699 3487 1773 quod
3521 1673 3711 1773 sequi-

417 1763 577 1818 ritum
608 1766 770 1836 pleno
799 1768 946 1839 (sic),
967 1770 1218 1825 nimirum
1240 1788 1366 1827 reus
1387 1772 1441 1827 fit
1465 1773 1698 1828 consilio
1722 1788 1784 1828 ac
1796 1773 2006 1843 judicio

418 1870 749 1931 sanctorum,
797 1869 1177 1924 contumeliam
1228 1870 1406 1925 sancti
1465 1870 1694 1941 Spiritus
1742 1869 1996 1924 luiturus.

413 1947 558 2005 Raca
591 1951 899 2023 interjectio
928 1964 1030 2026 est,
1055 1957 1996 2030 aﬂectumindignantisostendens.

414 2037 530 2095 Hoc
561 2042 703 2096 enim
735 2045 920 2098 audivi
950 2061 982 2100 a
1011 2047 1250 2118 quodam
1271 2048 1528 2104 Hebraeo.
1547 2048 1680 2102 Cum
1703 2047 1758 2101 id
1783 2048 2007 2102 interro-

411 2143 654 2200 gassem,
687 2132 820 2187 dixit
849 2149 971 2189 esse
1003 2150 1190 2191 vocem
1223 2151 1331 2190 non
1363 2135 1757 2207 significantem
1779 2135 2002 2208 aliquid,

411 2218 510 2272 sed
543 2219 874 2292 indignantis
923 2225 1091 2278 animi
1147 2233 1354 2278 motum
1403 2226 1819 2295 exprimentem.
1867 2225 2004 2278 Fra-

410 2320 495 2368 ter
519 2324 710 2372 noster
737 2326 818 2372 est
841 2319 931 2391 qui
963 2320 1015 2373 in
1048 2320 1330 2376 Christum
1364 2322 1558 2376 credit.
1592 2321 1697 2391 Qui
1727 2337 1857 2378 vero
1880 2337 2004 2377 cre-

411 2402 558 2458 denti
589 2405 642 2458 in
667 2407 835 2460 Deum
859 2408 990 2464 dicit
1024 2424 1036 2462 :
1071 2408 1236 2474 fatue,
1265 2409 1464 2480 impius
1495 2418 1578 2465 est
1607 2412 1659 2464 in
1711 2410 2000 2483 religione.

413 2489 517 2559 Qui
549 2509 700 2566 ergo,
736 2512 898 2566 quem
929 2498 1096 2551 salem
1129 2499 1280 2552 Deus
1310 2507 1584 2569 nuncupat
1613 2498 1696 2554 vel
1728 2498 2006 2554 vitioinfa-

412 2581 545 2635 tuati
568 2599 762 2638 sensus
793 2584 1088 2641 lassescent
1119 2589 1265 2656 (sic),
1290 2589 1438 2657 prius
1454 2587 2006 2655 hujusmodimaledi-

411 2685 498 2733 cto
527 2680 716 2734 aeterni
747 2681 890 2753 ignis
915 2683 1173 2752 pabulum
1196 2685 1317 2749 erit,
1351 2684 1454 2738 nisi
1482 2684 1609 2740 inde
1640 2682 1996 2740 satisfecerit.

412 2766 620 2822 Iustitia
654 2770 1048 2826 Pharisaeorum
1082 2781 1164 2827 est
1195 2781 1250 2827 ut
1281 2789 1388 2827 non
1445 2773 1730 2829 occidatur
1762 2793 1774 2836 ;
1799 2773 2005 2842 justilia

414 2854 632 2912 illorum
661 2859 749 2930 qui
778 2861 1031 2916 intraturi
1081 2870 1203 2916 sunt
1237 2861 1289 2916 in
1343 2879 1575 2933 regnum
1625 2863 1908 2928 caelorum,
1952 2872 2008 2916 ut

410 2960 517 3001 non
552 2947 875 3005 irascantur.
934 2951 1035 3019 Qui
1067 2967 1175 3006 non
1222 2952 1420 3007 occidit
1475 2951 1729 3007 continuo
1757 2969 1862 3007 non
1923 2960 2007 3006 est

410 3051 642 3110 magnus
700 3047 752 3094 et
806 3039 1036 3095 idoneus
1096 3056 1270 3112 regno
1324 3041 1612 3109 caalorum,
1662 3040 1758 3094 sed
1827 3047 2008 3094 tamen
2040 3040 2089 3103 Ο

412 3128 660 3182 ascendit
683 3127 920 3199 aliquem
943 3130 1201 3200 gradum.
1240 3127 1554 3184 Perficietur
1609 3137 1790 3184 autem
1822 3129 1866 3183 si
1899 3145 2006 3184 non

410 3214 697 3272 irascatur.
731 3218 924 3273 Levius
949 3225 1027 3272 est
1049 3218 1207 3273 irasci
1237 3218 1395 3273 fratri
1417 3235 1578 3290 quam
1609 3219 1822 3275 dicere:
1847 3233 2006 3296 raca;

410 3320 464 3368 et
492 3313 667 3370 levius
686 3315 872 3372 dicere
897 3331 1020 3372 raca
1077 3331 1241 3388 quam
1298 3316 1463 3372 fatue.
1500 3317 1682 3372 Primo
1735 3317 1879 3372 enim
1928 3319 2011 3372 est

409 3401 493 3456 ira
511 3402 623 3458 sola
647 3422 662 3470 ;
693 3411 890 3474 postea
918 3405 1045 3472 duo,
1078 3407 1161 3460 ira
1178 3405 1763 3479 etvoxindignationis
1787 3413 2011 3476 ;postea

411 3499 533 3567 tria,
567 3500 667 3565 ira,
699 3509 750 3556 et
803 3517 926 3570 vox,
969 3511 1019 3558 et
1045 3511 1194 3558 certa
1243 3504 1554 3574 expressio.
1591 3503 1863 3559 Iudicium
1927 3511 2012 3558 est

411 3587 529 3653 iraa,
563 3590 618 3642 in
649 3606 758 3660 quo
788 3591 968 3645 adhuc
994 3591 1157 3645 datur
1182 3591 1334 3647 locus
1355 3591 1685 3647 defensioni.
1714 3593 1807 3646 Est
1829 3600 2008 3647 autem

411 3686 690 3742 distinctio
747 3687 885 3742 inter
924 3687 1186 3756 judicium
1237 3695 1291 3743 et
1330 3688 1599 3758 justitiam
1629 3688 1685 3743 in
1739 3704 1806 3744 eo
1864 3689 2010 3761 quod

413 3775 596 3832 ὤσει-ι
620 3775 824 3845 justitia
855 3792 882 3831 a
915 3777 1139 3846 judicio.
1179 3777 1328 3832 Solet
1381 3778 1522 3833 enim
1573 3777 1834 3847 judicium
1873 3793 2009 3850 pra-

415 3889 566 3942 vum,
600 3875 742 3948 quod
772 3875 1034 3944 injustum
1059 3883 1141 3930 est
1170 3890 1466 3944 exercere;
1487 3875 1696 3944 justitia
1736 3891 1868 3932 vero
1901 3875 2010 3930 ini-

412 3980 521 4036 qua
548 3973 601 4020 et
631 3965 837 4036 injusta
866 3981 990 4020 esse
1047 3981 1152 4020 non
1183 3972 1384 4035 potest.
1421 3965 1479 4018 In
1510 3965 1736 4020 consilio
1767 3981 1874 4019 non
1896 3967 2011 4033 jam

414 4076 538 4118 cum
559 4062 678 4134 ipso
719 4079 813 4118 reo
843 4063 1046 4134 agitur,
1082 4063 1179 4118 sed
1203 4062 1417 4132 judices
1445 4063 1588 4119 inter
1619 4078 1678 4119 se
1719 4061 2015 4117 conferunt

413 4152 482 4207 de
511 4151 794 4222 supplicio.
827 4152 1054 4208 Concilii
1105 4162 1282 4206 autem
1334 4168 1532 4207 nomen
1563 4159 1787 4207 tractum
1847 4159 2014 4207 estex

417 4255 567 4295 more
597 4241 1003 4296 Romanorum.
1038 4241 1304 4308 Tempore
1335 4239 1480 4296 enim
1503 4255 1610 4312 quo
1641 4254 1825 4295 causae
1873 4255 2010 4312 age-

418 4337 634 4402 bantur,
667 4338 1065 4392 conveniebant
1107 4355 1298 4393 omnes
1328 4337 1381 4392 in
1401 4355 1587 4404 unum,
1625 4337 2007 4407 communique

2115 1795 2202 1843 tur
2233 1805 2248 1842 :

2187 1944 2210 1970 α
2243 1922 2302 1977 Si
2333 1937 2466 1994 ergo
2495 1921 2664 1978 offers
2693 1939 2889 1978 munus
2919 1930 3076 1978 tuum
3107 1922 3174 1978 ad
3205 1923 3401 1988 altare,
3436 1930 3491 1978 et
3521 1923 3603 1978 ibi
3625 1939 3713 1979 re-

2114 2011 2373 2068 cordatus
2402 2011 2569 2066 fueris
2597 2011 2722 2084 quia
2747 2010 2909 2068 frater
2963 2020 3086 2067 tuus
3119 2011 3281 2068 habet
3335 2012 3550 2084 aliquid
3606 2012 3713 2067 ad-

2114 2117 2341 2157 versum
2364 2109 2435 2166 te,
2470 2101 2716 2172 relinque
2745 2100 2819 2155 ibi
2842 2117 3038 2156 munus
3093 2109 3242 2156 tuum
3269 2109 3396 2156 ante
3427 2101 3624 2168 altare,
3659 2108 3713 2156 et

2115 2190 2252 2245 vade
2281 2189 2431 2260 prius
2478 2189 2824 2245 reconciliari
2882 2189 3028 2244 fratri
3060 2198 3170 2257 tuo,
3219 2200 3273 2245 et
3303 2198 3436 2245 tunc
3483 2190 3715 2246 veniens

2115 2278 2312 2335 offeres
2341 2295 2536 2334 munus
2565 2287 2740 2334 tuum.
2785 2299 2806 2332 1
2841 2279 3154 2334 Absurdum
3182 2287 3264 2334 est
3282 2279 3718 2334 transmarinum

2115 2367 2358 2432 fratrem,
2385 2367 2431 2422 si
2462 2368 2536 2422 ita
2564 2368 2843 2434 acciderit,
2877 2369 3108 2424 credere
3163 2368 3541 2438 quaerendum.
3566 2369 3717 2439 Ergo

2113 2459 2179 2513 ad
2211 2457 2473 2530 spiritalia
2523 2459 2778 2531 refugere
2833 2459 3099 2530 cogimur,
3162 2466 3220 2512 ut
3294 2458 3443 2529 quod
3501 2458 3718 2513 dictum

2113 2565 2229 2611 est:
2257 2579 2276 2606 ι
2302 2556 2450 2611 Vade
2481 2557 2634 2626 prius
2666 2556 3003 2612 reconciliari
3017 2555 3289 2621 fratrituo,
3330 2576 3350 2605 ι
3374 2555 3492 2610 sine
3515 2559 3716 2610 absur-

2111 2645 2281 2700 ditate
2321 2645 2492 2716 possit
2520 2645 2773 2718 intelligi.
2817 2647 2931 2701 Nos
2979 2661 3168 2700 sumus
3189 2645 3474 2715 templum,
3534 2645 3720 2701 altare

2115 2743 2197 2790 est
2242 2733 2379 2789 fides
2433 2735 2684 2790 interior.
2749 2735 2880 2790 Cum
2913 2751 3048 2805 ergo
3078 2734 3130 2788 in
3163 2735 3328 2790 corde
3355 2743 3545 2789 nostro
3591 2735 3716 2790 Do-

2114 2823 2263 2878 mino
2310 2824 2555 2878 volumus
2585 2821 2782 2879 offerre
2837 2823 3163 2888 orationem,
3199 2823 3250 2877 si
3280 2823 3334 2877 in
3371 2823 3556 2893 aliquo
3608 2823 3718 2879 lae-

2114 2912 2285 2968 simus
2344 2912 2594 2980 fratrem,
2629 2913 2972 2986 pergendum
3029 2921 3112 2968 est
3148 2927 3258 2968 non
3294 2912 3527 2983 pedibus
3582 2927 3716 2968 cor-

2118 3005 2286 3076 poris,
2341 3002 2439 3058 sed
2492 3002 2730 3057 motibus
2815 3002 2982 3057 animi
3063 3002 3133 3056 ad
3182 3000 3715 3058 reconciliationem.

2119 3092 2174 3148 Si
2229 3100 2409 3147 autem
2458 3107 2704 3163 praesens
2761 3091 2847 3158 sit,
2882 3091 3231 3146 revocandus
3253 3099 3337 3146 est
3365 3090 3418 3144 in
3450 3091 3713 3163 gratiam,

2115 3181 2444 3254 postulando
2493 3181 2726 3247 veniam,
2781 3181 2827 3235 si
2885 3181 3033 3252 prius
3063 3180 3149 3237 hic
3178 3195 3365 3236 coram
3414 3181 3529 3236 Deo
3558 3178 3718 3236 fece-

2116 3287 2195 3327 1⁸15
2209 3312 2222 3324 .

2805 3397 2882 3452 De
2923 3396 3034 3452 ira.

2189 3529 2277 3582 lra
2309 3524 2660 3580 nihilominus
2716 3532 2797 3580 est
2828 3524 3163 3580 multimodis
3202 3522 3407 3579 furiosa
3439 3539 3453 3579 :
3488 3523 3718 3596 ipsaque

2116 3633 2149 3673 a
2171 3615 2425 3687 superbia
2473 3623 2525 3669 et
2555 3615 2755 3669 invidia
2806 3623 2951 3681 nata,
2985 3629 3131 3670 nunc
3160 3613 3489 3670 intrinsecus
3537 3629 3716 3668 exar-

2117 3707 2369 3770 descens,
2455 3720 2596 3759 nunc
2654 3703 2708 3758 in
2767 3719 2955 3760 vocem
3013 3703 3284 3758 factumve
3326 3719 3712 3774 prorumpens,

2118 3811 2264 3850 nunc
2293 3795 2454 3848 etiam
2511 3793 2803 3848 inveterata
2834 3809 2893 3848 se
2949 3793 3001 3846 in
3049 3791 3232 3847 odium
3283 3801 3502 3848 vertens
3551 3806 3716 3848 omne

2114 3885 2375 3956 judicium
2391 3891 2444 3938 et
2463 3883 2730 3937 rationem
2745 3882 2940 3937 mentis
2953 3881 3230 3953 perturbat
3248 3889 3413 3953 atque
3429 3882 3713 3951 pervertit.

2118 3983 2263 4036 Inter
2284 3981 2388 4035 alia
2413 3981 2555 4035 mala
2583 3979 2636 4034 in
2655 3979 2989 4051 patientiam,
3033 3978 3322 4046 clamores,
3373 3979 3544 4045 rixas,
3578 3994 3717 4034 con-

2119 4069 2276 4138 vicia,
2309 4071 2706 4135 contentiones,
2743 4067 3167 4140 indignationes,
3203 4066 3516 4133 maledicta,
3570 4082 3716 4138 sape

2120 4160 2283 4215 etiam
2311 4159 2570 4229 plurimas
2600 4158 2827 4229 proximi
2844 4157 3117 4226 laesiones,
3149 4157 3375 4229 sanguis
3397 4155 3714 4224 effusiones,

2119 4259 2174 4305 et
2203 4249 2497 4303 homicidia
2524 4248 2683 4319 parit.
2718 4247 2920 4303 Contra
2949 4247 3088 4302 hanc
3125 4262 3348 4318 quoque
3377 4246 3496 4314 ipsa
3524 4245 3715 4300 chari-

2119 4347 2204 4393 tas
2229 4347 2281 4393 et
2299 4338 2576 4393 humilitas
2627 4347 2794 4408 atque
2823 4335 3076 4406 patientia
3132 4351 3241 4390 non
3273 4336 3450 4390 solum
3508 4335 3715 4392 amicos

417 4426 717 4482 intentione
747 4428 1066 4482 tractabant.
1100 4426 1254 4483 Unde
1279 4435 1334 4482 et
1364 4428 1653 4484 concilium
1676 4443 1703 4480 a
1734 4404 2009 4483 communi
2037 4404 2086 4464 D
2120 4436 2173 4484 et
2205 4429 2348 4482 bona
2379 4427 2537 4481 nobis
2567 4404 2857 4491 facientes,
2888 4441 2986 4480 seu
3015 4424 3150 4478 nihil
3180 4424 3306 4479 mali
3357 4423 3658 4480 inferentes
3690 4443 3704 4481 :

419 4525 720 4581 intentione
759 4525 958 4580 dictum
990 4526 1144 4598 quasi
1178 4525 1496 4581 consilium.
1565 4525 1705 4579 Nam
1728 4524 1855 4580 cilia
1885 4540 2012 4580 ocu-

420 4615 598 4672 lorum
632 4623 779 4670 sunt.
829 4615 983 4671 Unde
1025 4623 1078 4670 et
1135 4615 1458 4684 considium,
1519 4615 1828 4678 consilium,
1886 4613 1921 4668 d
1961 4612 2012 4666 in

421 4704 647 4760 litterat
679 4711 1014 4759 transeunte.
1039 4704 1098 4757 In
1130 4704 1378 4776 gehenna
1418 4711 1564 4760 certa
1595 4711 1677 4758 est
1705 4701 2004 4757 damnatio.

418 4795 499 4849 Ex
511 4794 818 4866 primuntur
845 4792 1027 4866 itaque
1059 4809 1155 4863 pro
1183 4793 1348 4848 modo
1369 4792 1579 4864 peccati
1602 4792 1838 4848 diversa:
1863 4805 2012 4845 man-

417 4883 603 4938 siones
633 4885 687 4938 in
717 4891 923 4940 aeterna
945 4880 1310 4937 damnatione.
1364 4882 1502 4936 Nota
1550 4880 1802 4951 quamvis
1852 4878 2013 4935 irasci

419 4981 575 5038 fratri
607 4981 788 5037 minus
817 4981 903 5047 sit,
929 4996 1096 5052 quam
1111 4979 1424 5048 conviciari,
1457 4979 1756 5050 saepissime
1781 4985 1959 5033 tamen
1982 4992 2015 5032 a

415 5069 536 5127 Deo
559 5071 878 5127 accenditur
900 5069 998 5139 ira,
1031 5077 1088 5124 ut
1116 5077 1167 5124 et
1196 5084 1393 5123 nomen
1439 5076 1490 5124 et
1508 5075 1706 5124 reatum
1739 5065 2015 5123 homicidii

417 5178 704 5248 suscipiat.
746 5179 900 5235 Unde
917 5179 1162 5234 Joannes
1186 5177 1292 5232 ait:
1318 5199 1340 5224 α
1363 5175 1467 5245 Qui
1485 5176 1598 5232 odit
1614 5175 1836 5231 fratrem
1857 5189 2015 5229 suum

417 5265 693 5320 homicida
715 5275 800 5322 est
818 5267 874 5337 (Ι
893 5269 1058 5324 Joan.
1089 5268 1196 5338 ιιι).
1225 5287 1248 5317 ι
1279 5266 1437 5322 Raca
1458 5265 1760 5335 inlerjectio
1813 5272 1896 5320 est
1923 5267 2016 5318 in-

416 5363 698 5437 dignantis
727 5363 894 5418 animi
924 5373 1126 5420 motum
1158 5361 1502 5436 signiﬁcans.
1545 5363 1651 5420 Sed
1683 5362 1829 5435 quod
1852 5361 2016 5416 inter-

413 5452 684 5524 jectiones
715 5451 767 5506 in
813 5451 976 5505 aliam
1006 5469 1112 5506 non
1148 5452 1304 5508 facile
1354 5451 1774 5518 transferuntur,
1835 5449 2018 5523 coegit

417 5549 528 5598 tam
560 5541 820 5596 Graecum
837 5554 996 5607 quam
1028 5539 1272 5593 Latinum
1301 5540 1656 5611 interpretem
1709 5540 1881 5611 ipsam
1911 5555 2016 5610 po-

417 5655 552 5696 nere
577 5652 768 5694 vocem
791 5634 1136 5690 Hebraicam.
1175 5636 1388 5690 Nomen
1419 5638 1686 5709 gehennae
1727 5638 1780 5691 in
1814 5637 2020 5693 veteri-

418 5728 577 5785 ribus
606 5725 759 5782 libris
788 5739 899 5781 non
954 5722 1248 5791 invenitur,
1282 5723 1380 5780 sed
1419 5725 1650 5795 primum
1682 5739 1713 5780 a
1737 5725 2021 5783 Salvatore

2120 4526 2479 4583 verumetiam
2511 4533 2893 4597 persecutores
2931 4532 2979 4579 et
3009 4523 3160 4594 ipsos
3189 4523 3441 4579 inimicos
3495 4530 3715 4579 nostros

2121 4615 2295 4688 diligi,
2330 4620 2383 4671 et
2416 4631 2517 4687 pro
2550 4615 2628 4669 eis
2661 4615 2925 4686 benignas
2958 4628 3152 4684 preces
3199 4611 3426 4680 effundi,
3459 4613 3715 4685 bonaque

2123 4707 2204 4762 eis
2232 4721 2333 4777 pro
2365 4705 2525 4760 malis
2553 4704 2782 4775 rependi
2821 4711 3130 4774 poscentes,
3190 4702 3369 4774 ipsum
3425 4703 3712 4758 Dominum

2121 4797 2240 4852 haec
2268 4794 2699 4866 praecipientem,
2734 4799 2787 4846 et
2815 4793 2931 4849 haec
2974 4790 3207 4846 inimicis
3241 4791 3552 4857 facientem,
3609 4789 3716 4846 sibi

2121 4896 2456 4966 proponunt.
2486 4892 2554 4947 Et
2575 4908 2681 4948 non
2714 4891 2888 4948 solum
2911 4891 3017 4947 hoc
3045 4906 3078 4946 a
3102 4888 3263 4946 nobis
3305 4886 3424 4944 fieri
3457 4896 3714 4962 oportere

2123 4990 2539 5055 demonstravit,
2572 4989 2668 5045 sed
2693 4989 2854 5045 etiam
2882 4987 3029 5044 mala
3050 5003 3172 5060 qua:
3200 4986 3437 5058 patimur
3463 5002 3566 5058 pro
3593 5003 3717 5060 pur-

2121 5080 2254 5137 catis
2275 5087 2328 5135 et
2344 5079 2552 5135 meritis
2601 5077 2799 5134 nostris
2841 5078 3054 5133 minora
3094 5077 3423 5133 aestimantes
3453 5091 3557 5147 pro
3595 5090 3716 5147 pec-

2124 5171 2364 5243 gatione,
2397 5185 2493 5224 seu
2523 5167 2849 5240 probatione
2877 5175 3060 5223 nostra
3096 5165 3162 5221 ad
3181 5164 3467 5221 toleranda
3535 5164 3712 5220 adhuc

2123 5260 2329 5330 majora
2352 5258 2576 5322 damna,
2609 5256 2892 5313 molestias
2950 5264 3004 5312 et
3058 5255 3308 5327 injurias,
3359 5261 3607 5326 paratum
3664 5261 3716 5308 et

2125 5356 2437 5422 promptum
2467 5348 2706 5403 animum
2737 5346 3017 5412 adhibere,
3051 5353 3105 5401 et
3133 5360 3198 5400 ex
3228 5351 3420 5399 nostra
3448 5346 3716 5398 voluntate

2124 5437 2329 5510 aliquid
2351 5436 2513 5492 etiam
2544 5436 2671 5491 boni
2701 5433 3157 5506 persequentibus
3195 5449 3358 5504 super
3400 5432 3712 5503 impendere

2127 5525 2684 5598 exposcunt,Domino
2702 5525 2780 5579 sic
2796 5523 3145 5596 praecipiente
3163 5541 3175 5577 :
3197 5545 3217 5572 ‹ι
3239 5520 3346 5591 Qui
3368 5529 3418 5576 te
3435 5536 3712 5593 percusse-

2128 5625 2196 5681 rit
2212 5624 2267 5680 in
2293 5624 2546 5679 dextram
2565 5621 2864 5688 maxillam,
2896 5621 3082 5694 praebe
3097 5619 3148 5677 ei
3168 5628 3218 5675 et
3240 5619 3465 5676 alteram
3490 5619 3712 5690 (Matth.

2128 5724 2205 5794 v).
2242 5745 2265 5772 ι
2301 5723 2369 5779 Et
2387 5721 2615 5780 iterum:
2653 5744 2674 5770 «
2691 5718 2796 5790 Qui
2809 5719 2907 5778 tibi
2927 5717 3206 5778 abstulerit
3221 5717 3486 5784 tunicam,
3506 5716 3575 5773 da
3595 5714 3710 5773 eisi
