4042 6080
278 267 303 318 1
314 268 419 320 057

1202 262 1795 322 DEFLORATIONES
1848 264 1947 320 SS.
1992 266 2287 325 PATRUM.
2319 299 2391 308 -
2418 268 2547 326 LIB.
2580 271 2647 325 ll.

3442 280 3577 334 1058

277 393 544 450 militeret
556 388 869 461 pallium.Et
883 389 973 460 qui
986 396 1039 447 te
1065 391 1439 463 angariaverit
1466 390 1615 446 mille
1644 405 1837 461 passus
1861 407 1873 446 :
1904 390 1961 451 A
1990 392 2337 451 conscientia)
2368 411 2629 457 vermem.
2663 398 3099 471 saneintelliget,
3133 407 3185 455 et
3205 417 3455 460 vermem
3476 423 3588 465 non

278 482 424 539 vade
482 496 605 536 cum
636 478 732 533 illo
787 479 893 534 alia
931 480 1040 535 duo
1092 482 1297 550 (ibid.).
1340 505 1361 529 »
1417 480 1693 535 Postulant
1725 480 1887 533 etiam

292 576 353 628 ut
386 595 407 620 α
444 570 732 641 passiones
761 568 922 637 hujus
952 569 1212 639 temporis
1242 570 1310 623 ad
1341 570 1577 624 futuram
1629 567 1887 640 gloriam.

283 685 407 741 quae
438 664 773 722 revelabitur
802 664 854 717 in
885 664 1044 718 nobis
1076 664 1255 735 (Rom.
1319 666 1455 732 Vlll),
1488 690 1508 714 ιι
1545 680 1890 735 nequaquam

285 758 591 830 condignas
621 770 743 809 esse
773 753 1030 818 scientes,
1056 770 1167 808 non
1183 753 1361 808 solum
1386 770 1483 808 eas
1505 755 1885 825 aequanimiter

280 846 602 908 toleremus,
664 842 762 898 sed
824 842 989 897 etiam
1046 858 1143 914 spe
1178 843 1431 898 certioris
1460 843 1669 913 praemii
1699 844 1753 897 in
1786 844 1887 897 tri-

283 942 649 1000 bulationibus
679 940 999 1011 gloriemur,
1033 948 1087 995 et
1138 941 1319 1011 potius
1348 940 1685 1012 gaudeamus
1715 957 1884 1012 quam

284 1041 378 1088 aut
407 1034 717 1086 irascamur
745 1036 835 1083 aut
892 1028 1205 1083 doleamus.
1246 1030 1455 1084 Docent
1507 1029 1668 1083 etiam
1700 1030 1886 1085 omnia

282 1138 409 1179 esse
439 1118 771 1192 spernenda.
814 1124 873 1173 ut
900 1119 981 1172 ira
1006 1118 1222 1183 vitetur,
1265 1127 1320 1173 et
1373 1120 1553 1173 omnia
1583 1119 1885 1189 toleranda,

283 1230 342 1278 ut
370 1218 678 1277 dilectionis
708 1226 761 1274 et
798 1216 952 1288 pacis
1011 1217 1379 1288 tranquillitas
1442 1226 1705 1273 servetur.
1740 1216 1890 1273 Sicut

284 1317 465 1367 autem
487 1306 734 1365 carnales
750 1306 927 1361 adhuc
977 1321 1075 1376 pro
1094 1314 1319 1360 terrena
1349 1305 1646 1360 substantia
1663 1305 1889 1375 disjun-

1996 482 2317 537 moriturum
2348 484 2402 538 in
2432 494 2638 541 interno
2661 488 2906 543 cruciatu
2926 489 3297 557 conscientiae,
3318 501 3367 547 et
3400 494 3582 565 ignem

1996 586 2105 624 non
2126 573 2586 645 exstinguendum
2613 575 2665 628 in
2697 591 2882 631 carne.
2918 576 3023 631 Sed
3056 580 3329 649 quomodo
3371 581 3464 637 illa
3480 583 3581 639 fri-

1995 684 2125 738 gora
2182 669 2387 725 nivium
2427 680 2478 725 et
2534 672 2747 728 calores
2784 673 2989 744 ignium
3043 675 3482 748 interpretamur,
3515 684 3585 738 ad

1994 773 2113 828 quae
2146 759 2427 813 cruciandi
2479 760 2630 831 impii
2669 762 2974 818 alternatim
3019 766 3255 821 transire
3312 768 3583 838 dicuntur,

1995 860 2065 899 an
2096 845 2236 902 forte
2264 846 2334 902 de
2365 848 2458 903 illa
2488 858 2695 905 tantum
2726 868 2883 923 pmna
2914 852 3325 927 intelligendum
3369 868 3448 914 est
3480 876 3588 932 qua

1996 958 2138 999 nunc
2168 943 2222 997 in
2252 944 2457 1014 Spiritu
2487 955 2613 1002 ante
2643 948 2815 1003 ultimi
2843 950 3034 1018 judicii
3065 952 3209 1007 diem
3252 957 3583 1027 cruciantur,

1997 1039 2059 1087 ut
2074 1032 2324 1089 videlicet
2340 1052 2438 1105 per
2451 1037 2764 1092 varietatem
2781 1046 3174 1096 tormentorum
3186 1044 3252 1098 ad
3267 1045 3418 1100 illam
3433 1064 3590 1103 unam

1996 1130 2049 1176 et
2077 1138 2342 1176 summam
2366 1139 2579 1194 pmuam
2612 1134 2908 1195 transeant,
2968 1129 3023 1183 in
3056 1147 3163 1202 qua
3184 1132 3321 1189 sicut
3348 1133 3593 1193 intermi-

1996 1210 2270 1278 nabiliter,
2304 1211 2376 1266 ita
2405 1213 2565 1268 etiam
2597 1212 2988 1272 invariabiliter
3014 1220 3343 1278 subsistant.
3391 1226 3592 1282 Ultima

1996 1305 2198 1378 quippe
2228 1308 2663 1365 damnandorum
2684 1328 2852 1381 poena
2892 1312 3030 1369 sicut
3049 1318 3257 1373 cunctis
3277 1321 3453 1388 poenis
3472 1340 3596 1378 ma-

284 1400 364 1473 git
393 1397 647 1453 inimicus
666 1395 827 1451 citata
851 1395 974 1448 bilaa
993 1396 1123 1464 (15),
1149 1393 1225 1448 ita
1250 1394 1393 1449 inter
1415 1394 1695 1465 spiritales
1716 1394 1894 1466 gignit
1992 1395 2079 1485 ior
2105 1411 2228 1451 esse
2259 1413 2367 1451 non
2433 1398 2887 1457 inconvenienter
2939 1405 3196 1472 creditur,
3255 1408 3331 1464 ita
3378 1427 3596 1485 quoque

286 1494 599 1554 discordam
630 1508 732 1564 pro
774 1491 1148 1547 intellectuum
1192 1490 1523 1548 diversitate.
1546 1492 1699 1547 Unde
1730 1492 1891 1547 Salo-

288 1602 419 1643 mon
454 1600 467 1639 :
501 1609 520 1630 υ
565 1581 771 1638 Odium
804 1581 1027 1636 suscitat
1074 1580 1373 1648 contentio,
1398 1582 1687 1637 universos
1714 1587 1892 1637 autem

290 1677 380 1748 qui
415 1689 523 1729 non
556 1671 889 1728 contendunt
935 1669 1167 1742 protegit
1200 1669 1440 1725 amicitia
1470 1671 1651 1741 (Prov.
1680 1672 1791 1740 x).-
1824 1699 1895 1711 —

1998 1483 2054 1538 in
2084 1500 2148 1539 eo
2180 1486 2329 1555 quod
2357 1487 2574 1542 caeteris
2604 1489 2855 1545 omnibus
2875 1491 3057 1547 acrius
3078 1502 3179 1562 est,
3214 1503 3267 1550 et
3288 1483 3591 1555 vehemen-

2000 1572 2103 1627 tius
2118 1573 2465 1643 excrucians,
2490 1584 2762 1633 tormento
2807 1595 2915 1635 non
2948 1580 3388 1641 irrationabiliter
3421 1595 3587 1659 puta-

2000 1673 2110 1720 tur.
2149 1665 2308 1735 Quod
2340 1677 2632 1738 propterea
2660 1670 2909 1728 fortassis
2940 1674 3117 1730 solum
3139 1677 3258 1744 erit,
3293 1686 3349 1732 ut
3380 1696 3599 1751 semper

294 1789 315 1813 α
338 1765 491 1836 Ergo
504 1777 724 1817 servum
746 1760 967 1815 Deinon
990 1767 1206 1830 oportet
1224 1758 1465 1832 litigare,
1488 1759 1585 1814 sed
1602 1775 1725 1815 esse
1742 1775 1895 1814 man-
1924 1748 1976 1807 Β
2007 1780 2276 1819 summum
2309 1782 2432 1820 esse
2460 1768 2655 1837 possit,
2692 1768 2820 1841 quia
2876 1771 3143 1844 quidquid
3172 1789 3269 1845 pro
3298 1774 3394 1832 illo
3414 1748 3601 1836 mitte-

290 1870 505 1919 suetum
534 1860 605 1917 ad
634 1874 846 1927 omnes,
909 1864 962 1913 et
1000 1873 1123 1912 cum
1184 1857 1455 1913 modestia
1501 1857 1892 1928 corripientem

293 1967 389 2009 eos
418 1950 509 2023 qui
536 1950 795 2005 resistunt
823 1945 1035 2002 veritati
1066 1946 1136 2016 (II
1183 1947 1320 2001 Tim.
1358 1945 1444 2015 ιι).
1464 1969 1485 1994 η
1521 1944 1729 2000 Stultas
1759 1960 1894 2018 ergo

293 2050 348 2099 et
377 2040 495 2095 sine
525 2034 817 2109 disciplina
853 2035 1212 2105 quaestiones,
1275 2042 1327 2089 et
1361 2034 1413 2089 in
1446 2034 1645 2106 quibus
1674 2051 1783 2090 non
1814 2042 1897 2089 est

297 2140 580 2214 proiectus
611 2134 852 2192 scientiae
884 2133 1104 2199 devitet,
1128 2133 1309 2189 sciens
1338 2132 1463 2205 quia
1493 2140 1755 2205 generant
1775 2132 1897 2231 lites

301 2245 412 2285 non
440 2223 880 2286 aediﬁcationem,
914 2230 1161 2277 errantes
1193 2229 1369 2276 autem
1392 2237 1501 2276 non
1522 2230 1699 2277 cesset
1726 2223 1900 2278 corri-

299 2333 450 2391 gere,
486 2315 531 2370 si
563 2312 784 2385 quando
814 2311 907 2366 det
936 2310 1043 2364 illis
1071 2310 1218 2365 Deus
1244 2326 1578 2382 cognoscere
1592 2309 1896 2377 veritatem,

301 2423 357 2472 et
386 2412 713 2483 resipiscant
743 2425 775 2464 a
806 2406 1017 2479 laqueis
1047 2406 1267 2475 diaboli,
1301 2423 1329 2460 a
1362 2423 1468 2478 quo
1498 2407 1697 2478 captivi
1715 2415 1902 2461 tenen-

306 2512 416 2570 tur,
452 2501 523 2557 ad
553 2498 878 2570 explandem
909 2497 1031 2565 ejus
1053 2494 1383 2551 voluntatem
1415 2497 1618 2567 (ibid.).
1651 2496 1775 2551 Non
1806 2512 1901 2550 so-

302 2592 416 2647 lum
437 2596 626 2644 autem
644 2585 774 2640 nulli
792 2600 891 2639 nos
903 2582 1064 2639 irasci
1086 2582 1354 2650 convenit,
1373 2584 1467 2638 sed
1482 2582 1640 2638 etiam
1655 2584 1792 2637 alios
1804 2597 1904 2638 suo

310 2695 638 2747 commottos
668 2682 804 2739 vitio
829 2690 1017 2737 nostra
1047 2681 1271 2736 lenitate
1300 2680 1538 2745 vincere,
1562 2681 1708 2750 juxta
1721 2680 1855 2736 illud
1887 2696 1901 2734 :

303 2778 431 2837 Noli
460 2774 603 2831 vinci
634 2790 664 2828 a
696 2772 844 2828 malo
874 2771 972 2825 sed
992 2771 1149 2826 vince
1172 2770 1225 2824 in
1254 2770 1398 2825 bono
1428 2770 1650 2824 malum.
1685 2770 1906 2824 Talibus

305 2860 567 2919 remediis
597 2858 688 2931 qui
719 2864 907 2913 contra
935 2855 1071 2909 iram
1127 2862 1339 2910 curatus
1398 2854 1580 2917 fuerit,
1616 2853 1811 2909 evadet
1841 2853 1908 2907 il-

306 2961 398 3016 lud
432 2955 808 3030 evangelicum
840 2954 985 3026 quod
1018 2952 1282 3007 Dominus
1308 2952 1379 3006 ait
1416 2970 1429 3005 :
1468 2976 1489 2999 α
1520 2951 1625 3020 Qui
1656 2952 1911 3006 irascitur

310 3049 468 3106 fratri
488 3064 606 3110 suo,
642 3061 767 3099 reus
795 3042 899 3099 erit
924 3042 1193 3113 gehennae
1222 3041 1369 3113 ignis
1402 3041 1626 3110 (Matth.
1663 3041 1782 3108 v).»

385 3185 581 3257 Qualia
609 3192 789 3238 autem
838 3189 1107 3236 tormenta
1164 3178 1489 3251 gehennalia
1518 3178 1643 3247 sint,
1684 3178 1912 3249 dignum

317 3277 539 3335 videtur
584 3270 889 3345 inquirere.
955 3269 1096 3323 Nam
1127 3267 1283 3322 valde
1320 3268 1554 3337 dignum
1583 3266 1920 3339 inquisitioni

319 3366 556 3433 videtur,
588 3370 770 3418 utrum
798 3358 1007 3415 scilicet
1038 3356 1188 3412 solus
1216 3357 1361 3429 ignis
1408 3357 1732 3413 cruciatibus
1759 3357 1918 3412 dam-

324 3466 577 3514 natorum
600 3448 890 3521 impositus
920 3446 1008 3513 sit,
1040 3453 1330 3516 propterea
1385 3446 1532 3516 quod
1559 3445 1711 3500 illum
1740 3445 1921 3501 solum

324 3545 529 3603 veritas
560 3544 958 3597 commemorat
976 3533 1165 3589 dicens
1184 3534 1338 3597 :ulte,
1352 3534 1647 3599 maledicti,
1671 3535 1724 3588 in
1738 3534 1923 3605 ignem

331 3652 621 3707 aeternum,
683 3635 772 3707 qui
821 3640 1045 3704 paratus
1083 3639 1166 3686 est
1211 3631 1431 3687 diabolo
1469 3640 1524 3687 et
1557 3633 1770 3703 angelis
1808 3634 1924 3702 ejus

331 3732 564 3805 (Matth.
595 3726 798 3795 xxv)»
829 3723 965 3777 Cum
996 3720 1140 3775 enim
1198 3721 1254 3773 in
1302 3720 1406 3775 hac
1435 3721 1564 3786 vita,
1598 3737 1706 3776 non
1746 3721 1925 3777 solum

330 3823 401 3879 ab
440 3820 589 3891 igne,
621 3814 720 3869 sed
745 3812 816 3867 ab
836 3810 956 3865 aliis
984 3824 1199 3881 quoque
1225 3809 1507 3863 elementis
1536 3825 1677 3880 pene
1707 3825 1773 3866 ac
1800 3826 1927 3866 cru-

334 3919 510 3976 ciatus
539 3910 880 3985 proveniant,
916 3923 1084 3979 quare
1113 3906 1226 3963 illic
1254 3922 1363 3961 non
1394 3907 1559 3963 etiam
1587 3908 1640 3961 in
1670 3907 1790 3963 aliis
1818 3907 1932 3964 ele-

337 4008 537 4063 mentis
568 4002 707 4058 sicut
734 4007 787 4055 et
816 3998 870 4052 in
892 3998 1020 4069 igne
1048 4011 1190 4066 pene
1209 3996 1588 4051 damnatorum
1603 3997 1928 4052 consistant.

336 4098 419 4153 De
450 4090 734 4150 tormentis
766 4088 963 4159 quippe
981 4084 1276 4154 impiorum
1289 4084 1549 4155 scriptum
1571 4092 1685 4140 est:
1709 4087 1935 4140 «Trans-

340 4201 473 4252 eunt
500 4207 534 4247 a
572 4186 867 4261 frigoribus
908 4183 1116 4239 nivium
1158 4180 1230 4237 ad
1283 4181 1490 4238 calores
1529 4182 1735 4253 ignium
1794 4183 1932 4253 (Job.

338 4286 520 4345 xxxv).
559 4301 582 4328 »ι
615 4279 683 4332 Et
720 4276 913 4330 iterum
952 4271 1083 4327 alibi
1117 4288 1131 4325 :
1179 4293 1200 4319 α
1236 4271 1450 4325 Vermis
1479 4286 1664 4326 eorum
1687 4286 1795 4327 non
1824 4287 1939 4328 mo—

340 4371 530 4435 rietur,
555 4375 607 4423 et
634 4363 780 4436 ignis
809 4378 999 4418 eorum
1016 4377 1130 4415 non
1151 4360 1529 4431 exstinguetur
1557 4360 1691 4426 (Ira.
1728 4364 1934 4431 LXVI).-

2004 1860 2170 1921 retur,
2202 1855 2271 1909 de
2293 1854 2382 1910 illo
2412 1856 2777 1913 minueretur.

2076 1994 2309 2065 Quidam
2343 1998 2525 2054 tamed
2556 2000 2772 2056 fuerunt
2799 2000 2911 2074 qui,
2945 2001 3091 2059 sicut
3119 2003 3320 2061 dictum
3349 2015 3455 2075 est,
3483 2017 3597 2066 tor-

2003 2099 2189 2147 menta
2215 2094 2484 2165 gehennae
2513 2094 2864 2166 spiritualiter
2892 2105 3120 2167 tantum,
3140 2107 3193 2155 et
3207 2116 3316 2156 non
3343 2118 3602 2174 corpora-

2006 2179 2128 2235 liter
2159 2180 2517 2254 intelligenda
2538 2185 2827 2253 putaverit,
2852 2195 3145 2257 propterea
3175 2191 3319 2261 quod
3351 2194 3600 2263 quaedam

2008 2270 2175 2326 verba
2193 2271 2595 2341 Scripturarum
2614 2274 2765 2344 quasi
2783 2274 2927 2329 idem
2940 2279 3239 2333 asserentia
3262 2280 3604 2338 invenerunt.

2009 2358 2209 2415 Dicunt
2235 2359 2375 2414 enim
2411 2361 2664 2432 quaedam
2694 2362 2994 2433 Scriptura:
3024 2366 3151 2435 quia
3180 2368 3487 2425 substantia
3515 2372 3607 2426 in-

2012 2455 2268 2511 feriorum
2300 2456 2595 2527 spiritualis
2629 2467 2730 2526 est,
2768 2476 2877 2515 non
2907 2462 3230 2532 corporalis,
3276 2465 3381 2520 etsi
3407 2467 3606 2524 strido-

2013 2561 2101 2601 res
2130 2545 2381 2599 dentium
2416 2555 2469 2602 et
2497 2546 2656 2602 ﬂetus
2687 2548 3004 2619 spiritaliter
3032 2551 3341 2609 animarum
3372 2555 3605 2630 intelligi

2013 2650 2230 2713 oportet
2259 2644 2478 2713 (Matth.
2512 2649 2650 2714 riu),
2713 2645 2961 2702 ﬂammas
2993 2664 3204 2721 quoque
3258 2660 3311 2706 et
3339 2659 3611 2709 tormenta

2014 2747 2124 2787 non
2151 2733 2476 2802 corporalia,
2516 2734 2616 2788 sed
2652 2735 2951 2804 spiritualia
3005 2738 3300 2809 cogitanda
3337 2741 3609 2811 ejusmodi

2016 2820 2467 2893 ambiguitatibus
2524 2823 2819 2878 verborum
2885 2824 3148 2880 ﬂuctuant
3187 2830 3281 2898 qui
3339 2845 3448 2885 non
3487 2840 3613 2887 sunt

2016 2909 2247 2965 radicati
2284 2910 2339 2963 in
2379 2910 2513 2965 fide.
2563 2911 2703 2980 Quid
2743 2913 2889 2967 enim
2928 2929 3156 2970 necesse
3186 2916 3286 2971 fuit
3322 2927 3614 2989 pr0pterea

2017 3005 2282 3054 tormenta
2314 3000 2581 3071 gehennae
2612 3000 2910 3070 spiritualia
2968 3011 3175 3058 tantum
3206 3007 3455 3073 credere,
3490 3009 3615 3080 quia

1943 3108 1991 3171 ο
2021 3096 2316 3152 substantia
2344 3097 2659 3153 inferiorum
2696 3099 2967 3169 Spiritalis
3030 3107 3087 3157 et
3144 3118 3253 3158 non
3319 3107 3620 3175 corporalis

2024 3183 2170 3241 dicta
2190 3194 2291 3240 est.
2335 3184 2437 3255 Qui
2468 3187 2612 3241 enim
2654 3196 2780 3242 sunt
2818 3188 2997 3258 interi,
3040 3189 3150 3246 nisi
3188 3192 3409 3262 spiritus
3457 3195 3618 3251 mali-

2026 3273 2139 3345 gni,
2182 3274 2273 3345 qui
2302 3289 2337 3329 a
2366 3276 2597 3330 summis
2628 3277 2698 3331 ad
2754 3276 2962 3345 inﬁma,
2994 3286 3046 3333 et
3102 3295 3201 3351 per
3242 3281 3457 3352 culpam
3483 3284 3621 3355 lapsi

2028 3378 2171 3439 sunt,
2203 3379 2252 3427 et
2282 3388 2381 3442 per
2408 3389 2625 3443 poenam
2639 3373 2905 3445 depressi.
2931 3374 3177 3445 Quorum
3205 3378 3465 3435 nimirum
3492 3382 3622 3437 sub-

2030 3460 2229 3516 stantia
2261 3470 2313 3517 et
2343 3467 2469 3532 post
2496 3463 2708 3534 culpam
2739 3481 2846 3521 non
2878 3467 3202 3538 corporalis,
3238 3468 3336 3524 sed
3365 3470 3625 3541 spiritalis

2031 3565 2154 3605 esse
2185 3550 2442 3618 creditur,
2477 3552 2602 3623 quia
2624 3552 2747 3609 licet
2765 3554 2819 3608 in
2841 3556 2919 3610 eis
2954 3556 3204 3612 voluntas
3237 3574 3334 3626 per
3362 3559 3624 3616 malitiam

2031 3639 2097 3694 ad
2130 3640 2276 3694 aliud
2309 3648 2515 3695 mutata
2545 3642 2631 3706 sit,
2663 3651 2855 3698 natura
2878 3652 3059 3699 tamen
3085 3646 3245 3700 etiam
3280 3657 3402 3718 post
3430 3650 3625 3704 eadem

2034 3736 2697 3807 pennansit.Animarum
2728 3756 2943 3812 quoque
2999 3758 3142 3798 nunc
3174 3743 3225 3796 in
3252 3744 3442 3800 inferis
3470 3746 3629 3801 dam-

2036 3832 2283 3880 natarum
2316 3826 2611 3882 substantia
2679 3843 2787 3883 non
2818 3830 3143 3899 corporalis,
3179 3832 3273 3886 sed
3330 3834 3631 3904 spiritualis

2036 3922 2189 3970 recte
2222 3916 2564 3986 perhibetur,
2598 3916 2723 3988 quia
2753 3932 2898 3973 nunc
2924 3934 2954 3972 a
2980 3919 3301 3989 corporibus
3330 3922 3545 3990 solutae,
3577 3924 3633 3978 in

2040 4011 2158 4067 sola
2190 4012 2451 4081 spirituali
2480 4022 2677 4068 natura
2703 4014 2815 4070 illic
2844 4016 2900 4068 in
2930 4017 3212 4071 tormentis
3242 4017 3551 4075 detinentur
3581 4029 3634 4077 et

2040 4100 2248 4155 idcirco
2279 4101 2427 4171 quod
2458 4101 2525 4155 de
2554 4101 2686 4171 ipsis
2733 4102 2789 4155 in
2821 4102 3102 4173 Scriptura
3153 4119 3309 4160 sacra
3338 4109 3636 4166 secundum

2042 4196 2295 4242 naturam
2324 4204 2509 4243 rerum
2540 4190 2911 4259 corporalium
2942 4204 3419 4262 commemoratur,
3442 4198 3637 4255 merito

2046 4298 2156 4338 non
2186 4283 2539 4353 corporaliter
2565 4285 2664 4339 sed
2694 4286 3441 4362 spiritaliterintelligendum
3461 4295 3641 4350 credi-

2048 4378 2155 4426 tur.
2177 4370 2318 4425 Nam
2332 4371 2376 4425 si
2390 4371 2442 4425 id
2466 4373 2611 4443 quod
2629 4373 2763 4444 ipsae
2779 4383 2924 4441 sunt,
2944 4391 3051 4432 non
3064 4392 3266 4449 corpus
3282 4381 3380 4436 sed
3397 4382 3639 4453 spiritus,

340 4462 482 4518 Nam
510 4458 557 4512 si
585 4469 809 4511 venmen
842 4450 964 4522 quis
993 4450 1061 4504 ad
1093 4448 1267 4504 solam
1300 4448 1773 4518 compunctionem
1803 4465 1916 4505 con-

2049 4459 2193 4531 quod
2224 4459 2279 4513 in
2308 4459 2442 4530 ipsis
2471 4468 2685 4517 estnon
2709 4464 3013 4534 corporale,
3034 4466 3132 4521 sed
3149 4448 3645 4538 spirituale-intelli;

345 4555 588 4614 scientia;
617 4548 937 4622 peccatricis
956 4546 1165 4602 referre
1182 4545 1329 4613 velit,
1353 4554 1406 4600 et
1424 4546 1493 4600 ob
1516 4545 1702 4617 ignem
1721 4546 1939 4618 quidem

348 4642 689 4715 corporalem
713 4653 953 4694 vermem
1011 4642 1102 4689 aut
1131 4650 1239 4689 non
1285 4633 1645 4704 corporalem,
1687 4637 1787 4690 sed
1826 4635 1944 4707 spi-

349 4733 563 4793 ritalem
602 4735 773 4801 putet,
815 4726 943 4797 quid
1009 4732 1093 4780 est
1130 4724 1279 4792 quod
1343 4722 1469 4777 alibi
1508 4724 1767 4795 scriptum
1807 4732 1889 4779 est
1930 4742 1944 4778 :

357 4853 380 4887 ι
405 4830 663 4887 Vindicta
692 4824 875 4883 carnis
902 4822 1051 4893 impii
1081 4821 1227 4893 ignis
1257 4828 1311 4875 et
1338 4821 1543 4875 vermis
1565 4823 1759 4892 (Eccli.
1794 4822 1944 4891 vn).-

353 4923 409 4978 Si
449 4920 593 4975 enim
632 4923 926 4986 propterea
988 4911 1134 4983 ignis
1173 4909 1479 4978 corporalis
1518 4911 1779 4975 creditur,
1823 4910 1952 4981 quia

353 5004 592 5063 vindicta
622 4999 804 5056 carnis
833 5004 933 5061 est,
958 5011 1125 5067 quare
1153 5009 1260 5049 non
1293 4993 1551 5049 similiter
1581 4993 1791 5048 vermis
1821 5010 1951 5049 cor—

359 5101 622 5175 poraliter
651 5097 870 5160 dicitur,
904 5092 1032 5163 quia
1084 5091 1137 5145 in
1186 5091 1480 5146 vindictam
1512 5092 1698 5146 carnis
1738 5099 1957 5160 paratus

926 5182 1147 5250 Propter
1212 5178 1527 5248 hujusmodi
1601 5194 1708 5233 non
1767 5179 1959 5233 leviter

360 5290 531 5330 unum
562 5268 765 5340 aliquid
822 5265 1041 5320 diffiniri
1072 5272 1277 5335 potest.
1339 5264 1544 5317 Tamen
1593 5261 1735 5334 quod
1763 5262 1963 5317 dixerit

366 5377 659 5443 propterea
688 5363 869 5421 carnis
900 5362 1051 5432 impii
1110 5362 1401 5417 vindictam
1431 5360 1483 5413 in
1516 5376 1701 5415 verme
1732 5358 1963 5414 futuram

369 5476 493 5516 esse
528 5465 584 5512 et
602 5455 751 5527 igne,
773 5452 902 5525 quia
925 5451 1121 5521 impius
1152 5466 1253 5521 pro
1283 5467 1348 5504 eo
1362 5448 1507 5521 quod
1537 5465 1758 5504 carnem
1792 5448 1964 5504 male-

372 5546 524 5613 dixit,
557 5546 611 5601 in
642 5557 805 5600 carne
827 5540 1160 5598 cruciabitur
1181 5538 1494 5610 perigaem,
1517 5547 1570 5595 et
1589 5538 1646 5594 in
1657 5537 1850 5611 spiritu
1866 5554 1968 5611 per

360 5194 850 5247 commemoratur.

452 5723 567 5797 (15)
598 5724 678 5779 Ita
706 5720 763 5777 in
794 5716 1081 5791 originale.

2047 4555 2287 4629 gendum
2307 4564 2412 4611 est.
2432 4557 2493 4610 In
2509 4558 2650 4614 hunc
2662 4574 2797 4629 ergo
2814 4561 3031 4615 modum
3046 4565 3312 4621 veraciter
3326 4566 3647 4625 inferiorum

2051 4644 2351 4699 substantia
2404 4645 2702 4716 spiritualis
2758 4657 2810 4702 et
2838 4664 2944 4704 non
2974 4653 3274 4722 corporalis
3321 4656 3642 4714 estimatur.

2055 4732 2164 4789 Sed
2194 4734 2402 4788 etaliud
2415 4750 2631 4806 quoque
2652 4736 2797 4805 quod
2819 4737 3018 4794 dicitur
3035 4741 3178 4811 quia,
3205 4742 3250 4797 si
3271 4743 3429 4799 ﬂetus
3446 4754 3499 4800 et
3517 4748 3649 4801 stri-

2055 4816 2221 4873 dores
2243 4818 2484 4873 dentium
2515 4820 2870 4890 spiritualiter
2889 4823 3207 4894 accipimus,
3240 4826 3487 4883 ﬂammas
3506 4846 3650 4900 quo-

2058 4931 2166 4987 que
2197 4923 2583 4970 tormentorum
2614 4916 2667 4969 in
2695 4916 2829 4987 ipsis
2860 4935 2967 4974 non
2999 4922 3335 4991 corporales,
3354 4926 3452 4980 sed
3481 4927 3651 4997 spiri-

2062 5004 2233 5058 tuales
2263 5005 2493 5058 credere
2522 5006 2806 5072 debemus,
2838 5008 2918 5061 sic
2957 5024 3087 5062 sane
3117 5010 3344 5083 intelligi
3371 5022 3568 5083 potest,
3610 5016 3659 5071 si

2063 5092 2334 5148 cruciatus
2364 5093 2685 5159 animarum,
2712 5095 2803 5166 qui
2833 5112 2897 5149 ex
2920 5097 3152 5152 ﬂammis
3177 5103 3553 5171 corporalibus
3572 5122 3662 5178 ge-

2066 5181 2249 5235 nerari
2280 5181 2595 5245 creduntur,
2630 5198 2736 5236 non
2767 5186 3145 5255 corporaliter,
3214 5188 3269 5242 id
3299 5199 3380 5245 est
3409 5193 3662 5249 median-

2067 5270 2215 5324 tibus
2254 5270 2600 5339 corporibus,
2633 5270 2687 5324 in
2744 5272 2886 5342 ipsis
2943 5274 3061 5328 fieri
3099 5292 3207 5331 non
3256 5280 3650 5352 intelligantur.

2071 5358 2236 5412 Multa
2268 5366 2394 5413 sunt
2448 5358 2573 5419 alia.
2610 5376 2731 5431 qua;
2781 5361 2866 5416 vel
2907 5363 3167 5435 ambigue
3202 5366 3348 5422 dicta
3386 5380 3531 5435 sunt,
3573 5372 3661 5427 vel

2073 5454 2332 5525 ambigue
2361 5453 2469 5507 dici
2499 5464 2754 5523 possunt.
2798 5456 2906 5512 Sed
2936 5449 3083 5515 aliud
3114 5470 3195 5516 est
3232 5478 3416 5518 rerum
3439 5466 3663 5533 veritas,

2077 5542 2224 5600 aliud
2253 5544 2544 5599 verborum
2577 5546 2844 5617 varietas,
2875 5563 3061 5622 neque
3087 5566 3189 5608 nos
3210 5560 3424 5624 oportet
3440 5563 3669 5627 propter
