3986 6070
477 233 614 286 1059
1617 227 1952 286 WERNERI
1989 231 2020 284 Α

2132 233 2282 291 ATIS
2323 235 2380 291 Β.
2422 236 2638 292 BLASll
3637 247 3775 302 1060

455 351 853 409 multitudinem
871 350 1084 406 dicendi
1102 366 1133 405 a
1154 351 1504 422 simplicitate
1522 351 1784 408 credendi
1805 353 2045 409 deviare.
2078 360 2130 416 A
2163 373 2483 430 corporeus,
2514 370 2569 414 ut
2601 378 2725 418 esse
2754 363 2900 435 ignis
2932 365 3134 435 valeat,
3158 369 3444 439 corporeis
3463 370 3684 443 indiget
3703 373 3777 428 fo—

459 441 605 497 Dicit
632 441 992 511 Augustinus,
1014 441 1066 493 in
1088 441 1461 506 Enchiridion,
1497 442 1625 513 quia
1654 450 1884 512 tempus,
1906 443 2050 515 quod
2157 450 2354 504 mentis
2389 465 2400 504 :
2435 467 2526 521 qni
2551 468 2674 506 cum
2703 469 2930 510 necesse
2959 464 3040 510 est
3069 465 3125 512 ut
3152 469 3404 515 servetur
3430 477 3536 532 per
3564 441 3775 533 conge-

452 532 594 586 inter
631 528 867 585 hominis
932 539 1159 584 mortem
1225 539 1277 585 et
1314 531 1557 586 ultimam
1599 533 2050 588 resurrectionem

455 628 690 700 positum
722 635 828 695 est,
870 626 1082 682 animas
1139 628 1336 683 abditis
1403 629 1642 684 continet
1671 630 2051 700 receptaculis,

449 717 588 772 sicut
629 731 975 788 unaquaeque
1015 718 1184 789 digna
1215 725 1297 772 est
1324 717 1412 772 vel
1440 717 1630 790 requie
1659 717 1745 773 vel
1777 734 2043 775 aerumna.

449 807 603 878 Ergo
627 805 808 860 abdita
837 813 962 860 sunt
993 806 1336 876 receptacula
1393 806 1716 876 animarum,
1748 823 1849 863 nec
1872 810 2054 878 potest

449 904 518 958 ab
551 903 770 960 homine
797 902 1026 958 diffiniri
1046 903 1193 974 quod
1222 920 1330 960 non
1351 912 1533 975 potest
1561 905 1630 960 ab
1655 904 1876 961 homine
1898 905 2050 962 sciri.

1053 1041 1128 1094 De
1145 1038 1407 1102 gehenna
1419 1081 1432 1094 .

521 1155 680 1226 Quod
707 1170 1006 1226 corporeus
1027 1155 1171 1226 ignis
1200 1156 1468 1227 gehennae
1497 1171 1606 1211 non
1628 1159 1833 1212 tantum
1863 1170 2052 1228 corpo-

448 1261 512 1302 ra
534 1245 816 1312 cruciabit,
840 1245 937 1299 sed
969 1253 1018 1298 et
1047 1245 1296 1315 spiritus.

522 1361 713 1430 Qualis
750 1359 1144 1432 intelligendus
1218 1359 1289 1414 sit
1325 1359 1416 1415 ille
1480 1360 1624 1432 ignis
1661 1361 1954 1431 gehennm,
1999 1368 2059 1417 et

449 1445 910 1520 quemadmodum
976 1445 1106 1516 igne
1144 1443 1424 1514 corporali
1460 1444 1763 1516 incorporei
1801 1445 2048 1516 spiritus,

448 1535 567 1592 sive
589 1536 788 1590 animm
819 1533 1144 1603 corporibus
1173 1532 1366 1588 solutae
1397 1534 1627 1590 cruciari
1658 1542 1907 1605 possunt,
1939 1551 2049 1591 non

445 1632 623 1689 solum
654 1630 784 1685 fidei
833 1629 1157 1685 Christianae
1186 1629 1285 1685 sed
1325 1629 1467 1686 sacri
1509 1629 1711 1701 eloquii
1742 1631 2047 1688 auctoritas

2159 545 2242 592 sta
2270 537 2436 610 ligna,
2468 541 2658 610 procul
2687 542 2852 598 dubio
2865 546 3116 612 nutritur,
3142 563 3244 603 nec
3267 548 3410 604 valet
3426 550 3534 604 nisi
3556 567 3770 607 succen

2161 643 2252 682 sus
2279 644 2418 693 esse,
2469 637 2523 683 et
2549 629 2654 685 nisi
2684 631 2890 687 refotus
2920 634 3247 692 subsistere.
3315 641 3385 693 At
3415 649 3619 695 contra
3665 657 3768 712 ge-

2158 725 2354 782 hennae
2381 726 2527 799 ignis
2557 745 2681 784 cum
2711 731 2779 786 sit
2809 747 3131 803 corporeus,
3165 742 3219 790 et
3249 735 3532 794 immissos
3559 755 3762 810 repro-

2160 814 2260 869 bos
2286 817 2645 887 corporaliter
2673 829 2888 888 exurat,
2921 839 3024 879 nec
3050 824 3231 880 studio
3258 826 3502 882 humano
3533 844 3768 886 succen-

2158 903 2324 973 ditur,
2358 921 2462 961 nec
2489 905 2655 980 lignis
2683 910 2922 966 nutritur
2955 930 2968 977 ;
3013 913 3112 968 sed
3143 922 3360 970 creatus
3392 917 3569 973 semel
3599 917 3767 974 durat

2157 999 2638 1075 inexstinguibilis,
2653 1014 2707 1062 et
2726 1009 3083 1066 succensione
3096 1026 3202 1067 non
3223 1011 3454 1085 indiget,
3483 1023 3540 1070 et
3563 1015 3767 1072 ardore

2158 1106 2268 1146 non
2297 1094 2628 1150 caret.Bene
2658 1111 2794 1168 ergo
2824 1096 2896 1153 de
2923 1097 3110 1170 iniquo
3149 1100 3366 1156 dicitur.
3403 1124 3427 1151 α
3459 1104 3766 1160 Devorabit

2159 1195 2283 1236 eum
2311 1180 2456 1252 ignis
2487 1183 2578 1252 qui
2608 1200 2718 1239 non
2739 1187 3086 1244 succenditur
3113 1188 3257 1262 (Job.
3297 1197 3414 1261 xx).
3449 1210 3463 1246 :
3499 1194 3673 1264 Igitur
3695 1210 3766 1250 ne

2157 1278 2229 1333 ad
2257 1281 2402 1337 hunc
2430 1280 2636 1353 ignem,
2670 1283 2716 1337 si
2745 1283 2901 1339 fratri
2931 1288 3253 1360 qaandoque
3283 1288 3614 1355 irascamur,
3664 1307 3762 1346 ve-

2156 1367 2392 1436 niamus,
2423 1369 2665 1444 benigne
2723 1373 2809 1427 his
2865 1375 3055 1430 verbis
3084 1392 3191 1432 non
3213 1377 3404 1433 imbuit
3442 1379 3711 1434 Dominus
3743 1397 3760 1435 :

2161 1481 2182 1504 α
2219 1456 2276 1512 Si
2304 1457 2576 1530 inquiens,
2609 1459 2772 1517 offers
2802 1478 3000 1520 munus
3024 1472 3172 1521 tuum
3200 1466 3273 1522 ad
3302 1467 3533 1535 altare,»
3572 1476 3687 1526 etc.

2227 1599 2336 1654 Sed
2390 1617 2540 1658 nunc
2569 1601 2851 1660 videamus
2901 1605 3154 1663 diversas
3201 1624 3400 1666 causas
3430 1626 3748 1666 munerum.

442 1688 815 1777 commendat.
857 1719 1117 1775 Gehenna
1156 1719 1285 1790 quid
1324 1727 1408 1776 est
1450 1718 1478 1772 ‘I
1516 1688 1767 1790 stagnum
1806 1720 1950 1791 ignis
1989 1717 2122 1776 etB
2155 1688 2434 1791 Siqui“?
2466 1691 2555 1791 ΨΘ
2587 1693 2679 1764 qni
2709 1702 2860 1749 recta
2883 1695 3111 1791 Ῑιξάίθῗην
3138 1699 3644 1791 εἷῐπῗωίίῧωίθάθ
3666 1717 3760 1756 ’θ’

441 1807 715 1881 sulphuris
746 1809 945 1863 dictum
980 1815 1067 1862 est
1096 1808 1297 1880 (Apoc.
1330 1808 1479 1879 xxx).
1547 1809 1856 1880 Corporeus
1895 1809 2042 1882 ignis

439 1898 565 1966 erit,
607 1905 658 1952 et
688 1896 952 1953 cruciabit
981 1911 1213 1966 corpora
1237 1896 1628 1952 damnatorum
1661 1904 1714 1951 et
1741 1898 2039 1953 hominum.

439 2006 492 2052 et
516 1998 846 2052 daemonum.
863 1994 1051 2050 Solida
1090 1995 1386 2064 hominum,
1408 1995 1554 2049 aeria
1584 1995 1915 2050 daemonum.
1939 2000 2042 2051 Aut

437 2094 645 2141 tantum
677 2084 960 2140 hominum
990 2099 1228 2154 corpora
1266 2101 1388 2139 cum
1421 2084 1728 2154 spiritibus,
1759 2084 2039 2140 daemones

437 2185 619 2231 autem
649 2174 872 2245 spiritus
899 2174 1017 2227 sine
1078 2173 1398 2244 corporibus
1439 2173 1728 2239 habentes,
1771 2174 2039 2230 sumendo

435 2289 676 2346 poenam,
719 2288 825 2326 non
857 2271 1216 2341 impertienda
1287 2271 1449 2326 vitam
1480 2271 1858 2340 corporalibus
1889 2271 2036 2343 igni-

434 2363 563 2417 bus.
605 2361 1036 2430 (AUGUSTINUSJ
1069 2360 1176 2415 Cur
1204 2360 1347 2414 enim
1377 2375 1486 2415 non
1514 2361 1781 2428 dicamus,
1838 2377 2037 2432 quam-

434 2453 520 2508 vis
559 2451 712 2505 miris
776 2457 960 2503 tamen
991 2448 1140 2505 veris
1170 2449 1370 2514 modis,
1404 2450 1566 2504 etiam
1598 2450 1817 2520 spiritus
1847 2450 2034 2506 incor-

436 2555 636 2613 poreos
666 2554 830 2610 posse
861 2553 1025 2609 paena
1055 2538 1332 2610 corporali
1365 2537 1550 2610 aﬂligi,
1601 2538 1648 2594 si
1675 2538 1898 2610 spiritus
1927 2541 2032 2594 ho-

432 2639 640 2694 minum
669 2637 832 2692 etiam
862 2636 965 2708 ipsi
998 2635 1244 2707 profecto
1293 2636 1603 2707 incorporei
1659 2653 1805 2694 nunc
1833 2644 2030 2708 potue-

432 2736 558 2784 runt
595 2726 847 2783 concludi
899 2725 956 2780 in
1011 2725 1392 2796 corporalibus
1457 2725 1739 2795 membris,
1793 2734 1846 2781 et
1903 2735 2030 2783 tunc

433 2823 727 2888 potuerunt
785 2829 1012 2870 suorum
1061 2829 1355 2885 corporum
1385 2813 1615 2870 vinculis
1668 2813 2032 2871 insolabiliter

426 2912 665 2985 alligari.
735 2912 790 2968 Si
829 2911 1063 2968 viventis
1097 2911 1336 2967 hominis
1387 2911 1745 2983 incorporeus
1802 2913 2026 2983 spiritus

423 3011 640 3060 tenetur
665 3003 718 3057 in
751 3017 1001 3073 corpore,
1036 3017 1134 3057 cur
1171 3017 1280 3057 non
1331 3009 1455 3073 post
1491 3009 1743 3069 mortem,
1773 3017 1897 3058 cum
1935 3001 2028 3057 in-

2152 1779 2542 1835 munerationis
2591 1791 2882 1852 exspectat,
2906 1783 3152 1841 fraudem
3186 1787 3241 1841 in
3273 1787 3573 1844 Dominum
3621 1805 3760 1862 per-

2152 1874 2346 1936 petrat,
2384 1870 2508 1940 quia
2554 1870 2839 1942 justitiam,
2868 1890 3028 1945 quam
3081 1877 3254 1948 gratis
3311 1877 3596 1948 impertire
3652 1879 3755 1935 de-

2152 1964 2286 2031 buit,
2320 1967 2636 2039 acceptione
2665 1973 2912 2041 pecunia
2942 1975 3310 2030 vendit.Bona
3330 1976 3475 2032 male
3508 1987 3752 2045 utuntur,

2152 2054 2240 2125 qui
2265 2056 2408 2124 juste
2439 2073 2539 2126 pro
2571 2062 2856 2130 temporali
2889 2063 3320 2132 lucrojudicanl.
3354 2066 3516 2120 Tales
3549 2068 3752 2138 quippe

2149 2159 2255 2199 non
2287 2145 2554 2212 defensio,
2587 2151 2686 2203 sed
2714 2167 2867 2205 amor
2898 2163 3158 2222 provocat
3181 2155 3248 2209 ad
3267 2155 3582 2210 veritatem.
3626 2155 3754 2225 Qui-

2146 2241 2246 2296 bus
2277 2243 2321 2297 si
2353 2261 2477 2314 spes
2510 2248 2716 2301 nummi
2746 2249 3096 2320 subtrahitur,
3146 2252 3431 2308 confestim
3466 2270 3500 2309 a
3525 2255 3751 2324 justitia

2145 2331 2462 2389 defensione
2509 2337 2784 2393 recedunt.
2820 2341 3082 2411 Acceptio
3137 2358 3447 2411 munerum,
3479 2346 3750 2414 praevari-

2145 2421 2286 2477 catio
2309 2423 2551 2478 veritatis
2583 2432 2686 2480 est.
2720 2427 2876 2483 Unde
2906 2438 2959 2484 et
2989 2446 3090 2500 pro
3112 2430 3261 2500 justo
3291 2431 3496 2487 dicitur
3531 2448 3545 2486 :
3584 2458 3605 2480 «ι
3644 2433 3749 2502 Qui

2142 2511 2350 2567 excutit
2399 2528 2593 2568 manus
2649 2532 2776 2570 suas
2829 2517 2900 2572 ab
2929 2519 3079 2572 omni
3135 2536 3382 2588 munere,
3418 2520 3474 2575 in
3503 2522 3749 2578 excelsis

2142 2617 2347 2673 habitat
2375 2621 2507 2691 (lsa.
2561 2627 2771 2693 χχχιιι).
2810 2646 2832 2671 υ
2887 2624 3054 2681 Dives
3085 2627 3410 2683 muneribus
3443 2628 3552 2684 cito
3608 2644 3748 2685 cor-

2140 2707 2341 2778 rumpit
2390 2709 2652 2779 judicem,
2709 2727 2919 2783 pauper
2966 2722 3169 2784 autem,
3227 2716 3358 2772 dum
3414 2733 3528 2772 non
3581 2718 3754 2774 habet

2139 2795 2288 2868 quod
2344 2797 2557 2867 offerat,
2615 2815 2725 2856 non
2754 2801 2932 2858 solum
2991 2804 3170 2860 audiri
3225 2805 3614 2875 contemnitur,
3647 2807 3753 2864 sed

2138 2892 2306 2949 etiam
2330 2904 2522 2951 contra
2551 2897 2836 2954 veritatem
2867 2901 3214 2972 opprimitur.
3249 2903 3373 2958 Cito
3412 2904 3649 2961 violatur
3677 2905 3748 2960 ab

2137 2983 2358 3038 avaritia
2382 2985 2606 3054 justitia,
2629 2987 2950 3062 nullamque
2971 3007 3097 3046 reus
3136 2991 3474 3062 pertimescit
3499 2993 3744 3065 culpam,

423 3107 725 3165 corporeus
753 3091 840 3160 sit,
875 3091 1094 3162 spiritus
1122 3091 1287 3147 etiam
1316 3106 1587 3162 corporeo
1606 3092 1733 3165 igne
1758 3101 2025 3149 teneatur.
2058 3078 2106 3141 Ο
2135 3088 2300 3144 quam
2330 3075 2596 3131 redimere
2624 3077 2859 3132 nummis
2922 3079 3219 3135 θκίείίῖηθί·
3256 3081 3382 3136 Plus
3417 3082 3562 3138 enim
3593 3083 3746 3138 οδω·

427 3193 495 3247 Et
529 3207 626 3262 per
679 3189 867 3262 ignem
925 3189 1176 3259 spiritum
1235 3189 1407 3245 teneri
1461 3189 1712 3258 dicimus,
1790 3197 1848 3244 ut
1904 3205 2027 3246 cum

419 3279 474 3335 in
503 3287 772 3336 tormento
793 3277 939 3351 ignis
962 3277 1031 3332 sit
1059 3278 1299 3334 videndo
1317 3285 1483 3350 atque
1512 3278 1816 3334 sentiendo.
1837 3280 2025 3351 Ignem

423 3384 661 3440 namque
692 3383 758 3423 eo
789 3367 910 3438 ipso
941 3367 1140 3437 patitur
1169 3383 1277 3438 quo
1294 3368 1461 3433 videt,
1486 3375 1538 3423 et
1567 3368 1695 3440 quia
1712 3368 1944 3424 cremari
1966 3385 2026 3425 se

421 3457 689 3527 conspicit
716 3464 1010 3512 crematur.
1035 3456 1231 3526 Sicque
1253 3455 1308 3510 ﬁt
1339 3466 1395 3511 ut
1425 3473 1515 3512 res
1545 3473 1819 3528 corporea
1846 3457 2025 3513 incor-

422 3568 649 3626 poream
682 3561 900 3619 exurat,
936 3553 1064 3606 dum
1095 3568 1164 3608 ex
1190 3553 1318 3624 igne
1350 3554 1548 3607 visibili
1578 3555 1746 3609 ardor
1774 3570 1839 3611 ac
1867 3555 2024 3610 dolor

420 3643 714 3700 invisibilis
747 3642 990 3708 trahitur,
1023 3650 1078 3695 ut
1111 3659 1210 3710 per
1230 3643 1413 3713 ignem
1440 3658 1772 3712 corporeum
1797 3660 1949 3698 mens
1967 3643 2021 3698 in

415 3746 684 3803 corporea
714 3730 874 3785 etiam
902 3745 1173 3801 corporea
1198 3730 1420 3785 flamma
1450 3731 1748 3786 crucietur.
1796 3733 1860 3786 Et
1897 3740 2020 3803 post

415 3846 590 3904 pauca
623 3847 636 3884 :
670 3829 810 3884 Dum
843 3843 976 3901 ergo
1034 3835 1384 3898 peccatorem
1440 3827 1660 3883 divitem
1700 3829 2016 3885 damnatum

415 3921 633 3976 Veritas
663 3919 716 3974 in
749 3919 933 3992 ignem
964 3917 1213 3989 perhibet
1241 3917 1410 3986 (Luc.
1451 3917 1583 3986 xu),
1638 3917 1892 3990 quisnam
1921 3936 2015 3974 sa-

409 4011 568 4083 piens
599 4008 810 4064 animas
839 4007 1197 4078 reproborum
1227 4007 1407 4062 teneri
1449 4005 1670 4078 ignibus
1699 4016 1884 4080 neget.
1917 4008 2014 4064 llla

407 4109 570 4166 ultrix
589 4108 810 4162 ﬂamma
829 4107 1084 4162 vitiorum
1116 4106 1511 4162 cremationem
1540 4107 1725 4173 habet,
1745 4117 1798 4163 et
1828 4107 2010 4163 lumen

406 4215 515 4255 non
547 4198 728 4252 habet.
763 4196 858 4251 Ille
889 4195 1032 4268 ignis
1063 4196 1132 4250 ad
1163 4196 1592 4251 consolationem
1613 4211 1723 4251 non
1754 4196 1896 4252 lucet
1921 4215 1934 4260 ;
1959 4206 2008 4253 et

409 4297 590 4344 tamen
620 4294 677 4341 ut
692 4285 870 4356 magis
884 4292 1140 4356 torqueat
1161 4285 1231 4340 ad
1247 4285 1451 4357 aliquid
1470 4285 1783 4341 lucet.Nam
1803 4302 2006 4358 sequa-

401 4387 496 4429 ces
517 4385 736 4442 quoque
767 4385 895 4424 suos
926 4383 1116 4424 secum
1139 4368 1195 4423 in
1223 4377 1501 4424 tormento
1532 4371 1757 4440 reprobi
1779 4370 2003 4426 ﬂamma

2137 3169 2228 3216 net
2257 3167 2499 3218 mentem
2527 3165 2771 3221 censoris
2798 3182 2952 3223 amor
2980 3168 3121 3225 lucri
3169 3185 3332 3242 quam
3362 3171 3593 3242 aequitas
3645 3172 3746 3241 ju-

2134 3257 2292 3314 dicii.
2331 3261 2466 3316 Tres
2497 3271 2622 3317 sunt
2659 3281 2946 3320 munerum
2976 3268 3323 3338 acceptiones
3355 3268 3553 3340 quibus
3578 3269 3744 3338 justi-

2137 3348 2264 3404 tiam
2295 3349 2530 3406 humana
2558 3354 2774 3408 vanitas
2801 3363 2996 3423 mutat,
3032 3356 3086 3410 id
3143 3365 3225 3412 est
3273 3355 3428 3412 favor
3460 3359 3742 3415 amicitia-

2134 3452 2270 3507 rum,
2318 3439 2559 3496 adulatio
2588 3441 2783 3511 laudis,
2845 3452 2900 3500 et
2928 3445 3231 3516 corporalis
3259 3447 3506 3518 acceptio
3536 3463 3743 3505 mune-

2132 3534 2235 3589 ris.
2278 3535 2508 3592 Facilius
2575 3540 2715 3594 enim
2782 3544 3116 3612 pervertitur
3173 3543 3385 3599 animus
3410 3545 3623 3616 judicis
3653 3545 3742 3602 rei

2131 3626 2395 3693 corporali
2444 3639 2668 3683 munere
2727 3647 2884 3700 quam
2943 3633 3137 3704 gratiae
3188 3633 3476 3704 laudisque
3508 3635 3734 3693 favore.

2130 3710 2372 3779 Quatuor
2399 3715 2578 3769 modis
2638 3717 2934 3772 humanum
2960 3720 3228 3788 judicium
3276 3723 3629 3792 pervertitur,
3664 3725 3739 3778 ti-

2126 3815 2298 3867 more,
2332 3803 2650 3873 cupiditate,
2681 3806 2829 3872 odio,
2864 3823 3068 3866 amore.
3122 3811 3361 3877 Timore,
3416 3811 3545 3866 dum
3579 3822 3738 3868 metu

2124 3897 2359 3968 alicujus
2387 3903 2678 3972 potestatis
2707 3903 2992 3961 veritatem
3023 3906 3174 3982 loqui
3200 3908 3556 3979 pavescimus
3581 3928 3597 3977 ;
3628 3925 3733 3966 cu-

2122 3987 2365 4058 piditate,
2399 3990 2529 4045 dum
2583 3993 2808 4063 praemio
2836 3995 3070 4065 alicujus
3125 3997 3364 4053 muneris
3410 4000 3732 4070 corrumpi—

2121 4092 2244 4130 mur
2275 4095 2290 4144 ;
2322 4079 2466 4149 odio,
2529 4095 2650 4136 cum
2680 4090 2871 4138 contra
2928 4086 3230 4156 quemlibet
3295 4087 3580 4143 adversari
3607 4104 3727 4144 mo-

2118 4164 2323 4232 limur;
2383 4182 2592 4236 amore,
2644 4171 2774 4227 dum
2831 4173 3004 4229 amico
3058 4175 3145 4230 vel
3200 4176 3521 4248 propinquis
3576 4193 3725 4248 prm-

2117 4271 2261 4320 stare
2291 4267 2696 4324 contendimus.
2736 4270 2831 4325 His
2887 4272 3033 4327 enim
3101 4281 3333 4345 quatuor
3361 4275 3545 4330 causis
3575 4288 3724 4346 saepe

2115 4355 2343 4424 a'qnitas
2383 4356 2637 4426 violatur,
2689 4375 2836 4430 saepe
2909 4361 3227 4418 innocentia
3296 4362 3538 4419 laeditur.
3590 4365 3724 4420 Haec

405 4469 708 4524 illustrante
739 4465 919 4519 visuri
950 4472 1093 4532 sunt,
1157 4482 1393 4538 quorum
1421 4481 1610 4522 amore
1640 4466 2003 4539 deliquerunt,
2035 4442 2090 4503 D
2119 4443 2188 4497 de
2219 4446 2540 4502 muneribus
2595 4447 2792 4519 quibus
2817 4449 3026 4518 jusmi“
3076 4451 3325 4507 νίοιθίιπο
3386 4453 3468 4508 De
3521 4469 3722 4508 "mne"

405 4565 679 4631 quatenus
710 4554 872 4609 vitam
910 4553 1203 4609 carnaliter
1223 4562 1413 4609 contra
1463 4563 1741 4624 praecepta
1797 4556 2004 4610 Condi-

406 4647 538 4704 toris
569 4652 904 4710 amaverunt,
965 4643 1206 4713 ipsorum
1265 4659 1480 4714 quoque
1531 4644 1754 4698 intuitus
1793 4659 1892 4700 eos
1947 4645 2002 4700 in

393 4751 691 4819 augmento
749 4759 860 4798 suae
899 4742 1265 4796 damnationis
1321 4741 1556 4815 affliget.
1607 4743 1757 4798 Sicut
1807 4743 1999 4800 electis

391 4835 538 4909 ignis
561 4833 754 4889 ardere
793 4831 949 4887 novit
986 4831 1053 4886 ad
1086 4831 1357 4897 solatium,
1392 4839 1444 4887 et
1477 4840 1658 4886 tamen
1697 4833 1764 4886 ad
1788 4833 1997 4903 suppli-

392 4926 536 4981 cium
565 4924 762 4979 ardere
793 4921 984 4987 nescit,
1017 4921 1088 4975 ita
1117 4935 1419 4976 econverso
1458 4923 1730 4994 gehennae
1777 4921 1994 4978 ﬂamma

391 5015 647 5084 reprobis
687 5021 740 5067 et
769 5026 1117 5083 nequaquam
1157 5010 1302 5065 lucet
1332 5011 1400 5064 ad
1431 5010 1821 5066 consolationis
1852 5027 1990 5081 gra-

392 5112 517 5167 tiam
577 5119 632 5166 et
689 5119 869 5165 tamen
908 5109 1054 5164 lucet
1118 5107 1187 5163 ad
1227 5124 1464 5178 poenam,
1506 5116 1563 5162 ut
1604 5108 1989 5164 damnatorum

387 5201 558 5257 oculis
587 5199 730 5269 ignis
759 5199 1009 5270 supplicii
1039 5197 1253 5253 etnulla
1286 5198 1530 5252 claritate
1560 5199 1810 5264 candeat,
1837 5206 1888 5254 et
1916 5199 1987 5256 ad

385 5287 594 5344 doloris
615 5288 896 5342 cumulum
927 5287 1139 5343 delictis
1171 5286 1409 5359 qualiter
1439 5287 1766 5342 crucientur
1791 5296 1983 5343 osten-

387 5385 504 5441 dat.

451 5470 852 5542 Omnipotentis
904 5469 1112 5537 justitia
1167 5471 1471 5527 futurorum
1520 5472 1729 5544 pres-cia
1761 5473 1829 5527 ab
1858 5473 1979 5546 ipsa

371 5562 560 5620 mundi
589 5561 802 5630 origine
831 5561 1097 5627 gehennae
1120 5560 1304 5630 ignem
1333 5562 1572 5616 creavit:
1605 5563 1696 5632 qui
1723 5562 1777 5616 in
1807 5579 1975 5634 poena

367 5651 727 5725 reproborum
757 5644 927 5701 semel
956 5661 1078 5700 esse
1107 5645 1505 5716 inciperet,sed
1534 5650 1786 5705 ardorem
1811 5667 1970 5706 suum

365 5749 538 5809 etiam
594 5744 712 5805 sine
748 5740 915 5816 lignis
953 5755 1243 5812 nunquam
1282 5740 1484 5803 ﬁniret.
1533 5747 1690 5818 Ignis
1727 5761 1968 5822 namque

2115 4540 2265 4596 ribus
2319 4551 2506 4599 autem
2565 4547 2761 4616 quibus
2808 4563 2904 4603 cor
2958 4550 3268 4616 mandatur,
3303 4549 3611 4623 Gregorius
3640 4552 3721 4609 sic

2112 4630 2188 4684 ait
2220 4649 2232 4684 :
2270 4654 2291 4679 «
2329 4633 2588 4704 Respexit
2634 4635 2900 4692 Dominus
2951 4639 3019 4692 ad
3058 4639 3199 4694 Abel
3232 4648 3286 4694 et
3349 4640 3418 4694 ad
3481 4656 3716 4695 munera

2111 4720 2229 4788 ejus
2257 4739 2271 4787 ;
2302 4721 2370 4774 ad
2395 4723 2529 4777 Cain
2561 4740 2692 4779 vero
2724 4733 2776 4780 et
2804 4727 2871 4780 ad
2925 4743 3154 4782 munera
3186 4728 3305 4798 ejus
3333 4743 3443 4784 non
3468 4729 3712 4799 respexit

2108 4810 2266 4878 (Gen.
2326 4814 2426 4874 Ill).
2459 4812 2548 4866 Ab
2604 4815 2975 4884 omnipotente
3032 4817 3147 4872 Deo
3193 4834 3391 4872 munus
3447 4835 3514 4874 ex
3545 4834 3714 4874 manu

2102 4921 2214 4961 non
2261 4908 2543 4979 accipitur,
2577 4912 2720 4982 quod
2749 4913 2915 4968 corde
2944 4914 3186 4985 obligato
3244 4915 3298 4969 in
3327 4916 3534 4970 malitia
3565 4933 3704 4987 pro-

2101 5003 2290 5058 fertur.
2326 5007 2568 5061 Mundari
2593 5009 2788 5063 etenim
2829 5012 2987 5082 prius
3017 5012 3180 5067 debet
3209 5013 3423 5068 animus
3454 5014 3547 5086 qui
3579 5031 3706 5068 mu—

2099 5110 2214 5147 nus
2245 5092 2443 5151 otferre
2503 5097 2614 5151 vult
2659 5099 2773 5154 Deo
2808 5115 2820 5168 ;
2864 5100 2990 5171 quia
3045 5117 3207 5158 omne
3246 5103 3393 5175 quod
3424 5105 3584 5158 datur
3638 5121 3703 5160 ex

2095 5191 2274 5247 dantis
2306 5202 2485 5250 mente
2515 5205 2792 5266 pensatur.
2849 5199 3055 5254 Cuncta
3085 5199 3263 5272 itaque
3325 5199 3542 5256 malitia)
3572 5219 3699 5256 ma-

2096 5283 2222 5336 cula
2253 5283 2322 5336 ab
2370 5283 2613 5338 interiori
2655 5295 2845 5342 nostro
2894 5289 3113 5344 homine
3160 5290 3505 5361 cogitationis
3535 5307 3697 5346 mun-

2092 5377 2310 5433 datione
2343 5387 2609 5451 tergenda
2639 5390 2742 5448 est,
2779 5384 2904 5455 quia
2931 5384 3070 5440 iram
3095 5385 3296 5454 judicis
3326 5387 3549 5458 placare
3591 5403 3694 5443 ne-

2091 5476 2211 5543 scit,
2244 5477 2349 5532 nisi
2376 5495 2439 5534 ex
2473 5481 2740 5536 munditia
2763 5482 2975 5552 placeat
3003 5483 3306 5540 offerentis.
3350 5485 3508 5541 Unde
3552 5484 3694 5541 scri-

2085 5574 2232 5635 ptum
2266 5575 2346 5620 est
2366 5582 2378 5620 :
2399 5591 2420 5616 α
2447 5569 2702 5640 Respexit
2733 5571 3006 5627 Dominus
3035 5576 3104 5628 ad
3126 5573 3266 5629 Abel
3289 5581 3342 5628 et
3378 5575 3446 5629 ad
3469 5588 3691 5630 munera

2089 5655 2232 5723 ejus,
2263 5655 2334 5710 ad
2364 5657 2500 5712 Cain
2531 5667 2712 5715 autem
2742 5670 2800 5716 et
2827 5661 2895 5715 ad
2927 5677 3152 5717 munera
3185 5663 3301 5732 ejus
3333 5678 3444 5719 non
3491 5679 3687 5736 respe-

2083 5750 2191 5808 xit.
2250 5775 2273 5803 η
2304 5753 2500 5826 Neque
2552 5757 2753 5815 etenim
2798 5773 3013 5816 sacrum
3051 5759 3328 5833 eloquium
3392 5759 3543 5830 dicit,
3594 5775 3688 5817 re-
