4042 6080
252 254 391 308 1061

1175 234 1757 296 DEFLORATIONES
1785 233 1882 291 SS.
1927 231 2250 291 PATBUM.
2289 260 2357 272 —
2385 230 2518 286 LIB.
2557 227 2628 283 Il.

3417 225 3556 281 i062

245 373 425 445 spexit
453 372 523 427 ad
580 384 806 424 munera
860 366 1016 434 Abel,
1071 369 1126 420 et
1181 364 1249 419 ad
1287 363 1422 418 Cain
1471 376 1693 416 munera
1749 371 1858 414 non
1889 360 1939 420 A
1971 357 2355 412 subministrat.
2390 355 2540 410 Hauc
2562 353 2740 422 itaque
2771 349 2946 406 cordis
2973 348 3293 404 munditiam
3313 357 3565 420 etmqua-

253 461 494 533 respexit
523 475 537 529 ;
571 459 666 514 sed
699 458 847 529 prius
893 457 968 510 ait
999 470 1011 509 :
1047 454 1171 524 quia
1209 452 1444 524 respexit
1486 451 1554 505 ad
1585 450 1718 505 Abel
1754 463 1767 517 ;
1802 465 1865 503 ac

257 551 455 607 deinde
485 548 725 605 subdidit
759 566 770 602 :
809 554 862 602 et
891 546 957 601 ad
980 560 1202 599 munera
1233 542 1368 611 ejus,
1392 549 1446 596 et
1469 556 1678 594 rursum
1736 538 1865 592 dicit

259 641 388 711 quia
417 655 526 695 non
554 636 794 707 respexit
824 635 890 690 ad
923 634 1074 701 Cain,
1107 649 1170 687 ac
1199 631 1393 685 deinde
1423 628 1659 684 subdidit
1715 635 1769 682 et
1796 626 1864 681 ad

261 745 492 785 munera
521 727 662 798 ejus.
705 726 786 780 Ex
815 723 991 779 dantis
1019 722 1219 793 quippe
1254 720 1418 776 corde
1449 719 1502 773 in
1534 716 1678 788 quod
1709 716 1865 771 datur

261 819 548 888 accipitur.
588 815 794 872 Idcirco
854 828 964 868 non
992 811 1126 866 Abel
1157 827 1224 864 ex
1279 806 1614 872 muneribus,
1645 805 1740 860 sed
1795 821 1864 859 ex

261 907 403 964 Abel
433 921 659 961 munera
717 904 1033 975 placuerunt
1073 899 1275 956 oblata.
1338 897 1490 952 Prius
1511 910 1748 965 namque
1793 892 1862 948 ad

257 1013 385 1054 eum
426 995 622 1068 legitur
641 992 904 1048 Dominus
935 989 1235 1062 respexisse
1263 986 1353 1058 qui
1381 985 1548 1041 dabat
1601 1000 1763 1054 quam
1793 982 1862 1038 ad

257 1086 353 1141 illa
374 1100 495 1156 quae
551 1082 733 1148 dabat,
755 1089 814 1136 ut
850 1079 1032 1136 audito
1070 1078 1273 1133 scilicet
1327 1073 1649 1130 narrationis
1700 1071 1861 1142 hujus

253 1175 446 1232 ordine
476 1173 748 1228 discamus
792 1169 917 1240 quia
947 1167 1210 1224 exteriora
1267 1180 1491 1219 munera
1527 1179 1594 1218 ex
1650 1161 1861 1215 interna

257 1264 437 1320 cordis
482 1261 746 1317 munditia
802 1259 1142 1326 condiuntur,
1207 1264 1261 1311 et
1313 1251 1652 1309 discretionis
1695 1251 1863 1306 virtus

260 1353 518 1409 lectorem
573 1351 764 1406 doceat
817 1347 990 1420 qualis
1033 1345 1177 1418 apud
1224 1361 1282 1399 se
1307 1360 1423 1399 esse
1473 1341 1689 1408 debeat,
1739 1355 1864 1394 cum

259 1442 528 1500 exteriora
545 1440 710 1510 bona,
743 1454 853 1495 non
879 1436 1054 1494 solum
1105 1435 1242 1502 Deo,
1273 1433 1368 1489 sed
1397 1431 1560 1488 etiam
1617 1428 1865 1501 proximo

1267 1819 1886 1928 DOMINICA

1973 447 2269 501 nimitatem
2302 445 2501 498 habere
2541 457 2640 496 nos
2690 444 2932 496 hortatur
2984 439 3246 493 Dominus
3273 439 3326 492 in
3383 455 3567 494 recon-

1972 537 2242 590 ciliatione
2287 534 2479 596 fratris,
2513 547 2635 586 cum
2691 529 2759 584 ad
2781 530 2946 584 altare
3001 545 3194 582 munus
3222 526 3414 584 oﬂ‘erre
3459 545 3563 584 vo-

1970 625 2227 679 luerimus
2281 623 2504 693 (Matth.
2564 620 2641 690 v).
2675 620 2756 674 De
2791 635 2896 688 quo
2949 634 3170 672 munere
3200 617 3328 672 etin
3393 617 3568 674 ofﬁcio

1973 714 2151 769 missae
2207 712 2440 767 dicitur:
2474 712 2602 766 Hac
2661 709 2824 774 dona,
2861 709 2977 762 haec
3027 723 3271 762 munera.
3323 707 3572 763 Solemus

1971 803 2092 857 illos
2119 792 2400 856 munerare
2430 815 2464 854 a
2491 797 2686 869 quibus
2738 797 2943 866 aliquid
2999 796 3254 850 molimur
3306 796 3567 851 obtinere.

1971 891 2121 948 Unde
2148 889 2380 945 Domino
2439 888 2493 942 in
2523 887 2796 943 oblatione
2845 893 3025 940 nostra
3043 885 3290 952 dicimus,
3350 885 3564 956 quando

1969 981 2119 1035 illam
2174 977 2277 1032 sibi
2325 977 2382 1032 in
2421 975 2685 1031 munditia
2732 973 2910 1030 cordis
2974 972 3248 1030 offerimus
3285 993 3298 1030 :
3331 973 3472 1044 Quia
3520 981 3571 1032 te

1970 1084 2110 1141 pane
2165 1075 2378 1122 terreno
2425 1080 2789 1130 muneramus,
2866 1061 2953 1118 fac
3026 1071 3085 1118 ut
3128 1063 3252 1118 inde
3297 1065 3569 1121 coelest

1968 1159 2328 1214 obtineamus.
2389 1153 2531 1223 Quia
2587 1161 2638 1208 te
2695 1150 2969 1221 corporali
3031 1151 3152 1207 cibo
3207 1169 3570 1222 muneramus,

1971 1247 2058 1302 fac
2086 1253 2142 1301 ut
2171 1245 2296 1298 inde
2325 1243 2639 1298 alimentum
2685 1240 2922 1312 spiritale
2961 1255 3369 1311 consequamur.
3429 1241 3568 1312 Quia

1976 1344 2025 1391 te
2053 1349 2400 1390 muneramus
2450 1331 2506 1386 in
2558 1329 2856 1386 substantia
2901 1328 3057 1400 panis
3100 1337 3154 1385 et
3180 1330 3312 1400 vini,
3371 1333 3457 1388 fac
3511 1341 3568 1388 ut

1976 1425 2100 1481 inde
2121 1423 2486 1496 percipiamus
2505 1435 2702 1492 corpus
2731 1425 2784 1475 et
2803 1418 3123 1491 sanguinem
3153 1420 3364 1475 Christi.

1991 1817 2569 1924 SEPTIMA.

1532 2065 1930 2134 Secundum
1978 2067 2307 2132 Marcum.

348 2319 370 2344 ιι
398 2295 532 2351 Cum
580 2291 748 2347 multa
799 2287 953 2345 turba
996 2291 1136 2341 esset
1191 2299 1313 2340 eum
1367 2283 1511 2351 Jesu,
1553 2281 1864 2338 convocatis
1892 2282 1945 2342 B
1973 2279 2042 2335 ab
2071 2278 2442 2350 omnipotente
2481 2277 2597 2332 Deo
2635 2274 2851 2347 longius
2878 2274 3116 2330 recessit.
3173 2275 3314 2330 Nam
3342 2282 3396 2330 et
3448 2290 3572 2344 pro-

273 2383 552 2455 discipulis
600 2380 710 2435 suis
764 2378 907 2433 dixit
956 2395 968 2431 :
1019 2375 1276 2429 Misereor
1321 2372 1511 2437 turbaa,
1561 2371 1688 2442 quia
1743 2386 1868 2426 ecce

272 2481 448 2538 triduo
473 2481 587 2551 jam
619 2480 964 2549 perseverant
1010 2487 1242 2538 mecum,
1274 2478 1324 2525 et
1343 2485 1451 2524 non
1480 2467 1680 2524 habent
1726 2466 1870 2538 quod

280 2569 627 2635 manducent,
660 2573 713 2621 et
763 2563 1033 2620 dimittere
1063 2576 1158 2616 eos
1209 2559 1427 2630 jejunos
1455 2558 1581 2613 nolo
1612 2573 1680 2612 ne
1730 2554 1870 2611 deﬁ-

279 2660 426 2716 ciant
477 2658 534 2712 in
579 2656 688 2722 via,
720 2661 828 2710 etc.
878 2675 900 2702 υ
954 2652 1149 2721 (Marc.
1179 2646 1494 2716 vm.)Quia
1544 2644 1873 2700 inﬁdelitatis

275 2763 427 2804 error
482 2743 827 2800 insolentium
883 2741 1095 2796 animos
1149 2735 1447 2803 obtinebat,
1505 2735 1684 2805 potius
1737 2733 1870 2788 reli-

275 2847 453 2918 quisse
483 2860 575 2900 eos
604 2857 766 2914 quam
823 2839 1088 2894 dimisisse
1145 2835 1411 2891 scribitur.
1463 2833 1737 2888 Convocat
1779 2847 1873 2886 au-

283 2943 392 2991 tem
415 2933 708 3005 discipulos
743 2937 799 2985 ut
837 2929 1068 2984 doceant
1092 2926 1380 2998 magistros
1407 2939 1530 2978 cum
1574 2920 1873 2976 minoribus

275 3023 674 3081 communicare
725 3018 950 3075 consilia
977 3031 1091 3084 sua,
1126 3015 1213 3070 vel
1257 3013 1398 3078 ideo,
1455 3017 1587 3066 utet
1631 3009 1871 3065 collocu-

277 3115 423 3170 tione
451 3111 755 3182 intelligant
800 3106 942 3179 signi
971 3102 1425 3176 magnitudinem.
1457 3099 1639 3155 Turba
1697 3098 1872 3153 triduo

275 3201 567 3258 Dominum
595 3199 820 3254 sustinet
846 3195 1180 3251 sanationem
1225 3189 1576 3256 inﬁrmorum,
1638 3193 1691 3242 et
1719 3185 1872 3242 electi

275 3317 332 3356 in
359 3299 464 3354 ﬁde
492 3295 762 3353 Trinitatis
807 3293 1112 3364 supplicant
1153 3288 1385 3343 Domino
1439 3302 1536 3358 pro
1592 3282 1871 3357 languori-

278 3390 380 3444 bus
410 3388 711 3443 animarum
769 3383 851 3437 sui
895 3381 981 3437 vel
1036 3394 1273 3434 suorum.
1334 3376 1432 3431 Vel
1487 3373 1661 3429 triduo
1717 3372 1874 3427 turba

279 3478 501 3534 sustinet
520 3475 834 3536 Dominum,
895 3468 1109 3541 quando
1138 3464 1424 3521 multitudo
1455 3463 1692 3518 fidelium
1747 3477 1874 3532 pec-

279 3584 398 3633 cata
427 3590 548 3645 qua
578 3569 923 3643 perpetravit,
959 3583 1055 3639 per
1082 3564 1453 3635 paenitentiam
1485 3561 1763 3616 declinans
1807 3558 1875 3614 ad

1976 2368 2136 2440 digus
2163 2365 2304 2421 ﬁlius
2333 2366 2424 2436 qui
2473 2372 2680 2436 patrem
2726 2364 2977 2430 deseruit,
3019 2363 3152 2418 abiit
3180 2363 3237 2418 in
3289 2364 3573 2436 regionem

1978 2457 2354 2530 longinquam,
2403 2455 2458 2509 in
2489 2470 2594 2524 qua
2621 2469 2816 2523 porcos
2860 2453 3026 2525 pavit,
3084 2452 3209 2522 quia
3238 2453 3366 2508 vitia
3409 2453 3576 2508 nutri-

1979 2546 2082 2602 vit.
2140 2546 2346 2600 Dentur
2374 2544 2538 2616 igitur
2565 2543 2820 2598 alimenta
2847 2543 2924 2597 eis
2953 2541 3113 2598 etiam
3145 2542 3236 2613 qui
3257 2541 3323 2597 de
3350 2542 3573 2614 longin-

1979 2650 2085 2704 quo
2132 2634 2372 2698 veniunt,
2407 2633 2532 2702 quia
2587 2631 2861 2687 conversis
2886 2631 3262 2700 peccatoribus
3315 2631 3574 2688 doctrinae

1978 2731 2180 2779 sancta
2211 2722 2318 2778 cibi
2351 2720 2630 2792 praebendi
2659 2727 2801 2785 sunt,
2823 2720 2955 2775 utin
2984 2720 3156 2775 Deum
3211 2721 3355 2777 vires
3407 2737 3572 2792 repa-

1977 2820 2115 2880 rent,
2144 2828 2278 2882 quas
2315 2811 2371 2865 in
2389 2809 2608 2882 flagitiis
2663 2809 2972 2864 amiserunt.
3031 2807 3136 2877 Qui
3174 2809 3573 2880 sapeadocto-

1981 2901 2131 2956 ribus
2168 2909 2313 2956 tanto
2369 2915 2586 2956 necesse
2605 2905 2686 2954 est
2725 2905 2784 2953 ut
2810 2897 3132 2970 largioribus
3186 2898 3322 2954 cibis
3379 2898 3574 2955 doctri-

1978 3007 2064 3046 nae
2116 2991 2375 3046 satientur
2427 2995 2629 3060 quanto
2676 2987 2804 3044 fessi
2859 2985 3158 3058 majoribus
3211 2987 3352 3046 vitiis
3403 3004 3573 3046 vene-

1978 3087 2120 3136 ruut.

2059 3227 2080 3254 α
2116 3205 2184 3259 Et
2211 3204 2394 3259 dicunt
2416 3203 2462 3259 ei
2495 3202 2742 3275 discipuli
2772 3222 2790 3259 :
2820 3200 2973 3258 Unde
3003 3218 3136 3275 ergo
3164 3201 3321 3258 nobis
3374 3203 3430 3258 in
3474 3203 3577 3259 dc-

1981 3301 2122 3349 serto
2162 3310 2327 3365 panes
2359 3301 2548 3356 tantos,
2608 3301 2665 3347 ut
2711 3299 3011 3347 saturemus
3052 3291 3265 3347 turbam
3322 3300 3522 3348 tantam
3554 3297 3581 3350 2’

1981 3383 2069 3438 Ait
2115 3383 2221 3437 illis
2270 3383 2426 3438 Jesus
2458 3400 2472 3439 :
2510 3381 2658 3451 Quot
2686 3398 2857 3451 panes
2901 3380 3111 3436 habetis
3139 3381 3168 3434 ?
3199 3382 3263 3435 Et
3301 3382 3377 3435 illi
3435 3381 3579 3436 dixe-

1982 3478 2107 3526 runt
2142 3488 2155 3527 :
2189 3473 2407 3543 Septem
2439 3479 2493 3526 et
2514 3487 2716 3543 paucos
2744 3471 3046 3542 pisciculos.
3081 3471 3148 3524 Et
3180 3471 3436 3542 praecepit
3473 3477 3582 3524 tur-

1982 3561 2086 3628 bae,
2134 3568 2194 3615 ut
2247 3561 2609 3616 discumberet
2665 3575 2830 3630 super
2883 3567 3101 3614 terram.
3139 3581 3162 3608 ι
3197 3560 3317 3614 Non
3373 3559 3578 3628 otiosis,

278 3665 572 3721 Dominum
604 3661 735 3716 58in
765 3674 946 3728 Opere:
979 3656 1035 3710 in
1065 3654 1334 3709 Ῑοουῐίοηθ
1392 3659 1550 3721 atque
1579 3650 1635 3704 in
1671 3649 1875 3719 cogila-
1903 3648 1951 3712 C
1981 3675 2088 3714 non
2146 3658 2200 3712 in
2248 3659 2460 3715 civitate
2511 3659 2819 3730 Synagogae
2867 3658 2953 3714 vel
3023 3656 3262 3712 saeculari
3320 3657 3581 3730 dignitate

280 3764 426 3818 tione
452 3759 733 3816 convertit.
785 3755 932 3825 Quos
977 3753 1244 3808 dimittere
1285 3750 1504 3820 jejunos
1549 3749 1605 3802 in
1657 3748 1883 3802 domum

281 3867 434 3906 suam
481 3848 744 3904 Dominus
800 3861 908 3900 non
956 3843 1070 3898 vult
1123 3857 1190 3895 ne
1219 3837 1472 3894 deﬁciant
1519 3838 1574 3891 in
1611 3836 1720 3902 via,
1755 3835 1882 3906 quia

285 3939 538 3998 videlicet
591 3934 837 3993 conversi
887 3937 1195 4005 peccatores
1241 3929 1297 3982 in
1344 3926 1624 3999 prmsentis
1655 3925 1777 3980 vita:
1799 3923 1887 3980 via

288 4028 563 4095 deﬁciunt,
631 4025 676 4080 si
714 4025 769 4078 in
798 4038 894 4077 sua
944 4017 1272 4076 conscientia
1327 4016 1441 4070 sine
1471 4014 1726 4070 doctrinae
1773 4029 1889 4068 san-

287 4125 388 4176 ctae
435 4114 635 4187 pabulo
691 4112 1052 4168 dimittuntur.
1109 4108 1191 4163 Ne
1236 4121 1366 4178 ergo
1422 4105 1684 4159 lassentur
1728 4101 1889 4172 hujus

290 4211 740 4290 peregrinationis
769 4210 977 4275 itinere,
1029 4204 1281 4278 pascendi
1298 4209 1421 4258 sunt
1438 4217 1589 4257 sacra
1635 4199 1888 4256 admoni-

292 4289 456 4362 tione.
486 4301 656 4359 Valde
686 4306 864 4355 autem
893 4294 1186 4367 pensanda
1215 4301 1296 4348 est
1325 4292 1414 4364 pia
1436 4289 1719 4358 sententia,
1770 4303 1890 4358 quae

292 4401 551 4478 processit
577 4417 645 4457 ex
676 4415 770 4455 ore
823 4395 1096 4453 veritatis:
1128 4391 1273 4463 quod
1326 4391 1536 4445 Marcus
1557 4389 1664 4443 ait:
1695 4409 1717 4436 «ο
1750 4384 1889 4456 Qui-

293 4476 418 4549 dam
477 4507 544 4546 ex
593 4489 670 4546 eis
727 4488 795 4542 de
826 4486 988 4557 longe
1026 4480 1502 4548 venerunt(Marc.
1560 4477 1704 4546 vm).
1743 4499 1764 4524 υ
1801 4476 1893 4529 Est

293 4582 438 4640 enim
471 4579 560 4650 qui
586 4577 719 4632 nihil
775 4573 977 4630 fraudis
998 4578 1052 4627 et
1078 4570 1211 4625 nihil
1257 4567 1486 4624 carnalis
1536 4563 1894 4634 corruptionis

295 4678 567 4742 expertus,
620 4667 688 4722 ad
719 4661 1101 4734 omnipotentis
1146 4658 1244 4714 Dei
1264 4657 1538 4713 servitium
1598 4652 1888 4709 festinavit.

300 4773 405 4826 Iste
449 4768 516 4823 de
553 4764 850 4836 longinquo
883 4776 988 4815 non
1020 4757 1183 4826 venit,
1217 4755 1341 4826 quia
1380 4771 1476 4826 per
1527 4751 1890 4822 incorruptio-

295 4876 422 4914 nem
453 4863 506 4911 et
533 4852 896 4909 innocentiam
926 4847 1208 4918 proximus
1254 4843 1366 4898 fuit.
1402 4843 1549 4897 Alius
1577 4841 1723 4895 nulla
1779 4839 1892 4893 im-

294 4945 570 5021 pudicitia,
603 4941 762 4996 nullis
801 4935 1361 5011 ﬂagitiisinquinatus,
1394 4931 1509 4987 sola
1547 4937 1724 4985 autem
1757 4944 1886 4983 con-

289 5037 447 5108 jugia
476 5038 727 5105 expertus
755 5029 824 5084 ad
867 5024 1220 5082 ministerium
1273 5022 1496 5092 spiritua

293 5137 482 5204 Neque
536 5133 634 5186 iste
682 5129 830 5186 venit
875 5127 942 5181 de
979 5123 1294 5195 longinquo,
1327 5118 1453 5189 quia
1498 5134 1626 5172 usus
1655 5114 1890 5184 conjun-

294 5225 472 5282 ctione
527 5235 778 5276 concessa
809 5232 906 5289 per
958 5213 1142 5269 illicita
1190 5227 1296 5266 non
1353 5207 1569 5263 erravit.
1604 5204 1706 5260 Alii
1760 5219 1889 5260 vero

295 5331 393 5386 per
420 5310 593 5368 carnis
636 5308 860 5380 ﬂagitia,
920 5304 1008 5360 alii
1057 5308 1177 5372 post
1235 5299 1369 5352 falsa
1427 5294 1748 5362 testimonia,
1799 5291 1890 5348 alii

295 5381 417 5475 post
470 5401 608 5456 facta
665 5398 825 5461 furta,
884 5393 974 5449 alii
1015 5399 1133 5464 post
1177 5388 1386 5444 illicitas
1434 5384 1740 5449 violentias,
1801 5381 1889 5436 alii

296 5471 416 5563 post
445 5495 748 5560 perpetrata
799 5481 1090 5539 homicidia
1119 5478 1187 5534 ad
1245 5475 1614 5549 paenitentiam
1666 5471 1890 5525 redeunt

294 5599 454 5661 atque
485 5589 550 5642 ad
607 5582 991 5654 omnipotentis
1021 5579 1118 5633 Dei
1147 5577 1424 5632 servitium
1485 5576 1886 5628 convertuntur.

294 5657 720 5736 Hi—videlicetad
747 5674 919 5727 Deum
950 5669 1016 5725 de
1038 5667 1336 5740 longinquo
1376 5663 1616 5721 veniunt.
1675 5657 1889 5728 Quanto

295 5767 493 5828 etenim
519 5762 912 5839 plus-quisque
948 5759 1003 5814 in
1051 5769 1221 5828 pravo
1251 5763 1413 5826 opere
1470 5748 1684 5819 erravit,
1743 5749 1890 5804 tanto

1991 3747 2365 3815 residentibus,
2395 3747 2489 3802 sed
2517 3747 2655 3801 inter
2669 3748 2877 3801 deserta
2900 3747 3166 3802 Christum
3219 3745 3582 3816 quaarentibus

1994 3837 2224 3892 caelestis
2264 3837 2453 3908 gratia
2483 3837 2738 3892 alimonia
2786 3836 3104 3905 impertitur.
3137 3833 3242 3903 Qui
3273 3835 3417 3890 enim
3472 3850 3583 3891 non

1994 3926 2274 3982 fastidiunt
2304 3942 2337 3980 a
2356 3925 2565 3982 Christo
2617 3925 2998 3996 suscipiuntur,
3031 3932 3084 3980 et
3113 3924 3477 3993 spiritualiter,
3537 3931 3590 3978 et

1995 4015 2344 4086 corporaliter
2398 4015 2582 4082 etiam,
2636 4015 2682 4068 si
2737 4013 3002 4085 indigent,
3053 4020 3330 4068 curantur.
3367 4011 3587 4082 Mystice

1996 4104 2376 4176 praedicatores
2405 4103 2707 4173 profectum
2764 4102 3022 4156 mirantes
3060 4101 3314 4158 Ecclesiae
3359 4100 3540 4156 dicunt
3571 4116 3584 4154 :

1996 4192 2150 4250 Unde
2175 4191 2333 4247 nobis
2362 4199 2509 4247 tanta
2536 4190 2807 4256 facundia,
2862 4196 2920 4244 ut
2948 4197 3024 4245 tot
3078 4189 3318 4244 millibus
3376 4196 3591 4258 tamque

1997 4281 2170 4338 avidis
2224 4279 2560 4336 auditoribus
2640 4278 2890 4334 sufﬁcere
2970 4278 3240 4350 possimus
3320 4279 3376 4333 in
3430 4279 3590 4348 hujus

1998 4369 2186 4426 mundi
2217 4369 2447 4425 deserto.
2505 4371 2573 4423 At
2630 4383 2760 4425 vero
2807 4375 3014 4438 septem
3073 4383 3261 4438 panes,
3319 4367 3376 4423 id
3404 4375 3590 4424 estse-

1999 4466 2146 4531 ptem
2177 4458 2322 4514 dona
2376 4457 2606 4529 Spiritus
2653 4456 2823 4513 sancti
2869 4454 3140 4512 sufﬁciunt
3191 4456 3442 4512 omnibus
3487 4456 3592 4513 ad-

1995 4549 2184 4620 juncta
2213 4547 2506 4619 apostolica
2552 4547 2884 4615 auctoritate,
2944 4545 3094 4616 quasi
3150 4561 3444 4618 paucorum
3500 4546 3590 4618 pi-

1998 4639 2167 4693 scium
2195 4653 2409 4708 sapore,
2443 4636 2533 4708 qui
2561 4653 2661 4692 nos
2679 4636 2929 4708 exemplo
2967 4652 3078 4691 suae
3107 4637 3230 4692 vitae
3286 4635 3373 4693 vel
3404 4635 3594 4690 mortis

1998 4725 2257 4782 reﬁciant.
2292 4727 2396 4795 Qui
2443 4741 2569 4781 vero
2600 4725 2668 4781 ad
2687 4733 2893 4796 septem
2940 4741 3107 4796 panes
3140 4724 3424 4796 pertinent,
3470 4724 3587 4793 jam

1999 4832 2108 4871 non
2127 4832 2288 4884 supra
2341 4815 2526 4869 fenum
2575 4815 2780 4880 sedere,
2812 4813 2906 4868 sed
2965 4821 3157 4867 terram
3206 4828 3453 4881 premere
3506 4813 3591 4882 ju-

1997 4905 2209 4960 bentur.
2231 4907 2292 4958 In
2315 4920 2457 4959 novo
2505 4903 2866 4969 Testamento,
2899 4902 3072 4971 ipsam
3125 4917 3335 4972 quoque
3391 4909 3588 4956 terram

1499 5019 1548 5074 le
1578 5033 1886 5073 conversus.
1919 5012 1968 5074 Ι)
2000 5002 2053 5050 et
2081 4994 2357 5049 facultates
2414 4992 2756 5063 temporales,
2804 4999 2861 5046 ut
2905 4989 3128 5062 perfecti
3185 4989 3370 5060 simus,
3427 4989 3590 5045 relin-

1999 5098 2162 5154 quere
2193 5080 2555 5152 praecipimur.

2073 5210 2095 5240 α
2157 5189 2224 5243 Et
2268 5185 2535 5257 accipiens
2587 5193 2791 5256 septem
2848 5200 3014 5256 panes
3070 5191 3120 5239 et
3148 5184 3339 5256 pisces,
3390 5185 3591 5257 gratias

1999 5293 2166 5350 agens
2213 5277 2392 5348 fregit,
2451 5283 2504 5330 et
2557 5273 2704 5329 dedit
2741 5273 3016 5345 discipulis
3052 5273 3179 5340 suis,
3230 5282 3281 5328 et
3339 5273 3589 5346 discipuli

1999 5366 2258 5420 dederunt
2302 5365 2520 5436 populo.
2561 5387 2582 5411 ιι
2621 5362 2882 5418 Dominus
2929 5362 3075 5418 dedit
3139 5378 3309 5433 panes
3356 5364 3594 5436 discipu-

1999 5455 2064 5509 lis
2103 5455 2171 5510 ad
2227 5453 2576 5508 dividendum
2629 5453 2800 5506 turbae
2875 5451 3174 5507 doctrinam
3230 5452 3588 5522 spiritualem.

2070 5551 2252 5624 Fregit
2272 5567 2456 5622 panes,
2516 5549 2568 5604 id
2590 5557 2668 5606 est
2698 5550 2907 5620 aperuit
2949 5558 3301 5618 sacramenta,
3356 5551 3592 5622 seipsum

2000 5651 2201 5707 scilicet
2257 5650 2348 5721 qui
2402 5648 2558 5719 panis
2609 5656 2690 5704 est
2739 5649 2884 5707 vitaz.
2941 5672 2963 5699 ‹ι
3025 5648 3238 5705 Gratias
3266 5648 3396 5722 egit,
3457 5670 3482 5696 ι
3533 5655 3592 5702 ut

2004 5739 2309 5798 ostenderet
2364 5745 2621 5810 quantum
2675 5738 2913 5812 gaudeat
2957 5737 3026 5795 de
3057 5739 3244 5797 salute
3267 5735 3587 5807 hominum,
