3986 6070
479 177 618 231 1063

1579 173 1920 230 WERNERI
1958 176 2244 234 ABBATlS
2282 179 2345 235 S.
2395 180 2615 237 BLASII

3581 153 3586 158 Ι
3661 196 3790 248 ιοδι

477 308 538 358 ut
586 316 685 357 nos
733 299 1045 355 infamaret
1098 298 1166 353 ad
1189 296 1427 370 agendas
1463 313 1677 370 semper
1698 300 1810 357 Deo
1839 300 2060 374 gratias,
2090 304 2145 364 A
2175 305 2283 360 vuli
2311 308 2519 377 excepti
2559 315 2700 378 sunt,
2735 310 2827 379 qui
2861 319 2963 366 tam
2997 313 3051 367 in
3075 315 3250 370 Veteri
3301 332 3461 385 quam
3513 318 3570 371 in
3635 319 3786 374 Novo

483 407 606 448 cum
639 390 724 444 vel
771 389 827 443 in
857 404 1015 443 carne
1044 385 1315 442 reﬁcimur
1361 388 1444 442 vel
1473 388 1524 442 in
1576 389 1776 443 anima.
1813 391 1869 445 Si
1927 391 2071 444 enim

485 479 542 535 in
573 486 777 549 septem
810 477 1038 549 panibus
1069 477 1159 546 qui
1206 493 1314 531 non
1344 477 1596 548 leguntur
1631 479 1793 534 fuisse
1849 480 2073 534 hordea-

478 568 558 624 cei
606 566 935 638 septiformis
993 566 1167 638 gratia
1221 566 1361 621 Novi
1419 567 1743 621 Testamenti
1810 568 2068 640 signatur,

479 664 607 736 quid
653 665 708 718 in
768 663 1054 735 pisciculis,
1116 662 1216 715 nisi
1293 670 1504 717 sanctos
1547 664 1850 718 conditores
1933 665 2073 718 illius

478 755 769 825 Scriptura
796 752 1107 822 accipimus,
1169 751 1253 807 vel
1284 751 1404 806 illos
1431 767 1657 821 quorum
1687 751 1850 807 ﬁdem
1909 761 1964 807 et
1987 753 2071 808 vi-

474 858 586 906 tam
635 858 688 905 et
743 849 1020 920 passiones
1061 848 1178 918 ipsa
1228 848 1502 918 Scriptum
1551 849 1806 917 continet,
1858 850 1948 918 qui
2004 849 2070 904 de

476 939 796 994 turbulentis
840 938 999 1008 hujus
1054 937 1233 992 saculi
1281 936 1527 992 ﬂuctibus
1570 937 1738 1006 erepti
1768 945 1821 992 et
1875 953 2071 993 conse-

474 1028 624 1094 crati,
656 1027 1005 1084 refectionem
1037 1025 1196 1082 nobis
1241 1026 1504 1081 internam
1518 1026 1771 1095 exemplo
1787 1042 1898 1081 sua
1944 1027 2070 1083 vita

474 1118 560 1175 vel
595 1118 782 1172 mortis
821 1115 1120 1186 prabuere,
1183 1131 1248 1170 ne
1303 1115 1360 1170 in
1403 1115 1563 1186 hujus
1609 1114 1795 1169 mundi
1843 1131 2069 1172 excursu

475 1206 805 1264 deﬁciamus.

553 1326 574 1356 ι
613 1305 678 1359 Ει
732 1302 1082 1360 comederunt
1111 1316 1300 1357 omnes
1345 1309 1398 1356 et
1425 1301 1642 1356 saturati
1672 1309 1812 1357 sunt.
1877 1323 1898 1353 ι
1961 1301 2069 1358 Co-

475 1392 742 1448 medimus
791 1399 988 1447 attente
1019 1389 1306 1456 audiendo,
1368 1397 1420 1444 et
1476 1391 1727 1460 exempla
1761 1390 2017 1446 intuendo
2050 1405 2064 1459 ;

471 1490 791 1548 saturamur,
823 1479 1100 1535 memoria
1128 1478 1468 1533 recoudendo
1499 1487 1550 1533 et
1596 1480 1890 1549 operando.
1933 1480 2068 1534 Huic

476 1569 776 1642 operationi
806 1568 1055 1640 congruit
1083 1568 1212 1620 illud
1261 1568 1555 1623 Psalmista
1588 1588 1599 1622 :
1638 1591 1661 1616 α
1699 1568 1870 1623 Edent
1923 1585 2064 1638 pau-

477 1675 631 1732 peres
661 1667 714 1713 et
741 1657 1138 1720 saturabuntur,
1188 1663 1239 1710 et
1284 1656 1581 1710 laudabunt
1626 1657 1915 1712 Dominum
1974 1657 2064 1726 qui
2096 1672 2148 1732 B
2178 1655 2357 1712 divisit
2409 1666 2460 1713 et
2517 1660 2673 1727 plene
2729 1669 2992 1719 saturatos
3051 1665 3253 1721 dimisit
3309 1685 3322 1721 :

471 1757 749 1827 requirunt
807 1771 929 1810 eum
981 1755 1155 1822 (Psal.
1198 1754 1278 1823 ii).
1339 1753 1496 1822 Quod
1537 1755 1682 1808 enim
1740 1753 2069 1809 manducans

472 1846 702 1918 populus
729 1845 950 1900 satiatur
989 1841 1256 1914 signiﬁcat
1309 1841 1508 1897 famem
1544 1845 1597 1898 in
1626 1851 1941 1915 perpetuum
1999 1843 2067 1898 ab

470 1934 653 1992 electis
680 1933 1073 2005 repellendam,
1115 1929 1328 2001 quando
1371 1947 1480 1987 non
1511 1932 1704 1988 esuriet
1759 1932 1849 2002 qui
1905 1947 2065 1988 acce-

471 2024 608 2096 perit
637 2023 818 2078 cibum
841 2021 1054 2077 Christi.

536 2149 603 2204 Et
646 2147 791 2218 quod
867 2145 1131 2217 superfuit
1186 2147 1252 2202 de
1327 2146 1646 2218 fragmentis
1696 2145 1928 2200 tulerunt
1972 2161 2062 2199 se-

466 2244 615 2308 ptem
655 2235 867 2307 sporfas
894 2236 1102 2304 plenas.
1145 2237 1364 2304 Septem
1413 2241 1610 2303 sporta
1640 2249 1760 2303 qua
1812 2240 2067 2304 superant

469 2343 591 2390 sunt
640 2333 831 2388 altiora
857 2340 1128 2403 pracepta
1183 2333 1268 2388 vel
1296 2332 1541 2387 consilia.
1593 2330 1727 2399 Qua
1779 2331 2062 2386 multitudo

470 2439 580 2479 non
611 2429 784 2493 potest
827 2421 1090 2493 attingere
1116 2421 1402 2486 servando,
1463 2419 1558 2475 sed
1606 2427 1806 2474 tantum
1865 2419 1940 2473 illi
1970 2419 2060 2488 qui

467 2512 662 2582 majori
710 2510 886 2584 gratia
938 2510 1084 2581 pleni
1139 2519 1284 2564 sunt.
1325 2509 1533 2578 Quibus
1561 2509 1796 2563 dicitur:
1837 2531 1859 2555 α
1895 2508 1953 2564 Si
1985 2508 2064 2562 vis

470 2611 753 2683 perfectus
773 2625 909 2677 esse,
940 2608 1112 2664 vende
1143 2608 1326 2664 omnia
1357 2624 1475 2678 qua
1497 2607 1663 2662 habes
1692 2614 1745 2660 et
1772 2606 1840 2661 da
1862 2621 2063 2677 paupe-

471 2701 625 2756 ribus
652 2699 879 2770 (Hatth.
921 2699 1075 2768 xxx).
1122 2720 1146 2746 υ
1185 2699 1250 2752 Et
1289 2697 1413 2767 quia
1442 2705 1637 2767 sporta
1661 2695 1826 2765 junco
1855 2703 1906 2749 et
1937 2695 2061 2765 pal-

466 2805 678 2845 marum
736 2787 884 2841 foliis
921 2787 1095 2841 solent
1139 2785 1372 2850 contexi,
1424 2785 1614 2839 merito
1645 2784 1701 2837 in
1752 2791 2058 2838 sanctorum

465 2884 920 2958 signiﬁcationem
983 2891 1272 2955 ponuntur.
1360 2883 1557 2936 Juncus
1632 2881 1833 2952 quippe
1901 2896 2062 2949 super

477 2991 673 3046 aquam
723 2974 976 3040 nascitur,
1030 2981 1084 3028 et
1138 2972 1293 3027 electi
1369 2971 1607 3026 radicem
1654 2970 1831 3025 cordis
1867 2987 1932 3024 ne
1990 2969 2059 3024 ab

2183 395 2524 451 Testamento
2573 413 2681 452 non
2769 400 3120 456 admittuntur
3176 405 3244 458 ad
3290 423 3597 473 numerum,
3663 411 3784 478 quia

2182 500 2291 538 non
2321 485 2609 555 perdurant
2661 503 2938 544 occurrere
2993 492 3048 546 in
3078 493 3251 548 virum
3306 496 3636 564 perfectum,
3698 499 3782 552 vel

2183 581 2236 633 in
2266 580 2514 636 ﬁrmitate
2558 584 2751 639 virium
2793 587 2880 641 vel
2909 588 3120 644 levitate
3158 592 3370 645 mentis.
3402 594 3643 662 Utraque
3699 611 3782 649 ro-

2182 669 2341 725 fectio
2371 671 2642 727 celebrata
2669 683 2750 728 est
2804 676 2859 729 in
2899 687 3100 743 monte,
3131 680 3257 749 quia
3286 687 3570 752 utrumque
3604 684 3783 738 Testa-

2181 766 2419 813 mentum
2490 761 2825 818 altitudinem
2901 767 3275 823 mandatorum
3333 771 3452 835 Dei,
3525 779 3580 826 et
3634 772 3778 827 illius

2181 857 2380 912 montis
2432 859 2791 928 altitudinem,
2841 863 2930 932 qui
2982 874 3059 919 est
3113 882 3270 921 mons
3324 868 3519 923 domus
3559 870 3662 924 Dei
3720 871 3776 925 in

2179 947 2376 1001 vertice
2455 950 2739 1019 montium,
2800 967 3040 1008 consona
3095 970 3227 1011 voce
3281 957 3436 1012 nobis
3491 959 3770 1030 pradicat.

2578 1085 2721 1140 Item
2749 1089 3030 1157 expositio
3057 1087 3122 1144 de
3153 1089 3368 1147 eodem.

2247 1204 2440 1259 Narrat
2506 1206 2865 1279 Evangelium
2922 1211 3132 1267 turbam
3189 1213 3410 1268 multam
3473 1216 3768 1272 Dominum

2178 1292 2350 1348 triduo
2379 1294 2708 1366 sustinuisse,
2735 1297 2891 1367 eique
2918 1299 3119 1356 victum
3149 1302 3401 1370 defuisse,
3427 1312 3482 1358 et
3505 1306 3770 1374 quosdam

2175 1397 2241 1435 ex
2292 1382 2368 1436 eis
2423 1383 2490 1438 de
2535 1385 2696 1457 longe
2724 1388 2954 1444 venisse.
3019 1389 3173 1446 Unde
3223 1392 3486 1447 Dominus
3524 1395 3773 1450 misertus

2176 1469 2311 1524 dixit
2360 1473 2403 1526 si
2462 1489 2553 1528 eos
2602 1475 2819 1545 jejunos
2864 1477 3171 1545 dimitteret,
3206 1480 3258 1534 in
3305 1482 3391 1537 via
3443 1482 3760 1539 deﬁcerent.

2177 1568 2394 1638 Septem
2443 1587 2572 1642 ergo
2630 1589 2796 1642 panes
2855 1590 2976 1628 cum
3008 1577 3192 1646 paucis
3212 1579 3480 1648 pisciculis
3519 1580 3663 1635 inter
3680 1597 3772 1636 eos

3383 1676 3535 1722 erant
3590 1678 3772 1725 autem

2177 1762 2404 1823 quatuor
2450 1757 2618 1811 millia
2671 1758 2763 1829 qui
2790 1761 3266 1830 manducaverunt,
3312 1771 3364 1818 et
3391 1764 3644 1836 discipuli
3699 1782 3778 1821 se-

2177 1850 2321 1914 ptem
2359 1854 2567 1916 sportas
2623 1847 2691 1902 de
2741 1847 3059 1919 fragmentis
3116 1852 3350 1906 tulerunt
3375 1854 3567 1922 (Marc.
3627 1859 3770 1927 vni).

2179 1932 2355 1986 Turba
2411 1951 2531 2004 qua
2585 1935 2878 1991 Dominum
2940 1938 3113 1994 triduo
3151 1941 3376 1995 sustinet
3402 1951 3481 1996 est
3537 1945 3775 2015 populus

2174 2027 2410 2085 ﬁdelium
2444 2031 2532 2101 qui
2553 2033 2891 2104 signaculum
2919 2034 3044 2091 ﬁdei
3074 2037 3129 2090 in
3163 2038 3328 2092 tribus
3351 2041 3596 2110 personis
3646 2044 3776 2096 reti-

2176 2127 2284 2172 net.
2316 2119 2415 2174 Hic
2445 2121 2642 2177 victum
2691 2139 2800 2180 non
2849 2125 3029 2192 habet,
3060 2125 3188 2180 dum
3245 2127 3411 2183 verbo
3443 2129 3541 2184 Dei
3601 2141 3771 2185 caret.

2175 2216 2324 2272 Sicut
2367 2235 2560 2290 corpus
2616 2237 2754 2291 pane
2814 2224 3064 2292 pascitur,
3108 2225 3180 2279 ita
3207 2226 3390 2281 anima
3442 2229 3613 2282 verbo
3673 2230 3774 2282 Dei

2172 2305 2424 2361 reﬁcitur.
2459 2308 2562 2376 Qui
2594 2309 2659 2363 de
2691 2311 2852 2381 longe
2908 2321 3188 2380 venerunt,
3249 2315 3304 2368 hi
3333 2324 3456 2369 sunt
3501 2318 3592 2386 qui
3653 2327 3776 2386 post

2173 2397 2340 2451 multa
2369 2397 2574 2468 ﬂagitia
2628 2399 2696 2452 ad
2724 2400 3014 2454 Dominum
3068 2402 3342 2458 redibunt.
3397 2405 3540 2459 Nam
3597 2407 3656 2460 hi
3703 2407 3773 2461 de

2172 2501 2340 2554 prope
2388 2487 2609 2542 veniunt
2654 2488 2744 2557 qui
2801 2506 2832 2543 a
2860 2491 3088 2560 pueritia
3132 2492 3184 2545 in
3215 2493 3490 2548 sanctitate
3549 2496 3768 2550 vivunt.

2172 2583 2251 2637 De
2283 2584 2447 2655 longe
2475 2586 2772 2652 venientes,
2808 2603 2874 2640 ne
2932 2587 2986 2640 in
3009 2589 3097 2644 via
3115 2587 3383 2656 deﬁciant,
3433 2591 3766 2660 reﬁciuntur,

2172 2672 2296 2741 quia
2317 2673 2636 2743 panitentes
2654 2690 2720 2728 ne
2756 2673 3041 2745 desperent
3094 2693 3261 2733 sacra
3282 2678 3571 2749 Scriptura
3628 2698 3770 2736 con-

2170 2761 2429 2816 solatione
2492 2771 2798 2832 pascuntur.
2837 2765 3016 2819 Turba
3069 2781 3233 2835 super
3288 2775 3482 2822 terram
3526 2770 3772 2824 discum-

2169 2849 2267 2916 bit,
2327 2850 2453 2919 quia
2499 2852 2729 2920 populus
2775 2851 3016 2908 ﬁdelium
3073 2871 3129 2908 se
3185 2856 3461 2926 pulverem
3516 2859 3772 2914 attendit.

2171 2937 2344 3007 Quem
2373 2940 2635 2994 Dominus
2654 2948 2861 3012 septem
2908 2943 3138 3012 panibus
3190 2943 3379 3012 reﬁcit,
3431 2946 3562 3000 dum
3591 2950 3646 3003 ei
3679 2965 3772 3004 se-

468 3031 652 3120 amore
710 3062 1021 3118 aternitatis
1051 3068 1314 3126 arescant,
1345 3061 1399 3114 in
1430 3061 1548 3129 ipso
1578 3059 1702 3114 vita
1757 3059 1904 3113 fonte
1958 3057 2060 3113 col-

2171 3043 2316 3106 ptem
2338 3035 2481 3091 dona
2507 3037 2737 3107 Spiritus
2765 3039 2933 3094 sancti
2982 3039 3272 3096 distribuit.
3303 3041 3424 3098 Uno
3452 3059 3593 3112 pane
3645 3062 3773 3100 eum

468 3152 666 3208 locant.
728 3152 916 3206 Palma
970 3150 1244 3207 victricem
1304 3157 1459 3204 emat
1504 3163 1746 3216 manum,
1805 3155 1858 3202 et
1909 3147 2064 3202 electi

461 3241 649 3297 mundi
677 3241 906 3298 victores
955 3240 1276 3295 memoriam
1330 3245 1544 3293 aterna
1590 3235 1953 3292 retributionis
2005 3237 2062 3290 in

468 3339 630 3396 corde
684 3338 938 3393 retinent.
970 3338 1078 3392 Cur
1105 3345 1284 3391 autem
1325 3335 1560 3406 quinque
1590 3334 1827 3388 millibus
1883 3332 2059 3387 homi-

467 3444 596 3482 num
635 3427 757 3495 plus
801 3425 1124 3492 redundant,
1157 3431 1210 3479 et
1255 3431 1482 3493 quatuor
1510 3423 1748 3476 millibus
1801 3421 1979 3475 minus
2032 3421 2060 3474 ‘I

463 3515 688 3584 (Matth.
748 3514 882 3583 xv.)
940 3512 1079 3581 Quia
1109 3520 1336 3582 quatuor
1363 3512 1532 3565 millia
1563 3511 1737 3566 triduo
1765 3526 1888 3565 cum
1909 3508 2061 3564 Chri-

460 3610 543 3658 sto
589 3602 821 3670 fuerunt,
881 3609 934 3656 et
977 3601 1100 3656 ideo
1134 3601 1370 3672 amplius
1424 3600 1650 3655 calestis
1679 3599 1862 3670 pabuli
1919 3615 2059 3654 rece-

464 3697 677 3764 perunt.

539 3830 562 3857 (ι
599 3807 763 3861 Erant
781 3812 958 3861 autem
991 3804 1081 3874 qui
1113 3803 1571 3860 manducaverunt
1607 3809 1834 3872 quatuor
1889 3803 2059 3857 millia

462 3895 743 3953 hominum
801 3902 950 3950 extra
997 3893 1250 3965 parvulos
1307 3900 1360 3947 et
1414 3893 1684 3959 mulieres,
1745 3899 1798 3946 et
1858 3891 2062 3945 dimisit

463 4001 576 4041 eos.
613 4007 636 4034 ιι
670 3986 732 4039 In
787 3983 1049 4053 superiori
1132 3983 1288 4054 signo
1345 3981 1578 4051 quinque
1620 3981 1790 4036 millia
1847 3981 2061 4035 fuerunt

459 4081 618 4152 juxta
646 4096 935 4135 numerum
994 4094 1222 4151 panum,
1284 4078 1409 4148 quia
1455 4077 1615 4135 vicini
1673 4084 1824 4131 erant
1851 4093 1885 4132 v
1941 4093 2060 4132 sen-

465 4187 642 4226 suum.
674 4169 764 4225 Isti
809 4169 900 4239 qui
931 4167 998 4223 de
1054 4176 1260 4239 septem
1318 4167 1548 4238 panibus
1602 4168 1706 4222 hoc
1735 4173 1814 4221 est
1850 4173 2057 4221 sacrato

465 4269 677 4324 aluntur
715 4281 960 4331 numero,
995 4273 1224 4335 quatuor
1277 4265 1447 4319 millia
1467 4272 1606 4318 sunt.
1641 4262 1746 4332 Qui
1803 4280 2056 4318 numerus

459 4372 674 4426 semper
719 4355 776 4410 in
828 4353 984 4409 laude
1040 4355 1275 4425 ponitur.
1337 4355 1404 4410 Et
1461 4353 1863 4425 quadrangulus
1919 4353 2056 4421 lapis

459 4460 569 4500 non
619 4451 699 4498 est
745 4442 1026 4508 instabilis,
1081 4450 1132 4497 et
1189 4442 1245 4494 in
1295 4457 1360 4495 eo
1416 4457 1640 4496 numero
1709 4441 2055 4513 evangelista

459 4540 600 4588 sunt.
660 4532 928 4586 Numerus
983 4531 1162 4600 itaque
1181 4530 1504 4584 refectorum
1523 4530 1681 4584 docet
1727 4547 1819 4585 eos
1875 4537 2056 4601 pastos

458 4630 786 4704 evangelicis
822 4628 1036 4684 cibariis
1066 4647 1080 4695 ;
1112 4628 1380 4697 simulque
1431 4627 1664 4682 insinuat
1735 4627 2051 4682 innumera-

454 4731 622 4786 bilem
672 4727 1070 4783 multitudinem
1108 4726 1176 4781 de
1233 4734 1460 4795 quatuor
1501 4727 1647 4781 orbis
1704 4725 1947 4796 partibus
1985 4727 2053 4780 ad

456 4826 688 4885 calestis
739 4825 843 4881 cibi
900 4825 1104 4878 donum
1154 4837 1552 4876 concursuram.
1611 4823 1724 4877 Hoc
1784 4821 1946 4894 igitur
1974 4830 2054 4893 ty-

455 4917 576 4990 pice
595 4917 733 4971 inter
768 4917 886 4970 hac
932 4911 1283 4967 refectionem
1341 4911 1520 4980 distat,
1580 4911 1724 4982 quod
1755 4911 1829 4965 ibi
1880 4911 2054 4967 littera

452 5026 608 5076 vetus
657 5016 816 5088 plena
870 5031 984 5069 esse
1035 5013 1246 5085 signata
1303 5020 1382 5068 est
1436 5011 1610 5084 gratia
1665 5012 1909 5083 spiritali.
1952 5014 2053 5068 Hic

457 5107 633 5180 gratia
659 5105 799 5160 Novi
849 5103 1174 5159 Testamenti
1234 5108 1527 5156 monstrata
1572 5109 1651 5155 est
1699 5102 2050 5157 ministrando

457 5204 707 5258 ﬁdelibus
762 5211 990 5272 quatuor
1023 5207 1209 5257 ornata
1235 5201 1534 5267 virtutibus,
1594 5216 1819 5269 quarum
1876 5200 2050 5271 prima

458 5307 539 5356 est
594 5299 808 5371 cognito
861 5315 1042 5354 rerum
1093 5297 1524 5368 appetendarum
1579 5305 1631 5351 et
1684 5297 2045 5366 vitandarum,

454 5388 692 5445 secunda
720 5388 1007 5442 refrenatio
1037 5386 1344 5456 cupiditatis
1382 5385 1451 5441 ab
1482 5385 1563 5440 his
1594 5401 1714 5456 qua
1772 5397 2047 5457 tempora-

451 5487 574 5543 liter
607 5484 954 5550 delectantur,
1014 5483 1168 5536 tertia
1197 5482 1419 5537 ﬁrmitas
1453 5491 1639 5538 contra
1666 5484 1891 5540 molesta
1935 5501 2045 5540 sa-

452 5584 581 5652 culi,
614 5587 804 5652 quarta
823 5595 943 5648 qua
978 5594 1076 5650 per
1103 5593 1292 5633 omnes
1320 5578 1636 5634 diffunditur
1662 5580 1878 5636 dilectio
1935 5583 2045 5638 Do-

449 5681 586 5740 mini
605 5685 660 5737 et
674 5674 930 5751 proximi.
985 5674 1057 5729 Et
1081 5672 1159 5728 ibi
1204 5680 1257 5729 et
1301 5673 1389 5732 hic
1415 5676 1665 5734 mulieres
1715 5687 1878 5751 atque
1905 5696 2040 5753 par.

2169 3125 2345 3192 satiat,
2378 3125 2505 3179 dum
2537 3125 2605 3180 ad
2635 3127 2819 3183 divina
2867 3129 3126 3199 sapienda
3146 3146 3241 3185 cor
3277 3132 3396 3201 ejus
3421 3133 3616 3202 spiritu
3677 3152 3773 3188 sa-

2169 3214 2386 3284 pientia
2423 3214 2708 3270 illuminat.
2764 3216 2950 3272 Altero
3007 3235 3146 3289 pane
3171 3236 3292 3273 eum
3314 3221 3504 3290 pascit,
3536 3221 3672 3276 dum
3724 3227 3774 3279 ei

2169 3311 2419 3382 mysteria
2450 3311 2738 3382 Scriptura
2789 3313 3032 3384 spiritum
3064 3315 3359 3371 intellectus
3386 3319 3580 3388 aperit.
3627 3320 3772 3374 Ter-

2169 3399 2241 3454 tio
2297 3416 2437 3470 pane
2492 3417 2614 3455 eum
2653 3401 2849 3468 reﬁcit,
2882 3403 3010 3457 dum
3066 3405 3194 3459 utile
3243 3406 3463 3478 eligere,
3505 3410 3768 3464 nocivum

2166 3504 2436 3558 respuere,
2495 3489 2740 3559 spiritum
2804 3493 3012 3546 consilii
3088 3493 3288 3547 tribuit.
3335 3495 3539 3562 Quarto
3622 3514 3772 3568 pane

2167 3593 2289 3631 eum
2319 3585 2536 3644 saturat,
2587 3578 2714 3632 dum
2745 3596 2869 3634 eum
2907 3581 2962 3634 in
2985 3581 3140 3636 bonis
3184 3583 3373 3654 spiritu
3433 3585 3770 3641 fortitudinis

2165 3665 2408 3720 roborat.
2440 3665 2637 3734 Quinto
2667 3684 2806 3738 pane
2836 3685 2958 3722 eum
3014 3680 3237 3737 recreat,
3266 3673 3394 3726 dum
3426 3688 3552 3727 eum
3608 3675 3769 3745 spiri-

2169 3762 2221 3808 tu
2260 3755 2497 3809 scientia
2551 3755 2802 3811 illustrat.
2867 3758 3029 3814 Sexto
3086 3776 3229 3828 pane
3284 3777 3408 3815 eum
3466 3762 3760 3833 refocillat,

2167 3842 2293 3896 dum
2351 3859 2473 3897 eum
2522 3843 2592 3898 ad
2636 3845 2945 3900 sectandam
2991 3846 3256 3917 justitiam
3302 3850 3490 3920 spiritu
3551 3852 3768 3923 pietatis

2167 3931 2439 3986 informat.
2483 3932 2724 4004 Septimo
2780 3951 2921 4006 pane
2976 3952 3070 3991 cor
3105 3937 3222 4007 ejus
3277 3937 3582 4008 conﬁrmat,
3631 3942 3767 3996 dum

2166 4045 2289 4084 eum
2345 4045 2378 4084 a
2429 4030 2572 4084 malo
2627 4031 2817 4102 spiritu
2862 4033 3068 4088 timoris
3119 4043 3326 4090 avocat.
3389 4036 3554 4092 Pauci
3603 4039 3768 4110 pisci-

2166 4117 2267 4172 culi
2297 4118 2583 4187 adduntur,
2616 4119 2744 4174 dum
2775 4120 2823 4176 ei
2870 4122 3119 4192 exempla
3145 4121 3383 4178 ﬁdelium
3437 4141 3766 4197 proponun-

2165 4223 2266 4270 tur.
2300 4215 2539 4284 Quatuor
2559 4217 2728 4272 millia
2757 4226 3080 4288 saturantur,
3135 4221 3260 4290 quia
3289 4230 3516 4292 quatuor
3574 4225 3766 4279 mundi

2164 4312 2362 4374 partes,
2395 4321 2489 4376 per
2518 4313 2744 4375 quatuor
2787 4309 3090 4380 evangelia,
3121 4309 3189 4362 ad
3219 4319 3424 4381 septem
3465 4311 3609 4367 dona
3641 4314 3766 4384 Spi-

2084 4390 2135 4450 D
2165 4393 2297 4447 ritus
2317 4394 2486 4449 sancti
2516 4404 2792 4450 vocantur.
2845 4397 3062 4468 Septem
3093 4407 3290 4467 sporta
3319 4400 3386 4454 de
3441 4401 3767 4473 fragmentis

2159 4491 2564 4553 superaverunt,
2626 4486 2751 4555 quia
2804 4494 3010 4557 septem
3042 4487 3161 4541 libri
3213 4488 3637 4561 Hagiographia
3695 4494 3764 4547 de

2159 4579 2365 4642 septem
2422 4572 2577 4627 donis
2625 4574 2852 4643 Spiritus
2879 4576 3045 4630 sancti
3068 4576 3371 4631 redundant
3401 4593 3414 4646 ;
3449 4578 3514 4632 de
3566 4581 3766 4649 quibus

2160 4669 2335 4724 adhuc
2355 4669 2599 4725 doctores
2620 4672 2989 4740 refectionem,
3027 4675 3177 4743 quasi
3194 4674 3259 4729 de
3280 4676 3495 4747 sportis,
3509 4676 3768 4736 ﬁdelibus

2160 4758 2487 4813 ministrant.
2553 4761 2732 4816 Prima
2774 4762 3039 4832 siquidem
3070 4772 3254 4835 sporta
3297 4765 3532 4820 estliber
3587 4767 3763 4822 Joan-

2159 4856 2241 4910 nis
2298 4874 2393 4927 per
2422 4874 2580 4926 quem
2612 4858 2827 4928 spiritus
2847 4860 3124 4930 sapientia
3177 4863 3475 4918 maximam
3533 4865 3764 4936 sapien-

2161 4945 2289 4999 tiam
2323 4946 2575 5002 Ecclesia
2623 4947 2852 5003 invexit.
2893 4948 3143 5004 Secuuda
3185 4960 3366 5022 sporta
3413 4960 3492 5007 est
3549 4953 3763 5010 Psalte-

2158 5044 2315 5109 rium,
2366 5061 2465 5114 per
2522 5047 2665 5115 quod
2695 5048 2911 5118 spiritus
2949 5048 3251 5104 intellectus
3297 5067 3459 5121 quam
3517 5053 3763 5109 maxime

2157 5133 2225 5186 ad
2255 5134 2604 5203 intelligenda
2660 5136 2958 5206 spiritualia
3001 5154 3216 5194 sensum
3248 5139 3504 5196 Ecclesia
3561 5144 3756 5212 aperit.

2157 5222 2332 5276 Tertia
2377 5232 2559 5294 sporta
2623 5232 2744 5279 sunt
2799 5226 3110 5295 Probervia,
3163 5245 3262 5296 per
3316 5245 3478 5298 quem
3535 5230 3756 5301 spiritus

2153 5311 2361 5365 consilii
2407 5327 2506 5381 per
2559 5313 2715 5382 plura
2746 5313 2869 5369 vita
2923 5316 3148 5371 consilia
3179 5317 3434 5373 Ecclesia
3493 5317 3744 5375 donavit.

2153 5407 2354 5477 Quarta
2381 5419 2562 5480 sporta
2620 5419 2700 5466 est
2754 5412 3119 5482 Ecclesiastes,
3177 5431 3275 5485 per
3319 5431 3482 5485 quem
3533 5417 3756 5488 spiritus

2152 5497 2476 5554 fortitudinis
2533 5500 2825 5556 Ecclesiam
2876 5502 3090 5558 abunde
3146 5510 3334 5559 contra
3363 5503 3494 5560 vitia
3542 5505 3752 5561 fortitu-

2149 5585 2273 5642 dine
2325 5587 2509 5643 cinxit.
2570 5587 2768 5658 Quinta
2814 5599 2994 5662 sporta
3023 5599 3103 5647 est
3158 5592 3398 5662 Cantica,
3447 5593 3506 5648 in
3551 5594 3752 5665 quibus

2145 5684 2370 5757 spiritus
2395 5685 2636 5765 scientia
2663 5687 2958 5760 plurimam
2981 5690 3263 5751 scientiam
3285 5690 3543 5752 Ecclesia
3585 5709 3746 5750 rese-
