4042 6080
225 259 367 311 1065

1192 250 1775 309 DEFLORATIONES
1816 248 1922 305 SS.
1981 248 2282 305 PATRUM.
2314 278 2383 289 —
2420 247 2546 303 LIB.
2572 249 2640 301 Π.

3390 248 3547 300 1068»

217 378 377 433 ravit.
411 376 575 432 Sexta
605 385 787 448 Sporta
819 384 898 433 est
926 378 1061 433 liber
1089 355 1396 449 Sapientiae,
1450 377 1502 430 in
1553 392 1659 446 quo
1704 374 1821 446 spi-
1850 374 1905 434 A
1935 374 2059 442 quia
2088 379 2455 443 corrumpunt.
2488 370 2645 425 Nona
2697 370 2858 442 plaga
2905 380 3020 426 erat
3065 374 3229 426 chaos
3278 369 3530 425 tenebra-

217 475 352 530 ritus
415 474 627 547 pietatis
679 491 889 529 summa
934 474 1129 545 pietate
1194 474 1492 529 Ecclesiam
1560 473 1815 530 erudivit.

221 563 471 633 Septima
495 570 573 619 est
603 563 740 618 liber
769 564 1138 629 Ecclesiastes,
1172 562 1237 617 de
1283 578 1389 633 qua
1434 570 1616 631 sporta
1661 564 1825 631 spiri-

226 660 310 707 tus
340 653 546 709 timoris
574 653 794 709 Domini
828 653 1005 725 magis
1032 669 1193 723 quam
1222 652 1277 707 in
1307 652 1416 706 ullo
1464 651 1601 706 libro
1660 652 1824 706 timo-

221 765 340 805 rem
394 750 611 805 Domini
669 750 963 806 Ecclesiam
1020 750 1296 804 instruxit.
1333 749 1419 803 Ex
1473 747 1557 802 his
1619 756 1825 819 septem

224 838 422 910 sportis
448 854 547 908 per
575 838 947 908 septiformem
1008 839 1266 910 Spiritum
1325 837 1532 910 egregii
1580 836 1826 892 doctores

224 927 559 1001 Augustinus
578 934 632 983 et
652 927 971 1000 Gregorius,
994 928 1084 982 alii
1106 942 1321 997 quoque
1367 933 1422 980 et
1460 925 1550 980 alii
1587 941 1683 979 sua
1722 941 1823 979 ex-

225 1026 493 1096 positione
545 1033 785 1081 sanctam
846 1025 1140 1082 Ecclesiam
1197 1024 1348 1095 quasi
1407 1023 1475 1079 ad
1524 1023 1859 1085 satietatem:

226 1114 550 1171 refecerunt.

296 1232 449 1287 Pisce
479 1247 693 1303 quoque
724 1230 880 1287 turba
905 1230 1158 1304 pascitur,
1208 1230 1336 1285 dum
1377 1229 1568 1285 Christi
1600 1244 1825 1301 corpore

225 1331 481 1388 vescitur.
521 1333 642 1402 Ipse
672 1347 908 1402 namque
936 1331 1098 1403 piscis
1124 1329 1336 1398 dicitur,
1368 1329 1506 1384 sicut
1534 1328 1589 1382 in
1636 1330 1823 1383 Evan-

228 1420 376 1493 gelio
404 1420 619 1493 legitur.
652 1421 792 1475 Dum
824 1422 1071 1475 homines
1099 1419 1170 1474 ab
1216 1418 1309 1474 illo
1366 1417 1644 1489 exigerent
1690 1433 1824 1473 cen-

226 1526 368 1578 sum,
399 1509 478 1564 sui
505 1509 685 1581 angeli
714 1509 967 1565 devotum
995 1507 1311 1579 impendunt
1335 1506 1675 1577 obsequium,
1698 1505 1824 1574 jus-

227 1623 348 1661 sum
379 1607 593 1661 Petrum
622 1608 844 1661 hamum
895 1606 950 1659 in
1007 1620 1158 1659 mare
1213 1603 1444 1669 mittere,
1503 1608 1554 1657 et
1610 1601 1679 1656 de
1732 1616 1825 1656 ore

228 1694 394 1767 piscis
430 1695 521 1765 qui
586 1694 793 1766 primus
856 1694 1170 1750 ascenderet
1234 1707 1455 1746 aureum
1509 1689 1824 1746 didrachma

230 1785 439 1851 tollere,
479 1799 578 1853 pro
615 1800 673 1839 se
712 1791 764 1838 et
812 1798 911 1853 pro
976 1781 1264 1853 semetipso
1330 1795 1550 1835 censum
1614 1779 1826 1835 solvere

227 1881 457 1954 (Matth.
489 1880 647 1951 XVII).
681 1880 847 1936 Piscis
886 1880 973 1936 hic
1002 1888 1115 1936 erat
1139 1878 1399 1945 Christus,
1430 1878 1522 1949 qui
1570 1878 1624 1932 in
1664 1877 1826 1948 hujus

229 1970 413 2027 seculi
440 1970 599 2025 undis
629 1970 805 2025 latuit.
846 1968 953 2037 Qui
981 1968 1295 2024 didrachma
1360 1972 1416 2022 in
1470 1983 1562 2022 ore
1617 1966 1824 2033 habuit,

231 2059 359 2131 quia
387 2058 663 2132 geminam
693 2059 871 2131 legem
902 2057 1101 2115 divinis
1128 2057 1285 2112 factis
1303 2056 1673 2129 splendentem
1694 2070 1827 2127 pro-

232 2157 378 2212 tulit.
426 2157 525 2212 Hic
562 2158 723 2212 hamo
760 2155 931 2211 divini
967 2154 1177 2211 consilii
1214 2162 1403 2226 captus
1439 2160 1539 2218 est,
1599 2154 1656 2207 in
1703 2153 1828 2225 igne

237 2245 504 2318 passionis
539 2245 697 2300 nobis
761 2244 830 2300 ad
895 2259 1044 2299 esum
1109 2259 1277 2298 assus.
1345 2243 1670 2298 Didrachma
1732 2256 1830 2313 pro

238 2335 468 2401 Christo,
502 2341 557 2389 et
582 2334 737 2390 Petro
757 2349 950 2389 census
977 2331 1152 2401 datur,
1183 2331 1313 2386 dum
1341 2338 1567 2402 utraque
1610 2330 1699 2385 lex
1743 2329 1831 2386 vel

239 2432 463 2505 gemina
498 2431 715 2487 dilectio
754 2429 824 2486 ad
854 2430 1048 2486 Christi
1077 2438 1130 2485 et
1174 2430 1432 2487 Ecclesia:
1482 2430 1745 2485 honorem
1799 2445 1832 2483 a

236 2519 489 2575 ﬁdelibus
515 2519 833 2590 completur.
868 2519 1103 2589 Populus
1128 2518 1230 2573 Dei
1257 2525 1463 2589 septem
1478 2517 1711 2587 panibus
1737 2532 1830 2572 re-

235 2608 432 2677 ﬁcitur,
454 2617 507 2664 et
525 2607 713 2663 decem
726 2607 1012 2679 praeceptis
1038 2607 1346 2675 instituitur,
1389 2606 1623 2677 populus
1652 2613 1830 2661 autem

236 2705 536 2761 Pharaonis
562 2712 769 2775 septem
796 2703 1063 2776 capitibus
1098 2703 1366 2772 draconis,
1398 2703 1455 2757 id
1511 2710 1592 2759 est
1625 2710 1832 2775 septem

236 2793 630 2866 principalibus
649 2793 794 2850 vitiis
812 2794 1131 2864 captivatur,
1156 2800 1209 2849 et
1237 2792 1425 2848 decem
1456 2792 1633 2864 plagis
1660 2792 1832 2848 deva-

235 2891 405 2940 statur
431 2883 633 2954 (Exod.
666 2884 787 2952 vn).
820 2882 1000 2937 Prima
1027 2883 1192 2954 plaga
1232 2882 1360 2935 dum
1404 2881 1732 2937 convertitur
1778 2881 1832 2934 in

234 2978 556 3051 sanguinem
596 2994 760 3049 aqua.
809 2978 970 3047 Aqua
1000 2977 1055 3031 in
1083 2976 1402 3049 sanguinem
1450 2983 1829 3043 commutatur,

234 3069 365 3124 dum
396 3068 665 3138 baptisma
692 3068 781 3122 vel
814 3082 966 3122 sacra
995 3066 1270 3138 Scriptura
1307 3066 1413 3121 illis
1451 3066 1505 3120 in
1552 3073 1831 3135 peccatum

234 3164 529 3228 reputatur,
563 3156 653 3226 qui
682 3156 952 3227 baptisma
970 3171 1068 3226 per
1086 3154 1443 3210 immunditia:
1475 3169 1641 3225 opera
1674 3155 1830 3209 coin-

238 3253 482 3323 quinant,
524 3268 587 3307 ac
614 3268 822 3308 sacram
855 3252 1184 3323 Scripturam
1216 3252 1283 3307 ad
1314 3268 1439 3307 suos
1467 3268 1676 3307 errores
1709 3267 1834 3307 cor-

234 3342 554 3399 roborantes
590 3341 906 3411 depravant.
946 3340 1194 3396 Secunda
1231 3341 1395 3413 plaga
1448 3357 1570 3396 cum
1629 3340 1838 3412 Operuit

238 3438 436 3487 terram
493 3446 646 3486 rana.
711 3431 984 3486 Ranarum
1055 3430 1350 3499 loquacitas
1417 3437 1497 3485 est
1555 3437 1836 3499 poetarum

237 3529 548 3603 garrulitas,
589 3544 689 3598 per
719 3543 948 3598 quorum
993 3527 1205 3583 fabulas
1250 3527 1431 3582 miseri
1479 3528 1835 3599 decipiuntur,

237 3617 367 3672 dum
400 3634 492 3672 eas
522 3617 577 3671 in
606 3617 889 3672 desideriis
916 3617 1027 3671 suis
1072 3623 1385 3686 sequuntur.
1444 3616 1621 3670 Tertia
1672 3616 1838 3688 plaga

234 3706 525 3777 sciniphes,
558 3705 647 3776 qui
678 3706 862 3778 ignitis
904 3704 1133 3760 stimulis
1183 3704 1528 3759 terebrabant
1573 3720 1825 3775 corpora.

238 3805 356 3860 Hoc
383 3812 505 3859 sunt
533 3803 788 3867 haeretici,
824 3803 915 3873 qui
946 3802 1155 3858 nocivis
1182 3802 1519 3875 argumentis
1563 3802 1836 3873 simplices

237 3892 665 3950 circumveniunt
701 3899 911 3947 mentes
964 3907 1150 3947 eorum
1205 3890 1431 3961 perﬁdia
1486 3892 1834 3958 terebrantes,

239 3990 295 4038 et
322 3981 392 4037 ad
419 3981 560 4055 ignis
586 3981 775 4037 aeterni
805 3980 1049 4036 stimulos
1077 3980 1365 4036 deducunt.
1416 3978 1618 4049 Quarta
1671 3980 1837 4052 plaga

237 4080 387 4139 venit
415 4095 719 4135 muscarum
747 4078 1013 4135 molestia.
1046 4079 1114 4133 Et
1145 4086 1268 4134 sunt
1296 4078 1588 4148 importuni
1622 4078 1677 4131 in
1725 4092 1836 4131 saa-

240 4169 407 4226 culari
443 4168 751 4239 eloquentia
790 4167 879 4238 qui
923 4184 1114 4223 carnes
1142 4168 1458 4223 alterutrum
1514 4183 1611 4239 per
1655 4165 1836 4223 avari-

241 4259 372 4314 tiam
409 4258 691 4324 lacerant,
733 4264 787 4311 et
824 4256 1131 4327 importune
1186 4256 1396 4311 callidis
1459 4255 1640 4311 verbis
1703 4254 1838 4309 alios

240 4356 527 4425 impetunt,
559 4362 618 4409 ut
644 4354 787 4409 bona
817 4368 1002 4409 eorum
1033 4352 1298 4408 auferant.
1332 4351 1530 4421 Quinta
1557 4352 1722 4423 plaga
1761 4358 1841 4406 est

1932 487 2049 524 rum
2082 470 2373 541 palpabile,
2420 477 2473 524 et
2527 484 2771 522 murmur
2827 469 3097 538 quoddam
3154 467 3523 523 formidabile.

1934 559 2069 614 Sunt
2098 567 2275 613 autem
2308 556 2572 632 infideles,
2607 557 2696 626 qui
2721 556 2897 611 futura
2924 574 3034 611 non
3086 555 3328 625 credunt,
3394 560 3447 610 et
3502 572 3536 610 a

1932 646 2047 701 luce
2066 646 2190 701 ﬁdei
2221 649 2514 714 retrahunt,
2563 652 2616 701 et
2669 661 2728 701 se
2790 646 3023 701 tenebris
3079 654 3293 702 aeternae
3347 644 3534 700 mortis

1931 744 2190 812 inserunt,
2224 744 2314 798 ubi
2347 743 2582 799 terribile
2611 752 2691 798 est
2717 760 2978 812 murmur,
3026 744 3228 799 scilicet
3275 744 3430 798 ﬂetus
3484 749 3538 798 et

1932 833 2128 888 stridor
2154 833 2414 888 dentium.
2446 833 2669 888 Decima
2697 833 2861 906 plaga
2889 841 3011 887 sunt
3038 832 3400 905 primogenita
3428 847 3531 887 ex-

1931 922 2123 977 stincta
2162 922 2529 994 Primogenita
2582 922 2799 995 Egypti
2844 929 2967 977 sunt
3002 922 3271 993 principes
3325 921 3530 986 mundi,

1932 1019 2321 1090 saecularesque
2360 1018 2668 1090 dignitates,
2712 1035 2834 1088 quae
2886 1036 2919 1074 a
2973 1018 3314 1073 daamouibus
3375 1017 3533 1073 bellis

1933 1116 1986 1163 et
2007 1108 2172 1164 variis
2199 1106 2377 1163 modis
2403 1106 2847 1175 exterminantur,
2899 1114 2957 1162 ut
2999 1114 3242 1178 potentes
3289 1114 3532 1178 potenter

1936 1204 2202 1252 tormenta
2230 1196 2525 1268 patiantur.
2564 1195 2896 1263 Charissimi,
2931 1196 3164 1251 nitamur
3197 1196 3355 1252 bonis
3397 1196 3532 1252 acti-

1932 1295 2033 1351 bus
2062 1295 2130 1350 ab
2163 1296 2245 1350 his
2277 1295 2464 1351 decem
2494 1295 2677 1367 plagis
2706 1294 2942 1361 liberari,
2976 1302 3029 1349 et
3055 1302 3259 1364 septem
3304 1294 3534 1366 panibus

1931 1384 2177 1452 saturari,
2211 1400 2243 1438 a
2271 1390 2476 1455 septem
2508 1383 2775 1454 capitibus
2804 1382 3054 1439 draconis
3082 1383 3214 1447 erui,
3247 1390 3300 1438 et
3344 1383 3532 1439 decem

1932 1473 2217 1543 pmeptis
2254 1473 2520 1545 legalibus
2546 1472 2751 1527 instrui.
2780 1471 3062 1527 Imitemur
3114 1472 3236 1527 illos
3290 1472 3381 1543 qui
3436 1488 3535 1527 nos

1932 1569 2337 1631 praecesserunt,
2399 1569 2453 1616 et
2507 1577 2605 1633 per
2659 1561 2856 1616 multas
2908 1560 3280 1616 tribulationes
3332 1560 3534 1633 gaudia

1932 1651 2057 1707 vitae
2088 1651 2439 1706 intraverunt.

2408 1766 2483 1821 De
2513 1765 2759 1837 quinque
2788 1764 3059 1836 septenis.

2005 1878 2258 1950 Quinque
2296 1887 2519 1949 septena
2555 1886 2679 1933 sunt
2714 1878 2770 1932 in
2827 1895 2982 1935 sacra
3049 1877 3347 1949 Scriptura,
3415 1894 3535 1949 qum

1934 1968 2082 2041 prius
2110 1969 2427 2040 singillatim
2461 1968 2865 2041 distinguantur
2897 1986 2909 2022 :
2958 1975 3150 2037 postea
3195 1982 3324 2025 vero
3374 1983 3535 2037 quam

1935 2059 2075 2112 inter
2100 2074 2159 2113 se
2188 2057 2425 2112 habeant
2451 2056 2900 2126 convenientiam,
2943 2056 3133 2112 eadem
3179 2070 3278 2125 per
3323 2056 3538 2128 singula

1936 2155 2041 2211 sibi
2071 2154 2400 2211 conferendo
2431 2153 2598 2209 libeat
2624 2154 3012 2209 demonstrare.
3062 2153 3240 2209 Primo
3287 2152 3406 2209 loco
3454 2169 3538 2209 se-

1940 2252 2084 2315 ptem
2114 2251 2384 2315 ponuntur
2413 2243 2561 2311 vitia,
2594 2242 2647 2297 id
2676 2250 2756 2298 est
2798 2241 3068 2314 superbia,
3127 2241 3361 2298 secundo
3417 2242 3537 2298 loco

1939 2332 2160 2401 invidia,
2194 2333 2350 2389 tertio
2381 2332 2479 2400 ira,
2513 2339 2700 2402 quarto
2759 2331 2985 2399 tristitia,
3047 2330 3232 2400 quinto
3290 2331 3534 2401 avaritia,

1938 2439 2090 2487 sexto
2110 2431 2258 2504 gula,
2280 2430 2512 2500 septimo
2531 2428 2762 2485 luxuria.
2796 2428 2995 2485 Contra
3018 2429 3133 2484 haec
3157 2427 3394 2484 secundo
3415 2428 3536 2485 loco

1937 2521 2327 2576 constituuntur
2354 2526 2559 2591 septem
2616 2518 2920 2588 petitiones,
2982 2534 3102 2588 qua;
3140 2517 3196 2572 in
3251 2518 3539 2575 Dominica

1940 2607 2195 2664 Oratione
2233 2608 2595 2663 continentur.
2663 2607 2852 2662 Postea
2921 2608 3075 2661 tertio
3141 2605 3262 2661 loco
3329 2612 3538 2678 septem

1939 2705 2079 2761 dona
2112 2705 2340 2775 Spiritus
2367 2703 2555 2759 sancti.
2587 2702 2795 2758 Deinde
2840 2709 3026 2772 quarto
3082 2701 3202 2757 loco
3248 2702 3541 2759 succedunt

1940 2794 2179 2850 virtutes.
2214 2794 2391 2848 Primo
2422 2792 2625 2848 scilicet
2643 2791 2786 2858 loco,
2820 2798 3107 2863 paupertas
3121 2790 3359 2862 spiritus,
3384 2791 3438 2846 id
3462 2799 3542 2848 est

1940 2883 2213 2938 humilitas
2245 2898 2257 2952 ;
2291 2880 2527 2937 secundo
2556 2880 2934 2946 mansuetudo,
2985 2879 3141 2935 tertio
3196 2881 3540 2950 compunctio

1940 2980 2054 3035 sive
2083 2979 2255 3047 dolor,
2283 2986 2472 3050 quarto
2494 2978 2696 3033 esuries
2709 2976 2931 3049 justitiae
2954 2976 3067 3034 sive
3093 2976 3416 3032 desiderium
3440 2976 3545 3033 bo-

1864 3088 1915 3151 C
1942 3085 2091 3137 num,
2124 3068 2310 3139 quinto
2374 3066 2764 3135 misericordia,
2823 3073 2972 3122 sexto
3028 3066 3205 3121 cordis
3256 3065 3548 3134 munditia,

1943 3158 2173 3229 septimo
2227 3173 2354 3226 pax.
2402 3156 2710 3212 Novissima
2740 3171 2868 3211 vero
2897 3155 3015 3210 loco
3056 3162 3263 3226 septem
3309 3153 3547 3209 beatitu-

1945 3255 2098 3310 dines
2125 3255 2349 3327 (Matth.
2391 3253 2465 3325 v).
2502 3253 2678 3309 Prima
2707 3268 2939 3326 regnum
2986 3252 3266 3319 caelorum,
3313 3251 3551 3308 secunda

1946 3343 2212 3416 possessio
2245 3352 2398 3399 terra:
2427 3343 2745 3411 viventium,
2778 3342 2933 3397 tertia
2989 3341 3304 3410 consolatio,
3362 3349 3552 3412 quarta

1939 3434 2164 3504 justitiae
2199 3432 2417 3488 satietas
2447 3474 2461 3500 ,
2505 3433 2692 3501 quinta
2747 3430 3139 3497 misericordia,
3206 3437 3357 3485 sexta
3414 3429 3551 3487 visio

1945 3531 2066 3598 Dei,
2097 3531 2326 3602 septima
2355 3528 2541 3585 ﬁliatio
2571 3528 2690 3584 Dei.
2716 3529 2844 3584 Haec
2874 3529 2950 3583 ita
2977 3527 3156 3597 primo
3200 3527 3319 3584 loco
3356 3526 3554 3582 distin-

1944 3627 2178 3693 guantur
2204 3627 2263 3675 ut
2316 3618 2684 3691 intelligantur
2737 3617 2855 3687 ipsa
2921 3616 3053 3671 vitia
3108 3615 3327 3686 quidam
3359 3616 3556 3672 animae

1947 3712 2239 3784 languores
2300 3708 2414 3765 sive
2453 3708 2675 3763 vulnera
2739 3705 2976 3761 hominis
3041 3705 3329 3772 interioris,
3377 3706 3553 3777 ipsum

1947 3828 2075 3867 vero
2145 3809 2421 3866 hominem
2494 3807 2645 3878 quasi
2708 3812 2994 3879 aegrotum,
3053 3805 3325 3861 medicum
3376 3814 3555 3861 autem

1946 3901 2120 3956 Deum
2146 3915 2159 3969 ;
2186 3899 2329 3953 dona
2357 3914 2569 3968 quoque
2618 3895 2785 3950 sancti
2836 3893 3066 3963 Spiritus
3095 3893 3415 3960 antidotum,
3439 3894 3553 3949 vir-

1943 3997 2081 4045 tutes
2108 4004 2235 4046 vero
2278 3986 2583 4048 sanitatem.
2640 3982 2999 4039 beatitudines
3057 3987 3239 4037 autem
3281 3982 3551 4037 felicitatis

1946 4086 2231 4160 gaudium.
2272 4085 2407 4141 Sunt
2462 4097 2592 4154 ergo
2624 4080 2753 4137 vitia
2784 4079 3039 4151 capitalia
3067 4086 3295 4150 septem,
3330 4095 3396 4135 ex
3427 4079 3552 4150 qui-

1946 4175 2048 4230 bus
2075 4174 2325 4229 universa
2382 4171 2525 4227 mala
2571 4169 2832 4225 oriuntur.
2874 4166 2942 4221 Hi
2997 4174 3119 4221 sunt
3159 4167 3333 4222 fontes
3377 4167 3555 4239 abyssi

1951 4263 2313 4327 tenebrarum,
2353 4260 2420 4315 de
2488 4257 2683 4328 quibus
2719 4255 2943 4310 ﬂumina
2992 4255 3279 4327 Babylonis
3334 4264 3550 4326 exeunt,

1950 4371 2001 4418 et
2034 4363 2088 4416 in
2118 4376 2334 4417 omnem
2396 4367 2592 4415 terram
2635 4355 2885 4421 deducta,
2942 4354 3214 4410 stillicidia
3251 4354 3557 4425 iniquitates

240 4443 550 4515 pestilentia
585 4443 859 4513 perimens
897 4442 1171 4497 animalia.
1212 4443 1308 4496 Est
1345 4448 1523 4496 autem
1565 4441 1708 4495 fmda
1771 4440 1844 4494 li-
1873 4448 1927 4508 Β
1957 4450 2285 4506 diffundunt,
2332 4448 2411 4503 De
2469 4446 2664 4517 quibus
2690 4444 3001 4499 numinibus
3028 4444 3310 4499 Psalmism
3334 4445 3388 4498 in
3428 4460 3558 4517 per-

239 4532 372 4589 bido
403 4531 784 4588 irrationaliter
811 4530 1053 4588 viventes
1083 4530 1418 4597 interimens,
1470 4537 1526 4585 at
1570 4530 1625 4583 in
1671 4528 1845 4598 turpi-

242 4629 437 4687 tudine
464 4629 800 4700 putrefactos
827 4628 1166 4684 dmmonibus
1212 4628 1363 4697 quasi
1418 4626 1641 4683 canibus
1694 4627 1844 4681 lace-

240 4718 443 4775 randos
472 4734 771 4789 exponens.
805 4715 976 4772 Sexta
1028 4714 1190 4787 plaga
1238 4715 1605 4787 producuntur
1648 4715 1844 4770 vesicas

244 4808 517 4863 ferventes
545 4814 599 4861 et
626 4806 830 4861 ulcera.
871 4805 1062 4862 Ulcera
1090 4811 1213 4859 sunt
1240 4804 1550 4860 dolositates
1605 4804 1845 4859 malitio-

242 4919 427 4959 sorum
476 4903 675 4958 vesica:
730 4899 1036 4956 inﬂationes
1100 4900 1475 4970 superborum.
1541 4902 1609 4955 Hi
1673 4901 1846 4956 malos

244 4992 577 5061 excruciant,
610 4999 664 5047 et
700 4990 941 5046 moribus
996 4989 1107 5044 suis
1162 4989 1427 5045 fmdantes
1484 4991 1638 5060 quasi
1699 4996 1846 5061 peste

245 5080 553 5150 deturpant.
586 5079 830 5150 Septima
856 5078 1017 5150 plaga
1046 5084 1168 5132 sunt
1196 5078 1425 5150 grando,
1461 5078 1602 5150 ignis
1632 5086 1683 5133 et
1711 5078 1848 5133 toni-

247 5186 393 5233 trua.
440 5178 697 5234 Tonitrua
735 5185 858 5233 sunt
895 5186 1123 5233 terrores
1160 5176 1485 5249 principum,
1526 5176 1736 5247 grando
1796 5181 1848 5230 et

247 5274 414 5348 ignis,
444 5275 651 5333 saevitia
688 5276 1029 5347 praedonum.
1097 5277 1163 5330 Hi
1215 5275 1412 5347 impios
1468 5275 1844 5344 exterminant,

248 5370 379 5427 dum
418 5386 513 5426 eos
566 5387 689 5425 cum
752 5372 915 5426 rebus
974 5372 1238 5427 violenter
1299 5372 1578 5443 dissipant.
1645 5370 1849 5427 Octava

248 5469 415 5545 plaga
445 5475 498 5524 et
524 5469 758 5525 bruchus
786 5478 841 5525 et
894 5471 1116 5526 locusta.
1177 5470 1367 5526 Bruchi
1416 5477 1537 5526 sunt
1604 5486 1846 5540 voraces,

249 5569 472 5625 locustae
500 5568 791 5635 discordes,
827 5570 1189 5641 voluptatibus
1243 5571 1510 5625 salientes.
1569 5570 1635 5624 Hi
1691 5569 1850 5626 ﬂores

253 5657 507 5715 arborum
537 5664 589 5712 et
615 5666 860 5729 segetum
890 5658 1202 5715 devorando
1232 5659 1537 5727 corrodunt,
1586 5660 1712 5729 quia
1760 5666 1847 5714 ta-

254 5747 334 5804 les
359 5747 506 5804 bona
534 5743 801 5803 desideria
827 5763 925 5820 per
949 5763 1119 5818 prava
1148 5748 1400 5820 exempla
1426 5755 1479 5806 et
1502 5748 1646 5805 mala
1672 5747 1847 5805 collo-

581 5870 846 5934 Pamon.
894 5869 1135 5935 CLVII.

1955 4558 2088 4597 sona
2114 4538 2299 4611 papuli
2328 4536 2500 4591 ﬁdelis
2551 4534 2744 4592 cecinit
2786 4533 2969 4590 dicens
3001 4552 3014 4588 :
3053 4556 3074 4581 «
3113 4533 3288 4604 Super
3332 4532 3558 4591 ﬂumina

1957 4636 2262 4708 Babylonis,
2300 4658 2320 4684 υ
2357 4643 2464 4690 etc.
2503 4634 2686 4705 (Psal.
2724 4632 2975 4701 cxxxvr.)

2030 4728 2109 4783 De
2140 4727 2221 4781 his
2275 4732 2479 4796 septem
2510 4723 2653 4778 vitiis
2709 4720 3065 4777 vastatoribus
3094 4719 3313 4775 humani
3342 4721 3557 4792 generis

1963 4823 2016 4872 et
2070 4816 2372 4872 universam
2429 4812 2789 4882 integritatem
2848 4817 3053 4864 natura;
3092 4808 3556 4879 corrumpentibus

1961 4913 2227 4982 simulque
2281 4910 2547 4965 malorum
2577 4907 2818 4963 omnium
2865 4906 3113 4979 germina
3138 4905 3557 4976 producentibus

1962 5010 2219 5074 quantum
2259 4999 2326 5054 ad
2364 5014 2599 5071 praesens
2638 4995 2915 5068 negotium
2978 4993 3361 5065 explicandum
3399 4992 3554 5048 suﬂi-

1959 5108 2081 5147 cere
2117 5099 2368 5161 putamus
2404 5087 2712 5157 loquamur.
2762 5084 2980 5155 Septem
3046 5098 3177 5154 ergo
3214 5090 3353 5148 sunt,
3398 5090 3452 5137 et
3488 5099 3557 5138 ex

1962 5191 2044 5245 his
2072 5189 2169 5244 tria
2199 5188 2472 5243 hominem
2531 5185 2852 5255 despoliant,
2895 5189 3142 5252 quartum
3199 5182 3555 5254 eXSpoliatum

1960 5278 2217 5352 ﬂagellat,
2250 5277 2492 5347 quintum
2521 5274 2857 5347 ﬂagellatum‘
2890 5270 3055 5340 ejicit,
3088 5278 3297 5325 sextum
3327 5271 3555 5341 ejectum

1960 5369 2184 5435 seducit,
2224 5365 2512 5438 septimum
2567 5362 2843 5417 seductum
2898 5358 3133 5429 subiicit.
3167 5359 3431 5430 Superbia
3468 5377 3562 5416 au-

1964 5466 2066 5521 fert
2094 5462 2297 5518 homini
2356 5462 2550 5530 Deum,
2577 5458 2780 5514 invidia
2818 5456 2992 5512 aufert
3029 5455 3077 5509 ei
3114 5456 3446 5525 proximum,
3479 5458 3559 5514 ira

1962 5554 2138 5610 aufert
2165 5552 2213 5607 ei
2243 5551 2498 5620 seipsum.
2536 5547 2767 5604 Tristitia
2820 5545 3107 5617 spoliatum
3145 5544 3401 5617 ﬂagellat,
3433 5562 3560 5604 ava-

1962 5644 2083 5701 ritia
2110 5641 2440 5713 ﬂagellatum
2470 5637 2634 5709 ejicit,
2664 5636 2791 5709 gula
2821 5635 3052 5705 ejectum
3083 5632 3308 5703 seducit,
3340 5636 3554 5691 luxuria

1963 5740 2240 5799 seductum
2288 5735 2529 5796 servituti
2579 5734 2813 5807 subjicit.
2855 5732 3011 5792 Nunc
3047 5738 3394 5802 revertentes,
3434 5731 3552 5785 sin-

3221 5855 3301 5917 84
