3986 6070
467 226 608 283 106⁸1

1625 206 1964 269 WERNERI
2003 211 2297 269 ABBATIS
2332 211 2394 268 S.
2441 214 2661 272 BLASII

3632 225 3771 280 1068

466 349 596 420 gula
622 363 722 418 per
747 346 993 403 ordinem
1022 345 1378 419 explicemus.
1410 339 1676 412 Superbia
1704 354 1937 407 namque
1982 345 2063 393 est
2091 338 2145 398 Α
2175 339 2268 408 tia,
2339 356 2460 410 quae
2516 339 2845 412 ﬂagellatum
2902 341 3063 411 ejicit,
3122 343 3249 414 quia
3297 344 3509 403 interno
3563 348 3771 421 gaudio

467 461 623 502 amor
647 443 882 516 propria:
938 442 1293 507 excellentiae,
1363 439 1577 510 quando
1643 453 1796 491 mens
1858 436 2064 491 bonum

465 533 610 604 quod
639 533 803 588 habet
829 532 1173 606 singulariter
1203 529 1399 602 diligit,
1426 527 1481 582 id
1510 533 1595 581 est
1620 526 1735 581 sine
1766 540 1832 580 eo
1878 541 1912 579 a
1955 540 2061 594 quo

462 622 667 678 bonum
695 622 926 693 accepit.
965 621 1012 677 Ο
1063 619 1316 693 superbia
1371 616 1644 689 pestifera,
1703 613 1833 685 quid
1886 613 2004 685 agis
2031 614 2061 666 ?

463 719 575 774 Cur
602 718 795 773 suades
826 718 1001 774 rivulo
1028 725 1088 772 ut
1115 733 1175 772 se
1200 733 1233 772 a
1263 716 1413 771 fonte
1451 712 1701 769 dividat?
1737 712 1842 767 Cur
1868 710 2062 765 suades

458 807 614 863 radio
640 815 699 862 ut
727 824 784 863 se
812 824 845 863 a
873 808 986 862 sole
1014 814 1187 865 vertat
1214 807 1242 859 ε)
1272 805 1379 860 Cur
1404 804 1433 857 ?
1464 803 1565 857 nisi
1595 809 1652 856 ut
1669 801 1779 867 ille,
1811 799 1940 854 dum
1969 799 2058 853 in-

461 895 614 950 fundi
638 896 852 966 desinit,
895 902 1121 964 arescat,
1154 902 1207 949 et
1234 894 1353 962 iste,
1385 892 1514 946 dum
1544 890 1612 946 ab
1645 888 2057 944 illuminantese

463 995 676 1058 avertit,
712 995 1025 1051 tenebrosus
1052 994 1191 1062 ﬁat;
1243 1001 1466 1062 uterque
1521 1004 1670 1058 vero,
1728 988 1856 1043 dum
1909 986 2055 1042 acci-

460 1099 590 1153 pere
619 1091 790 1139 cessat
821 1083 875 1137 id
906 1082 1050 1153 quod
1094 1082 1326 1137 necdum
1382 1079 1563 1145 habet,
1616 1075 1870 1132 continuo
1925 1073 2056 1129 illud

454 1172 619 1229 etiam
649 1172 794 1243 quod
820 1173 985 1227 habet
1012 1171 1237 1226 amittat.
1271 1170 1386 1225 Hoc
1416 1167 1656 1240 profecto
1698 1172 1867 1220 tutum
1915 1163 2051 1255 agis,

456 1286 579 1325 cum
609 1270 772 1326 doces
797 1270 999 1325 donum
1030 1277 1183 1324 extra
1234 1268 1476 1322 datorem
1529 1265 1771 1337 diligere,
1830 1262 1898 1317 ad
1952 1264 2057 1317 hoc

458 1359 633 1415 tendis
662 1367 720 1414 ut
753 1359 843 1429 qui
873 1367 1079 1430 partem
1110 1357 1237 1412 boni
1269 1356 1411 1426 quod
1440 1356 1510 1410 ab
1557 1354 1662 1409 alio
1716 1353 1901 1407 datum
1955 1357 2053 1417 est,

454 1465 706 1520 perverse
735 1448 837 1502 sibi
867 1447 1122 1512 vindicat,
1157 1453 1324 1501 totum
1354 1446 1557 1499 bonum
1588 1442 1731 1513 quod
1761 1441 1816 1495 in
1857 1440 1949 1495 illo
1980 1445 2060 1494 est

451 1546 679 1611 amittat,
711 1545 893 1615 sicque
922 1542 1017 1598 ﬁat
1041 1552 1098 1598 ut
1127 1560 1227 1599 nec
1272 1542 1326 1596 id
1347 1541 1490 1612 quod
1535 1540 1699 1595 habet
1724 1538 1923 1594 utiliter
1961 1537 2059 1590 ha-

452 1637 581 1689 bere
613 1634 796 1705 possit,
829 1633 956 1687 dum
988 1633 1117 1687 illud
1142 1633 1195 1686 in
1217 1647 1281 1687 eo
1303 1647 1334 1686 a
1357 1646 1465 1700 quo
1502 1629 1666 1684 habet
1701 1643 1808 1682 non
1845 1624 2050 1697 diligit.

2170 429 2387 497 amisso,
2458 429 2588 485 foris
2649 428 3073 486 consolationem
3138 449 3376 502 quaerere
3451 437 3762 505 compellit.

2170 518 2362 573 Postea
2390 519 2598 573 accedit
2624 520 2772 591 gula,
2806 536 2927 590 quae
2955 521 3184 590 ejectum
3228 522 3453 592 seducit,
3478 526 3612 595 quia
3647 526 3771 581 ani-

2169 623 2317 661 mum
2350 609 2703 663 exterioribus
2731 609 3048 677 inhiantem,
3088 613 3191 668 hoc
3237 612 3426 668 vitium
3466 613 3522 668 in
3578 614 3772 685 primis

2168 696 2318 764 quasi
2348 696 2526 752 vicino
2548 705 2758 752 tentans
2777 714 2874 771 per
2906 698 3083 770 ipsum
3116 702 3413 757 naturalem
3462 704 3769 775 appetitum

2169 794 2237 849 ad
2267 795 2539 849 excelsum
2564 796 2735 850 illicit.
2784 796 3056 855 Pastremo
3099 800 3485 868 superveniens
3528 800 3769 871 luxuria,

2166 898 2287 953 quae
2306 882 2584 939 seductum
2605 884 2868 940 violenter
2885 885 3126 941 servituti
3155 887 3392 958 subjicit,
3421 889 3573 958 quia,
3607 898 3765 959 post-

2165 987 2326 1040 quam
2376 987 2502 1028 caro
2553 988 2650 1043 per
2679 973 2954 1045 crapulam
2984 974 3317 1031 inﬂammata
3361 984 3458 1043 est,
3510 977 3765 1033 ardorem

2164 1059 2401 1114 libidinis
2437 1062 2906 1131 supervenientem
2953 1064 3224 1119 emollitur
3278 1078 3437 1136 atque
3495 1067 3768 1122 enerviter

2161 1149 2424 1204 resolutus
2450 1150 2662 1204 animus
2689 1151 2903 1206 vincere
2950 1168 3058 1207 non
3110 1160 3304 1224 potest.
3364 1155 3542 1211 Servit
3597 1155 3764 1227 igitur

2163 1245 2458 1300 saevissime
2487 1246 2819 1303 damnationi
2845 1265 2999 1303 mens
3025 1251 3249 1321 turpiter
3275 1250 3516 1319 subacta,
3548 1260 3606 1307 et
3659 1252 3763 1306 nisi

2165 1341 2351 1388 exorta
2405 1333 2691 1391 subveniat
2738 1336 3032 1392 Salvatoris
3088 1340 3277 1410 pietas,
3333 1356 3442 1395 non
3490 1341 3595 1395 erit
3640 1340 3759 1410 jam

2163 1422 2305 1477 unde
2333 1424 2547 1494 captivo
2575 1425 2827 1481 servienti
2856 1427 3053 1482 amissa
3080 1428 3384 1484 restituatur
3408 1427 3653 1484 libertas.

2584 1567 2660 1622 De
2687 1570 2902 1640 septem
2927 1568 3352 1637 petitionibus.-

454 1684 576 1689 —~—v
613 1684 796 1705 r'—"‘7
1142 1684 1194 1686 -—
1224 1684 1271 1687 --
1308 1684 1331 1686 η
1372 1684 1389 1700 .
1943 1684 1975 1697 υ

454 1723 601 1778 Sicut
621 1723 763 1777 enim
791 1722 993 1777 bonum
1016 1722 1279 1777 veraciter
1295 1737 1326 1775 a
1346 1720 1449 1774 deo
1470 1726 1567 1785 est,
1590 1718 1664 1772 ita
1683 1716 1887 1771 nullum
1905 1721 2053 1768 extra

2239 1684 2545 1753 Sequuntur
2573 1691 2783 1755 septem
2837 1685 3121 1756 petitiones
3174 1696 3360 1743 contra
3404 1696 3617 1761 septem
3671 1688 3765 1745 vi-

450 1823 625 1877 Deum
646 1821 848 1877 bonum
870 1821 1069 1875 utiliter
1086 1820 1272 1875 haberi
1286 1818 1596 1891 potest,imo
1614 1831 1740 1871 vero
1761 1831 1858 1886 per
1875 1814 1978 1868 hoc
1994 1813 2048 1867 id

450 1911 626 1983 ipsum
658 1909 801 1980 quod
822 1910 1049 1964 habetur
1076 1909 1353 1975 amittitur,
1386 1906 1600 1977 quando
1630 1906 1687 1959 in
1715 1920 1780 1959 eo
1828 1910 1881 1959 et
1925 1918 2048 1958 cum

451 2016 516 2055 eo
547 2016 577 2055 a
605 2015 711 2070 quo
740 1999 969 2054 habetur
995 2015 1105 2054 non
1139 2005 1368 2053 amatur.
1400 1996 1542 2050 Nam
1590 1993 1893 2065 quicunque
1941 2006 2047 2045 non

452 2097 602 2153 novit
643 2096 743 2151 nisi
800 2099 904 2151 hoc
954 2095 1157 2151 bonum
1214 2094 1359 2165 quod
1413 2092 1594 2157 habet,
1653 2092 1709 2144 in
1761 2089 2049 2157 semetipso

454 2186 679 2258 diligere
721 2201 936 2240 necesse
975 2192 1101 2253 est,
1142 2190 1240 2252 ut,
1308 2183 1437 2237 dum
1501 2182 1556 2235 in
1616 2180 1783 2234 altero
1844 2178 2046 2233 bonum

459 2275 604 2344 quod
632 2289 742 2328 non
772 2272 935 2327 habet
966 2272 1255 2344 aspexerit,
1288 2278 1435 2325 tanto
1488 2269 1722 2324 amarius
1775 2283 1871 2322 sua
1925 2282 2049 2320 eum

453 2370 791 2442 imperfectio
821 2376 1085 2439 torqueat,
1119 2376 1319 2439 quanto
1348 2383 1471 2422 eum
1500 2367 1556 2421 in
1584 2382 1691 2435 quo
1736 2379 1898 2420 omne
1942 2363 2048 2417 bo-

456 2475 586 2513 num
616 2457 877 2527 consistit,
908 2473 1015 2512 non
1047 2464 1210 2512 amat.
1240 2457 1309 2512 Et
1338 2455 1535 2510 idcirco
1564 2453 1870 2525 superbiam
1899 2468 2047 2507 sem-

454 2563 554 2619 per
580 2547 820 2617 sequitur
855 2545 1076 2613 invidia,
1118 2545 1245 2615 quia
1308 2544 1398 2615 qui
1464 2544 1573 2599 illic
1636 2558 1876 2598 amorem
1942 2556 2049 2595 non

454 2644 574 2717 ﬁgit
600 2643 693 2699 ubi
722 2644 924 2699 bonum
956 2651 1053 2709 est,
1085 2650 1341 2713 quantum
1386 2641 1454 2697 de
1506 2656 1603 2697 suo
1653 2654 1902 2711 perverse
1947 2655 2047 2692 ex-

459 2734 679 2801 tollitur,
714 2741 917 2788 tantum
945 2732 1164 2805 gravius
1191 2732 1257 2786 de
1312 2730 1459 2786 bono
1513 2730 1689 2786 alieno
1741 2735 2038 2798 torquetur.

456 2822 581 2879 Suae
618 2821 781 2896 igitur
817 2821 1036 2876 elationi
1068 2820 1376 2888 justissimse
1430 2834 1592 2891 pcena
1655 2817 1908 2887 deputata
1971 2822 2051 2871 est

457 2920 594 2992 ipsa,
629 2935 791 2990 quam
827 2918 895 2975 de
915 2917 1171 2990 superbia
1222 2918 1399 2989 gignit
1455 2916 1683 2970 invidia.
1747 2913 1887 2983 Quia
1941 2928 2047 2983 quo

454 3025 742 3064 commune
780 3007 1023 3063 omnium
1089 3006 1291 3061 bonum
1357 3005 1582 3077 diligere
1648 3003 1837 3071 noluit,
1904 3009 2046 3057 recte

456 3114 601 3153 nunc
636 3096 765 3153 boni
805 3096 967 3151 alieni
1007 3095 1174 3150 livore
1240 3092 1489 3149 tabescit.
1564 3091 1741 3162 Quam
1808 3090 2048 3162 profecto

458 3194 651 3251 alienae
693 3193 961 3249 felicitatis
997 3209 1271 3248 successus
1303 3208 1409 3247 non
1440 3198 1635 3259 ureret,
1684 3190 1727 3244 si
1772 3190 1937 3244 ullum
1994 3188 2051 3242 in

457 3299 565 3353 quo
593 3299 753 3338 omne
782 3282 987 3338 bonum
1017 3289 1114 3349 est,
1147 3297 1243 3353 per
1270 3296 1509 3336 amorem
1558 3279 1878 3351 possideret.
1936 3277 2053 3332 Nec

456 3373 604 3427 enim
634 3371 867 3426 alienum
900 3388 932 3426 a
959 3388 1016 3425 se
1041 3370 1307 3441 judicaret
1334 3369 1536 3425 bonum
1568 3368 1800 3436 alterius,
1832 3366 1875 3421 si
1895 3382 2050 3421 suum

456 3469 534 3524 ibi
558 3468 824 3540 diligeret,
858 3467 949 3522 ubi
980 3474 1032 3523 et
1057 3484 1213 3522 suum
1243 3476 1295 3522 et
1342 3467 1559 3522 alterius
1606 3467 1810 3522 bonum
1855 3465 2050 3519 simili-

459 3564 541 3613 ter
567 3556 883 3625 possideret.
924 3556 1080 3610 Nunc
1119 3572 1249 3627 ergo
1289 3563 1546 3625 quantum
1603 3572 1660 3610 se
1712 3571 1811 3625 per
1856 3554 2052 3609 elatio-

458 3661 583 3700 nem
613 3651 797 3698 contra
826 3646 1133 3699 Creatorem
1162 3644 1387 3706 extollit,
1434 3651 1636 3698 tantum
1686 3659 1783 3714 per
1828 3642 2052 3699 livorem

463 3742 563 3796 sub
593 3741 843 3812 proximo
873 3739 1034 3808 cadit,
1067 3748 1119 3795 et
1148 3748 1406 3811 quantum
1462 3741 1538 3795 ibi
1594 3740 1857 3795 fallaciter
1894 3740 2055 3812 erigi-

458 3837 561 3898 tur,
593 3835 798 3884 tantum
828 3828 915 3884 hic
960 3829 1223 3884 veraciter
1276 3829 1658 3900 praecipitatur.
1715 3828 1823 3883 Sed
1880 3845 2055 3899 neque

458 3919 714 3975 desistere
744 3925 918 3990 potest
945 3918 1111 3974 semel
1142 3926 1316 3988 empta
1369 3917 1664 3989 corruptio.
1729 3918 1853 3972 Mox
1907 3917 2052 3972 enim

459 4026 518 4074 ut
545 4017 611 4073 de
637 4016 840 4073 invidia
866 4015 1121 4088 superbia
1149 4023 1273 4071 nata
1327 4015 1507 4082 fuerit,
1564 4013 1701 4069 iram
1758 4015 1929 4085 ipsam
1985 4015 2052 4069 de

458 4124 515 4163 se
547 4106 704 4179 parit,
750 4106 875 4176 quia
895 4106 1058 4160 miser
1076 4105 1190 4161 avis
1205 4106 1359 4176 (15‘).
1392 4106 1681 4176 Propterea
1699 4103 1814 4175 jam
1836 4103 1937 4158 sibi
1953 4102 2055 4175 ipsi

459 4196 527 4251 de
555 4213 653 4251 sua
698 4195 1110 4264 imperfectione
1144 4195 1405 4262 irascitur,
1456 4193 1583 4265 quia
1628 4193 1694 4248 de
1723 4192 1867 4249 bono
1914 4193 2053 4248 alte-

460 4294 571 4349 rius
608 4310 705 4366 per
740 4293 1054 4348 charitatem
1124 4310 1231 4347 non
1296 4294 1523 4361 laetatur,
1591 4301 1751 4363 atque
1813 4292 1936 4348 ideo
2001 4291 2056 4347 id

461 4384 623 4437 etiam
645 4381 788 4452 quod
819 4381 979 4435 habet
1013 4381 1115 4435 sibi
1172 4380 1456 4453 disciplere
1515 4381 1719 4453 incipit,
1780 4397 1939 4451 quem
1998 4380 2054 4435 in

462 4470 569 4526 alio
598 4469 655 4523 id
684 4469 826 4539 quod
856 4470 1054 4524 habere
1084 4484 1192 4524 non
1231 4477 1408 4541 potest
1457 4470 1719 4541 agnoscit.
1763 4467 1865 4538 Qui
1922 4485 2053 4541 ergo

466 4584 564 4640 per
590 4567 903 4623 charitatem
924 4566 979 4620 in
999 4567 1113 4621 Deo
1137 4574 1306 4621 totum
1351 4566 1546 4621 habere
1575 4566 1763 4638 potuit,
1802 4565 1857 4620 id
1894 4566 2056 4621 etiam

466 4656 612 4729 quod
639 4671 738 4729 per
764 4654 1051 4711 elationem
1082 4662 1232 4710 extra
1278 4656 1451 4711 Deum
1498 4655 1696 4711 habere
1741 4655 2054 4724 conabatur,

466 4764 565 4820 per
592 4744 855 4801 invidiam
882 4751 937 4798 et
963 4744 1098 4799 iram
1143 4744 1355 4811 amittit,
1417 4743 1562 4815 quia,
1622 4751 1906 4816 postquam
1960 4760 2060 4814 per

464 4843 774 4914 superbiam
803 4842 975 4896 Deum
1007 4840 1220 4909 amittit,
1253 4856 1352 4911 per
1379 4840 1639 4896 invidiam
1695 4840 1870 4912 perdit
1924 4857 2057 4913 pro-

462 4933 671 4988 ximum
697 4939 749 4986 et
777 4947 875 5001 per
903 4931 1038 4985 iram
1068 4929 1443 4999 semetipsum.
1495 4928 1636 4999 Quia
1688 4945 1819 5002 ergo
1876 4928 2057 4985 omni-

462 5023 564 5078 bus
592 5020 803 5077 amissis
840 5019 971 5074 nihil
1037 5027 1280 5090 superest
1341 5019 1485 5074 unde
1549 5018 1803 5091 gaudeat,
1864 5017 2058 5073 infelix

460 5116 785 5175 conscientia
812 5133 910 5188 per
964 5116 1226 5171 tristitiam
1281 5116 1337 5170 in
1408 5116 1708 5185 semetipsis
1769 5115 2056 5185 colliditur,

463 5214 517 5261 et
546 5206 671 5275 quia
708 5205 775 5260 de
813 5205 989 5260 alieno
1026 5204 1172 5260 bono
1209 5204 1300 5276 pie
1334 5205 1503 5260 laetari
1567 5203 1753 5275 noluit,
1824 5202 1891 5259 de
1959 5219 2057 5260 suo

466 5293 610 5349 malo
639 5293 920 5348 cruciatur.

536 5409 661 5463 Post
687 5408 998 5478 superbiam
1028 5423 1178 5480 ergo,
1211 5415 1263 5463 et
1290 5407 1571 5473 invidiam,
1618 5416 1671 5463 et
1725 5407 1881 5477 iram,
1937 5425 2060 5479 qute

466 5496 744 5553 hominem
816 5495 1094 5565 spoliant,
1168 5497 1420 5552 continuo
1494 5497 1703 5553 tristitia
1773 5497 2012 5568 sequitur
2040 5538 2057 5566 ,

466 5601 588 5659 qum
625 5583 882 5638 nudatum
910 5582 1173 5654 ﬂagellat.
1212 5585 1309 5646 Cui
1339 5584 1533 5642 deinde
1587 5584 1823 5643 succedit
1876 5586 2059 5644 avari-

536 5708 673 5782 (ίὸ’)
703 5704 795 5761 Sic
819 5704 877 5761 in
905 5702 1090 5761 codice
1122 5718 1135 5755 :
1168 5704 1329 5760 miser
1356 5708 1489 5764 auis.

2082 4404 2139 4468 D
2170 4399 2402 4454 Domino
2468 4398 2698 4454 dicimus
2727 4416 2740 4452 :

2156 1773 2249 1841 tia,
2290 1773 2485 1842 quibus
2521 1781 2704 1828 oratur
2738 1781 2797 1828 ut
2831 1774 3112 1831 subveniat
3167 1777 3259 1846 qui
3323 1792 3422 1832 nos
3483 1786 3538 1832 et
3603 1794 3765 1834 orare

2157 1862 2340 1919 docuit
2370 1862 2591 1930 (Matth.
2623 1863 2725 1932 vr),
2761 1870 2815 1917 et
2836 1864 2981 1933 quod
3017 1865 3294 1919 orantibus
3333 1866 3602 1937 Spiritum
3650 1867 3765 1922 bo-

2157 1967 2282 2005 num
2316 1950 2383 2005 ad
2413 1950 2653 2005 sananda
2680 1952 2904 2007 vulnera
2946 1961 3146 2019 nostra,
3207 1961 3261 2010 et
3308 1954 3378 2010 ad
3429 1956 3759 2011 solvendum

2151 2039 2347 2112 jugum
2385 2040 2711 2110 captivitatis
2740 2048 2934 2096 nostra:
2963 2041 3179 2097 datarus
3215 2051 3355 2099 esset
3406 2045 3750 2116 repromisit.

2158 2128 2264 2183 Sed
2292 2144 2401 2184 non
2454 2136 2741 2199 antequam
2795 2130 2864 2183 ad
2919 2131 3353 2201 explanationem
3408 2135 3604 2189 harum
3663 2151 3761 2189 ve-

2158 2217 2388 2285 niamus,
2432 2217 2579 2288 prius
2632 2218 2738 2273 alia
2788 2218 2962 2274 adhuc
3015 2220 3362 2277 similitudine
3419 2223 3763 2279 demonstro-

2158 2332 2278 2370 mus
2317 2324 2571 2385 quantam
2628 2316 2682 2370 in
2734 2316 2889 2372 nobis
2944 2320 3339 2388 corruptionem
3391 2338 3556 2392 supra
3612 2323 3763 2380 dicta

2156 2412 2434 2476 generem,
2465 2412 2524 2459 ut
2563 2413 2763 2474 quanto
2820 2407 3170 2477 periculosior
3223 2410 3454 2482 languor
3506 2414 3761 2468 ostendi-

2160 2500 2258 2561 tur,
2293 2500 2437 2548 tanto
2466 2494 2642 2565 magis
2682 2496 2983 2552 necessaria
3026 2497 3295 2553 medicina
3335 2500 3752 2571 comprobetur.

2156 2582 2259 2636 Per
2302 2582 2611 2653 superbiam
2649 2583 2814 2655 igitur
2874 2600 2970 2640 cor
3030 2585 3261 2654 inﬂatur,
3329 2605 3428 2659 per
3489 2590 3760 2646 invidiam

2157 2679 2366 2744 arescit,
2400 2696 2498 2750 per
2539 2680 2672 2734 iram
2731 2689 2933 2751 crepat,
2992 2698 3090 2751 per
3142 2683 3407 2740 tristitiam
3461 2688 3766 2743 conteritur

2157 2776 2208 2823 et
2237 2768 2387 2838 quasi
2417 2769 2472 2822 in
2516 2769 2791 2839 pulverem
2844 2771 3123 2843 redigitur,
3179 2790 3278 2844 per
3328 2776 3614 2832 avaritiam
3675 2778 3762 2833 di-

2154 2858 2440 2929 spergitur,
2474 2873 2570 2928 per
2595 2858 2779 2930 gulam
2809 2858 3041 2915 inﬁcitur
3086 2869 3139 2916 et
3183 2863 3335 2931 quasi
3390 2865 3759 2937 humectatur,

2154 2962 2251 3014 per
2290 2945 2555 3000 luxuriam
2594 2947 2937 3002 conculcatur
2991 2956 3044 3004 et
3098 2949 3153 3004 in
3217 2950 3387 3006 lutum
3457 2954 3753 3027 redigitur,

2080 3051 2129 3114 ρ
2160 3034 2232 3088 ita
2263 3042 2319 3088 ut
2339 3034 2455 3103 jam
2488 3034 2650 3089 miser
2685 3036 2863 3091 dicere
2904 3038 3111 3107 possit:
3158 3061 3180 3088 ιι
3225 3038 3427 3095 Inﬁxus
3477 3058 3641 3097 suum
3702 3045 3761 3100 in

2158 3118 2287 3173 limo
2319 3118 2590 3189 profundi,
2623 3127 2676 3174 et
2701 3135 2810 3175 non
2839 3129 2918 3175 est
2969 3122 3281 3178 substantia.
3330 3125 3464 3180 Veni
3519 3127 3576 3181 in
3637 3130 3763 3184 alti-

2159 3206 2402 3261 tudinem
2441 3207 2620 3271 maris,
2660 3215 2715 3263 et
2750 3217 3040 3280 tempestas
3098 3211 3354 3268 demersit
3409 3231 3505 3270 me
3567 3217 3759 3288 (Psal.

2163 3296 2370 3365 vanr).
2406 3315 2430 3346 r
2467 3296 2708 3366 Cumque
2736 3297 2861 3352 huic
2886 3297 3018 3354 limo
3047 3300 3299 3377 profundi
3347 3303 3562 3359 animus
3597 3305 3770 3364 fuerit

2163 3391 2377 3459 inﬁxus,
2418 3400 2473 3447 et
2509 3392 2619 3449 luto
2657 3394 3111 3464 coinquinationis
3146 3406 3199 3454 et
3234 3399 3593 3458 immunditie
3655 3404 3767 3460 ob-

2163 3481 2395 3548 volutus,
2428 3481 2585 3537 evelli
2615 3499 2955 3553 nequaquam
2986 3493 3180 3557 potest,
3204 3487 3305 3543 nisi
3336 3489 3405 3544 ad
3446 3490 3599 3546 illum
3651 3494 3767 3549 cla-

2163 3578 2275 3625 met
2310 3577 2364 3625 et
2400 3571 2518 3641 ejus
2554 3571 2809 3627 auxilium
2851 3575 3099 3643 postulet.
3155 3576 3237 3632 De
3300 3595 3407 3649 quo
3472 3580 3766 3639 Psalmista

2164 3659 2399 3730 loquitur
2435 3659 2619 3714 dicens
2658 3678 2671 3714 :
2738 3683 2759 3710 ιι
2800 3661 3132 3733 Exspectans
3194 3669 3501 3738 exspectavi
3568 3672 3766 3727 Domi-

2160 3764 2288 3802 num
2322 3792 2335 3815 ,
2405 3755 2458 3804 et
2522 3748 2749 3804 intendit
2815 3751 2996 3819 mihi;
3086 3761 3139 3808 et
3217 3756 3490 3812 exaudivit
3570 3777 3765 3831 preces

2159 3853 2328 3902 meas,
2363 3836 2574 3892 reduxit
2602 3855 2688 3893 me
2718 3839 2785 3893 de
2816 3840 2933 3895 lacu
2964 3841 3196 3899 miserim
3232 3852 3286 3899 et
3331 3844 3398 3899 de
3444 3846 3560 3904 luto
3606 3849 3765 3907 faecis

2162 3924 2349 3994 (Psal.
2384 3928 2601 3997 xxxtx).
2645 3950 2668 3975 ι»
2712 3928 3000 4000 Propterea
3064 3948 3194 4004 ergo
3259 3933 3372 4005 ipse
3437 3952 3540 3992 nos
3600 3955 3761 3996 orare

2161 4025 2417 4080 docuitut
2438 4033 2606 4081 totum
2636 4025 2841 4082 bonum
2869 4035 3111 4083 nostrum
3147 4031 3215 4085 ab
3274 4032 3393 4101 ipso
3451 4035 3540 4102 sit,
3592 4046 3652 4092 ut
3708 4048 3764 4095 et

2162 4113 2305 4183 quod
2334 4114 2584 4183 petimus,
2616 4123 2669 4169 et
2696 4115 2840 4185 quod
2868 4124 3108 4187 petentes
3149 4120 3461 4192 accipimus,
3495 4125 3617 4196 ejus
3662 4128 3762 4184 do-

2163 4219 2291 4257 num
2320 4219 2429 4259 non
2457 4211 2697 4259 nostrum
2727 4205 2977 4260 meritum
3000 4223 3115 4263 esse
3142 4209 3524 4284 intelligamus.

2234 4310 2415 4365 Prima
2443 4326 2575 4382 ergo
2622 4311 2808 4380 petitio
2865 4320 3052 4369 contra
3104 4316 3411 4388 superbiam
3464 4328 3592 4389 est,
3653 4340 3763 4393 qua

2814 4423 2837 4450 «
2880 4400 3250 4460 Sanctiﬁcetur
3339 4423 3542 4464 nomen
3606 4416 3763 4467 tuum

2165 4487 2394 4554 (Matth.
2432 4489 2533 4551 vr).
2569 4509 2592 4536 υ
2636 4490 2753 4545 Hoc
2776 4488 2919 4545 enim
2951 4492 3202 4562 petimus,
3232 4502 3293 4549 ut
3344 4495 3436 4552 det
3476 4498 3636 4554 nobis
3685 4502 3762 4556 ti-

2164 4592 2313 4631 mere
2344 4583 2397 4631 et
2449 4576 2693 4632 venerari
2747 4593 2947 4634 nomen
3010 4597 3189 4649 suum,
3247 4592 3507 4654 quatenus
3555 4588 3607 4643 ei
3662 4606 3767 4662 per

2164 4665 2523 4721 humilitatem
2549 4665 2777 4736 subjecti
2805 4667 2992 4738 simus,
3024 4670 3115 4739 qui
3151 4687 3252 4741 per
3305 4674 3619 4746 superbiam
3675 4696 3765 4737 re-

2163 4762 2335 4818 belles
2362 4770 2414 4818 et
2447 4770 2790 4820 contumaces
2816 4766 3134 4823 exstitimus.
3177 4769 3312 4826 Huic
3357 4773 3605 4844 petitioni
3650 4776 3765 4833 da-

2169 4860 2251 4907 tur
2270 4851 2472 4907 donum
2503 4852 2733 4923 Spiritus
2760 4853 2966 4910 timoris
3009 4856 3250 4928 Domini,
3293 4868 3352 4915 ut
3401 4862 3491 4918 ille
3548 4865 3619 4920 ad
3665 4884 3766 4924 cor

2165 4940 2389 4998 veniens
2419 4940 2669 4996 virtutem
2718 4941 2775 4997 in
2807 4959 2873 4999 eo
2928 4954 3176 5002 exerceat
3237 4948 3577 5023 humilitatis,
3636 4972 3767 5027 qua:

2167 5028 2434 5101 superbiae
2463 5030 2712 5085 morbum
2741 5040 2911 5101 sanet,
2943 5041 3204 5104 quatenus
3243 5036 3313 5092 ad
3365 5055 3595 5112 regnum
3649 5061 3769 5102 cce-

2168 5119 2342 5173 lorum
2372 5119 2513 5189 quod
2546 5120 2772 5192 angelus
2816 5122 3081 5192 superbus
3124 5140 3222 5196 per
3255 5126 3542 5186 elationem
3581 5134 3769 5205 ρει-ὤς

2170 5206 2324 5275 didit,
2360 5208 2521 5263 homo
2555 5208 2772 5263 humilis
2799 5211 3081 5282 pervenire
3105 5214 3294 5282 possit.

2242 5313 2494 5369 Secunda
2520 5315 2706 5386 petitio
2737 5323 2814 5371 est
2852 5325 3039 5374 contra
3072 5319 3354 5392 invidiam,
3385 5340 3493 5394 qua
3518 5324 3717 5385 dicitur
3748 5351 3762 5387 ε

2176 5426 2197 5452 ‹‹
2234 5402 2500 5459 Adveniat
2528 5419 2754 5475 regnum
2811 5412 2978 5461 tuum.
3015 5429 3037 5456 ι»
3098 5409 3344 5481 Regnum
3367 5413 3634 5484 siquidem
3661 5419 3765 5476 Dei

2168 5497 2312 5553 salus
2340 5505 2421 5553 est
2447 5498 2747 5564 hominum,
2809 5500 2937 5570 quia
2992 5509 3115 5558 tunc
3168 5504 3312 5560 Deus
3341 5506 3397 5561 in
3449 5510 3766 5571 hominibus

2167 5602 2396 5660 regnare
2425 5586 2636 5659 dicitur,
2670 5588 2884 5660 quando
2913 5589 3015 5661 ipsi
3069 5592 3317 5651 homines
3352 5596 3590 5657 Domino
3626 5600 3764 5658 sub-
