4042 6080
261 272 401 325 1069

1197 269 1785 326 DEFLORATIONES
1823 269 1927 326 SS.
1978 271 2279 329 PATRUM.
2313 304 2381 315 —
2411 275 2542 329 LIB.
2587 275 2661 329 ll.

3432 283 3568 335 1070

251 419 536 490 jiciuntur,
579 430 634 476 et
673 421 836 476 modo
865 420 914 476 ei
943 421 1276 476 adharendo
1307 437 1405 490 per
1436 420 1619 487 ﬁdem,
1657 429 1709 476 et
1738 428 1861 491 post
1890 422 1944 485 Α
1971 430 2163 480 nostro
2191 424 2379 479 debito
2407 426 2620 481 absolvi
2651 427 2971 495 debeamus,
3007 445 3071 484 ex
3105 429 3383 500 proposita
3414 431 3563 486 salu-

255 508 576 565 inharendo
605 527 706 580 per
736 509 997 580 speciem.
1041 509 1146 578 Qui
1178 526 1313 581 ergo
1356 510 1491 580 petit
1526 518 1584 565 ut
1639 527 1866 583 regnum

256 607 362 661 Dei
391 607 664 673 adveniat,
711 607 801 661 ille
859 606 1102 677 profecto
1141 607 1370 662 salutem
1405 608 1680 662 hominum
1715 624 1867 678 qua-

257 695 352 750 rit.
385 697 462 750 Ac
490 712 591 766 per
629 697 734 752 hoc
764 696 892 750 dum
926 712 1021 765 pro
1078 696 1357 752 communi
1398 697 1642 750 omnium
1691 696 1868 750 salute

262 785 522 855 postulat,
601 785 789 839 livoris
828 784 1014 838 vitium
1055 801 1113 839 se
1171 786 1470 855 reprobare
1509 785 1866 840 demonstrat.

265 872 406 928 Huic
436 872 686 943 petitioni
716 873 878 927 datur
910 873 1143 943 Spiritus
1175 873 1416 945 pietatis,
1450 883 1506 928 ut
1534 874 1652 946 ipse
1681 874 1748 928 ad
1779 889 1874 929 cor

270 974 500 1027 veniens
530 970 599 1024 ad
635 969 1036 1042 benignitatem
1073 971 1201 1025 illud
1258 971 1544 1037 accendat,
1603 978 1874 1043 quatenus

272 1056 343 1111 ad
379 1056 628 1111 eamdem
669 1055 832 1110 homo
889 1062 1112 1111 aterna
1169 1056 1502 1110 bareditatis
1559 1056 1873 1126 pessessio-

271 1161 421 1210 nam,
452 1144 519 1199 ad
551 1160 712 1216 quam
743 1144 878 1199 alios
909 1145 1200 1216 pervenire
1231 1144 1398 1216 cupit,
1431 1145 1548 1216 ipse
1572 1145 1871 1215 perveniat.

344 1251 530 1306 Tertia
586 1250 774 1322 petitio
825 1258 908 1306 est
963 1260 1161 1308 contra
1233 1252 1400 1321 iram,
1479 1269 1587 1324 qua
1660 1253 1874 1309 dicitur.

279 1363 302 1388 α
339 1340 452 1394 Fiat
491 1339 746 1395 voluntas
811 1350 906 1394 tua
946 1340 1086 1396 sicut
1142 1341 1198 1395 in
1237 1341 1376 1396 coelo
1437 1349 1491 1396 et
1528 1341 1581 1395 in
1627 1349 1796 1396 terra.
1849 1371 1871 1390 ..

272 1429 398 1484 Non
423 1429 566 1484 enim
598 1428 708 1484 vult
737 1429 1069 1484 contendere
1125 1429 1218 1501 qui
1248 1430 1380 1484 dicit
1407 1449 1426 1485 :
1465 1452 1486 1476 α
1533 1430 1655 1485 Fiat
1682 1430 1878 1485 volun-

272 1535 358 1581 tas
400 1534 508 1590 tua,
546 1550 567 1574 »
605 1527 702 1579 sed
736 1525 840 1579 sibi
872 1526 1086 1596 placere
1138 1526 1340 1582 indicat
1371 1527 1638 1598 quidquid
1678 1528 1878 1583 volun-

276 1614 402 1670 tatis
430 1615 531 1670 Dei
561 1614 741 1681 fuerit,
784 1614 904 1669 sive
953 1615 1004 1669 in
1061 1633 1120 1671 se
1158 1633 1257 1671 seu
1311 1616 1366 1670 in
1397 1617 1515 1670 aliis
1571 1617 1877 1672 secundum

276 1704 564 1760 arbitrium
623 1720 734 1758 sua
785 1703 1119 1775 dignationis
1183 1704 1484 1775 dispensat.
1552 1705 1687 1760 Huic
1740 1721 1879 1777 ergo

1979 513 2047 567 tis
2079 514 2390 569 conditione
2445 515 2700 570 donatur.
2753 517 2889 571 Huic
2936 533 3078 588 ergo
3111 519 3356 588 petitioni
3412 519 3573 574 datur

1980 601 2216 671 Spiritus
2247 604 2482 669 consilii,
2516 605 2607 675 qui
2636 605 2831 660 doceat
2861 606 3031 660 nosin
3061 608 3162 662 hoc
3184 609 3383 663 saculo
3409 608 3574 663 liben-

1979 707 2061 754 ter
2091 701 2440 769 peccantibus
2498 702 2552 756 in
2605 718 2706 758 nos
2747 703 3178 758 misericordiam
3237 705 3569 775 impendere,

1981 797 2244 859 quatenus
2274 789 2325 843 in
2361 791 2540 846 futuro
2597 807 2719 847 cum
2753 808 2847 862 pro
2878 792 3124 864 peccatis
3169 795 3370 848 nostris
3402 795 3575 850 ratio-

1979 892 2106 932 nem
2137 878 2403 933 reddituri
2433 896 2639 948 sumus,
2668 897 2984 937 mereamur
3007 882 3439 939 misericordiam
3492 883 3576 938 in-

1982 991 2193 1030 ventre.

2055 1081 2222 1138 Sexta
2252 1083 2441 1152 petitio
2469 1091 2550 1139 est
2569 1092 2756 1141 contra
2784 1086 2990 1159 gulam,
3023 1105 3129 1160 qua
3158 1088 3359 1145 dicitur
3392 1106 3404 1142 :
3443 1112 3464 1138 (ι
3496 1090 3580 1145 Na

1983 1186 2084 1226 nos
2113 1171 2343 1228 inducas
2371 1173 2827 1241 intentationem,
2853 1199 2875 1224 »
2900 1176 2954 1230 id
2976 1185 3057 1232 est
3086 1178 3270 1234 induci
3295 1178 3580 1249 permittas

1985 1267 2452 1325 intentationem.
2517 1271 2646 1326 Hac
2701 1279 2783 1326 est
2821 1273 3041 1328 tentatio
3096 1289 3203 1345 qua
3257 1290 3357 1329 nos
3387 1275 3579 1330 illece-

1988 1350 2086 1404 bra
2113 1352 2292 1407 carnis
2323 1369 2470 1423 sape
2497 1369 2598 1423 per
2623 1354 2932 1410 naturalem
2963 1357 3266 1426 appetitum
3295 1358 3365 1412 ad
3396 1359 3581 1414 excel-

1987 1455 2110 1494 sum
2140 1442 2358 1496 trahere
2389 1441 2596 1509 nititur,
2626 1451 2679 1498 et
2709 1442 2943 1499 latenter
2991 1445 3321 1516 voluptatem
3346 1446 3582 1517 subjicit,

1987 1538 2116 1594 dum
2146 1541 2430 1596 manifeste
2479 1541 2640 1596 nobis
2673 1542 2741 1597 de
2800 1543 3125 1599 necessitate
3157 1543 3461 1598 blanditur.
3529 1546 3586 1598 [n

1990 1645 2148 1698 quam
2179 1629 2424 1699 profecto
2454 1630 2810 1685 tentationem
2839 1638 2967 1686 tunc
2998 1648 3352 1704 nequaquam
3382 1632 3590 1688 induci-

1992 1733 2138 1781 mur,
2193 1718 2236 1771 si
2269 1719 2348 1774 sic
2377 1719 2662 1774 studemus
2708 1721 3007 1776 secundum
3039 1738 3354 1778 mensuram
3384 1738 3589 1778 neces-

275 1804 522 1875 petitioni
551 1806 718 1860 datur
747 1806 986 1876 Spiritus
1015 1805 1286 1870 scientia,
1318 1813 1375 1859 ut
1405 1805 1522 1876 ipse
1551 1807 1621 1860 ad
1651 1821 1748 1861 cor
1777 1821 1880 1860 ve-
1909 1781 1962 1840 B
1993 1802 2164 1856 sitatis
2194 1812 2399 1858 natura
2430 1805 2730 1860 subsidium
2770 1806 3110 1876 impendere,
3145 1816 3202 1862 ut
3231 1815 3410 1863 tamen
3441 1823 3590 1862 sem-

275 1892 439 1948 niens
496 1894 714 1948 erudiat
769 1894 927 1960 illud,
969 1902 1021 1948 et
1079 1893 1370 1948 salubriter
1427 1901 1781 1966 compungat.
1827 1902 1883 1948 ut

279 1981 414 2037 sciat
444 1983 607 2037 homo
637 1982 844 2037 malum
875 1982 1022 2054 quod
1074 1982 1276 2052 patitur
1332 1999 1404 2037 ex
1434 2000 1530 2037 sua
1560 1984 1720 2052 culpa
1751 1997 1882 2053 pro-

279 2069 484 2133 venire,
519 2070 563 2124 si
595 2070 723 2142 quid
753 2079 934 2126 autem
967 2071 1096 2124 boni
1129 2071 1400 2136 habuerit,
1459 2088 1525 2126 ex
1564 2071 1883 2126 misericor-

281 2158 370 2213 dia
411 2159 636 2213 Domini
691 2160 1015 2230 proeedere,
1049 2175 1110 2214 ac
1171 2175 1272 2229 per
1301 2160 1406 2215 hoc
1443 2160 1637 2228 discat,
1673 2160 1792 2216 sive
1830 2160 1886 2214 in

280 2247 444 2302 malis
474 2265 598 2320 qua
632 2249 884 2316 sustinet,
927 2248 1043 2304 sive
1082 2248 1136 2302 in
1167 2249 1326 2303 bonis
1385 2266 1507 2320 qua
1535 2265 1643 2304 non
1702 2249 1881 2312 habet,

282 2326 468 2392 eontra
521 2338 835 2392 Creatorem
879 2353 987 2393 non
1027 2337 1216 2404 irasci,
1259 2338 1360 2392 sed
1397 2355 1498 2408 per
1548 2339 1728 2394 omnia
1782 2354 1882 2409 pa-

281 2434 529 2490 tientiam
567 2437 858 2492 exhibere.
907 2435 1124 2506 Optime
1190 2451 1326 2507 ergo
1366 2453 1466 2507 per
1505 2437 1884 2506 compunctio-

278 2541 408 2578 nem
446 2524 633 2580 cordis
695 2542 818 2596 qua
876 2525 1087 2592 Spiritu
1147 2525 1388 2580 scientia
1441 2533 1704 2594 operante
1741 2524 1887 2579 inte-

279 2613 394 2668 rius
419 2630 489 2668 ex
519 2614 822 2669 humilitate
880 2615 1142 2679 nascitur,
1193 2615 1272 2667 ira
1302 2621 1355 2668 et
1385 2613 1684 2686 indignatio
1723 2612 1890 2668 animi

276 2711 584 2782 mitigatur,
654 2711 782 2782 quia
851 2726 1156 2767 econverso
1227 2711 1452 2765 stultum
1493 2711 1576 2765 ira
1614 2709 1888 2777 interﬁcit,

280 2800 498 2871 quando
529 2802 584 2853 in
615 2800 866 2856 adversis
897 2818 994 2871 per
1024 2800 1378 2870 impatientia
1408 2800 1590 2854 vitium
1624 2800 1890 2871 agitatus,

280 2897 444 2961 atque
475 2898 732 2954 cacatus,
759 2891 844 2945 vel
876 2891 1079 2944 malum
1103 2889 1248 2960 quod
1279 2891 1480 2959 patitur
1509 2906 1568 2943 se
1599 2890 1887 2956 meruisse,

280 2975 368 3031 vel
398 2975 600 3030 bonum
633 2976 776 3047 quod
820 2977 999 3042 habet,
1041 2993 1140 3046 per
1169 2976 1407 3047 gratiam
1444 2976 1728 3045 accepisse
1780 2991 1887 3030 non

282 3075 557 3146 agnoscit.
619 3076 773 3130 Hanc
811 3084 990 3129 autem
1056 3073 1330 3141 virtutem,
1372 3074 1428 3128 id
1485 3082 1568 3129 est
1607 3089 1883 3144 compun-

281 3163 515 3218 ctionem
546 3162 660 3217 sive
689 3163 938 3218 dolorem
969 3163 1250 3233 pramium
1280 3163 1672 3218 consolationis
1702 3162 1883 3234 sequi-

281 3261 384 3323 tur,
417 3256 592 3325 utqui
622 3256 711 3310 hic
739 3263 932 3326 sponte
964 3271 1150 3310 coram
1200 3257 1315 3311 Deo
1349 3273 1447 3326 per
1476 3255 1716 3310 lamenta
1743 3254 1878 3308 afﬂi-

280 3353 443 3426 gitur,
521 3353 631 3408 illic
686 3369 874 3408 verum
911 3353 1168 3424 gaudium
1207 3361 1258 3408 et
1314 3352 1554 3408 latitiam
1628 3351 1877 3408 invenire

279 3448 573 3497 mereatur.

349 3546 550 3615 Quarta
579 3546 766 3616 petitio
795 3554 878 3602 est
932 3553 1122 3602 contra
1155 3545 1446 3616 tristitiam,
1482 3562 1590 3617 qua
1619 3546 1817 3602 dicitur
1860 3565 1872 3600 :

281 3661 306 3693 α
339 3642 542 3696 Panem
593 3650 841 3696 nostrum
893 3641 1263 3714 quotidianum
1315 3643 1388 3697 da
1417 3643 1576 3696 nobis
1607 3643 1795 3698 hodie.
1848 3663 1871 3692 ι

277 3737 511 3792 Tristitia
552 3753 790 3808 namque
845 3739 1065 3792 tadium
1105 3747 1188 3793 est
1241 3739 1409 3792 animi
1465 3754 1583 3794 cum
1618 3755 1874 3806 marore,

280 3826 501 3896 quando
532 3842 708 3891 mens,
765 3827 1170 3898 quodammodo
1202 3827 1473 3883 tabefacta
1506 3837 1561 3882 et
1617 3828 1750 3884 vitio
1781 3844 1878 3884 suo

280 3915 596 3980 amaricata,
638 3915 848 3970 interna
908 3917 1050 3971 bona
1082 3932 1192 3970 non
1239 3916 1463 3986 appetit,
1515 3924 1676 3988 atque
1729 3919 1880 3974 omni

281 4011 475 4083 vigore
505 4019 589 4066 est
619 4019 851 4079 mortua,
887 4012 1036 4066 nullo
1065 4013 1362 4082 spiritualis
1404 4012 1718 4069 refectionis
1773 4015 1880 4072 de-

285 4099 490 4155 siderio
520 4100 811 4154 hilarescit.
867 4101 1159 4171 Pmpterea
1189 4103 1259 4156 ad
1289 4102 1596 4157 sanandum
1651 4104 1759 4159 hoc
1797 4104 1882 4160 vi-

287 4187 417 4242 tium
463 4187 752 4258 deprecari
781 4203 881 4243 nos
926 4197 1142 4259 Oportet
1186 4189 1624 4246 misericordiam
1679 4193 1800 4258 Dei,
1824 4201 1883 4248 ut

286 4275 410 4348 ipsa
437 4277 594 4331 solita
645 4276 842 4347 pietate
871 4277 1064 4332 anima
1093 4279 1255 4334 tadio
1283 4295 1382 4334 suo
1411 4279 1689 4352 languenti
1719 4281 1886 4337 inter-

286 4390 372 4430 na
421 4373 730 4430 refectionis
785 4376 1043 4445 pabulum
1101 4377 1409 4442 admoveat,
1471 4379 1702 4449 utquod
1762 4379 1886 4450 ipsa

1915 3123 1964 3186 C

1986 1916 2086 1969 per
2115 1899 2524 1955 meminerimus
2555 1902 2858 1973 appetitum
2912 1903 2979 1956 ab
3013 1903 3268 1960 illecebra
3300 1905 3592 1976 voluptatis

1993 2003 2267 2044 coercere.
2329 1989 2486 2058 Quod
2517 1999 2573 2044 ut
2621 1990 2839 2061 impleri
2886 1991 3187 2058 valeamus,
3221 1993 3379 2048 datur
3433 1994 3593 2049 nobis

1991 2078 2303 2148 petentibus
2333 2079 2568 2148 Spiritus
2599 2079 2991 2152 intelligentia,
3015 2089 3072 2136 ut
3102 2082 3314 2136 interna
3369 2082 3593 2139 refectio

1993 2177 2152 2230 verbi
2183 2177 2283 2230 Dei
2312 2177 2612 2247 appetitum
2641 2179 2974 2234 exteriorem
3005 2180 3278 2236 cohibeat.
3339 2188 3391 2236 et
3432 2197 3593 2236 men-

1994 2272 2103 2319 tem
2135 2264 2365 2335 spiritali
2391 2265 2514 2321 cibo
2559 2266 2887 2332 roboratam,
2923 2285 3023 2324 nec
3051 2269 3229 2324 valeat
3287 2271 3594 2341 corporalis

1994 2361 2217 2422 egestas
2277 2353 2547 2426 frangere,
2606 2371 2707 2410 nec
2757 2357 2939 2412 carnis
2990 2357 3241 2428 voluptas
3299 2375 3586 2429 superare.

1995 2449 2292 2518 Propterea
2313 2465 2548 2521 namque
2579 2451 2840 2506 Dominus
2869 2451 2988 2522 ipse
3021 2454 3278 2508 tentatori
3310 2470 3434 2521 suo,
3465 2454 3595 2509 dum

1996 2536 2254 2591 esurienti
2285 2538 2388 2592 sibi
2415 2539 2813 2594 fraudulentam
2845 2541 2914 2596 de
2969 2542 3254 2597 exterioris
3302 2543 3458 2613 panis
3507 2559 3598 2598 re-

1998 2625 2232 2681 fectione
2264 2628 2672 2698 suggestionem
2736 2629 2957 2697 faceret,
3012 2632 3299 2701 respondit
3328 2633 3518 2688 dicens
3582 2650 3594 2686 :

1992 2736 2027 2789 ,α
2062 2715 2184 2769 Non
2213 2714 2269 2768 in
2300 2715 2418 2770 solo
2454 2733 2592 2786 pane
2623 2717 2753 2772 vivit
2800 2718 2986 2784 homo,
3019 2719 3114 2774 sed
3145 2719 3199 2774 in
3229 2720 3376 2774 omni
3430 2721 3598 2776 verbo

2001 2812 2100 2867 Dei
2130 2813 2352 2882 (Matth.
2391 2814 2493 2882 Iv),
2532 2836 2553 2861 η
2586 2820 2644 2867 ut
2672 2822 2858 2884 aperte
2887 2815 3290 2870 demonstraret
3311 2815 3455 2886 quia,
3474 2832 3598 2870 cum

1999 2917 2153 2956 mens
2184 2901 2276 2956 illo
2307 2917 2448 2971 pane
2481 2900 2628 2955 intus
2658 2900 2924 2966 reﬁcitur,
2948 2919 3056 2958 non
3089 2919 3422 2975 magnopere
3451 2912 3600 2959 curat

1997 2990 2042 3043 si
2073 2989 2202 3044 foris
2260 2991 2330 3044 ad
2379 2997 2592 3060 tempus
2639 2990 2821 3045 famen
2879 2991 3056 3046 carnis
3113 2993 3362 3062 patiatur.
3421 2994 3599 3048 Datur

1995 3095 2134 3150 ergo
2167 3084 2353 3134 contra
2382 3079 2568 3150 gulam
2599 3080 2831 3150 Spiritus
2861 3080 3249 3152 intelligentia,
3283 3081 3379 3137 sed
3406 3081 3496 3137 ille
3527 3082 3598 3138 ad

1992 3183 2085 3222 cur
2116 3167 2361 3233 veniens,
2393 3167 2654 3222 emundat
2683 3168 2813 3222 illud
2844 3177 3006 3240 atque
3039 3168 3310 3240 puriﬁcat,
3348 3179 3399 3225 et
3431 3170 3592 3225 illum

1988 3263 2295 3319 interiorem
2328 3265 2542 3320 oculum
2576 3281 2643 3319 ex
2673 3266 2885 3322 ratione
2934 3266 3090 3322 verbi
3122 3267 3222 3322 Dei
3250 3268 3405 3338 quasi
3462 3284 3595 3340 quo-

1990 3361 2114 3416 dam
2142 3361 2374 3432 eollyrio
2407 3377 2632 3430 sanans,
2668 3379 2734 3419 eo
2765 3380 2940 3435 usque
2970 3364 3300 3420 luminosum
3331 3373 3493 3437 atque
3507 3383 3594 3422 se-

1988 3467 2157 3504 unum
2185 3449 2368 3516 efﬁcit,
2402 3460 2459 3505 ut
2519 3451 2588 3506 ad
2619 3451 2795 3522 ipsam
2854 3453 3016 3508 etiam
3047 3453 3264 3509 deitatis
3292 3453 3598 3511 claritatem

1987 3540 2470 3610 contemplandam
2526 3541 2821 3612 perapicax
2867 3541 2980 3598 ﬁat.
3029 3543 3232 3598 Contra
3281 3543 3466 3598 vitium
3497 3543 3599 3617 igi-

1986 3645 2071 3692 tur
2098 3637 2244 3710 gula
2274 3639 2574 3693 remedium
2603 3641 2914 3710 opponitur,
2951 3642 3159 3698 scilicet
3199 3642 3436 3712 Spiritus
3498 3643 3589 3698 in-

1987 3726 2325 3798 telligentia.
2363 3729 2450 3782 Ex
2507 3729 2712 3798 Spiritu
2749 3738 2928 3786 autem
2959 3731 3346 3804 intelligentia
3375 3732 3596 3788 mundi-

1988 3815 2058 3870 tia
2088 3815 2271 3872 cordis
2326 3816 2587 3872 nascitur.
2622 3819 2887 3874 Munditia
2945 3835 3075 3875 vero
3107 3821 3296 3875 cordis
3326 3820 3596 3876 visionem

1988 3915 2086 3970 Dei
2109 3919 2488 3986 promeretur;
2523 3916 2662 3970 sicut
2691 3916 2953 3988 scriptum
2985 3925 3070 3972 est
3103 3937 3115 3972 :
3157 3941 3177 3966 α
3209 3918 3357 3972 Beati
3390 3920 3594 3976 mundo

1985 4004 2170 4070 corde,
2201 4004 2460 4076 quoniam
2489 4003 2594 4074 ipsi
2625 4005 2801 4060 Deum
2832 4005 3092 4060 videbunt
3119 4006 3342 4072 (Matth.
3374 4008 3485 4076 v).»

2063 4101 2302 4171 Septima
2329 4101 2517 4172 petitio
2548 4109 2632 4156 est
2662 4110 2860 4157 contra
2892 4102 3180 4170 luxuriam,
3214 4119 3324 4175 qua
3345 4103 3543 4159 dicitur
3580 4123 3598 4162 :

1996 4212 2018 4236 α
2053 4189 2248 4244 Libera
2277 4205 2376 4245 nos
2407 4205 2439 4244 a
2470 4189 2633 4245 malo.
2672 4213 2694 4237 ο
2759 4190 3165 4246 Convenienter
3226 4207 3365 4246 sane
3397 4208 3594 4248 servus

1989 4286 2298 4342 libertatem
2329 4287 2478 4356 petit,
2513 4294 2567 4342 et
2597 4286 2802 4343 idcirco
2823 4288 2959 4344 huic
2995 4287 3245 4360 petitioni
3274 4289 3437 4344 datur
3467 4291 3594 4362 Spi-

1991 4375 2132 4430 ritus
2180 4375 2479 4446 sapientia,
2545 4376 2636 4447 qui
2686 4378 2954 4432 amissam
3011 4377 3224 4448 captivo
3273 4378 3593 4435 libertatem

284 4463 486 4528 absens
541 4465 714 4518 nescit
761 4474 1044 4534 appetere,
1085 4473 1248 4536 gustu
1307 4466 1698 4524 misericordia
1741 4485 1880 4539 pra-
1907 4487 1960 4548 D
1989 4464 2255 4531 restituat,
2289 4473 2336 4519 et
2354 4465 2546 4537 jugum
2567 4465 2768 4536 iniqua
2797 4466 3186 4522 dominationis
3207 4468 3353 4539 quod
3376 4469 3488 4524 suis
3510 4469 3595 4525 vi-

286 4552 455 4608 sentis
485 4552 769 4607 admonita
801 4553 1024 4623 incipiat
1053 4569 1265 4609 amare.
1334 4556 1510 4609 Datur
1564 4573 1697 4627 ergo
1758 4557 1884 4615 huic

283 4650 532 4721 petitioni
582 4650 812 4720 Spiritus
850 4649 1194 4717 fortitudinis,
1252 4659 1310 4706 ut
1364 4651 1706 4708 fatiscentem
1763 4655 1884 4709 ani-

283 4738 650 4810 mamexigat,
711 4747 977 4809 quatenus
1009 4739 1101 4793 illa
1159 4739 1372 4809 pristini
1426 4742 1634 4811 vigoris
1690 4743 1887 4800 virtute

284 4836 523 4898 recepta,
555 4843 589 4881 a
641 4826 857 4882 defectu
889 4827 971 4882 sui
1025 4827 1166 4882 tadii
1195 4828 1262 4881 ad
1300 4828 1639 4884 desiderium
1687 4831 1888 4887 interni

284 4925 489 4980 amoris
518 4925 882 4980 convalescat.
917 4925 1078 4979 Great
1106 4941 1246 4996 ergo
1281 4926 1520 4995 Spiritus
1550 4928 1886 4984 fortitudinis

285 5013 343 5068 in
373 5013 541 5070 corde
572 5013 772 5068 famem
794 5012 1036 5082 iustitia,
1061 5022 1137 5078 ut,
1161 5013 1289 5068 dum
1312 5014 1400 5070 hic
1431 5031 1529 5085 per
1549 5016 1885 5072 desiderium

288 5102 504 5173 pietatis
557 5102 767 5157 fortiter
787 5103 1118 5168 accenditur,
1180 5103 1290 5158 illic
1324 5119 1423 5174 pro
1481 5106 1710 5174 pramio
1766 5107 1887 5177 ple-

287 5207 416 5246 nam
446 5191 792 5246 beatitudinis
822 5191 1126 5246 satietatem
1158 5200 1558 5263 consequatur.

361 5312 559 5381 Quinta
606 5313 794 5384 petitio
824 5321 908 5369 est
937 5322 1127 5369 contra
1156 5316 1468 5382 avaritiam,
1511 5333 1615 5388 qua
1645 5318 1842 5374 dicitur
1871 5335 1884 5375 :

293 5424 316 5451 ι
377 5403 597 5457 Dimitte
627 5402 786 5457 nobis
819 5403 1003 5458 debita
1032 5412 1237 5469 nostra,
1274 5404 1416 5460 sicut
1445 5413 1499 5460 et
1529 5422 1631 5461 nos
1659 5407 1886 5463 dimitti-

288 5507 410 5545 mus
465 5491 804 5546 debitoribus
849 5493 1079 5546 nostris.
1123 5516 1145 5541 ι»
1205 5494 1418 5548 Justum
1454 5496 1600 5549 enim
1634 5505 1721 5551 est
1751 5505 1806 5551 ut
1836 5498 1890 5552 in

289 5579 573 5634 reddendo
601 5580 783 5635 debito
810 5596 916 5635 non
949 5581 1141 5636 debeat
1174 5597 1299 5637 esse
1328 5583 1547 5650 anxius,
1582 5585 1674 5656 qui
1703 5584 1757 5639 in
1779 5586 1894 5641 exi-

293 5675 476 5748 gendo
505 5675 736 5731 noluerit
765 5692 887 5732 esse
944 5690 1160 5731 avarus.
1193 5678 1258 5731 Et
1313 5677 1437 5733 ideo
1495 5695 1617 5734 cum
1648 5696 1677 5733 a
1736 5681 1892 5736 nobis

292 5779 391 5836 per
417 5765 518 5821 Dei
547 5765 784 5838 gratiam
816 5765 1000 5822 vitium
1030 5765 1273 5822 avaritia
1319 5767 1542 5836 tollitur,
1599 5769 1832 5840 qualiter
1860 5787 1893 5828 a
1912 5766 1932 5776 ”

1995 4562 2141 4618 ribus
2171 4578 2279 4617 non
2332 4562 2517 4626 valuit,
2552 4579 2653 4634 per
2682 4564 2911 4635 gratiam
2961 4564 3176 4634 adjutus
3206 4567 3427 4623 evadat.
3495 4569 3598 4624 Sa-

1995 4651 2196 4722 pientia
2252 4667 2488 4722 namque
2519 4667 2552 4706 a
2582 4669 2777 4722 sapore
2829 4653 3048 4723 dicitur,
3085 4670 3208 4710 cum
3248 4671 3405 4710 mens
3435 4664 3597 4728 gustu

1993 4741 2220 4796 interna
2243 4741 2546 4796 dulcedinis
2607 4749 2766 4820 tacta,
2829 4749 2993 4796 totam
3017 4759 3076 4798 se
3130 4759 3230 4813 per
3257 4742 3597 4799 desiderium

1995 4827 2138 4884 intus
2168 4829 2394 4901 colligit,
2430 4846 2532 4885 nec
2564 4829 2691 4885 foris
2715 4831 2834 4899 jam
2873 4841 3126 4887 enervata
3160 4833 3214 4886 in
3271 4832 3454 4887 carnis
3502 4849 3600 4889 vo-

1993 4927 2202 4996 luptate
2232 4927 2563 4992 dissolvitur,
2601 4928 2725 4997 quia
2756 4935 2924 4982 totum
2955 4929 3100 4984 intus
3131 4928 3374 5000 possidet
3402 4929 3457 4983 in
3488 4945 3598 5002 quo

1997 5017 2314 5071 delectatur.
2376 5016 2631 5087 Congrue
2676 5016 2842 5087 igitur
2872 5026 3062 5072 contra
3119 5017 3452 5073 exteriorem
3503 5036 3598 5075 vo-

1995 5115 2257 5186 luptatem
2280 5116 2503 5171 interior
2531 5115 2766 5171 dulcedo
2797 5116 3110 5186 opponitur,
3143 5125 3200 5171 ut
3236 5127 3441 5187 quanto
3477 5119 3600 5190 plus

1996 5213 2091 5268 illa
2121 5230 2313 5283 sapere
2343 5222 2395 5269 et
2425 5213 2640 5283 placere
2670 5213 2973 5284 incaperit,
3004 5223 3152 5269 tanto
3180 5216 3404 5272 liberius
3429 5228 3599 5290 atque

1997 5311 2259 5366 libentius
2290 5311 2399 5364 ista
2456 5311 2804 5377 condemnat,
2838 5312 3167 5382 tandemque
3199 5313 3252 5369 in
3311 5315 3602 5386 semetipsa

1997 5416 2152 5454 mens
2183 5398 2498 5469 paciﬁcate,
2535 5399 2664 5453 dum
2724 5399 2857 5453 nihil
2889 5409 2970 5454 est
3001 5399 3130 5456 foris
3191 5403 3337 5473 quod
3366 5413 3601 5474 appetat,

1999 5495 2110 5542 tota
2137 5504 2234 5557 per
2264 5503 2515 5542 amorem
2536 5487 2683 5542 intus
2713 5488 3047 5559 requiescat.
3090 5491 3320 5560 Spiritus
3349 5508 3481 5565 ergo
3511 5509 3606 5549 sa-

1998 5585 2213 5656 pienter
2241 5600 2339 5640 cor
2371 5601 2472 5638 sua
2507 5584 2808 5641 dulcedine
2856 5593 3108 5657 tangens,
3161 5596 3214 5644 et
3244 5589 3381 5644 foris
3406 5605 3610 5647 concu-

2000 5682 2281 5754 piscentia
2340 5683 2599 5738 ardorem
2658 5691 2943 5754 temperat,
3014 5692 3068 5740 et
3125 5686 3304 5756 scpita
3363 5688 3620 5759 concupi.

1949 5764 2216 5829 ‘scentia
2245 5772 2398 5828 intus
2431 5787 2624 5845 pacem
2648 5780 2822 5841 creat,
2860 5783 3136 5846 quatenus
3165 5775 3294 5831 dum
3323 5791 3479 5831 mens
3507 5783 3622 5855 tota
