3986 6070
442 299 575 355 1071

1577 288 1916 344 WEBNERI
1956 287 2246 344 ABBATIS
2286 287 2341 344 S.
2385 287 2602 343 BLASlI

3615 288 3744 342 1072

432 424 504 481 ad
529 425 801 479 internum
831 418 1090 493 gaudium
1121 417 1412 491 colligitur,
1473 416 1633 488 plene
1686 431 1748 470 ac
1778 413 2020 485 perfecte
2053 414 2108 476 A
2137 411 2369 484 pietatis,
2431 409 2694 477 scientia,
2744 408 3094 478 fortitudinis,
3136 410 3368 477 consilii,
3403 409 3742 474 intellectus,

434 515 598 568 homo
627 511 697 567 ad
725 509 1024 580 imaginem
1051 508 1152 563 Dei
1182 507 1540 571 reformatur,
1573 505 1713 560 sicut
1767 504 2028 574 scriptum

433 611 516 659 est
544 619 559 656 :
597 625 619 649 ι
652 598 802 656 Beati
823 594 1053 670 paciﬁci,
1085 595 1345 667 quoniam
1402 593 1498 650 ﬁlii
1529 593 1630 650 Dei
1685 593 2028 649 vocabuntur

433 697 658 770 (Matth.
689 697 766 759 v).
795 723 815 745 ι

511 852 582 908 De
606 847 974 923 petitionibus
1001 863 1126 920 quae
1177 845 1522 902 conveniant
1556 841 1927 916 prasentibus
1977 844 2032 896 ct

1113 935 1357 1007 futuris.

509 1083 686 1157 igitur
714 1083 851 1140 sicut
879 1081 1130 1139 Ecclesia
1159 1079 1410 1150 bipertita
1433 1085 1535 1143 est,
1568 1077 1624 1130 in
1650 1083 1801 1146 parte
1829 1073 2038 1130 scilicet

438 1170 828 1240 triumphante,
859 1176 910 1222 et
942 1167 994 1221 in
1026 1174 1180 1236 parte
1212 1163 1495 1225 militante,
1518 1162 1589 1215 ita
1617 1161 1720 1214 iste
1778 1175 2039 1214 numerus

441 1258 783 1330 septenarius
814 1256 1133 1327 petitionum
1165 1252 1419 1307 dividitur
1475 1251 1528 1304 in
1557 1258 1792 1321 quatuor
1821 1257 1873 1302 et
1901 1248 2030 1302 tria.

440 1356 687 1425 Quatuor
721 1369 955 1425 namque
1009 1351 1339 1408 conveniunt
1394 1349 1533 1419 parti
1593 1347 1860 1410 militanti,
1939 1346 2038 1398 tria

440 1460 579 1502 vero
608 1441 990 1514 triumphanti.
1029 1442 1162 1495 Pars
1222 1454 1456 1510 namque
1533 1437 1771 1491 militans
1803 1434 2040 1504 quandiu

438 1540 588 1608 vivit,
621 1539 676 1593 in
704 1537 916 1594 lubrico
946 1544 1048 1601 est,
1074 1543 1126 1590 et
1157 1535 1280 1589 ideo
1298 1533 1614 1589 necessaria
1637 1540 1720 1586 est
1742 1531 1967 1602 quidem
1990 1529 2040 1584 ei

440 1629 706 1702 quadrata
736 1625 914 1682 forma
934 1624 1248 1697 petitionum
1273 1639 1395 1694 qna
1413 1621 1568 1676 firma
1587 1628 1689 1689 est,
1708 1636 1776 1674 ne
1801 1619 2038 1673 labatur.

440 1719 568 1774 Haec
597 1731 733 1788 ergo
756 1722 984 1787 quatuor
1004 1713 1314 1784 petitiones,
1336 1711 1571 1766 scilicet.
1582 1724 1776 1780 panem
1798 1716 2038 1762 nostrum

2139 501 2442 571 sapientia.
2478 500 2716 554 Virtutes
2747 507 2932 554 autem
2959 507 3086 554 sunt
3118 517 3130 553 :
3164 501 3467 571 Paupertas
3497 498 3743 570 spiritus,

2139 588 2518 653 mansuetudo,
2541 587 2744 653 luctus,
2769 588 3002 658 esuries,
3020 598 3076 643 et
3104 589 3224 644 sitis
3238 589 3464 658 justitia
3488 606 3502 651 ;
3535 587 3747 643 miseri-

2139 687 2350 754 cordia,
2383 686 2645 742 munditia
2675 687 2875 754 cordis,
2909 694 2960 743 et
2988 703 3110 758 pax.
3135 687 3512 743 Beatitudines
3537 693 3742 751 autem,

2142 791 2374 847 regnum
2407 775 2696 840 calorum,
2739 783 2899 831 terra
2956 777 3254 847 possessio,
3287 775 3612 840 consolatio,
3653 791 3747 830 sa-

2141 865 2320 933 tietas,
2363 863 2759 919 misericordia
2789 865 3125 931 consecutio,
3158 865 3296 924 visio
3354 866 3476 932 Dei,
3537 870 3599 920 et
3659 865 3747 934 qui

2143 961 2238 1018 filii
2268 962 2367 1018 Dei
2397 963 2755 1018 vocabuntur.
2792 963 3093 1018 Videndum
3125 969 3208 1018 est
3237 969 3418 1018 autem
3443 961 3683 1033 qualiter
3697 968 3749 1016 et

2145 1068 2267 1122 qua
2289 1051 2600 1122 petitiones,
2630 1060 2722 1106 aut
2753 1068 2875 1122 qua
2895 1053 3040 1107 dona
3060 1060 3264 1122 petant,
3291 1060 3340 1106 et
3363 1051 3510 1122 quod
3529 1051 3742 1117 faciant,

2146 1149 2197 1196 et
2255 1157 2424 1212 quare
2479 1140 2597 1195 ﬁeri
2630 1141 2991 1210 postulentur.
3058 1141 3299 1196 Accedat
3333 1141 3501 1211 igitur
3530 1141 3637 1194 iste
3691 1137 3749 1192 ﬁ-

2145 1239 2284 1294 delis
2339 1245 2524 1292 orator
2579 1239 2822 1308 gemina
2852 1237 3159 1294 dilectionis
3201 1239 3412 1303 virtute,
3467 1237 3668 1293 calum
3698 1246 3751 1292 et

2145 1326 2354 1381 mansio
2383 1327 2483 1381 Dei
2514 1326 2708 1390 factus,
2744 1335 2799 1380 et
2826 1327 2974 1382 dicat
3006 1344 3018 1379 :
3055 1351 3079 1375 α
3114 1325 3499 1383 Sanctiﬁcetur
3529 1342 3753 1382 nomen:

2147 1425 2317 1471 tuum.
2356 1439 2378 1466 ι
2413 1415 2582 1483 Quasi
2612 1415 2852 1470 diceret:
2888 1417 2966 1470 Da
2997 1415 3179 1483 nobis,
3205 1417 3457 1482 Domine,
3495 1415 3751 1486 Spiritum

2149 1515 2321 1570 sancti
2352 1514 2584 1583 timoris,
2621 1514 2715 1585 qui
2745 1513 2799 1568 in
2831 1514 2990 1569 nobis
3038 1514 3196 1570 faciat
3225 1521 3610 1585 paupertatem
3637 1515 3753 1584 spi-

2150 1605 2303 1669 ritus,
2336 1611 2391 1658 ut
2420 1603 2604 1658 omnia
2636 1603 2955 1672 temporalia
3002 1612 3422 1674 postponamus,
3469 1611 3526 1658 et
3554 1603 3756 1659 sancti-

2149 1691 2455 1748 ficationem
2490 1692 2542 1744 in
2576 1691 2844 1761 baptismo
2891 1700 3175 1763 acceptam
3206 1707 3639 1764 consequamur,
3701 1701 3759 1746 ut

442 1767 817 1888 quotidi:nu:n
846 1814 917 1868 da
950 1767 1129 1876 nobis,
1164 1811 1386 1874 (Matth.
1408 1811 1509 1877 vi),
1549 1830 1568 1855 υ
1607 1816 1659 1862 et
1689 1815 1889 1862 catera
1920 1821 2040 1876 qua

2163 1790 2376 1844 tandem
2415 1789 2574 1860 plene
2603 1787 2929 1844 sanctiﬁcati
2971 1805 3199 1859 regnum
3263 1789 3531 1844 calorum
3571 1788 3760 1859 possi-

441 1911 760 1977 sequuntur,
817 1901 1074 1974 prasenti
1130 1900 1259 1954 vita
1325 1897 1676 1962 conveniunt,
1711 1895 1764 1950 in
1797 1910 1906 1966 qua
1953 1893 2033 1946 iu-

444 1996 712 2052 choantur
758 2001 810 2048 et
847 1989 1218 2063 perficiuntur.
1306 1989 1366 2041 lu
1404 1989 1508 2042 hac
1569 1985 1715 2040 enim
1757 1984 1866 2039 vita
1904 1998 2046 2054 pane

445 2091 604 2148 verbi
632 2089 731 2145 Dei
764 2097 816 2145 et
845 2104 985 2159 pane
1015 2085 1264 2157 corporis
1295 2083 1490 2139 Christi
1522 2081 1810 2146 reticimnr,
1839 2080 1935 2134 sed
1983 2094 2050 2134 ea

449 2175 616 2241 finita,
674 2189 779 2230 nec
833 2187 975 2242 pane
1031 2170 1458 2240 Scripturarum,
1496 2182 1598 2220 nec
1637 2180 1775 2236 pane
1805 2163 2050 2232 corporis

448 2263 647 2322 Christi
677 2260 954 2317 reiicimur
983 2274 1052 2314 eo
1081 2258 1248 2314 modo
1278 2271 1385 2327 quo
1417 2270 1558 2310 nunc
1590 2251 1894 2308 reficimur.
1938 2252 2050 2306 Ve-

448 2377 572 2418 rum
609 2360 758 2430 quod
794 2357 957 2413 modo
996 2355 1154 2428 quasi
1211 2369 1409 2425 panem
1469 2367 1594 2408 cum
1655 2350 1846 2405 labore
1886 2347 2052 2403 sumi-

447 2466 589 2516 mus,
621 2456 754 2503 tunc
791 2444 947 2517 quasi
975 2451 1162 2515 potum
1201 2440 1362 2497 facile
1407 2438 1800 2510 percipiemus.
1850 2441 1910 2492 In
1952 2438 2053 2492 hac

451 2539 616 2596 etiam
645 2535 756 2592 vita
783 2535 910 2590 dum
943 2531 1096 2605 quasi
1125 2530 1470 2595 offendimus,
1529 2528 1727 2582 dimitti
1753 2533 1810 2582 et
1864 2525 2052 2580 dimit-

450 2647 566 2694 tere
595 2649 824 2691 necesse
879 2631 1161 2699 habemus,
1206 2628 1301 2684 sed
1367 2627 1419 2681 in
1459 2625 1658 2693 futuro,
1699 2625 1838 2680 sicut
1892 2623 2042 2678 nulla

458 2726 566 2782 erit
602 2722 832 2788 offensa,
874 2721 949 2775 ita
986 2719 1138 2774 nulla
1177 2717 1278 2774 erit
1319 2715 1630 2771 necessario
1686 2712 2057 2785 indulgentia.

456 2816 557 2871 Hic
587 2813 750 2870 etiam
805 2818 1097 2878 tentamur,
1143 2815 1195 2862 et
1225 2805 1526 2862 timendum
1557 2811 1639 2858 est
1668 2819 1736 2859 ne
1776 2801 2057 2857 tentationi

463 2911 904 2969 succumbamns.
955 2906 1035 2960 Ibi
1064 2907 1207 2960 enim
1237 2903 1381 2958 nulla
1411 2917 1640 2974 prorsus
1670 2899 1768 2956 erit
1798 2899 2049 2954 tentatio.

454 3003 519 3058 In
547 2998 812 3073 prasenti
864 3011 1081 3067 quoque
1123 2991 1543 3047 innumerabilia
1575 2990 1710 3044 mala
1745 2997 2055 3056 occurrunt,

461 3091 644 3146 hostes
693 3093 819 3141 sunt
865 3081 1109 3140 visibiles
1137 3089 1189 3135 et
1218 3079 1542 3146 invisibiles,
1601 3093 1709 3132 non
1763 3091 2056 3146 possumus

460 3179 679 3252 penitus
707 3189 900 3231 carere
931 3171 1195 3243 peccatis,
1239 3169 1365 3240 quia
1395 3182 1613 3238 semper
1644 3165 1864 3220 macula
1895 3173 1973 3220 est
2004 3164 2057 3217 in

458 3279 584 3335 luna
615 3274 736 3346 (Job
767 3274 898 3342 xxv)
928 3289 941 3336 ;
972 3286 1074 3326 nec
1094 3293 1115 3317 «
1138 3266 1523 3337 iustificabitur
1551 3267 1604 3320 in
1638 3272 1933 3334 conspectu
1957 3260 2056 3318 Dei

459 3365 636 3424 omnis
650 3365 820 3420 homo
836 3361 1026 3417 vivens
1043 3359 1222 3430 (Psal.
1238 3360 1422 3424 exui).
1437 3375 1459 3404 ι
1486 3354 1625 3422 Quia
1648 3354 1701 3406 in
1717 3351 1929 3425 angelis
1947 3351 2060 3405 suis

459 3455 660 3526 reperit
678 3451 1022 3522 pravitatem,
1047 3455 1101 3502 et
1129 3470 1150 3494 α
1177 3445 1480 3500 inebriatus
1499 3451 1582 3498 est
1613 3442 1665 3496 in
1687 3441 1826 3497 calo
1844 3439 2059 3513 gladius

459 3551 758 3619 meus(lsa.
793 3548 1034 3615 xxxxv),n
1072 3553 1127 3600 et
1151 3553 1297 3598 astra
1329 3560 1441 3598 non
1464 3549 1588 3597 sunt
1617 3540 1819 3595 munda
1848 3540 1901 3594 in
1931 3555 2062 3594 con-

462 3648 650 3713 spectu
672 3639 808 3706 ejus,
827 3642 882 3690 et
912 3635 1036 3688 ideo
1053 3631 1276 3686 liberari
1298 3648 1329 3686 a
1347 3631 1486 3686 malo
1509 3645 1736 3685 necesse
1753 3645 1875 3684 esse
1895 3628 2061 3682 habe-

461 3743 606 3784 mus.
641 3728 698 3781 ln
730 3725 907 3779 futuro
937 3720 1338 3792 namquenulla
1369 3719 1476 3774 erit
1508 3719 1644 3772 mala
1666 3717 1930 3780 incussio,
1958 3731 2062 3771 nec

461 3826 574 3883 ulla
602 3822 912 3882 necessaria
940 3817 1214 3874 liberatio.
1249 3817 1383 3872 Alia
1411 3824 1588 3872 autem
1612 3823 1722 3870 tres
1753 3814 2060 3886 petitiones,

463 3914 668 3972 scilicet
697 3935 718 3960 ιε
745 3907 1115 3966 sanctiﬁcetur
1133 3922 1332 3962 nomen
1354 3913 1521 3970 tuum,
1555 3903 1808 3958 adveniat
1837 3919 2063 3975 regnum

464 4014 632 4071 tuum,
665 4001 753 4056 fiat
781 3999 1032 4057 voluntas
1059 4005 1164 4063 tua,
1205 4020 1225 4043 »
1291 4003 1420 4062 etc.,
1457 3993 1646 4048 futura
1698 3993 1822 4048 vita
1859 4007 2062 4047 conve-

463 4101 641 4167 niunt,
683 4097 809 4170 quia
838 4098 893 4151 et
923 4093 971 4148 si
1015 4093 1104 4149 hic
1135 4089 1573 4148 sanctificatione
1611 4088 1812 4143 mentis
1842 4086 2065 4157 incipiat

464 4197 519 4247 et
547 4203 779 4262 regnum
825 4191 881 4241 et
903 4184 1154 4240 voluntas
1187 4180 1306 4244 Dei,
1357 4189 1536 4234 tamen
1567 4178 1750 4234 omnia
1779 4175 2066 4249 proficien-

467 4287 556 4334 tur
619 4277 674 4332 in
730 4274 931 4340 futuro,
973 4272 1065 4326 ubi
1104 4288 1168 4326 ex
1228 4278 1338 4326 toto
1378 4268 1724 4325 sanctificatis
1779 4265 1960 4320 anima
2015 4271 2068 4320 et

464 4380 694 4437 corpore
724 4377 848 4418 cum
880 4360 1097 4415 Christo
1128 4358 1504 4430 regnabimus,
1529 4365 1580 4412 et
1603 4356 1705 4411 Dei
1730 4355 2065 4411 voluntatem

2152 1879 2397 1933 deamus.
2429 1902 2448 1925 «
2483 1876 2759 1931 Adveniat
2790 1893 3012 1949 regnum
3047 1886 3216 1943 tuum,
3245 1901 3267 1926 ιι
3301 1878 3354 1932 id
3387 1884 3475 1933 est
3498 1877 3566 1932 da
3597 1877 3761 1932 nobis

2155 1976 2206 2022 et
2237 1967 2496 2037 Spiritum
2527 1966 2765 2036 pietatis,
2801 1982 2910 2036 quo
2940 1966 3119 2031 mites,
3149 1967 3440 2033 mansueti,
3476 1975 3532 2022 et
3569 1967 3762 2020 humi-

2157 2065 2238 2120 les
2269 2063 2411 2131 facti,
2443 2072 2628 2119 contra
2678 2062 2932 2119 inimicos
2988 2073 3247 2120 nocentes
3292 2065 3439 2120 nulla
3468 2064 3764 2136 iniquitate

2158 2169 2494 2218 moveamur,
2528 2161 2585 2207 ut
2611 2153 2825 2208 interim
2867 2170 2966 2209 nos
3009 2154 3156 2225 ipsos
3187 2164 3460 2227 regentes,
3521 2162 3577 2210 et
3620 2169 3658 2209 a
3710 2164 3764 2212 te

2159 2244 2276 2315 regi
2309 2242 2608 2313 cupientes,
2652 2243 2872 2299 tandem
2911 2243 2968 2298 in
3026 2250 3169 2297 terra
3199 2243 3496 2298 viventium
3537 2241 3762 2298 ﬁrmam

2159 2339 2566 2413 possessionem
2593 2339 2967 2396 obtineamus.
3011 2363 3032 2388 α
3072 2340 3184 2394 Fiat
3213 2341 3465 2397 voluntas
3495 2348 3588 2396 tua
3623 2341 3767 2397 sicut

2160 2435 2215 2486 in
2255 2431 2393 2484 cmlo
2432 2436 2485 2483 et
2513 2428 2567 2482 in
2598 2438 2759 2494 terra,
2799 2453 2819 2476 η
2855 2431 2961 2485 hoc
2989 2435 3072 2484 est
3098 2428 3168 2484 da
3189 2435 3243 2484 et
3288 2428 3549 2500 Spiritum
3581 2430 3772 2486 scien-

2161 2518 2268 2583 tia,
2307 2517 2398 2588 qui
2427 2517 2617 2572 doceat
2638 2533 2739 2573 nos
2767 2517 2961 2590 lugere
2982 2534 3079 2588 pro
3136 2518 3375 2588 peccatis
3406 2519 3609 2573 nostris
3641 2535 3772 2573 cum

2165 2615 2322 2669 Petro
2353 2622 2404 2669 et
2435 2614 2632 2680 Maria,
2668 2629 2768 2685 pro
2803 2614 2996 2669 alienis
3044 2629 3258 2686 quoque
3317 2629 3441 2670 cum
3497 2617 3774 2684 Apostolo

2165 2704 2255 2776 qui
2284 2703 2414 2758 dicit
2448 2721 2461 2757 :
2498 2727 2520 2750 α
2557 2703 2692 2771 Quis
2723 2703 3134 2769 scandalizatur,
3166 2713 3219 2758 et
3249 2718 3354 2775 ego
3384 2719 3492 2759 non
3525 2720 3666 2760 uror
3694 2707 3725 2760 ἵ
3746 2730 3767 2752 ι

2165 2802 2275 2848 etc.
2314 2794 2331 2862 (
2341 2793 2386 2846 11
2419 2793 2539 2848 Cor.
2572 2795 2674 2861 ιιι.)
2710 2793 2812 2847 Pro
2842 2791 3117 2848 desiderio
3147 2808 3364 2864 quoque
3412 2794 3610 2862 patria
3642 2809 3776 2850 cum

2167 2893 2375 2948 Joanne
2399 2891 2630 2962 quidicit
2651 2909 2696 2945 :«
2725 2892 2792 2946 Et
2812 2909 2917 2964 ego
2938 2894 3134 2947 flebam
3156 2892 3384 2946 multum
3406 2896 3670 2964 (Apoc.v)
3695 2903 3783 2950 uel

2167 2997 2291 3037 cum
2324 2981 2492 3035 David
2529 2980 2777 3036 dicente:
2809 3007 2826 3029 υ
2867 2983 2983 3036 Heu
3015 2981 3146 3036 mihi
3167 2982 3290 3051 quia
3317 2981 3591 3037 incolatus
3616 2999 3780 3038 mens

2170 3071 2522 3142 prolongatus
2545 3078 2627 3125 est
2652 3072 2663 3124 ἱ
2692 3091 2714 3119 ι
2741 3071 3114 3138 (Psal.cx1x.)
3145 3071 3211 3126 Ut
3243 3087 3339 3141 per
3375 3070 3582 3127 luctum
3605 3072 3782 3127 istum

2171 3168 2421 3222 voluntas
2453 3166 2549 3220 Dei
2579 3171 2786 3220 tantum
2822 3167 2879 3221 in
2912 3167 3068 3222 nobis
3098 3166 3430 3237 perﬁciatur,
3474 3177 3530 3223 et
3569 3184 3784 3225 conso-

2169 3255 2425 3311 lationem
2473 3253 2785 3327 lugentibus
2837 3256 3163 3327 promissam
3203 3273 3541 3312 mereamur.
3597 3281 3622 3306 ε
3674 3259 3785 3313 Pa-

2167 3369 2291 3408 nem
2325 3361 2569 3407 nostrum
2601 3352 2978 3423 quotidianum
3010 3353 3080 3408 da
3128 3354 3286 3409 nobis
3317 3355 3497 3410 hodie.
3539 3378 3562 3402 ιι
3599 3354 3782 3424 Quasi

2169 3442 2378 3498 dicatur
2407 3459 2425 3496 :
2458 3442 2534 3496 Da
2574 3441 2751 3508 nobis,
2796 3443 3046 3509 Domine,
3091 3443 3356 3514 Spiritum
3415 3443 3780 3511 fortitudinis,

2170 3547 2276 3603 quo
2307 3539 2494 3586 contra
2551 3530 2732 3586 omnia
2770 3531 2912 3586 mala
2969 3531 3136 3586 fortes
3194 3547 3338 3603 pane
3367 3533 3522 3589 verbi
3563 3534 3671 3590 Dei
3728 3542 3783 3590 et

2169 3628 2293 3684 cibo
2351 3626 2597 3698 corporis
2654 3627 2850 3682 Christi
2900 3626 3229 3695 reficiamur,
3289 3639 3350 3684 ut
3378 3631 3696 3686 esurientes
3728 3640 3782 3687 et

2171 3717 2416 3772 sitientes
2439 3715 2726 3785 justitiam,
2772 3717 2992 3772 tandem
3049 3717 3102 3771 in
3143 3717 3477 3774 beatitudine
3535 3720 3778 3774 saturari

2172 3821 2522 3862 mereamur:
2563 3828 2586 3854 α
2650 3806 2716 3860 Et
2741 3805 2950 3860 dimitte
3003 3806 3164 3861 nobis
3194 3807 3378 3862 debita
3409 3816 3618 3874 nostra,
3660 3833 3686 3856 ιι
3722 3809 3779 3865 id

2173 3909 2273 3967 est,
2305 3901 2376 3956 da
2404 3901 2562 3957 nobis
2619 3901 2878 3972 Spiritum
2921 3902 3155 3973 consilii,
3210 3911 3269 3958 ut
3317 3903 3362 3958 si
3418 3903 3477 3958 in
3507 3906 3780 3976 prasenti

2173 3991 2410 4047 offensas
2462 3989 2628 4045 vitare
2683 4005 2793 4045 non
2831 4006 3144 4060 possumus,
3175 3991 3370 4048 saltem
3427 3994 3533 4049 hoc
3588 3996 3779 4050 consi-

2175 4080 2307 4135 lium
2345 4079 2664 4145 habeamus,
2697 4085 2756 4134 ut
2791 4079 3171 4136 misericordes
3221 4081 3411 4149 simus,
3443 4090 3498 4138 et
3535 4098 3776 4154 peccan-

2176 4178 2320 4232 tibus
2351 4176 2731 4249 ignoscamus,
2765 4184 2821 4231 ut
2851 4176 2905 4230 in
2936 4175 3119 4234 futuro
3171 4178 3614 4235 misericordiam
3642 4197 3780 4236 con-

2177 4281 2492 4338 sequamur.
2512 4291 2533 4314 ιι
2571 4265 2636 4320 Et
2664 4281 2731 4320 ne
2755 4281 2854 4320 nos
2869 4265 3171 4322 inducasin
3193 4268 3599 4334 tentationem,»
3618 4269 3676 4324 id
3695 4279 3779 4324 est

2175 4356 2244 4410 da
2275 4363 2328 4410 et
2359 4354 2617 4425 Spiritum
2657 4353 3048 4426 intelligentia,
3105 4370 3212 4427 quo
3241 4357 3631 4413 tentationibus
3662 4359 3780 4413 cir-

467 4459 889 4533 complebimus.
929 4455 1240 4512 Notandum
1272 4470 1404 4511 vero
1434 4455 1561 4526 quia
1594 4461 1702 4509 tres
1745 4452 2057 4524 petitiones,
2091 4483 2148 4545 D
2180 4453 2508 4525 cumplicati,
2533 4469 2655 4524 qua
2685 4452 2936 4508 facienda
2983 4461 3110 4509 sunt
3136 4454 3528 4528 intelligamus,
3566 4464 3620 4512 et
3647 4473 3782 4513 οοτ.

469 4549 716 4625 quamvis
764 4549 816 4602 in
851 4546 1028 4602 futuro
1059 4543 1422 4616 perﬁciantur,
1463 4551 1517 4599 et
1571 4542 1762 4599 ordine
1801 4540 2063 4612 temporis

469 4643 578 4697 sint
610 4637 958 4712 posteriores,
995 4642 1174 4689 tamen
1203 4633 1258 4687 in
1288 4632 1533 4688 oratione
1571 4639 1693 4686 sunt
1715 4629 1948 4701 priores,
1980 4627 2067 4685 vel

469 4754 569 4812 pro
615 4734 854 4793 ternario
894 4729 1348 4796 commendando,
1390 4730 1445 4784 in
1487 4745 1592 4800 quo
1621 4729 1904 4785 Trinitatis
1942 4746 2060 4802 my-

469 4827 690 4886 sterium
721 4824 911 4896 fulget,
946 4820 1032 4876 vel
1065 4820 1193 4892 quia
1222 4819 1501 4890 digniores
1533 4826 1677 4874 sunt.

539 4919 816 4973 Praterea
881 4909 1222 4982 septenarius
1287 4910 1388 4964 iste
1454 4925 1712 4964 numerus
1750 4907 2068 4978 petitionum

466 5019 776 5080 congruere
814 5008 990 5072 potest
1027 4997 1362 5070 praecedenti
1401 4997 1709 5068 septenario
1774 4997 2065 5065 donorum,

466 5105 722 5160 virtutum
753 5107 806 5155 et
836 5097 1248 5161 beatitudinum,
1307 5095 1376 5150 de
1415 5111 1522 5166 quo
1578 5102 1720 5151 totus
1773 5110 1956 5150 sermo
2014 5095 2067 5150 in

469 5203 658 5248 monte
679 5199 762 5245 est
790 5187 1026 5254 habitus,
1063 5193 1122 5239 ut
1159 5184 1397 5256 singulis
1431 5183 1789 5254 petitionibus
1849 5183 2072 5256 singula

471 5281 617 5337 dona
673 5284 1014 5348 appetantur,
1057 5290 1179 5346 qua
1217 5271 1462 5345 singulas
1517 5273 1742 5328 virtutes
1808 5272 2066 5341 efﬁciant,

469 5379 663 5452 quibus
720 5374 946 5446 singula
1005 5370 1368 5427 beatitudines
1425 5378 1698 5442 aptantur.
1775 5370 2069 5426 Petitiones

465 5491 600 5549 ergo
629 5479 772 5536 sunt,
806 5486 942 5542 quas
971 5483 1135 5537 supra
1162 5466 1415 5534 diximus,
1449 5468 1665 5524 scilicet
1697 5485 1711 5521 :
1750 5489 1773 5516 α
1808 5468 2066 5523 Sanctiﬁ-

467 5574 622 5626 cetur
651 5575 871 5626 nomen,
895 5581 917 5605 ιι
953 5565 1080 5618 etc.;
1102 5555 1392 5613 donavero
1423 5563 1568 5627 sunt,
1589 5556 1817 5628 spiritus
1839 5558 2067 5628 timoris,

2067 5738 2156 5763 ,Α

2179 4545 2250 4599 da
2279 4551 2462 4598 nostra
2492 4541 2835 4607 mundantes,
2869 4542 3215 4614 aliquatenus
3263 4545 3438 4600 Deum
3469 4545 3783 4614 videamus,

2177 4641 2235 4688 ut
2262 4632 2315 4686 in
2346 4631 2533 4686 futuro
2562 4630 2724 4702 plena
2753 4631 2962 4687 visione
2991 4631 3164 4704 ipsum
3193 4641 3567 4690 contueamur.
3604 4655 3628 4686 ι
3665 4635 3786 4692 Sed

2176 4727 2350 4783 libera
2380 4743 2479 4782 nos
2536 4743 2570 4782 a
2597 4725 2761 4791 malo,
2801 4750 2822 4774 η
2875 4727 2979 4783 hoc
3031 4736 3134 4796 est,
3192 4728 3264 4784 da
3293 4738 3346 4785 et
3394 4730 3650 4802 Spiritum
3685 4748 3787 4787 sa-

2177 4817 2416 4889 pientia,
2473 4831 2580 4888 quo
2604 4816 2673 4870 ab
2703 4815 2851 4872 omni
2887 4815 3030 4872 malo
3055 4817 3374 4886 liberemur,
3430 4828 3487 4875 ut
3532 4820 3590 4875 in
3645 4837 3788 4878 area

2178 4907 2362 4962 cordis
2419 4904 2678 4960 animalia
2732 4904 2935 4960 domita
2997 4905 3158 4962 simul
3232 4915 3284 4963 et
3357 4907 3627 4965 indomita
3683 4927 3786 4966 re-

2179 5006 2482 5079 quiescant.
2550 5013 2611 5060 ut
2639 5005 2822 5076 pravis
2852 5003 3093 5061 motibus
3134 5005 3364 5073 sedatis,
3423 5014 3478 5062 et
3535 5007 3786 5079 imagine

2182 5095 2354 5150 Patris
2410 5095 2683 5160 restituta,
2745 5093 2839 5148 filii
2891 5093 2992 5150 Dei
3026 5102 3080 5149 et
3118 5110 3242 5151 esse
3269 5111 3610 5152 mereamur.
3648 5098 3786 5156 Hac

2176 5193 2442 5248 hactenus
2473 5192 2539 5246 de
2569 5190 2929 5263 congruentia
2957 5190 3276 5262 petitionum
3301 5193 3575 5248 donorum
3612 5195 3788 5252 virtu-

2181 5289 2299 5337 tum
2331 5290 2380 5336 et
2413 5280 2808 5336 beatitudinum
2857 5279 3002 5336 dicta
3052 5279 3321 5336 sufﬁciant
3349 5300 3364 5346 ;
3396 5297 3627 5352 quorum
3669 5285 3789 5339 alia

2181 5369 2473 5443 postulant,
2510 5369 2562 5423 id
2592 5377 2676 5424 est
2717 5368 3006 5439 petitiones
3039 5388 3053 5436 ;
3085 5369 3191 5424 alia
3222 5370 3571 5440 postulantur
3596 5381 3652 5426 ut
3701 5374 3790 5428 fa-

2178 5469 2344 5535 ciant,
2377 5476 2436 5522 ιιι
2463 5467 2606 5522 dona
2640 5485 2654 5531 ;
2683 5466 2788 5521 alia
2818 5465 2952 5522 ﬁunt
2981 5474 3040 5522 ut
3066 5465 3316 5533 virtutes,
3351 5465 3460 5522 alia
3487 5467 3790 5539 perﬁciunt

2179 5567 2233 5614 ut
2265 5557 2646 5614 beatitudines.
