4042 6080
316 209 451 263 1073

1245 205 1827 263 DEFLORATIONES
1867 204 1969 261 SS.
2018 205 2317 263 PATRUM.
2348 238 2420 248 —
2453 208 2581 263 LIB.
2622 212 2694 266 ΙΙ.

3477 216 3613 273 1074

1315 333 1935 519 DOMINICA
2049 417 2605 523 OCTAVA.

1524 683 1920 750 Secundum
1975 685 2392 754 Matthueum.

386 869 652 926 Attendite
691 886 723 924 a
772 869 920 925 falsis
950 869 1226 940 prophetis
1281 869 1373 940 qui
1420 868 1643 925 veniunt
1697 868 1766 925 ad
1810 885 1909 927 vos
1937 870 1989 931 A
2021 886 2129 926 non
2173 871 2425 928 caleﬁeri.
2485 873 2577 931 Sic
2606 875 2767 932 etiam
2816 885 2992 948 potest
3019 877 3134 934 ﬁeri
3189 885 3246 934 ut
3282 879 3456 935 malus
3507 896 3618 936 non

312 959 373 1014 in
410 958 746 1015 vestimentis
774 959 979 1027 ovium,
1027 959 1345 1014 intrinsecus
1393 965 1573 1015 autem
1628 966 1749 1014 sunt
1804 958 1918 1031 lupi

313 1064 557 1121 rapaces.
590 1050 634 1103 Α
662 1047 925 1103 fructibus
950 1064 1135 1104 eorum
1181 1048 1518 1121 cognoscetis
1545 1063 1639 1104 eos
1692 1047 1913 1119 (Matth.

315 1136 442 1207 vn).
478 1158 499 1185 ι
538 1135 677 1205 Quia
706 1152 1000 1208 paucorum
1023 1144 1102 1192 est
1146 1144 1431 1210 angustam
1452 1137 1597 1194 viam
1653 1135 1915 1203 invenire,

317 1230 736 1287 fraudulentiam
776 1246 963 1288 eorum
1002 1231 1093 1302 qui
1122 1248 1244 1287 eam
1298 1247 1537 1302 quaerere
1593 1230 1921 1287 mentiuntur

318 1320 564 1390 exponit.
607 1341 629 1368 «
656 1320 948 1383 Attendite,
998 1342 1018 1368 υ
1073 1319 1129 1375 id
1185 1328 1265 1375 est
1292 1328 1499 1376 cavete.
1538 1320 1620 1375 De
1667 1319 1921 1375 omnibus

319 1408 614 1481 hypocritis
642 1409 729 1464 hic
746 1416 925 1479 potest
960 1408 1209 1481 intelligi,
1240 1409 1336 1465 sed
1374 1408 1678 1479 specialiter
1703 1409 1771 1464 de
1800 1411 1919 1465 bae-

317 1498 501 1553 reticis
531 1497 732 1553 fructus
787 1498 1089 1553 animarum
1118 1497 1471 1569 rapientibus.
1511 1498 1666 1555 Unde
1703 1504 1757 1552 et
1782 1498 1923 1569 lupis

320 1600 726 1665 comparantur.
794 1592 1071 1664 Praecipue
1098 1592 1329 1649 cavendi
1356 1600 1480 1648 sunt
1507 1593 1763 1662 haeretici,
1822 1609 1921 1649 co-

322 1682 625 1756 gnitionem
672 1681 914 1739 veritatis
945 1696 1108 1752 quam
1136 1697 1246 1737 non
1285 1681 1486 1738 habent
1530 1683 1920 1751 promittentes.

323 1772 662 1828 Vestimenta
682 1771 866 1826 ovium
914 1778 1038 1826 sunt
1064 1770 1265 1826 blanda
1319 1771 1488 1826 verba
1537 1770 1922 1840 innocentium,

324 1874 630 1938 cretamque
650 1867 932 1940 religionis
962 1868 1139 1940 signa.
1188 1868 1311 1923 Non
1339 1874 1519 1923 autem
1549 1867 1671 1923 ideo
1729 1866 1929 1921 debent

325 1972 460 2014 oves
510 1956 689 2012 odisse
730 1957 1109 2012 vestimentum
1175 1972 1350 2022 suum,
1412 1955 1557 2026 quod
1611 1956 1927 2026 plerunique

326 2045 420 2102 illo
457 2062 515 2101 se
547 2044 817 2102 occultant
871 2045 1005 2118 lupi,
1053 2046 1183 2101 dum
1232 2044 1377 2101 aliud
1406 2044 1476 2100 ad
1527 2044 1927 2116 decipiendum,

328 2142 476 2199 aliud
505 2143 782 2215 excipiunt
808 2143 878 2198 ad
906 2142 1350 2215 depraedandum.
1380 2143 1579 2199 Verum
1597 2157 1694 2214 per
1715 2150 1929 2214 tempo-

325 2231 456 2288 ralis
479 2230 755 2287 commodi
790 2232 1159 2301 tentationem,
1201 2231 1316 2286 sive
1354 2230 1739 2301 persecutionis
1782 2238 1923 2285 tem-
1953 2230 2006 2291 Β

326 2337 478 2394 pore,
512 2322 750 2393 aperitur
798 2321 927 2392 quid
972 2320 1096 2376 sint.
1157 2322 1379 2377 Fructus
1430 2328 1554 2376 sunt
1598 2320 1741 2375 mala
1758 2335 1927 2391 opera

328 2425 546 2467 coruun.

405 2557 427 2585 α
462 2533 717 2606 Nunquid
747 2534 1010 2607 colligunt
1063 2534 1130 2589 de
1159 2534 1328 2605 spinis
1357 2550 1509 2602 uvas,
1536 2541 1626 2590 aut
1654 2535 1720 2589 de
1759 2533 1925 2589 tribu-

325 2623 394 2680 lis
412 2623 545 2680 ﬁcus
577 2623 607 2679 ?
640 2646 661 2673 »
700 2624 981 2695 Sapientes
1010 2639 1118 2679 non
1146 2624 1405 2695 colligent
1459 2640 1592 2679 uvas
1618 2623 1685 2678 de
1732 2622 1919 2694 spinis,

320 2711 382 2769 id
414 2720 493 2773 est
518 2712 697 2768 dulcia
750 2712 917 2768 verba
937 2711 1006 2767 de
1051 2712 1336 2777 haereticis,
1370 2712 1459 2781 qui
1508 2712 1630 2768 ideo
1678 2711 1925 2766 dicuntur

322 2801 495 2872 spinae
551 2808 605 2856 et
631 2800 833 2869 tribuli,
886 2800 1013 2871 quia
1058 2800 1302 2855 sauciant
1329 2801 1536 2855 animas
1571 2816 1668 2872 per
1719 2800 1922 2857 verbo-

322 2906 445 2946 rum
475 2888 783 2945 blanditias.
840 2889 1090 2944 Tribulus
1118 2895 1387 2961 estgenus
1416 2888 1597 2943 herbae
1652 2888 1911 2959 spinosas.

323 3010 345 3036 «
370 2988 560 3058 Neque
597 2987 664 3042 de
693 2986 863 3058 spinis
892 2986 1157 3058 colligunt
1211 2986 1430 3053 fructus,
1463 3002 1639 3056 neque
1667 2985 1733 3041 de
1785 2986 1919 3041 rubo

321 3075 661 3135 vindemiant
710 3092 872 3132 uvam
904 3077 1061 3146 (Luc.
1096 3077 1195 3145 vi).
1234 3098 1256 3123 η
1293 3074 1474 3147 Spinae
1523 3080 1576 3130 et
1626 3075 1746 3129 rubi
1799 3090 1922 3145 sunt

317 3180 462 3221 cura:
509 3164 712 3230 saculi,
796 3171 851 3220 et
901 3164 1217 3237 punctiones
1291 3163 1562 3229 vitiorum,
1648 3163 1716 3219 de
1792 3162 1918 3234 qui-

321 3253 426 3309 bus
455 3252 724 3326 peccatori
762 3252 961 3309 dictum
993 3260 1073 3308 est
1104 3272 1115 3308 :
1155 3275 1177 3302 α
1204 3252 1368 3308 Terra
1399 3260 1486 3307 tua
1516 3252 1698 3325 spinas
1747 3259 1801 3306 et
1827 3251 1918 3307 tri-

319 3350 481 3407 bulos
501 3351 829 3423 geminabit
859 3350 953 3405 tibi
982 3350 1144 3407 (Gen.
1176 3352 1281 3421 ιιι).
1323 3372 1344 3398 »
1382 3350 1538 3405 Ficus
1568 3366 1694 3405 vero
1731 3357 1784 3405 et
1814 3366 1919 3405 uva

318 3439 548 3497 dulcedo
602 3455 759 3495 nova
812 3439 1237 3495 conversationis
1268 3446 1364 3506 est,
1402 3455 1563 3509 quam
1594 3438 1804 3494 Chritus
1861 3438 1915 3492 in

2020 960 2089 1015 sit
2140 961 2231 1031 qui
2287 962 2462 1018 malus
2492 963 2610 1031 fuit,
2656 980 2767 1021 non
2799 973 2981 1022 tamen
3009 974 3188 1037 potest
3231 965 3347 1023 ﬁeri
3393 974 3453 1023 ut
3504 985 3618 1024 ma-

2025 1049 2107 1104 lus
2133 1049 2274 1105 bene
2301 1051 2482 1107 faciat.
2506 1052 2646 1108 Nam
2676 1060 2729 1109 et
2782 1055 2827 1109 si
2847 1055 3136 1125 aliquando
3157 1056 3319 1125 utilis,
3351 1071 3461 1112 non
3514 1058 3618 1113 hoc

2026 1138 2141 1209 ipse
2169 1139 2317 1209 facit,
2348 1140 2443 1196 sed
2471 1140 2657 1198 divina
2674 1144 3013 1214 providentia
3038 1143 3115 1200 ﬁt.
3147 1145 3270 1201 Non
3300 1145 3443 1215 quod
3473 1146 3619 1201 Pha-

2025 1238 2167 1295 risaei
2194 1239 2395 1296 utiliter
2448 1239 2804 1297 audiebantur
2852 1242 3068 1298 illorum
3088 1251 3221 1312 erat,
3243 1244 3338 1300 sed
3366 1244 3484 1300 Dei.
3537 1245 3619 1299 De

2029 1328 2223 1398 quibus
2275 1328 2406 1383 dicit
2459 1332 2767 1402 propheta:
2808 1354 2829 1380 α
2864 1332 3155 1387 Seminatis
3212 1332 3465 1400 triticum,
3522 1333 3618 1388 sed

2026 1417 2210 1487 spinas
2225 1418 2576 1487 metitis(Jer.
2610 1424 2732 1488 xu).
2767 1440 2788 1468 ι»
2823 1420 2948 1475 Non
2976 1436 3108 1493 ergo
3137 1420 3408 1478 auditores
3426 1437 3615 1477 eorum

2029 1515 2097 1571 de
2127 1516 2296 1587 spinis
2325 1516 2580 1588 legebant
2631 1532 2783 1588 uvas,
2815 1517 2910 1574 sed
2938 1533 3036 1590 per
3087 1518 3271 1589 spinas
3299 1518 3366 1573 de
3391 1518 3520 1584 vito,
3563 1526 3621 1575 ut

2030 1604 2216 1674 siquis
2269 1622 2367 1676 per
2421 1605 2668 1675 spineam
2724 1622 2910 1677 sepem
2931 1607 3002 1662 ad
3044 1623 3103 1663 se
3153 1609 3384 1663 traheret
3438 1622 3621 1673 uvam,

2030 1710 2136 1749 uva
2164 1693 2253 1749 illa
2282 1710 2390 1749 non
2419 1701 2557 1751 esset
2574 1696 2871 1765 spinarum,
2903 1695 2998 1750 sed
3030 1696 3171 1751 vitis.

2109 1832 2132 1859 κ
2165 1809 2344 1865 Bonus
2370 1812 2535 1866 homo
2566 1810 2635 1865 de
2663 1810 2809 1867 bono
2857 1813 3106 1868 thesauro
3124 1810 3302 1867 cordis
3357 1810 3439 1866 sui
3493 1825 3628 1881 pro-

2036 1898 2139 1953 fert
2164 1898 2329 1964 bona,
2365 1906 2417 1954 et
2446 1899 2620 1954 malus
2646 1900 2811 1954 homo
2860 1900 2927 1955 de
2958 1901 3101 1955 malo
3124 1903 3371 1955 thesauro
3427 1899 3632 1970 profert

2036 1987 2198 2042 mala.
2254 1987 2339 2042 Ex
2387 1986 2717 2042 abundantia
2772 1988 2917 2042 enim
2977 1986 3153 2043 cordis
3193 2004 3255 2043 os
3301 1987 3561 2057 loquitur.
3601 2009 3623 2035 υ

2036 2075 2186 2130 Idem
2198 2082 2278 2130 est
2307 2077 2587 2131 thesaurus
2613 2074 2791 2131 cordis
2833 2075 2978 2145 quod
3031 2075 3185 2131 radix
3214 2083 3294 2132 est
3320 2075 3544 2141 arboris,
3579 2081 3631 2130 et

2037 2171 2181 2242 quod
2209 2171 2276 2227 de
2303 2171 2466 2228 corde
2483 2172 2771 2243 profertur,
2821 2172 2967 2229 idem
2995 2180 3076 2228 est
3102 2173 3246 2243 quod
3275 2171 3482 2227 arboris
3509 2171 3630 2227 fru-

2036 2276 2169 2324 ctus.
2202 2266 2305 2337 Qui
2329 2284 2461 2340 ergo
2509 2268 2565 2322 in
2592 2268 2754 2324 corde
2787 2269 3094 2326 thesaurum
3121 2270 3394 2342 patientia
3439 2270 3626 2342 perfe-

2031 2358 2207 2428 ctique
2230 2357 2391 2428 hujus
2418 2358 2618 2414 amoris
2660 2358 2895 2429 Optimos
2921 2358 3124 2414 fructus
3168 2358 3467 2427 effundens,
3506 2357 3628 2413 dili-

2031 2446 2112 2520 git
2132 2446 2432 2515 inimicum,
2460 2447 2603 2503 bene
2632 2446 2758 2502 facit
2786 2447 2986 2503 odienti
3017 2464 3096 2513 se,
3126 2447 3397 2503 benedicit
3450 2446 3627 2503 male-

2031 2536 2229 2592 dicenti
2260 2552 2337 2590 se.
2390 2534 2554 2590 Omni
2584 2536 2784 2604 petenti
2815 2535 2999 2591 tribuit
3050 2552 3164 2605 sua,
3198 2543 3465 2592 errantem
3522 2552 3628 2607 pa-

2028 2626 2221 2681 tienter
2261 2624 2507 2696 corrigit.
2560 2625 2720 2695 Atqui
2767 2640 2940 2694 neque
3003 2627 3307 2681 thesaurum
3362 2625 3419 2679 in
3465 2625 3629 2681 corde

2028 2721 2229 2781 servat,
2262 2712 2375 2768 odit
2405 2712 2659 2781 amicum,
2691 2712 2939 2785 diligenti
2963 2714 3256 2781 malefacit,
3286 2713 3625 2769 benedicenti

2029 2810 2321 2865 maledicit.
2347 2809 2437 2866 Sic
2465 2825 2678 2880 quoque
2708 2826 2809 2865 nec
2836 2809 3085 2865 diabolus
3111 2811 3275 2876 bona,
3336 2826 3436 2865 nec
3463 2809 3623 2866 Chri-

2025 2905 2139 2953 stus
2166 2898 2311 2954 mala
2339 2915 2505 2970 opera
2550 2905 2725 2970 potest
2769 2898 2966 2953 facere.
3000 2899 3103 2955 Per
3137 2898 3248 2955 oris
3296 2898 3622 2955 locutionem

2028 2989 2279 3043 universa
2299 3003 2420 3058 qua
2448 2995 2567 3042 actu
2614 2987 2702 3044 vel
2730 2987 2969 3060 cogitatu
3016 2988 3084 3043 de
3128 2988 3290 3043 corde
3340 2987 3624 3057 proferun-

2028 3084 2131 3143 tur,
2165 3077 2428 3134 Dominus
2481 3074 2750 3148 signiﬁcat
2782 3090 2795 3145 ;
2830 3092 2957 3132 nam
3001 3075 3169 3133 moris
3224 3076 3620 3148 Scripturarum

2028 3173 2110 3222 est
2137 3166 2304 3223 verba
2331 3181 2429 3237 pro
2457 3164 2620 3221 rebus
2646 3180 2869 3237 ponere,
2930 3172 2987 3221 ut
3039 3165 3095 3219 in
3151 3165 3292 3221 Isaia
3319 3164 3517 3220 dicitur
3549 3164 3616 3220 de

2028 3255 2257 3311 Ezechia
2288 3271 2303 3310 :
2341 3276 2364 3304 «ι
2395 3255 2522 3310 Non
2570 3252 2670 3308 fuit
2696 3254 2923 3311 verbum
2980 3253 3124 3324 quod
3151 3268 3263 3309 non
3316 3252 3621 3309 ostenderet

2023 3344 2102 3398 eis
2124 3344 2251 3413 (Ira.
2282 3344 2505 3411 xxxix).
2549 3364 2571 3390 η
2607 3342 2806 3397 Rerum
2835 3341 3018 3411 utique
3063 3357 3169 3397 non
3198 3341 3486 3399 verborum
3536 3357 3621 3396 re-

2022 3432 2221 3489 velavit
2265 3446 2485 3486 arcana.
2555 3453 2577 3479 «
2633 3430 2824 3487 Omnis
2878 3430 3056 3499 arbor,
3122 3453 3146 3481 ιι
3207 3430 3264 3485 id
3318 3436 3397 3485 est
3443 3431 3621 3485 omnis

316 3528 476 3584 nobis
534 3528 714 3597 esurit,
747 3536 799 3583 et
820 3529 1001 3584 fervor
1053 3528 1356 3584 dilectionis
1394 3528 1481 3598 qui
1541 3526 1775 3583 laetiﬁcat
1823 3542 1918 3583 cor
1953 3592 1990 3598 _
2023 3523 2205 3590 homo,
2238 3521 2351 3577 sive
2406 3536 2525 3590 rex,
2564 3519 2679 3576 sive
2743 3518 3013 3591 princeps,
3068 3518 3183 3576 sive
3239 3519 3439 3590 senior,
3497 3518 3616 3575 sive

317 3624 580 3681 hominis.
645 3592 783 3681 Hinc
810 3625 1066 3696 scriptum
1098 3631 1177 3679 est
1205 3644 1216 3680 :
1247 3648 1269 3675 α
1304 3592 1459 3681 Ficus
1480 3624 1697 3696 protulit
1751 3640 1910 3696 gros-
1942 3592 2250 3680 alumnis:
2302 3609 2434 3664 num
2486 3616 2754 3681 Ρθιΐοθίυτν
2826 3608 2922 3664 sed
2968 3607 3145 3665 omnis
3199 3609 3362 3665 arbor
3422 3631 3444 3659 α
3507 3624 3618 3664 non

318 3730 409 3772 sos
437 3730 582 3783 suos,
614 3713 788 3771 vineae
807 3714 1057 3770 florentes
1102 3714 1325 3770 odorem
1378 3713 1639 3770 dederunt
1687 3712 1904 3783 .(Cant.

320 3805 405 3875 ιι).
433 3826 455 3853 ιο
488 3804 614 3859 Non
638 3801 770 3859 ﬁcus
819 3803 886 3858 de
911 3803 1101 3873 spinis,
1161 3819 1269 3859 non
1292 3819 1397 3861 uva
1423 3803 1490 3858 de
1518 3803 1655 3858 rubo
1708 3803 1915 3875 colligi-

320 3908 424 3970 tur,
449 3900 574 3970 quia
603 3917 755 3956 mens
781 3900 957 3957 adhuc
998 3901 1194 3958 veteris
1239 3900 1474 3957 hominis
1532 3900 1913 3957 consuetudine

2021 3699 2200 3755 ferens
2263 3697 2493 3754 fructum
2551 3698 2756 3754 bonum
2810 3698 3088 3754 excidetur
3146 3719 3168 3748 ι»
3218 3714 3252 3755 a
3305 3696 3615 3755 secantibus

2020 3796 2249 3870 angelis,
2313 3818 2335 3844 α
2398 3803 2453 3852 et
2504 3794 2563 3850 in
2608 3795 2794 3868 ignem
2860 3796 3099 3853 mittetur
3143 3802 3423 3852 aeternum.
3479 3819 3501 3844 η
3554 3794 3613 3851 Si

2018 3885 2109 3941 ille
2139 3885 2229 3956 qui
2262 3900 2372 3940 non
2401 3884 2531 3940 facit
2559 3883 2789 3940 fructum
2837 3885 3042 3940 bonum
3087 3884 3417 3956 separandus
3456 3892 3538 3940 est
3579 3901 3613 3940 a

322 3988 577 4060 depressa
605 3989 856 4044 simulare
912 3997 1106 4059 potest,
1168 3997 1221 4046 et
1276 3990 1478 4045 fructus
1506 3991 1629 4047 novi
1680 3988 1914 4045 homiuis
2013 3975 2193 4045 lusus:
2243 3974 2380 4029 είουι
2423 3972 2565 4029 haedi
2619 3973 2689 4028 ab
2745 3973 2919 4046 agnis»
2975 3980 3026 4030 θί
3063 3972 3119 4028 in
3175 3973 3358 4046 ignem
3390 3972 3611 4028 πλίίῖθη·

323 4077 465 4133 ferre
486 4092 592 4133 non
626 4084 825 4148 potest.
865 4075 1023 4147 Quod
1066 4078 1109 4132 si
1139 4077 1430 4148 aliquando
1462 4076 1601 4133 facta
1631 4077 1715 4132 vel
1770 4076 1914 4133 dicta

318 4166 585 4221 malorum
641 4173 862 4237 prosunt
939 4167 1115 4235 bonis,
1192 4182 1300 4222 non
1355 4168 1458 4223 hoc
1515 4167 1717 4221 faciunt
1761 4166 1909 4233 mali,

317 4254 414 4310 sed
440 4255 721 4311 consilium
751 4255 850 4310 Dei
880 4269 893 4323 ;
926 4255 1001 4311 sic
1030 4254 1097 4311 de
1120 4255 1226 4311 illis
1249 4263 1518 4328 operatur.

394 4382 418 4409 ι
455 4361 543 4418 Sic
596 4361 772 4417 omnis
824 4361 987 4417 arbor
1030 4363 1176 4418 bona
1232 4362 1433 4418 fructus
1492 4361 1664 4417 bonos
1748 4360 1902 4415 facit.

318 4451 463 4506 Mala
493 4458 671 4506 autem
701 4450 863 4507 arbor
893 4450 1095 4508 fructus
1148 4451 1320 4507 malos
1374 4449 1521 4506 facit.
1570 4450 1692 4505 Non
1741 4455 1916 4521 potest

320 4538 482 4594 arbor
507 4539 652 4594 bona
681 4538 879 4594 fructus
908 4539 1079 4594 malos
1108 4540 1317 4609 facere;
1340 4555 1517 4610 neque
1559 4540 1720 4595 arbor
1772 4539 1916 4593 mala

320 4628 523 4683 fructus
542 4627 715 4682 bonos
744 4627 944 4683 facere.
979 4650 1000 4676 υ
1039 4628 1186 4684 Sicut
1207 4644 1394 4685 verum
1424 4637 1503 4684 est
1532 4628 1675 4699 quod
1703 4628 1771 4683 de
1813 4626 1916 4683 tri-

318 4723 461 4779 bulis
488 4738 595 4778 non
625 4723 953 4796 colliguntur
973 4722 1123 4790 ﬁcus,
1168 4723 1245 4779 sic
1257 4740 1441 4780 verum
1461 4733 1540 4780 est
1564 4723 1707 4795 quod
1755 4722 1918 4779 arbor

318 4813 466 4869 bona
492 4811 695 4867 fructus
713 4812 887 4869 bonos
929 4813 1075 4869 facit.
1108 4813 1281 4869 Arbor
1325 4813 1471 4870 bona
1526 4814 1609 4870 vel
1644 4813 1784 4868 mala
1839 4818 1919 4868 est

319 4903 506 4970 homo,
527 4917 639 4957 non
659 4918 728 4956 ex
782 4909 991 4970 natura,
1024 4918 1129 4972 qua
1158 4918 1190 4957 a
1219 4903 1335 4958 Deo
1392 4902 1445 4957 in
1469 4902 1720 4958 omnibus
1771 4902 1918 4957 bona

320 4997 499 5047 creata
526 4997 624 5059 est,
656 4989 751 5046 sed
780 5006 845 5046 ex
876 4990 1149 5046 voluntate
1178 4991 1323 5046 bona
1363 4991 1450 5048 vel
1479 4991 1642 5046 mala.
1694 4989 1918 5045 Fructus

320 5086 445 5135 sunt
470 5094 657 5151 opera,
680 5095 801 5150 quae
845 5094 945 5133 nec
963 5078 1109 5135 bona
1165 5080 1324 5136 malae
1353 5079 1644 5136 voluntatis
1695 5085 1919 5150 possunt

319 5183 455 5235 esse,
514 5183 614 5223 nec
643 5167 785 5222 mala
814 5166 974 5223 bonae
1003 5167 1318 5223 voluntatis.
1358 5168 1569 5223 Tandiu
1597 5184 1727 5241 ergo
1771 5168 1918 5224 bona

319 5256 499 5322 arbor,
527 5254 582 5310 id
610 5262 691 5311 est
715 5255 889 5310 bonus
926 5256 1110 5326 homo,
1144 5255 1346 5312 fructus
1400 5257 1575 5312 malos
1629 5272 1740 5312 non
1791 5256 1920 5312 facit

322 5343 561 5416 quandiu
607 5343 783 5399 bonus
836 5350 936 5413 est,
1000 5351 1055 5399 et
1109 5344 1294 5401 tandiu
1351 5345 1515 5401 arbor
1540 5346 1702 5415 mala,
1738 5344 1792 5399 id
1839 5352 1919 5399 est

322 5433 498 5488 malus
521 5433 704 5501 homo,
726 5439 910 5487 manet
938 5432 993 5487 in
1022 5432 1284 5489 fructibus
1330 5442 1694 5506 peccatorum,
1754 5448 1921 5505 quan-

323 5521 415 5576 diu
472 5520 541 5576 ad
588 5520 958 5591 paenitentiam
1016 5537 1125 5577 non
1180 5525 1528 5580 convertitur.
1586 5525 1709 5578 Non
1746 5528 1923 5594 potest

321 5625 437 5669 esse
466 5608 642 5667 calida
670 5610 782 5667 nix.
814 5609 956 5665 Nam
986 5626 1110 5668 cum
1139 5609 1331 5682 incipit
1385 5629 1502 5668 esse
1570 5611 1765 5677 calida,
1814 5626 1924 5667 non

322 5701 438 5774 jam
466 5699 648 5756 nivem
676 5696 772 5757 sed
792 5715 988 5771 aquam
1017 5715 1296 5757 vocamus.
1330 5701 1510 5758 Potest
1534 5716 1665 5774 ergo
1708 5699 1922 5771 mutari,

2018 4064 2120 4118 dus
2133 4070 2213 4118 est
2240 4078 2375 4118 voce
2432 4062 2522 4116 illa
2555 4080 2566 4117 :
2605 4084 2628 4110 κ
2662 4064 2761 4128 Ite,
2790 4061 3082 4128 maledicti,
3115 4062 3170 4115 in
3218 4061 3402 4133 ignem
3458 4068 3612 4117 aeter-

2019 4169 2146 4206 num
2175 4150 2396 4223 (Matth.
2429 4150 2566 4221 xxv)
2597 4168 2613 4219 ;
2646 4149 2775 4220 quid
2828 4150 2928 4205 erit
2952 4150 3018 4205 de
3074 4150 3166 4206 illo
3195 4149 3285 4221 qui
3325 4149 3438 4223 agit
3464 4149 3619 4222 quid-

2020 4241 2147 4311 quid
2172 4239 2300 4294 mali
2357 4246 2532 4311 potest
2557 4239 2585 4292 ‘I
2615 4237 2754 4307 Quia
2809 4238 2969 4294 arbor
2998 4238 3142 4294 mala
3190 4239 3391 4295 fructus
3441 4237 3613 4295 bonos

2020 4329 2197 4385 facere
2253 4344 2362 4382 non
2412 4333 2606 4397 potest,
2660 4327 2823 4400 igitur
2857 4350 2877 4377 α
2914 4343 2981 4383 ex
3035 4327 3293 4384 fructibus
3340 4343 3547 4396 eorum,
3585 4350 3607 4376 η

2021 4416 2075 4470 id
2106 4422 2185 4472 est
2209 4415 2462 4472 falsorum
2492 4417 2876 4488 prOphetarum
2914 4439 2935 4464 α
2971 4415 3306 4490 cognoscetis
3335 4432 3430 4473 eos
3461 4438 3483 4464 »
3521 4415 3616 4472 ial-

2020 4521 2127 4561 SOS.

2100 4625 2121 4652 α
2153 4602 2277 4658 Non
2306 4602 2481 4657 omnis
2511 4601 2602 4673 qui
2631 4601 2760 4658 dicit
2789 4601 2944 4669 mihi,
2978 4600 3227 4672 Domine,
3250 4602 3502 4673 Domine,
3534 4602 3615 4658 in-

2025 4692 2187 4748 trabit
2212 4708 2459 4764 regnum,
2508 4690 2604 4746 sed
2633 4691 2723 4761 qui
2753 4691 2883 4746 facit
2926 4691 3255 4749 voluntatem
3286 4692 3456 4747 Patris
3488 4692 3614 4757 mei,

2025 4781 2116 4851 qui
2142 4781 2199 4834 in
2224 4780 2372 4835 caelis
2401 4786 2497 4846 est,
2536 4779 2652 4850 ipse
2683 4779 2904 4835 intrabit
2940 4779 2997 4834 in
3026 4796 3252 4852 regnum
3275 4781 3552 4836 caelorum.
3589 4803 3611 4828 η

2026 4869 2174 4926 Sicut
2204 4875 2422 4940 propter
2450 4868 2653 4939 dogma
2676 4868 2898 4939 justitise
2927 4868 3152 4925 cavendi
3181 4875 3305 4922 sunt
3334 4868 3454 4923 falsi
3481 4883 3617 4938 pro-

1944 4949 2001 5012 D
2032 4960 2227 5029 phetae.
2260 4956 2517 5012 habentes
2545 4972 2697 5027 spem
2744 4955 2905 5012 bona
2949 4958 3094 5025 vitae,
3153 4956 3231 5010 sic
3258 4964 3313 5011 et
3338 4956 3395 5010 hi
3448 4971 3616 5012 econ-

2026 5054 2209 5120 trario,
2270 5052 2361 5123 qui
2416 5067 2540 5107 cum
2598 5052 2825 5124 integrae
2885 5052 3012 5108 ﬁdei
3068 5058 3120 5108 et
3181 5049 3439 5108 doctrinm
3492 5052 3616 5124 sint,

2026 5152 2206 5200 tamen
2236 5142 2460 5213 turpiter
2500 5140 2705 5197 vivunt.
2738 5142 3033 5212 Utrumque
3076 5141 3220 5196 enim
3246 5157 3463 5197 necesse
3518 5149 3618 5211 est,

2025 5241 2084 5289 ut
2108 5248 2245 5302 opus
2304 5245 2571 5297 sermone,
2604 5237 2657 5286 ct
2679 5246 2857 5286 sermo
2914 5230 3168 5302 operibus
3222 5230 3621 5301 comprobatur.

2032 5344 2054 5371 «ι
2079 5320 2221 5390 Quid
2238 5320 2441 5378 vocatis
2468 5335 2575 5389 me,
2610 5319 2862 5387 Domine,
2895 5320 3128 5376 Domine
3158 5334 3172 5389 ;
3209 5325 3263 5375 et
3287 5335 3398 5376 non
3450 5320 3626 5377 facitis

2028 5427 2149 5481 quae
2203 5409 2324 5465 dico
2376 5410 2407 5463 ?
2456 5434 2478 5460 η
2532 5409 2691 5478 (Luc.
2725 5411 2824 5478 γι.)
2857 5411 2934 5465 Ac
2961 5409 3038 5464 sic
3084 5408 3206 5465 aliis
3237 5408 3418 5465 verbis
3471 5410 3625 5466 dice-

2028 5507 2299 5578 retzQuid
2324 5507 2454 5563 folia
2498 5515 2658 5563 rectae
2694 5507 3293 5578 confessionisjactatis,
3335 5508 3425 5579 qui
3456 5506 3630 5565 bonos

2030 5610 2234 5665 fructus
2287 5623 2395 5663 non
2439 5606 2719 5664 ostenditis
2744 5608 2772 5662 ?
2801 5607 2941 5663 Hinc
2992 5608 3283 5679 Apostolus
3337 5614 3634 5663 secretums

2033 5697 2334 5772 perfectum
2365 5694 2686 5768 discipulum
2716 5696 2784 5752 ab
2812 5697 3111 5770 hypocrita,
3144 5696 3279 5753 dixit
3309 5712 3322 5749 :
3362 5717 3381 5744 τι
3406 5694 3631 5751 Veniam
