3986 6070
424 197 564 250 1075

1550 186 1883 243 WERNBRI
1920 188 2207 245 ABBATIS
2246 188 2303 245 S.
2335 188 2556 245 BLASII

3597 190 3623 242 1
3635 190 3738 243 076

429 319 498 375 ad
531 332 629 376 vos
657 324 709 373 et
729 331 1054 389 cognoscam
1084 331 1195 371 non
1221 329 1526 372 sermonem
1542 328 1729 369 eorum
1750 312 2022 383 quiinﬂati
2051 319 2110 382 Α
2138 314 2319 370 animo
2351 328 2474 369 suo.
2506 312 2615 369 Sed
2643 329 2710 369 ne
2742 314 2862 385 quis
2901 313 3191 370 contendat
3232 330 3343 370 non
3372 329 3541 370 omne
3597 329 3748 369 men-

428 416 567 474 sunt,
583 406 677 461 sed
700 407 946 461 virtutem
978 407 1029 477 (I
1057 404 1273 476 (ἔστην)
1318 428 1338 452 ››
1358 405 1453 459 Ille
1487 419 1617 475 ergo
1642 403 1856 473 pr0prie
1878 402 2025 472 dicit,

432 503 681 569 Domine,
714 503 965 566 Domine,
999 502 1089 571 qui
1134 502 1464 557 voluntatem
1506 515 1639 555 sono
1668 499 1815 556 vocis
1852 515 2027 554 enun-

432 594 546 647 tiat.
571 590 877 647 Secundum
907 591 1012 645 hoc
1032 590 1178 660 qnod
1200 590 1274 644 ait
1309 589 1621 660 Apostolus:
1652 610 1673 633 η
1699 589 1873 642 Nemo
1902 587 2033 642 dicit

434 680 698 736 Dominus
739 680 905 747 Jesus,
933 677 1033 731 nisi
1064 679 1118 732 in
1162 677 1363 749 Spiritu
1405 684 1588 732 sancto
1620 677 1671 743 (Ι
1696 675 1817 731 Cor.
1841 680 1967 747 XII).
2001 698 2023 724 ι)

436 771 575 824 Vere
604 768 746 823 enim
791 767 968 822 dicere
998 766 1266 820 Dominus
1292 766 1463 831 Jesus,
1497 772 1575 819 est
1603 764 1763 820 corde
1791 765 2029 833 credere,

438 873 531 914 ore
582 855 841 921 conﬁteri,
894 854 1149 926 operibus
1195 854 1450 909 attestari.
1505 854 1645 909 Nam
1698 869 1862 906 unum
1917 853 2031 908 sine

438 946 544 1002 alio
592 960 793 1016 negare
851 951 949 998 est.
1012 945 1144 998 ltem
1204 961 1215 997 :
1280 965 1302 991 «ε
1362 943 1484 997 Non
1548 940 1724 996 omnis
1776 941 1866 1011 qui
1906 941 2035 997 dicit

438 1043 571 1098 mihi
628 1042 880 1110 Domine,
930 1040 1240 1106 Domine,»
1306 1047 1406 1094 etc.
1470 1062 1493 1087 α
1544 1040 1667 1094 Non
1713 1039 1769 1093 in
1788 1055 2033 1095 sermone

441 1141 521 1187 est
548 1147 778 1204 regnum
836 1130 956 1197 Dei,
985 1128 1079 1183 sed
1134 1129 1189 1182 in
1220 1128 1411 1183 virtute
1454 1128 1504 1199 (Ι
1522 1128 1640 1184 Cor.
1672 1129 1770 1198 1v).
1807 1129 1927 1183 Non
1985 1136 2037 1183 te

437 1223 596 1292 juvat
614 1222 718 1275 hoc
746 1219 889 1289 quod
919 1218 1071 1285 dicis,
1100 1218 1349 1283 Domine,
1381 1216 1633 1284 Domine,
1658 1216 1756 1271 nisi
1780 1217 1833 1271 in
1847 1218 2036 1272 timore

443 1309 691 1365 servieris
719 1306 974 1373 Domino,
997 1305 1099 1359 nisi
1122 1306 1369 1360 alacriter
1407 1305 1662 1360 mandata
1709 1306 1823 1376 ejus
1848 1306 2039 1375 imple-

440 1399 603 1467 veris,
658 1396 760 1450 nisi
790 1410 1009 1449 omnem
1059 1393 1178 1463 ejus
1200 1393 1389 1448 feceris
1434 1394 1784 1463 voluntatem,
1816 1395 1916 1449 nisi
1967 1396 2037 1451 ab

441 1494 589 1550 omni
619 1500 671 1548 te
699 1490 1037 1546 immunditia
1078 1491 1419 1559 abstinueris,
1453 1507 1777 1561 omnemque
1834 1492 2037 1561 iniqui-

441 1591 607 1638 tatem
638 1580 974 1652 deposueris.
1030 1580 1208 1635 Gratis
1264 1581 1485 1645 clamas,
1541 1580 1805 1636 vociferas
1850 1581 2035 1654 gratis,

2136 404 2351 459 dacium
2377 402 2572 458 falsum
2608 403 2973 458 testimonium
3013 420 3128 459 esse
3155 402 3569 475 appellandum,
3614 401 3749 473 quid

2136 502 2372 557 dicturus
2422 508 2501 555 est
2530 500 2597 556 ad
2653 500 2709 555 id
2741 500 2887 571 quod
2942 502 3197 572 scriptum
3238 509 3363 556 est:
3404 523 3426 548 α
3459 500 3542 556 Os
3598 499 3751 570 quod

2138 592 2392 646 mentitur
2431 590 2625 645 occidit
2652 590 2891 645 animam
2920 592 2949 643 εἰ
2983 612 3006 638 ις
3040 592 3199 663 (Sap.
3242 592 3309 659 ι.)
3339 589 3502 659 Quod
3533 606 3603 644 ne
3623 590 3751 660 quis

2138 680 2426 735 arbitretur
2454 678 2691 750 exceptis
2726 678 2994 749 aliquibus
3048 679 3432 734 mentientibus
3449 695 3614 748 posse
3673 679 3751 732 in.

2140 775 2329 848 telligi,
2363 775 2469 829 alio
2499 775 2615 829 loco
2646 774 2793 847 legat
2825 793 2837 829 :
2874 797 2897 823 ε
2932 775 3131 830 Perdes
3160 791 3348 830 omnes
3376 776 3469 845 qui
3499 776 3748 845 loquun-

2142 871 2225 918 tur
2253 863 2594 918 mendacium
2624 864 2800 933 (Psal.
2834 862 2911 933 v).
2954 886 2976 912 υ
3016 864 3226 919 Etenim
3255 879 3347 919 ore
3377 880 3474 919 suo
3493 865 3748 934 ipseDo-

2140 952 2317 1007 minus
2348 952 2476 1007 dicit
2509 971 2520 1007 :
2561 976 2582 1001 α
2617 952 2716 1020 Sit,
2774 952 2965 1022 inquit,
2996 953 3053 1007 in
3098 968 3193 1009 ore
3220 962 3419 1019 vestro,
3468 953 3585 1020 Est,
3638 960 3743 1017 est,

2140 1041 2285 1109 Non,
2343 1057 2454 1097 non
2484 1060 2495 1096 :
2530 1041 2675 1112 quod
2731 1049 2911 1096 autem
2968 1042 3202 1113 amplius
3256 1050 3352 1107 est,
3395 1042 3609 1097 amalo
3664 1048 3747 1097 at

2141 1131 2371 1198 (Matth.
2408 1132 2485 1199 v).
2523 1152 2545 1178 ιι
2580 1131 2663 1185 Ex
2693 1130 2777 1184 his
2804 1137 2859 1185 et
2886 1131 3006 1186 aliis
3052 1130 3360 1201 hujusmodi
3404 1131 3749 1204 argumentis

2147 1219 2405 1291 probatur
2432 1219 2488 1274 in
2515 1219 2624 1273 ulla
2653 1235 2815 1274 causa
2841 1235 2949 1275 non
2977 1219 3139 1275 licere
3166 1219 3402 1275 mentiri.

2212 1334 2505 1390 Mentiendi
2534 1342 2712 1390 autem
2742 1342 2862 1390 octo
2888 1350 3091 1406 genera
3117 1343 3257 1390 sunt.
3290 1334 3533 1390 Primum
3564 1336 3751 1405 itaque

2144 1430 2226 1479 est
2250 1424 2480 1493 capitale
2507 1423 2850 1479 mendacium
2885 1442 2898 1479 :
2931 1424 3075 1494 quod
3102 1425 3265 1497 longe
3294 1432 3376 1479 est
3396 1424 3752 1496 fugiendum,

2146 1521 2271 1590 quia
2298 1520 2359 1576 ﬁt
2406 1522 2461 1575 in
2489 1520 2730 1576 doctrina
2789 1521 3069 1593 religionis
3097 1538 3162 1577 ac
3208 1522 3437 1593 pietatis,
3469 1522 3540 1577 ad
3601 1521 3758 1591 quod

2145 1610 2487 1665 mendacium
2518 1609 2665 1665 nulla
2693 1610 3000 1666 conditione
3053 1611 3278 1681 quisque
3305 1611 3470 1666 debet
3525 1611 3755 1678 adduci,

444 1671 648 1726 exaltas
675 1685 863 1726 vocem
882 1676 1046 1737 tuam,
1068 1668 1251 1724 dicens
1276 1688 1287 1723 :
1308 1668 1558 1735 Domine,
1582 1669 1830 1734 Domine,
1848 1678 2032 1726 testem
2063 1682 2117 1742 Β
2147 1700 2273 1769 quia
2303 1715 2563 1771 magnum
2596 1699 2771 1753 scelus
2797 1706 2895 1763 est,
2928 1706 2979 1754 et
3007 1668 3241 1771 primm},
3277 1716 3452 1772 genus
3496 1668 3758 1755 deus“;

444 1767 827 1824 inobedientiaa
856 1773 962 1821 tua:
994 1782 1175 1834 vocas,
1235 1782 1359 1821 eum
1389 1767 1681 1822 Dominum
1729 1767 2034 1837 nominans,

444 1872 556 1913 non
603 1856 798 1910 timens
852 1855 988 1909 sicut
1038 1854 1330 1909 Dominum
1361 1871 1535 1925 neque
1590 1856 1646 1909 in
1703 1862 1934 1911 tremore
1989 1858 2039 1913 ei

444 1945 704 2002 serviens.
734 1945 857 1999 Non
877 1943 1053 1999 omnis
1103 1943 1193 2014 qui
1222 1943 1338 1998 sine
1371 1943 1530 2009 facto,
1589 1944 1683 1999 sed
1712 1951 1916 1999 tantum
1947 1959 2039 1999 ore

443 2050 532 2090 me
560 2033 853 2090 Dominum
876 2033 1131 2104 appellat,
1162 2031 1403 2087 introibit
1422 2032 1478 2085 in
1505 2048 1733 2104 regnum
1755 2034 2037 2100 cmlorum,

441 2123 536 2179 sed
566 2122 693 2192 quia
747 2137 915 2193 opera
943 2121 1110 2193 digna
1165 2137 1290 2175 meo
1318 2121 1537 2175 nomine
1587 2121 1733 2189 facit,
1791 2129 1845 2175 et
1900 2136 2037 2177 con-

445 2211 805 2268 versationem
835 2210 1059 2282 dignam
1079 2224 1216 2266 mea:
1247 2208 1657 2265 sanctiﬁcationi
1686 2209 1962 2281 adimplet.

1011 2344 1089 2398 De
1144 2342 1460 2398 mendacio.

514 2466 853 2523 Mendacium
910 2473 990 2521 est
1047 2466 1182 2522 falsa
1207 2464 1529 2538 signiﬁcatio
1588 2482 1710 2522 cum
1765 2467 2036 2524 voluntate

444 2555 694 2613 fallendi.
728 2557 853 2611 Non
882 2564 962 2611 est
988 2564 1167 2612 autem
1218 2555 1354 2610 falsa
1399 2553 1741 2627 signiﬁcatio,
1800 2556 1891 2611 ubi
1939 2558 2037 2612 etsi

441 2654 587 2711 aliud
645 2671 714 2709 ex
769 2654 875 2710 alio
931 2652 1285 2726 signiﬁcatur,
1346 2668 1529 2709 verum
1560 2662 1642 2709 est
1670 2661 1850 2710 tamen
1893 2655 2037 2725 quod

441 2742 792 2816 signiﬁcatur,
835 2743 879 2797 si
905 2750 1047 2799 recte
1089 2742 1438 2814 intelligatur.
1470 2743 1889 2815 (Accusamus)
1944 2745 2040 2799 Est

442 2840 624 2888 autem
682 2832 955 2903 quoddam
985 2848 1158 2903 genus
1193 2830 1507 2897 mentiendi,
1566 2832 1621 2885 in
1651 2832 1796 2901 quod
1851 2848 2039 2888 omnes

440 2920 796 2989 consentiunt,
854 2920 922 2976 de
968 2936 1075 2991 quo
1124 2919 1504 2991 inquirendum
1553 2920 1652 2975 erit
1696 2928 1873 2975 utrum
1931 2921 2038 2976 ali-

442 3010 658 3081 quando
686 3010 757 3065 sit
783 3009 911 3064 utile
950 3008 1145 3064 falsum
1175 3008 1395 3079 aliquod
1439 3009 1735 3075 enuntiare,
1767 3025 1888 3064 cum
1944 3025 2037 3066 vo-
2069 3036 2118 3100 Ο

442 3108 647 3163 luntate
702 3105 942 3161 fallendi.
999 3107 1139 3162 Nam
1189 3106 1280 3176 qui
1337 3107 1440 3161 hoc
1493 3106 1743 3174 sentiunt,
1780 3107 2038 3163 adhibent

443 3196 811 3251 testimonium
868 3195 1147 3250 sententiae
1201 3210 1332 3261 sure,
1382 3203 1871 3250 commemorantes
1933 3195 2036 3251 Sa-

445 3313 583 3361 ram,
614 3311 737 3350 cum
769 3294 987 3361 risisset,
1020 3293 1228 3365 angelis
1256 3309 1480 3365 negasse
1511 3292 1637 3362 quia
1663 3292 1837 3348 riserit
1864 3293 2030 3360 (Gen.

447 3392 603 3461 xvm)
635 3392 838 3455 ;Jacob
868 3407 1083 3461 quoque
1113 3406 1144 3445 a
1171 3398 1323 3459 patre
1371 3390 1757 3461 interrogatum
1814 3407 2043 3462 respon-

450 3480 589 3534 disse
606 3480 746 3549 quod
760 3480 875 3549 ipse
887 3479 1177 3533 essetEsau
1188 3478 1295 3548 maj
1304 3494 1366 3533 or
1375 3477 1513 3533 ﬁlius
1527 3479 1643 3548 ejus
1655 3480 1812 3547 (Gen.
1832 3480 2003 3552 xxvii)
2028 3495 2042 3548 ;

450 3578 726 3650 Egyptias
747 3577 909 3632 etiam
961 3576 1294 3644 obstetrices,
1334 3593 1404 3632 ne
1431 3577 1662 3632 infantes
1700 3577 1913 3633 Hebraei
1945 3595 2045 3634 na-

451 3674 658 3722 scentes
704 3664 1144 3732 interﬁcerentur,
1203 3666 1364 3720 etiam
1434 3665 1547 3720 Deo
1602 3666 1940 3737 approbante
1998 3675 2053 3723 et

451 3763 849 3824 remunerante,
882 3754 1133 3809 mentitas
1162 3754 1362 3823 (Exod.
1395 3753 1459 3821 ι).
1494 3754 1560 3808 Et
1589 3755 1757 3809 multa
1786 3755 2051 3825 ejusmodi

455 3853 707 3926 exempla
736 3853 1019 3926 eligentes,
1052 3868 1239 3907 eorum
1273 3850 1553 3906 hominum
1584 3852 1866 3907 mendacia
1894 3869 2050 3909 com-

457 3960 763 4009 memorant
790 3968 923 4023 quos
973 3951 1189 4023 culpare
1217 3966 1326 4005 non
1355 3950 1605 4016 audeant,
1671 3958 1827 4021 atque
1858 3952 1930 4007 ita
1977 3951 2057 4007 fa-

463 4043 622 4098 tearis
675 4041 965 4112 aliquando
1020 4057 1135 4096 esse
1183 4055 1341 4112 posse
1368 4055 1476 4095 non
1532 4040 1704 4094 solum
1766 4041 2056 4111 reprehen-

458 4132 609 4187 sione
637 4148 744 4186 non
775 4131 1020 4203 dignum,
1078 4129 1173 4183 sed
1203 4130 1363 4184 etiam
1419 4128 1644 4201 dignum
1700 4128 1858 4183 laude
1898 4146 2054 4184 men-

462 4220 698 4275 dacium.
721 4221 939 4274 Addunt
966 4219 1149 4285 etiam,
1195 4216 1339 4288 quod
1366 4234 1474 4272 non
1520 4217 1664 4272 solos
1692 4226 1939 4289 premant
1968 4219 2056 4273 di-

466 4318 607 4373 vinis
633 4316 787 4371 libris
818 4317 1047 4385 deditos,
1080 4316 1173 4371 sed
1232 4315 1395 4370 etiam
1425 4332 1613 4371 omnes
1640 4316 1888 4371 homines
1941 4333 2060 4371 sen-

466 4421 695 4475 sumque
722 4421 1087 4473 communem,
1120 4404 1359 4459 dicentes
1396 4423 1407 4458 :
1449 4404 1505 4459 Si
1537 4404 1655 4473 quis
1686 4404 1752 4458 ad
1785 4412 1833 4459 te
1873 4404 2059 4460 confu-
2086 4398 2140 4458 D

467 4504 601 4577 giat,
638 4503 728 4573 qui
756 4503 1036 4558 mendacio
1068 4510 1157 4557 tuo
1187 4502 1356 4574 possit
1383 4517 1415 4557 a
1442 4510 1614 4557 morte
1662 4502 1900 4569 liberari,
1949 4519 2056 4558 non

469 4609 527 4647 es
556 4590 894 4647 mentiturus.
948 4591 1004 4645 Si
1042 4590 1244 4660 aliquid
1289 4597 1525 4662 aegrotus
1568 4590 1861 4663 interroget
1914 4591 2058 4661 quod

468 4691 518 4746 ei
573 4690 710 4746 scire
766 4704 875 4744 non
930 4687 1165 4760 expedit,
1226 4688 1316 4759 qui
1346 4688 1506 4743 etiam
1540 4688 1707 4759 possit
1762 4696 1811 4743 te
1840 4704 2058 4744 nonre—

466 4780 768 4851 spondente
794 4777 1015 4851 gravius
1040 4776 1223 4850 aﬁligi,
1274 4777 1567 4832 audebisne
1617 4785 1707 4832 aut
1734 4794 1920 4832 verum
1977 4777 2060 4832 di-

466 4894 588 4935 cere
644 4878 701 4932 in
750 4876 1044 4949 perniciem
1075 4875 1310 4931 hominis
1338 4882 1429 4931 aut
1456 4875 1632 4941 silere,
1662 4876 1843 4944 potius
1897 4891 2059 4945 quam

467 4978 693 5032 honesto
722 4984 775 5030 et
804 4973 1135 5030 misericordi
1165 4972 1448 5028 mendacio
1478 4971 1769 5029 valetudini
1799 4972 1915 5043 ejus
1935 4972 2060 5044 opi-

471 5075 625 5131 tulari
654 5075 682 5128 ?
712 5074 810 5129 His
839 5072 1018 5143 itaque
1057 5071 1255 5127 talibus
1280 5070 1651 5142 copiosissime
1702 5086 1759 5125 se
1789 5068 2060 5125 arbitran-

468 5170 555 5218 tur
580 5178 795 5233 urgere,
826 5170 886 5215 ut
936 5161 981 5215 si
1000 5159 1314 5216 consulendi
1371 5174 1531 5214 causa
1559 5157 1729 5230 exigit
1772 5157 2060 5227 aliquando

469 5250 809 5307 mentiamur.
847 5249 1046 5304 Contra
1090 5247 1167 5302 illi
1202 5246 1395 5317 quibus
1448 5246 1626 5316 placet
1654 5261 1927 5315 nunquam
1983 5245 2062 5300 sic

468 5337 835 5395 mentiendum
890 5337 1058 5392 multo
1121 5336 1310 5392 fortius
1355 5341 1540 5408 agunt,
1617 5342 1830 5389 utentes
1883 5334 2059 5403 primo

470 5425 783 5485 auctoritate
811 5424 1012 5491 divina,
1062 5424 1314 5493 quoniam
1372 5425 1428 5477 in
1455 5424 1573 5493 ipso
1596 5422 1871 5495 Decalogo
1923 5423 2060 5477 scri-

471 5526 622 5591 ptum
637 5520 743 5568 est:
765 5535 786 5561 (ι
804 5513 1017 5567 Falsum
1034 5511 1393 5566 testimonium
1409 5527 1476 5567 ne
1488 5511 1635 5566 dicas
1647 5512 1845 5575 (Exod.
1866 5511 1959 5581 xx)
1973 5553 1985 5567 .
2030 5534 2052 5560 ι

470 5606 590 5676 Quo
618 5617 818 5675 genere
846 5598 1256 5669 complectimur
1286 5615 1446 5655 omne
1486 5599 1852 5655 mendacium.
1891 5599 2058 5669 Quis-

469 5691 583 5751 euis
637 5690 780 5746 enim
840 5685 1041 5757 aliquid
1080 5685 1337 5753 enuntiat,
1397 5687 1759 5743 testimonium
1810 5688 2057 5760 perhibet

2143 1788 2269 1842 bilis
2297 1788 2584 1843 mendacii.
2645 1788 2948 1844 Secundum
2979 1796 3178 1854 autem,
3239 1788 3381 1859 quod
3413 1789 3517 1844 tale
3549 1798 3634 1844 est
3696 1798 3760 1843 ut

2145 1892 2198 1940 et
2227 1885 2356 1939 nulli
2387 1885 2556 1956 prosit
2584 1894 2636 1940 et
2665 1884 2808 1941 obsit
2833 1885 3012 1950 alicui,
3045 1891 3172 1956 quia
3198 1887 3328 1941 nulli
3358 1887 3617 1941 facienda
3670 1894 3759 1941 at

2145 1974 2363 2044 injuria,
2387 1982 2441 2029 et
2467 1974 2523 2027 in
2552 1975 2654 2029 hoc
2680 1990 2880 2046 genere
2909 1990 3017 2030 non
3030 1974 3189 2030 debet
3210 1976 3445 2030 mentiri.
3476 1976 3754 2041 Tertium,

2146 2062 2291 2133 quod
2318 2063 2391 2117 ita
2446 2062 2665 2133 prodest
2692 2064 2783 2117 uni
2823 2070 2880 2117 ut
2931 2064 3071 2119 obsit
3095 2064 3268 2129 alteri,
3328 2066 3583 2134 quamvis
3641 2080 3755 2120 non

2146 2160 2215 2215 ad
2246 2160 2642 2215 immunditiam
2671 2160 2813 2215 obsit
2840 2161 3197 2230 corporalem,
3229 2168 3283 2216 et
3311 2162 3365 2215 in
3408 2163 3515 2217 hoc
3540 2179 3755 2234 genere

2146 2249 2277 2304 nulli
2305 2266 2427 2304 cum
2458 2249 2674 2304 alterius
2727 2250 2925 2319 injuria
2978 2251 3366 2305 consulendum
3417 2259 3518 2305 est.
3584 2252 3759 2321 Quar-

2143 2344 2278 2404 tum,
2338 2337 2481 2407 quod
2508 2337 2566 2392 ﬁt
2618 2338 2733 2393 sola
2761 2339 3055 2393 mentiendi
3110 2339 3335 2395 libidine
3389 2339 3754 2411 fallendique,

2146 2426 2291 2496 quod
2317 2443 2524 2482 merum
2550 2427 2891 2482 mendacium
2921 2434 3018 2495 est,
3077 2428 3203 2497 quia
3232 2428 3399 2485 libido
3449 2430 3759 2484 mentiendi

2146 2532 2242 2587 per
2269 2532 2326 2569 se
2358 2516 2530 2587 ipsam
2562 2516 2754 2571 vitiosa
2783 2524 2880 2571 est.
2914 2515 3192 2586 Quintum,
3225 2517 3366 2587 quod
3398 2515 3457 2572 ﬁt
3494 2519 3761 2587 placendi

2143 2605 2434 2676 cupiditate
2464 2604 2531 2660 de
2577 2606 2915 2676 suaviloquio
2948 2624 2963 2661 :
2995 2606 3050 2660 in
3080 2606 3225 2676 quod
3253 2623 3456 2679 genere
3512 2624 3621 2663 nec
3679 2616 3763 2664 est

2145 2702 2516 2758 mentiendum
2547 2717 2562 2772 ;
2597 2705 2723 2773 quia
2749 2703 2794 2758 si
2821 2704 2939 2775 ipsa
2985 2705 3185 2760 veritas
3211 2703 3316 2760 ﬁne
3345 2705 3601 2776 placendi
3661 2708 3761 2763 ho-

2144 2790 2382 2846 minibus
2410 2792 2740 2847 enuntianda
2793 2808 2904 2848 non
2931 2800 3027 2861 est,
3060 2801 3261 2863 quanto
3307 2794 3487 2849 minus
3514 2796 3761 2851 menda-

2143 2879 2287 2935 cium
2344 2896 2441 2951 per
2496 2881 2757 2951 seipsum,
2818 2882 2943 2951 quia
2991 2882 3331 2939 mendacium
3400 2890 3502 2949 est,
3564 2884 3759 2955 utique

2144 2974 2295 3039 turpe
2319 2976 2415 3024 est.
2449 2968 2543 3022 His
2572 2968 2822 3024 omnibus
2878 2970 3089 3041 penitus
3142 2971 3352 3026 evitatis
3381 2980 3545 3040 atque
3600 2974 3759 3043 reje-

2147 3056 2270 3124 ctis,
2298 3065 2378 3111 est
2403 3065 2612 3112 sextum
2642 3075 2813 3130 genus
2840 3060 2868 3112 ‘?
2899 3057 3056 3127 Quod
3085 3066 3138 3114 et
3165 3060 3295 3114 nulli
3325 3059 3485 3115 obest
3538 3069 3595 3115 et
3624 3078 3758 3132 pro-

2147 3154 2264 3209 dest
2283 3155 2442 3210 alicui
2502 3155 2877 3228 interroganti.
2917 3156 3025 3212 Sed
3067 3164 3121 3212 et
3147 3156 3202 3212 in
3257 3159 3359 3212 hoc
3385 3174 3593 3230 genere
3646 3175 3755 3215 non

2150 3251 2229 3298 est
2260 3244 2649 3311 mentiendum,
2683 3245 2808 3315 quia
2862 3261 2963 3301 nec
2987 3253 3134 3303 recte
3158 3248 3526 3318 corrumpitur
3581 3249 3753 3303 etiam

2151 3332 2442 3387 testimonii
2501 3334 2714 3397 veritas,
2747 3350 2844 3405 pro
2879 3334 3197 3404 cujusquam
3254 3335 3540 3406 temporali
3600 3351 3760 3391 com-

2154 3420 2316 3476 modo
2348 3437 2411 3476 ac
2439 3421 2637 3477 salute.
2675 3423 2757 3477 Ad
2787 3423 3169 3494 sempiternam
3201 3440 3328 3479 vero
3357 3424 3590 3479 salutem
3638 3426 3759 3479 nul-

2156 3509 2238 3564 lus
2296 3510 2573 3565 ducendus
2628 3512 3019 3583 est0pitulante
3074 3512 3355 3568 mendacio
3387 3530 3401 3568 :
3433 3529 3548 3568 non
3605 3514 3756 3569 enim

2158 3598 2316 3653 malis
2344 3600 2771 3655 convertentium
2803 3599 3043 3656 moribus
3081 3600 3148 3655 ad
3178 3603 3352 3657 bonos
3381 3617 3564 3658 mores
3619 3618 3759 3658 con-

2158 3696 2450 3753 vertendus
2506 3704 2604 3751 est.
2655 3696 2923 3766 Quoniam
2956 3713 3085 3770 erga
3116 3697 3266 3752 illum
3318 3698 3461 3753 salus
3509 3697 3763 3753 facienda

2162 3791 2260 3852 est,
2289 3784 2451 3840 debet
2480 3786 2640 3840 etiam
2671 3786 2786 3856 ipse
2841 3802 3131 3841 conversus
3177 3787 3354 3843 facere
3383 3803 3517 3859 erga
3574 3787 3715 3842 alios
3744 3805 3759 3850 ;

2164 3881 2323 3943 atque
2355 3873 2428 3929 ita
2458 3890 2568 3930 non
2598 3876 2665 3930 ad
2710 3876 2902 3942 bonos,
2933 3875 3028 3930 sed
3084 3875 3150 3930 ad
3173 3876 3345 3931 malos
3397 3891 3579 3931 mores
3635 3892 3763 3931 con-

2164 3971 2402 4040 vertitur,
2433 3987 2554 4025 eum
2587 3972 2689 4026 hoc
2715 3970 2763 4026 ei
2793 3971 3062 4042 praebetur
3122 3971 3442 4026 imitandum
3501 3988 3763 4029 converso

2165 4060 2308 4129 quod
2338 4060 2387 4114 ei
2424 4060 2719 4129 praestitum
2777 4068 2855 4116 est
2883 4060 3264 4116 convertendo.
3324 4060 3629 4132 Septimum
3688 4071 3761 4117 est

2166 4148 2309 4218 quod
2341 4148 2387 4204 ei
2414 4150 2708 4219 praestitum
2767 4157 2848 4203 est
2883 4150 3267 4205 convertendo.
3324 4149 3630 4221 Septimum
3689 4158 3763 4205 est

2168 4236 2311 4306 quod
2340 4245 2393 4291 et
2437 4238 2568 4292 nulli
2624 4238 2779 4293 obest
2818 4245 2872 4292 et
2921 4238 3139 4310 prodest
3194 4237 3373 4305 alicui,
3433 4246 3665 4310 excepto
3719 4238 3762 4292 si

2164 4333 2334 4403 judex
2365 4334 2675 4407 interroget.
2709 4337 2821 4390 Nec
2852 4336 2906 4389 in
2963 4336 3065 4391 hoc
3093 4351 3307 4406 quoque
3357 4351 3561 4407 genere
3622 4352 3767 4390 men-

2175 4431 2409 4485 tiendum
2441 4433 2558 4486 erit.
2591 4433 2713 4488 Non
2746 4433 2888 4487 enim
2920 4434 3233 4504 cujusquam
3265 4431 3623 4488 commoditas
3678 4442 3768 4488 ant

2166 4520 2308 4575 salus
2366 4522 2677 4593 temporalis
2730 4521 3070 4593 perﬁciendae
3117 4520 3243 4576 ﬁdei
3273 4521 3613 4593 praeferenda
3640 4530 3763 4578 est:

2170 4626 2269 4664 nec
2322 4610 2365 4663 si
2420 4610 2701 4680 quisquam
2752 4610 2807 4664 in
2862 4618 3005 4665 recte
3060 4609 3215 4665 factis
3269 4610 3463 4665 nostris
3492 4616 3603 4665 tam
3623 4611 3768 4667 male

2171 4706 2435 4762 movetur,
2466 4707 2525 4752 ut
2548 4697 2642 4757 ﬁat
2697 4699 2857 4754 etiam
2888 4700 3069 4754 animo
3124 4699 3376 4759 deterior,
3432 4699 3705 4771 longeque
3734 4717 3765 4755 a

2171 4788 2367 4858 pietate
2423 4788 2704 4843 remotior.
2770 4788 3061 4858 Propterea
3093 4794 3236 4842 recte
3266 4786 3405 4842 facta
3466 4785 3765 4843 deferenda

2170 4884 2310 4943 sunt,
2372 4892 2491 4931 cum
2540 4876 2595 4931 id
2653 4875 2809 4930 nobis
2864 4876 3135 4948 prmeipue
3192 4874 3482 4932 tenendum
3510 4875 3600 4944 sit,
3657 4894 3762 4948 quo

2171 4991 2364 5030 vocare
2395 4983 2552 5045 atque
2583 4975 2809 5032 invitare
2860 4975 3121 5030 debemus
3165 4990 3299 5044 quos
3332 4975 3466 5030 sicut
3518 4982 3766 5029 nosmet-

2172 5064 2320 5134 ipsos
2355 5065 2677 5136 diligimus;
2712 5064 3109 5134 fortissimeque
3161 5064 3343 5119 animo
3393 5061 3638 5118 bibenda
3689 5071 3768 5118 est

2173 5150 2264 5206 illa
2292 5150 2586 5221 apostolica
2615 5149 2880 5205 sententia
2911 5166 2925 5205 :
2965 5171 2986 5197 «
3020 5148 3153 5203 Aliis
3169 5148 3385 5218 quidem
3415 5162 3604 5201 sumus
3639 5147 3770 5203 odor

2170 5240 2295 5295 vita:
2325 5239 2379 5293 in
2407 5239 2571 5296 vitam
2609 5258 2623 5306 ;
2656 5239 2774 5294 aliis
2804 5238 2940 5294 odor
2967 5237 3153 5292 mortis
3172 5237 3224 5291 in
3249 5244 3480 5291 mortem
3510 5236 3588 5305 (ιι
3635 5237 3760 5293 Cor.

2171 5332 2252 5402 ιι).
2292 5354 2313 5379 ιι
2347 5329 2418 5383 Ει
2445 5330 2513 5384 ad
2541 5329 2644 5383 hoc
2672 5328 2791 5398 quis
2819 5326 3090 5382 idoneus?
3118 5324 3380 5382 Octavum
3435 5341 3612 5398 genus
3666 5332 3765 5393 est,

2172 5419 2315 5490 quod
2350 5426 2402 5473 et
2430 5417 2559 5472 nulli
2617 5417 2788 5485 obest,
2823 5423 2873 5470 et
2904 5415 2970 5470 ad
3017 5417 3121 5470 hoc
3141 5414 3377 5486 prodest,
3432 5420 3491 5468 ut
3537 5413 3609 5469 ab
3660 5414 3765 5468 im-

2172 5508 2434 5564 munditia
2483 5505 2751 5576 corporali
2796 5505 3026 5575 aliquem
3077 5510 3339 5565 tueamur.
3392 5501 3652 5557 duntaxat
3703 5518 3765 5558 ea

2170 5598 2376 5654 ratione
2409 5613 2513 5667 qua
2534 5596 2776 5667 superius
2814 5592 3379 5649 commemoravimus.
3413 5592 3528 5646 Nec
3568 5592 3626 5646 in
3662 5593 3763 5647 hoc

2168 5703 2368 5761 genere
2407 5686 2509 5741 erit
2550 5684 2944 5753 mentiendum,
3000 5683 3124 5754 quia
3160 5689 3213 5738 et
3260 5682 3314 5736 in
3345 5680 3505 5735 bonis
3549 5680 3762 5737 castitas
