  <div class='ocr_page' id='page_1' title='image "/cluster/home/n/w/nwhite01/storage/ocr_20150623/157/hvd.32044054760152/544.png"; bbox 0 0 4042 6080; ppageno 0'>
   <div class='ocr_carea' id='block_1_1' title="bbox 321 287 463 342">
    <p class='ocr_par' dir='ltr' id='par_1_1' title="bbox 321 287 463 342">
     <span class='ocr_line' id='line_1_1' title="bbox 321 287 463 342; baseline 0 -1"><span class='ocrx_word' id='word_1_1' title='bbox 321 287 463 342; x_wconf 80' lang='grc'><strong>1077</strong></span> 
     </span>
    </p>
   </div>
   <div class='ocr_carea' id='block_1_2' title="bbox 1230 283 2700 346">
    <p class='ocr_par' dir='ltr' id='par_1_2' title="bbox 1230 283 2700 346">
     <span class='ocr_line' id='line_1_2' title="bbox 1230 283 2700 346; baseline 0.005 -9"><span class='ocrx_word' id='word_1_2' title='bbox 1230 283 1811 341; x_wconf 82' lang='lat' dir='ltr'><strong>DEFLORATIONES</strong></span> <span class='ocrx_word' id='word_1_3' title='bbox 1851 283 1955 338; x_wconf 93' lang='lat' dir='ltr'><strong>SS.</strong></span> <span class='ocrx_word' id='word_1_4' title='bbox 2004 286 2307 344; x_wconf 76' lang='lat' dir='ltr'><strong>PATRUM.</strong></span> <span class='ocrx_word' id='word_1_5' title='bbox 2345 318 2415 328; x_wconf 95' lang='lat'>—</span> <span class='ocrx_word' id='word_1_6' title='bbox 2452 290 2586 344; x_wconf 90' lang='lat' dir='ltr'><strong>LIB.</strong></span> <span class='ocrx_word' id='word_1_7' title='bbox 2623 291 2700 346; x_wconf 86' lang='lat' dir='ltr'><strong>II.</strong></span> 
     </span>
    </p>
   </div>
   <div class='ocr_carea' id='block_1_3' title="bbox 3479 293 3617 348">
    <p class='ocr_par' dir='ltr' id='par_1_3' title="bbox 3479 293 3617 348">
     <span class='ocr_line' id='line_1_3' title="bbox 3479 293 3617 348; baseline -0.007 -2"><span class='ocrx_word' id='word_1_8' title='bbox 3479 293 3617 348; x_wconf 82' lang='grc'><strong>1078</strong></span> 
     </span>
    </p>
   </div>
   <div class='ocr_carea' id='block_1_4' title="bbox 318 399 3622 486">
    <p class='ocr_par' dir='ltr' id='par_1_4' title="bbox 318 399 3622 486">
     <span class='ocr_line' id='line_1_4' title="bbox 318 399 3622 486; baseline 0.005 -30"><span class='ocrx_word' id='word_1_9' title='bbox 318 401 482 457; x_wconf 90' lang='lat' dir='ltr'><strong>animi</strong></span> <span class='ocrx_word' id='word_1_10' title='bbox 512 399 772 472; x_wconf 82' lang='lat' dir='ltr'><strong>pudicitia</strong></span> <span class='ocrx_word' id='word_1_11' title='bbox 801 399 1066 470; x_wconf 89' lang='lat' dir='ltr'><strong>corporis,</strong></span> <span class='ocrx_word' id='word_1_12' title='bbox 1109 408 1160 455; x_wconf 91' lang='lat' dir='ltr'><strong>et</strong></span> <span class='ocrx_word' id='word_1_13' title='bbox 1191 399 1244 453; x_wconf 90' lang='lat' dir='ltr'><strong>in</strong></span> <span class='ocrx_word' id='word_1_14' title='bbox 1281 401 1438 455; x_wconf 87' lang='lat' dir='ltr'><strong>malis</strong></span> <span class='ocrx_word' id='word_1_15' title='bbox 1482 401 1535 456; x_wconf 94' lang='lat' dir='ltr'><strong>id</strong></span> <span class='ocrx_word' id='word_1_16' title='bbox 1611 406 1753 476; x_wconf 89' lang='lat' dir='ltr'><strong>quod</strong></span> <span class='ocrx_word' id='word_1_17' title='bbox 1802 407 1911 479; x_wconf 89' lang='lat' dir='ltr'><strong>ipsi</strong></span> <span class='ocrx_word' id='word_1_18' title='bbox 1947 410 1988 474; x_wconf 83' lang='grc' dir='ltr'><strong>Α</strong></span> <span class='ocrx_word' id='word_1_19' title='bbox 2028 409 2218 465; x_wconf 87' lang='lat' dir='ltr'><strong>falsum</strong></span> <span class='ocrx_word' id='word_1_20' title='bbox 2251 420 2352 477; x_wconf 91' lang='lat' dir='ltr'><strong>est,</strong></span> <span class='ocrx_word' id='word_1_21' title='bbox 2387 411 2473 468; x_wconf 87' lang='lat' dir='ltr'><strong>vel</strong></span> <span class='ocrx_word' id='word_1_22' title='bbox 2521 423 2727 469; x_wconf 88' lang='lat' dir='ltr'><strong>certum</strong></span> <span class='ocrx_word' id='word_1_23' title='bbox 2783 415 2986 470; x_wconf 89' lang='lat' dir='ltr'><strong>habere</strong></span> <span class='ocrx_word' id='word_1_24' title='bbox 3018 431 3119 486; x_wconf 89' lang='lat' dir='ltr'><strong>pro</strong></span> <span class='ocrx_word' id='word_1_25' title='bbox 3179 415 3403 482; x_wconf 85' lang='lat' dir='ltr'><strong>incerto,</strong></span> <span class='ocrx_word' id='word_1_26' title='bbox 3437 415 3622 472; x_wconf 90' lang='lat' dir='ltr'><strong>incer-</strong></span> 
     </span>
    </p>
   </div>
   <div class='ocr_carea' id='block_1_5' title="bbox 320 487 1573 558">
    <p class='ocr_par' dir='ltr' id='par_1_5' title="bbox 320 487 1573 558">
     <span class='ocr_line' id='line_1_5' title="bbox 320 487 1573 558; baseline 0.001 -13"><span class='ocrx_word' id='word_1_27' title='bbox 320 491 551 546; x_wconf 85' lang='lat' dir='ltr'><strong>facimus</strong></span> <span class='ocrx_word' id='word_1_28' title='bbox 582 506 648 545; x_wconf 90' lang='lat' dir='ltr'><strong>eo</strong></span> <span class='ocrx_word' id='word_1_29' title='bbox 680 489 824 558; x_wconf 90' lang='lat' dir='ltr'><strong>quod</strong></span> <span class='ocrx_word' id='word_1_30' title='bbox 857 487 974 544; x_wconf 79' lang='lat' dir='ltr'><strong>fieri</strong></span> <span class='ocrx_word' id='word_1_31' title='bbox 1005 488 1236 543; x_wconf 85' lang='lat' dir='ltr'><strong>sinimus</strong></span> <span class='ocrx_word' id='word_1_32' title='bbox 1266 489 1440 555; x_wconf 85' lang='lat' dir='ltr'><strong>majus</strong></span> <span class='ocrx_word' id='word_1_33' title='bbox 1470 501 1573 546; x_wconf 92' lang='lat' dir='ltr'><strong>est.</strong></span> 
     </span>
    </p>
   </div>
   <div class='ocr_carea' id='block_1_6' title="bbox 401 579 1922 653">
    <p class='ocr_par' dir='ltr' id='par_1_6' title="bbox 401 579 1922 653">
     <span class='ocr_line' id='line_1_6' title="bbox 401 579 1922 653; baseline 0.005 -19"><span class='ocrx_word' id='word_1_34' title='bbox 401 583 462 634; x_wconf 90' lang='lat' dir='ltr'><strong>In</strong></span> <span class='ocrx_word' id='word_1_35' title='bbox 491 580 576 634; x_wconf 89' lang='lat' dir='ltr'><strong>his</strong></span> <span class='ocrx_word' id='word_1_36' title='bbox 604 594 739 651; x_wconf 87' lang='lat' dir='ltr'><strong>ergo</strong></span> <span class='ocrx_word' id='word_1_37' title='bbox 805 586 928 634; x_wconf 87' lang='lat' dir='ltr'><strong>octo</strong></span> <span class='ocrx_word' id='word_1_38' title='bbox 958 579 1256 650; x_wconf 83' lang='lat' dir='ltr'><strong>generibus</strong></span> <span class='ocrx_word' id='word_1_39' title='bbox 1302 587 1445 634; x_wconf 90' lang='lat' dir='ltr'><strong>tanto</strong></span> <span class='ocrx_word' id='word_1_40' title='bbox 1475 581 1708 653; x_wconf 91' lang='lat' dir='ltr'><strong>quisque</strong></span> <span class='ocrx_word' id='word_1_41' title='bbox 1740 581 1922 640; x_wconf 86' lang='lat' dir='ltr'><strong>minus</strong></span> 
     </span>
    </p>
   </div>
   <div class='ocr_carea' id='block_1_7' title="bbox 327 676 1917 748">
    <p class='ocr_par' dir='ltr' id='par_1_7' title="bbox 327 676 1917 748">
     <span class='ocr_line' id='line_1_7' title="bbox 327 676 1917 748; baseline 0.002 -16"><span class='ocrx_word' id='word_1_42' title='bbox 327 685 536 748; x_wconf 79' lang='lat' dir='ltr'><strong>peccat,</strong></span> <span class='ocrx_word' id='word_1_43' title='bbox 567 693 690 731; x_wconf 89' lang='lat' dir='ltr'><strong>cum</strong></span> <span class='ocrx_word' id='word_1_44' title='bbox 733 676 1010 741; x_wconf 77' lang='lat' dir='ltr'><strong>mentitur,</strong></span> <span class='ocrx_word' id='word_1_45' title='bbox 1056 684 1258 747; x_wconf 89' lang='lat' dir='ltr'><strong>quanto</strong></span> <span class='ocrx_word' id='word_1_46' title='bbox 1289 678 1521 747; x_wconf 85' lang='lat' dir='ltr'><strong>emergit</strong></span> <span class='ocrx_word' id='word_1_47' title='bbox 1546 679 1613 732; x_wconf 91' lang='lat' dir='ltr'><strong>ad</strong></span> <span class='ocrx_word' id='word_1_48' title='bbox 1643 689 1917 747; x_wconf 89' lang='lat' dir='ltr'><strong>octavum,</strong></span> 
     </span>
    </p>
   </div>
   <div class='ocr_carea' id='block_1_8' title="bbox 326 765 1920 838">
    <p class='ocr_par' dir='ltr' id='par_1_8' title="bbox 326 765 1920 838">
     <span class='ocr_line' id='line_1_8' title="bbox 326 765 1920 838; baseline 0.002 -18"><span class='ocrx_word' id='word_1_49' title='bbox 326 774 584 838; x_wconf 86' lang='lat' dir='ltr'><strong>tantoque</strong></span> <span class='ocrx_word' id='word_1_50' title='bbox 613 765 848 835; x_wconf 86' lang='lat' dir='ltr'><strong>amplius</strong></span> <span class='ocrx_word' id='word_1_51' title='bbox 877 773 1078 834; x_wconf 85' lang='lat' dir='ltr'><strong>quanto</strong></span> <span class='ocrx_word' id='word_1_52' title='bbox 1111 765 1341 837; x_wconf 77' lang='lat' dir='ltr'><strong>emergit</strong></span> <span class='ocrx_word' id='word_1_53' title='bbox 1371 766 1438 820; x_wconf 88' lang='lat' dir='ltr'><strong>ad</strong></span> <span class='ocrx_word' id='word_1_54' title='bbox 1470 768 1726 836; x_wconf 87' lang='lat' dir='ltr'><strong>primum.</strong></span> <span class='ocrx_word' id='word_1_55' title='bbox 1765 769 1920 838; x_wconf 84' lang='lat' dir='ltr'><strong>Quis-</strong></span> 
     </span>
    </p>
   </div>
   <div class='ocr_carea' id='block_1_9' title="bbox 327 853 1918 928">
    <p class='ocr_par' dir='ltr' id='par_1_9' title="bbox 327 853 1918 928">
     <span class='ocr_line' id='line_1_9' title="bbox 327 853 1918 928; baseline 0.002 -19"><span class='ocrx_word' id='word_1_56' title='bbox 327 855 449 927; x_wconf 84' lang='lat' dir='ltr'><strong>quis</strong></span> <span class='ocrx_word' id='word_1_57' title='bbox 479 861 668 909; x_wconf 90' lang='lat' dir='ltr'><strong>autem</strong></span> <span class='ocrx_word' id='word_1_58' title='bbox 695 870 819 909; x_wconf 91' lang='lat' dir='ltr'><strong>esse</strong></span> <span class='ocrx_word' id='word_1_59' title='bbox 845 853 1064 922; x_wconf 83' lang='lat' dir='ltr'><strong>aliquod</strong></span> <span class='ocrx_word' id='word_1_60' title='bbox 1111 869 1284 924; x_wconf 89' lang='lat' dir='ltr'><strong>genus</strong></span> <span class='ocrx_word' id='word_1_61' title='bbox 1306 855 1577 911; x_wconf 90' lang='lat' dir='ltr'><strong>mendacii</strong></span> <span class='ocrx_word' id='word_1_62' title='bbox 1611 859 1754 928; x_wconf 90' lang='lat' dir='ltr'><strong>quod</strong></span> <span class='ocrx_word' id='word_1_63' title='bbox 1786 875 1918 928; x_wconf 80' lang='lat' dir='ltr'><strong>pec-</strong></span> 
     </span>
    </p>
   </div>
   <div class='ocr_carea' id='block_1_10' title="bbox 326 951 1914 1025">
    <p class='ocr_par' dir='ltr' id='par_1_10' title="bbox 326 951 1914 1025">
     <span class='ocr_line' id='line_1_10' title="bbox 326 951 1914 1025; baseline -0.001 -15"><span class='ocrx_word' id='word_1_64' title='bbox 326 963 505 1010; x_wconf 89' lang='lat' dir='ltr'><strong>catum</strong></span> <span class='ocrx_word' id='word_1_65' title='bbox 537 967 645 1006; x_wconf 90' lang='lat' dir='ltr'><strong>non</strong></span> <span class='ocrx_word' id='word_1_66' title='bbox 674 952 741 1006; x_wconf 90' lang='lat' dir='ltr'><strong>sit</strong></span> <span class='ocrx_word' id='word_1_67' title='bbox 779 951 1066 1021; x_wconf 86' lang='lat' dir='ltr'><strong>putaverit,</strong></span> <span class='ocrx_word' id='word_1_68' title='bbox 1109 951 1344 1022; x_wconf 85' lang='lat' dir='ltr'><strong>decipiet</strong></span> <span class='ocrx_word' id='word_1_69' title='bbox 1393 954 1636 1023; x_wconf 88' lang='lat' dir='ltr'><strong>seipsum</strong></span> <span class='ocrx_word' id='word_1_70' title='bbox 1668 956 1914 1025; x_wconf 80' lang='lat' dir='ltr'><strong>turpiter,</strong></span> 
     </span>
    </p>
   </div>
   <div class='ocr_carea' id='block_1_11' title="bbox 324 1039 1914 1110">
    <p class='ocr_par' dir='ltr' id='par_1_11' title="bbox 324 1039 1914 1110">
     <span class='ocr_line' id='line_1_11' title="bbox 324 1039 1914 1110; baseline 0.001 -13"><span class='ocrx_word' id='word_1_71' title='bbox 324 1058 447 1098; x_wconf 90' lang='lat' dir='ltr'><strong>cum</strong></span> <span class='ocrx_word' id='word_1_72' title='bbox 497 1042 781 1096; x_wconf 86' lang='lat' dir='ltr'><strong>honestum</strong></span> <span class='ocrx_word' id='word_1_73' title='bbox 821 1056 881 1094; x_wconf 92' lang='lat' dir='ltr'><strong>se</strong></span> <span class='ocrx_word' id='word_1_74' title='bbox 919 1039 1274 1110; x_wconf 86' lang='lat' dir='ltr'><strong>deceptorem</strong></span> <span class='ocrx_word' id='word_1_75' title='bbox 1315 1041 1610 1097; x_wconf 89' lang='lat' dir='ltr'><strong>arbitratur</strong></span> <span class='ocrx_word' id='word_1_76' title='bbox 1664 1043 1914 1100; x_wconf 90' lang='lat' dir='ltr'><strong>aliorum.</strong></span> 
     </span>
    </p>
   </div>
   <div class='ocr_carea' id='block_1_12' title="bbox 323 1127 1922 1198">
    <p class='ocr_par' dir='ltr' id='par_1_12' title="bbox 323 1127 1922 1198">
     <span class='ocr_line' id='line_1_12' title="bbox 323 1127 1922 1198; baseline 0.001 -12"><span class='ocrx_word' id='word_1_77' title='bbox 323 1130 620 1186; x_wconf 79' lang='lat' dir='ltr'><strong>Mendaces</strong></span> <span class='ocrx_word' id='word_1_78' title='bbox 683 1129 863 1198; x_wconf 83' lang='lat' dir='ltr'><strong>itaque</strong></span> <span class='ocrx_word' id='word_1_79' title='bbox 928 1127 1134 1184; x_wconf 91' lang='lat' dir='ltr'><strong>faciunt</strong></span> <span class='ocrx_word' id='word_1_80' title='bbox 1173 1137 1230 1184; x_wconf 91' lang='lat' dir='ltr'><strong>ut</strong></span> <span class='ocrx_word' id='word_1_81' title='bbox 1289 1145 1392 1186; x_wconf 91' lang='lat' dir='ltr'><strong>nec</strong></span> <span class='ocrx_word' id='word_1_82' title='bbox 1430 1147 1563 1187; x_wconf 89' lang='lat' dir='ltr'><strong>vera</strong></span> <span class='ocrx_word' id='word_1_83' title='bbox 1615 1131 1922 1188; x_wconf 89' lang='lat' dir='ltr'><strong>dicentibus</strong></span> 
     </span>
    </p>
   </div>
   <div class='ocr_carea' id='block_1_13' title="bbox 325 1226 1921 1297">
    <p class='ocr_par' dir='ltr' id='par_1_13' title="bbox 325 1226 1921 1297">
     <span class='ocr_line' id='line_1_13' title="bbox 325 1226 1921 1297; baseline 0.001 -12"><span class='ocrx_word' id='word_1_84' title='bbox 325 1229 616 1290; x_wconf 89' lang='lat' dir='ltr'><strong>credatur;</strong></span> <span class='ocrx_word' id='word_1_85' title='bbox 652 1227 830 1282; x_wconf 83' lang='lat' dir='ltr'><strong>reddit</strong></span> <span class='ocrx_word' id='word_1_86' title='bbox 868 1226 1011 1281; x_wconf 91' lang='lat' dir='ltr'><strong>enim</strong></span> <span class='ocrx_word' id='word_1_87' title='bbox 1043 1243 1190 1297; x_wconf 72' lang='lat' dir='ltr'><strong>saepe</strong></span> <span class='ocrx_word' id='word_1_88' title='bbox 1229 1227 1517 1284; x_wconf 87' lang='lat' dir='ltr'><strong>hominem</strong></span> <span class='ocrx_word' id='word_1_89' title='bbox 1547 1230 1716 1285; x_wconf 89' lang='lat' dir='ltr'><strong>multa</strong></span> <span class='ocrx_word' id='word_1_90' title='bbox 1769 1230 1921 1286; x_wconf 85' lang='lat' dir='ltr'><strong>falsi-</strong></span> 
     </span>
    </p>
   </div>
   <div class='ocr_carea' id='block_1_14' title="bbox 324 1315 1923 1391">
    <p class='ocr_par' dir='ltr' id='par_1_14' title="bbox 324 1315 1923 1391">
     <span class='ocr_line' id='line_1_14' title="bbox 324 1315 1923 1391; baseline 0.001 -18"><span class='ocrx_word' id='word_1_91' title='bbox 324 1325 412 1373; x_wconf 90' lang='lat' dir='ltr'><strong>tas</strong></span> <span class='ocrx_word' id='word_1_92' title='bbox 441 1317 604 1372; x_wconf 88' lang='lat' dir='ltr'><strong>etiam</strong></span> <span class='ocrx_word' id='word_1_93' title='bbox 633 1316 689 1371; x_wconf 89' lang='lat' dir='ltr'><strong>in</strong></span> <span class='ocrx_word' id='word_1_94' title='bbox 727 1315 950 1371; x_wconf 85' lang='lat' dir='ltr'><strong>veritate</strong></span> <span class='ocrx_word' id='word_1_95' title='bbox 979 1323 1316 1386; x_wconf 90' lang='lat' dir='ltr'><strong>suspectum.</strong></span> <span class='ocrx_word' id='word_1_96' title='bbox 1349 1317 1506 1388; x_wconf 69' lang='lat' dir='ltr'><strong>Saepe</strong></span> <span class='ocrx_word' id='word_1_97' title='bbox 1535 1335 1664 1374; x_wconf 86' lang='lat' dir='ltr'><strong>vera</strong></span> <span class='ocrx_word' id='word_1_98' title='bbox 1694 1319 1923 1391; x_wconf 90' lang='lat' dir='ltr'><strong>promit-</strong></span> 
     </span>
    </p>
   </div>
   <div class='ocr_carea' id='block_1_15' title="bbox 325 1405 1923 1478">
    <p class='ocr_par' dir='ltr' id='par_1_15' title="bbox 325 1405 1923 1478">
     <span class='ocr_line' id='line_1_15' title="bbox 325 1405 1923 1478; baseline 0.001 -16"><span class='ocrx_word' id='word_1_99' title='bbox 325 1407 389 1462; x_wconf 87' lang='lat' dir='ltr'><strong>tit</strong></span> <span class='ocrx_word' id='word_1_100' title='bbox 417 1406 510 1478; x_wconf 87' lang='lat' dir='ltr'><strong>qui</strong></span> <span class='ocrx_word' id='word_1_101' title='bbox 538 1405 680 1460; x_wconf 89' lang='lat' dir='ltr'><strong>falsa</strong></span> <span class='ocrx_word' id='word_1_102' title='bbox 708 1405 954 1461; x_wconf 87' lang='lat' dir='ltr'><strong>dicturus</strong></span> <span class='ocrx_word' id='word_1_103' title='bbox 975 1413 1074 1469; x_wconf 90' lang='lat' dir='ltr'><strong>est,</strong></span> <span class='ocrx_word' id='word_1_104' title='bbox 1100 1413 1177 1472; x_wconf 89' lang='lat' dir='ltr'><strong>ut,</strong></span> <span class='ocrx_word' id='word_1_105' title='bbox 1196 1422 1320 1462; x_wconf 89' lang='lat' dir='ltr'><strong>cum</strong></span> <span class='ocrx_word' id='word_1_106' title='bbox 1349 1407 1584 1477; x_wconf 90' lang='lat' dir='ltr'><strong>primum</strong></span> <span class='ocrx_word' id='word_1_107' title='bbox 1608 1408 1923 1478; x_wconf 90' lang='lat' dir='ltr'><strong>acquisierit</strong></span> 
     </span>
    </p>
   </div>
   <div class='ocr_carea' id='block_1_16' title="bbox 327 1503 1921 1575">
    <p class='ocr_par' dir='ltr' id='par_1_16' title="bbox 327 1503 1921 1575">
     <span class='ocr_line' id='line_1_16' title="bbox 327 1503 1921 1575; baseline 0.001 -15"><span class='ocrx_word' id='word_1_108' title='bbox 327 1503 512 1570; x_wconf 79' lang='lat' dir='ltr'><strong>fidem,</strong></span> <span class='ocrx_word' id='word_1_109' title='bbox 545 1505 614 1560; x_wconf 88' lang='lat' dir='ltr'><strong>ad</strong></span> <span class='ocrx_word' id='word_1_110' title='bbox 653 1503 864 1575; x_wconf 90' lang='lat' dir='ltr'><strong>reliqua</strong></span> <span class='ocrx_word' id='word_1_111' title='bbox 902 1503 1189 1559; x_wconf 89' lang='lat' dir='ltr'><strong>mendacia</strong></span> <span class='ocrx_word' id='word_1_112' title='bbox 1235 1505 1520 1562; x_wconf 84' lang='lat' dir='ltr'><strong>audientes</strong></span> <span class='ocrx_word' id='word_1_113' title='bbox 1549 1507 1804 1563; x_wconf 88' lang='lat' dir='ltr'><strong>credulos</strong></span> <span class='ocrx_word' id='word_1_114' title='bbox 1837 1507 1921 1561; x_wconf 88' lang='lat' dir='ltr'><strong>fa-</strong></span> 
     </span>
    </p>
   </div>
   <div class='ocr_carea' id='block_1_17' title="bbox 327 1593 1924 1666">
    <p class='ocr_par' dir='ltr' id='par_1_17' title="bbox 327 1593 1924 1666">
     <span class='ocr_line' id='line_1_17' title="bbox 327 1593 1924 1666; baseline 0.001 -17"><span class='ocrx_word' id='word_1_115' title='bbox 327 1593 462 1650; x_wconf 90' lang='lat' dir='ltr'><strong>ciat.</strong></span> <span class='ocrx_word' id='word_1_116' title='bbox 518 1593 698 1648; x_wconf 79' lang='lat' dir='ltr'><strong>Multis</strong></span> <span class='ocrx_word' id='word_1_117' title='bbox 736 1593 990 1648; x_wconf 86' lang='lat' dir='ltr'><strong>videntur</strong></span> <span class='ocrx_word' id='word_1_118' title='bbox 1028 1608 1156 1648; x_wconf 87' lang='lat' dir='ltr'><strong>vera</strong></span> <span class='ocrx_word' id='word_1_119' title='bbox 1202 1609 1326 1648; x_wconf 89' lang='lat' dir='ltr'><strong>esse</strong></span> <span class='ocrx_word' id='word_1_120' title='bbox 1364 1611 1487 1666; x_wconf 66' lang='lat' dir='ltr'><strong>quae</strong></span> <span class='ocrx_word' id='word_1_121' title='bbox 1523 1594 1660 1649; x_wconf 83' lang='lat' dir='ltr'><strong>falsa</strong></span> <span class='ocrx_word' id='word_1_122' title='bbox 1699 1604 1845 1661; x_wconf 92' lang='lat' dir='ltr'><strong>sunt,</strong></span> <span class='ocrx_word' id='word_1_123' title='bbox 1869 1603 1924 1650; x_wconf 90' lang='lat' dir='ltr'><strong>et</strong></span> 
     </span>
    </p>
   </div>
   <div class='ocr_carea' id='block_1_18' title="bbox 327 1681 1924 1756">
    <p class='ocr_par' dir='ltr' id='par_1_18' title="bbox 327 1681 1924 1756">
     <span class='ocr_line' id='line_1_18' title="bbox 327 1681 1924 1756; baseline 0 -18"><span class='ocrx_word' id='word_1_124' title='bbox 327 1683 452 1739; x_wconf 91' lang='lat' dir='ltr'><strong>ideo</strong></span> <span class='ocrx_word' id='word_1_125' title='bbox 508 1697 616 1738; x_wconf 92' lang='lat' dir='ltr'><strong>non</strong></span> <span class='ocrx_word' id='word_1_126' title='bbox 671 1698 736 1736; x_wconf 84' lang='lat' dir='ltr'><strong>ex</strong></span> <span class='ocrx_word' id='word_1_127' title='bbox 775 1682 912 1745; x_wconf 92' lang='lat' dir='ltr'><strong>Deo,</strong></span> <span class='ocrx_word' id='word_1_128' title='bbox 953 1681 1054 1736; x_wconf 89' lang='lat' dir='ltr'><strong>sed</strong></span> <span class='ocrx_word' id='word_1_129' title='bbox 1111 1698 1179 1736; x_wconf 83' lang='lat' dir='ltr'><strong>ex</strong></span> <span class='ocrx_word' id='word_1_130' title='bbox 1217 1698 1317 1737; x_wconf 92' lang='lat' dir='ltr'><strong>suo</strong></span> <span class='ocrx_word' id='word_1_131' title='bbox 1355 1683 1642 1738; x_wconf 88' lang='lat' dir='ltr'><strong>mendacio</strong></span> <span class='ocrx_word' id='word_1_132' title='bbox 1680 1683 1924 1756; x_wconf 91' lang='lat' dir='ltr'><strong>loquun-</strong></span> 
     </span>
    </p>
   </div>
   <div class='ocr_carea' id='block_1_19' title="bbox 329 1769 1998 1852">
    <p class='ocr_par' dir='ltr' id='par_1_19' title="bbox 329 1769 1998 1852">
     <span class='ocr_line' id='line_1_19' title="bbox 329 1769 1998 1852; baseline -0.002 -18"><span class='ocrx_word' id='word_1_133' title='bbox 329 1789 437 1836; x_wconf 89' lang='lat' dir='ltr'><strong>tur.</strong></span> <span class='ocrx_word' id='word_1_134' title='bbox 480 1781 882 1850; x_wconf 87' lang='lat' dir='ltr'><strong>Nonnunquam</strong></span> <span class='ocrx_word' id='word_1_135' title='bbox 915 1778 1128 1833; x_wconf 78' lang='lat' dir='ltr'><strong>falsitas</strong></span> <span class='ocrx_word' id='word_1_136' title='bbox 1155 1779 1454 1850; x_wconf 87' lang='lat' dir='ltr'><strong>veriloquio</strong></span> <span class='ocrx_word' id='word_1_137' title='bbox 1493 1781 1830 1852; x_wconf 87' lang='lat' dir='ltr'><strong>adjungitur,</strong></span> <span class='ocrx_word' id='word_1_138' title='bbox 1865 1789 1919 1837; x_wconf 91' lang='lat' dir='ltr'><strong>et</strong></span> <span class='ocrx_word' id='word_1_139' title='bbox 1946 1769 1998 1830; x_wconf 87' lang='grc' dir='ltr'>Β</span> 
     </span>
    </p>
   </div>
   <div class='ocr_carea' id='block_1_20' title="bbox 328 1867 1917 1942">
    <p class='ocr_par' dir='ltr' id='par_1_20' title="bbox 328 1867 1917 1942">
     <span class='ocr_line' id='line_1_20' title="bbox 328 1867 1917 1942; baseline -0.001 -18"><span class='ocrx_word' id='word_1_140' title='bbox 328 1871 651 1941; x_wconf 90' lang='lat' dir='ltr'><strong>plerumque</strong></span> <span class='ocrx_word' id='word_1_141' title='bbox 690 1883 723 1922; x_wconf 90' lang='lat' dir='ltr'><strong>a</strong></span> <span class='ocrx_word' id='word_1_142' title='bbox 761 1867 986 1923; x_wconf 82' lang='lat' dir='ltr'><strong>veritate</strong></span> <span class='ocrx_word' id='word_1_143' title='bbox 1026 1867 1216 1938; x_wconf 89' lang='lat' dir='ltr'><strong>incipit</strong></span> <span class='ocrx_word' id='word_1_144' title='bbox 1273 1869 1366 1940; x_wconf 90' lang='lat' dir='ltr'><strong>qui</strong></span> <span class='ocrx_word' id='word_1_145' title='bbox 1405 1868 1545 1923; x_wconf 82' lang='lat' dir='ltr'><strong>falsa</strong></span> <span class='ocrx_word' id='word_1_146' title='bbox 1601 1869 1869 1942; x_wconf 80' lang='lat' dir='ltr'><strong>confingit</strong></span> <span class='ocrx_word' id='word_1_147' title='bbox 1903 1889 1917 1934; x_wconf 90' lang='lat'><strong>;</strong></span> 
     </span>
    </p>
   </div>
   <div class='ocr_carea' id='block_1_21' title="bbox 327 1957 1922 2028">
    <p class='ocr_par' dir='ltr' id='par_1_21' title="bbox 327 1957 1922 2028">
     <span class='ocr_line' id='line_1_21' title="bbox 327 1957 1922 2028; baseline -0.001 -15"><span class='ocrx_word' id='word_1_148' title='bbox 327 1959 495 2014; x_wconf 86' lang='lat' dir='ltr'><strong>latent</strong></span> <span class='ocrx_word' id='word_1_149' title='bbox 518 1974 664 2028; x_wconf 63' lang='lat' dir='ltr'><strong>sepe</strong></span> <span class='ocrx_word' id='word_1_150' title='bbox 687 1973 821 2012; x_wconf 85' lang='lat' dir='ltr'><strong>vera</strong></span> <span class='ocrx_word' id='word_1_151' title='bbox 843 1957 1213 2012; x_wconf 87' lang='lat' dir='ltr'><strong>circumlinita</strong></span> <span class='ocrx_word' id='word_1_152' title='bbox 1236 1957 1396 2012; x_wconf 86' lang='lat' dir='ltr'><strong>melle</strong></span> <span class='ocrx_word' id='word_1_153' title='bbox 1420 1958 1731 2027; x_wconf 80' lang='lat' dir='ltr'><strong>verborum,</strong></span> <span class='ocrx_word' id='word_1_154' title='bbox 1760 1969 1810 2014; x_wconf 93' lang='lat' dir='ltr'><strong>et</strong></span> <span class='ocrx_word' id='word_1_155' title='bbox 1833 1967 1922 2012; x_wconf 90' lang='lat' dir='ltr'><strong>tan</strong></span> 
     </span>
    </p>
   </div>
   <div class='ocr_carea' id='block_1_22' title="bbox 327 2055 1922 2127">
    <p class='ocr_par' dir='ltr' id='par_1_22' title="bbox 327 2055 1922 2127">
     <span class='ocr_line' id='line_1_22' title="bbox 327 2055 1922 2127; baseline 0.001 -17"><span class='ocrx_word' id='word_1_156' title='bbox 327 2057 419 2110; x_wconf 88' lang='lat' dir='ltr'><strong>diu</strong></span> <span class='ocrx_word' id='word_1_157' title='bbox 449 2055 715 2120; x_wconf 87' lang='lat' dir='ltr'><strong>deceptor</strong></span> <span class='ocrx_word' id='word_1_158' title='bbox 775 2055 1060 2110; x_wconf 86' lang='lat' dir='ltr'><strong>veritatem</strong></span> <span class='ocrx_word' id='word_1_159' title='bbox 1091 2055 1328 2120; x_wconf 89' lang='lat' dir='ltr'><strong>simulat,</strong></span> <span class='ocrx_word' id='word_1_160' title='bbox 1370 2071 1655 2127; x_wconf 87' lang='lat' dir='ltr'><strong>quousque</strong></span> <span class='ocrx_word' id='word_1_161' title='bbox 1685 2055 1922 2111; x_wconf 88' lang='lat' dir='ltr'><strong>fallendo</strong></span> 
     </span>
    </p>
   </div>
   <div class='ocr_carea' id='block_1_23' title="bbox 326 2145 1923 2215">
    <p class='ocr_par' dir='ltr' id='par_1_23' title="bbox 326 2145 1923 2215">
     <span class='ocr_line' id='line_1_23' title="bbox 326 2145 1923 2215; baseline 0 -15"><span class='ocrx_word' id='word_1_162' title='bbox 326 2145 586 2215; x_wconf 87' lang='lat' dir='ltr'><strong>decipiat.</strong></span> <span class='ocrx_word' id='word_1_163' title='bbox 625 2145 1024 2214; x_wconf 89' lang='lat' dir='ltr'><strong>Nonnunquam</strong></span> <span class='ocrx_word' id='word_1_164' title='bbox 1054 2145 1214 2214; x_wconf 86' lang='lat' dir='ltr'><strong>pejus</strong></span> <span class='ocrx_word' id='word_1_165' title='bbox 1241 2148 1325 2199; x_wconf 87' lang='lat' dir='ltr'><strong>est</strong></span> <span class='ocrx_word' id='word_1_166' title='bbox 1370 2145 1714 2200; x_wconf 82' lang='lat' dir='ltr'><strong>mendacium</strong></span> <span class='ocrx_word' id='word_1_167' title='bbox 1744 2145 1923 2200; x_wconf 88' lang='lat' dir='ltr'><strong>medi-</strong></span> 
     </span>
    </p>
   </div>
   <div class='ocr_carea' id='block_1_24' title="bbox 327 2232 1922 2306">
    <p class='ocr_par' dir='ltr' id='par_1_24' title="bbox 327 2232 1922 2306">
     <span class='ocr_line' id='line_1_24' title="bbox 327 2232 1922 2306; baseline -0.001 -17"><span class='ocrx_word' id='word_1_168' title='bbox 327 2235 432 2290; x_wconf 85' lang='lat' dir='ltr'><strong>tari</strong></span> <span class='ocrx_word' id='word_1_169' title='bbox 490 2249 648 2306; x_wconf 90' lang='lat' dir='ltr'><strong>quam</strong></span> <span class='ocrx_word' id='word_1_170' title='bbox 702 2232 871 2302; x_wconf 89' lang='lat' dir='ltr'><strong>loqui.</strong></span> <span class='ocrx_word' id='word_1_171' title='bbox 914 2233 1052 2287; x_wconf 85' lang='lat' dir='ltr'><strong>Nam</strong></span> <span class='ocrx_word' id='word_1_172' title='bbox 1090 2232 1359 2288; x_wconf 87' lang='lat' dir='ltr'><strong>interdum</strong></span> <span class='ocrx_word' id='word_1_173' title='bbox 1396 2234 1626 2304; x_wconf 87' lang='lat' dir='ltr'><strong>quisque</strong></span> <span class='ocrx_word' id='word_1_174' title='bbox 1670 2234 1922 2290; x_wconf 82' lang='lat' dir='ltr'><strong>incautus</strong></span> 
     </span>
    </p>
   </div>
   <div class='ocr_carea' id='block_1_25' title="bbox 328 2329 1921 2400">
    <p class='ocr_par' dir='ltr' id='par_1_25' title="bbox 328 2329 1921 2400">
     <span class='ocr_line' id='line_1_25' title="bbox 328 2329 1921 2400; baseline -0.003 -14"><span class='ocrx_word' id='word_1_175' title='bbox 328 2330 466 2386; x_wconf 86' lang='lat' dir='ltr'><strong>solet</strong></span> <span class='ocrx_word' id='word_1_176' title='bbox 497 2346 567 2385; x_wconf 81' lang='lat' dir='ltr'><strong>ex</strong></span> <span class='ocrx_word' id='word_1_177' title='bbox 598 2329 1028 2400; x_wconf 64' lang='lat' dir='ltr'><strong>precipitatione</strong></span> <span class='ocrx_word' id='word_1_178' title='bbox 1058 2329 1208 2399; x_wconf 91' lang='lat' dir='ltr'><strong>loqui</strong></span> <span class='ocrx_word' id='word_1_179' title='bbox 1266 2329 1630 2396; x_wconf 85' lang='lat' dir='ltr'><strong>mendacium,</strong></span> <span class='ocrx_word' id='word_1_180' title='bbox 1673 2330 1921 2384; x_wconf 89' lang='lat' dir='ltr'><strong>meditari</strong></span> 
     </span>
    </p>
   </div>
   <div class='ocr_carea' id='block_1_26' title="bbox 327 2418 1920 2490">
    <p class='ocr_par' dir='ltr' id='par_1_26' title="bbox 327 2418 1920 2490">
     <span class='ocr_line' id='line_1_26' title="bbox 327 2418 1920 2490; baseline -0.001 -16"><span class='ocrx_word' id='word_1_181' title='bbox 327 2428 506 2474; x_wconf 88' lang='lat' dir='ltr'><strong>autem</strong></span> <span class='ocrx_word' id='word_1_182' title='bbox 521 2435 628 2474; x_wconf 92' lang='lat' dir='ltr'><strong>non</strong></span> <span class='ocrx_word' id='word_1_183' title='bbox 651 2427 828 2488; x_wconf 89' lang='lat' dir='ltr'><strong>potest</strong></span> <span class='ocrx_word' id='word_1_184' title='bbox 843 2418 947 2472; x_wconf 88' lang='lat' dir='ltr'><strong>nisi</strong></span> <span class='ocrx_word' id='word_1_185' title='bbox 964 2435 1060 2488; x_wconf 90' lang='lat' dir='ltr'><strong>per</strong></span> <span class='ocrx_word' id='word_1_186' title='bbox 1083 2419 1341 2472; x_wconf 89' lang='lat' dir='ltr'><strong>studium.</strong></span> <span class='ocrx_word' id='word_1_187' title='bbox 1357 2418 1588 2474; x_wconf 90' lang='lat' dir='ltr'><strong>Gravius</strong></span> <span class='ocrx_word' id='word_1_188' title='bbox 1601 2419 1839 2490; x_wconf 82' lang='lat' dir='ltr'><strong>ergoille</strong></span> <span class='ocrx_word' id='word_1_189' title='bbox 1856 2435 1920 2473; x_wconf 88' lang='lat' dir='ltr'><strong>ex</strong></span> 
     </span>
    </p>
   </div>
   <div class='ocr_carea' id='block_1_27' title="bbox 326 2507 1922 2578">
    <p class='ocr_par' dir='ltr' id='par_1_27' title="bbox 326 2507 1922 2578">
     <span class='ocr_line' id='line_1_27' title="bbox 326 2507 1922 2578; baseline -0.001 -16"><span class='ocrx_word' id='word_1_190' title='bbox 326 2508 504 2562; x_wconf 86' lang='lat' dir='ltr'><strong>studio</strong></span> <span class='ocrx_word' id='word_1_191' title='bbox 544 2508 768 2562; x_wconf 86' lang='lat' dir='ltr'><strong>mentiri</strong></span> <span class='ocrx_word' id='word_1_192' title='bbox 820 2508 1159 2578; x_wconf 86' lang='lat' dir='ltr'><strong>perhibetur,</strong></span> <span class='ocrx_word' id='word_1_193' title='bbox 1193 2523 1356 2576; x_wconf 91' lang='lat' dir='ltr'><strong>quam</strong></span> <span class='ocrx_word' id='word_1_194' title='bbox 1386 2509 1432 2561; x_wconf 89' lang='lat' dir='ltr'><strong>is</strong></span> <span class='ocrx_word' id='word_1_195' title='bbox 1464 2507 1554 2578; x_wconf 91' lang='lat' dir='ltr'><strong>qui</strong></span> <span class='ocrx_word' id='word_1_196' title='bbox 1577 2524 1640 2562; x_wconf 88' lang='lat' dir='ltr'><strong>ex</strong></span> <span class='ocrx_word' id='word_1_197' title='bbox 1665 2508 1922 2578; x_wconf 63' lang='lat' dir='ltr'><strong>praecipi-</strong></span> 
     </span>
    </p>
   </div>
   <div class='ocr_carea' id='block_1_28' title="bbox 328 2605 1924 2675">
    <p class='ocr_par' dir='ltr' id='par_1_28' title="bbox 328 2605 1924 2675">
     <span class='ocr_line' id='line_1_28' title="bbox 328 2605 1924 2675; baseline -0.001 -15"><span class='ocrx_word' id='word_1_198' title='bbox 328 2607 528 2662; x_wconf 89' lang='lat' dir='ltr'><strong>tatione</strong></span> <span class='ocrx_word' id='word_1_199' title='bbox 567 2605 686 2660; x_wconf 91' lang='lat' dir='ltr'><strong>sola</strong></span> <span class='ocrx_word' id='word_1_200' title='bbox 727 2605 1011 2658; x_wconf 87' lang='lat' dir='ltr'><strong>mentitur.</strong></span> <span class='ocrx_word' id='word_1_201' title='bbox 1088 2606 1446 2675; x_wconf 84' lang='lat' dir='ltr'><strong>Summopere</strong></span> <span class='ocrx_word' id='word_1_202' title='bbox 1486 2605 1800 2660; x_wconf 88' lang='lat' dir='ltr'><strong>cavendum</strong></span> <span class='ocrx_word' id='word_1_203' title='bbox 1841 2608 1924 2659; x_wconf 90' lang='lat' dir='ltr'><strong>est</strong></span> 
     </span>
    </p>
   </div>
   <div class='ocr_carea' id='block_1_29' title="bbox 327 2691 1925 2765">
    <p class='ocr_par' dir='ltr' id='par_1_29' title="bbox 327 2691 1925 2765">
     <span class='ocr_line' id='line_1_29' title="bbox 327 2691 1925 2765; baseline -0.003 -15"><span class='ocrx_word' id='word_1_204' title='bbox 327 2711 488 2751; x_wconf 86' lang='lat' dir='ltr'><strong>omne</strong></span> <span class='ocrx_word' id='word_1_205' title='bbox 522 2693 892 2760; x_wconf 87' lang='lat' dir='ltr'><strong>mendacium,</strong></span> <span class='ocrx_word' id='word_1_206' title='bbox 917 2694 1166 2763; x_wconf 90' lang='lat' dir='ltr'><strong>quamvis</strong></span> <span class='ocrx_word' id='word_1_207' title='bbox 1205 2709 1592 2765; x_wconf 83' lang='lat' dir='ltr'><strong>nonnunquam</strong></span> <span class='ocrx_word' id='word_1_208' title='bbox 1614 2694 1681 2747; x_wconf 91' lang='lat' dir='ltr'><strong>sit</strong></span> <span class='ocrx_word' id='word_1_209' title='bbox 1702 2691 1925 2764; x_wconf 90' lang='lat' dir='ltr'><strong>aliquod</strong></span> 
     </span>
    </p>
   </div>
   <div class='ocr_carea' id='block_1_30' title="bbox 325 2781 1923 2854">
    <p class='ocr_par' dir='ltr' id='par_1_30' title="bbox 325 2781 1923 2854">
     <span class='ocr_line' id='line_1_30' title="bbox 325 2781 1923 2854; baseline -0.003 -16"><span class='ocrx_word' id='word_1_210' title='bbox 325 2783 599 2838; x_wconf 87' lang='lat' dir='ltr'><strong>mendacii</strong></span> <span class='ocrx_word' id='word_1_211' title='bbox 631 2799 808 2854; x_wconf 82' lang='lat' dir='ltr'><strong>genus</strong></span> <span class='ocrx_word' id='word_1_212' title='bbox 839 2783 1013 2852; x_wconf 72' lang='lat' dir='ltr'><strong>culpae</strong></span> <span class='ocrx_word' id='word_1_213' title='bbox 1042 2781 1282 2845; x_wconf 91' lang='lat' dir='ltr'><strong>levioris,</strong></span> <span class='ocrx_word' id='word_1_214' title='bbox 1316 2782 1361 2836; x_wconf 90' lang='lat' dir='ltr'><strong>si</strong></span> <span class='ocrx_word' id='word_1_215' title='bbox 1393 2781 1674 2853; x_wconf 87' lang='lat' dir='ltr'><strong>quisquam</strong></span> <span class='ocrx_word' id='word_1_216' title='bbox 1711 2797 1808 2851; x_wconf 90' lang='lat' dir='ltr'><strong>pro</strong></span> <span class='ocrx_word' id='word_1_217' title='bbox 1839 2797 1923 2834; x_wconf 89' lang='lat' dir='ltr'><strong>sa-</strong></span> 
     </span>
    </p>
   </div>
   <div class='ocr_carea' id='block_1_31' title="bbox 329 2879 1919 2950">
    <p class='ocr_par' dir='ltr' id='par_1_31' title="bbox 329 2879 1919 2950">
     <span class='ocr_line' id='line_1_31' title="bbox 329 2879 1919 2950; baseline -0.001 -15"><span class='ocrx_word' id='word_1_218' title='bbox 329 2884 435 2935; x_wconf 88' lang='lat' dir='ltr'><strong>lute</strong></span> <span class='ocrx_word' id='word_1_219' title='bbox 465 2880 742 2935; x_wconf 85' lang='lat' dir='ltr'><strong>hominum</strong></span> <span class='ocrx_word' id='word_1_220' title='bbox 792 2881 1113 2934; x_wconf 86' lang='lat' dir='ltr'><strong>mentiatur.</strong></span> <span class='ocrx_word' id='word_1_221' title='bbox 1163 2879 1273 2935; x_wconf 85' lang='lat' dir='ltr'><strong>Sed</strong></span> <span class='ocrx_word' id='word_1_222' title='bbox 1331 2879 1458 2950; x_wconf 89' lang='lat' dir='ltr'><strong>quia</strong></span> <span class='ocrx_word' id='word_1_223' title='bbox 1488 2879 1750 2950; x_wconf 88' lang='lat' dir='ltr'><strong>scriptum</strong></span> <span class='ocrx_word' id='word_1_224' title='bbox 1783 2886 1865 2934; x_wconf 86' lang='lat' dir='ltr'><strong>est</strong></span> <span class='ocrx_word' id='word_1_225' title='bbox 1906 2896 1919 2933; x_wconf 91' lang='lat'>:</span> 
     </span>
    </p>
   </div>
   <div class='ocr_carea' id='block_1_32' title="bbox 331 2968 1916 3041">
    <p class='ocr_par' dir='ltr' id='par_1_32' title="bbox 331 2968 1916 3041">
     <span class='ocr_line' id='line_1_32' title="bbox 331 2968 1916 3041; baseline -0.002 -16"><span class='ocrx_word' id='word_1_226' title='bbox 331 2994 353 3019; x_wconf 79' lang='grc' dir='ltr'><strong>α</strong></span> <span class='ocrx_word' id='word_1_227' title='bbox 388 2969 464 3025; x_wconf 89' lang='lat' dir='ltr'><strong>Os</strong></span> <span class='ocrx_word' id='word_1_228' title='bbox 497 2970 643 3041; x_wconf 90' lang='lat' dir='ltr'><strong>quod</strong></span> <span class='ocrx_word' id='word_1_229' title='bbox 673 2969 934 3025; x_wconf 88' lang='lat' dir='ltr'><strong>mentitur</strong></span> <span class='ocrx_word' id='word_1_230' title='bbox 973 2968 1172 3024; x_wconf 89' lang='lat' dir='ltr'><strong>occidit</strong></span> <span class='ocrx_word' id='word_1_231' title='bbox 1209 2968 1443 3022; x_wconf 89' lang='lat' dir='ltr'><strong>animam</strong></span> <span class='ocrx_word' id='word_1_232' title='bbox 1475 2969 1634 3039; x_wconf 83' lang='lat' dir='ltr'><strong>(Sap.</strong></span> <span class='ocrx_word' id='word_1_233' title='bbox 1667 2973 1728 3037; x_wconf 81' lang='grc' dir='ltr'><strong>ι),</strong></span> <span class='ocrx_word' id='word_1_234' title='bbox 1767 2991 1788 3016; x_wconf 74' lang='grc' dir='ltr'><strong>ι</strong></span> <span class='ocrx_word' id='word_1_235' title='bbox 1823 2975 1916 3022; x_wconf 91' lang='lat' dir='ltr'><strong>et:</strong></span> 
     </span>
    </p>
   </div>
   <div class='ocr_carea' id='block_1_33' title="bbox 331 3057 1918 3130">
    <p class='ocr_par' dir='ltr' id='par_1_33' title="bbox 331 3057 1918 3130">
     <span class='ocr_line' id='line_1_33' title="bbox 331 3057 1918 3130; baseline -0.001 -18"><span class='ocrx_word' id='word_1_236' title='bbox 331 3059 567 3114; x_wconf 72' lang='lat' dir='ltr'><strong>cPerdes</strong></span> <span class='ocrx_word' id='word_1_237' title='bbox 597 3075 694 3114; x_wconf 90' lang='lat' dir='ltr'><strong>eos</strong></span> <span class='ocrx_word' id='word_1_238' title='bbox 724 3059 817 3130; x_wconf 88' lang='lat' dir='ltr'><strong>qui</strong></span> <span class='ocrx_word' id='word_1_239' title='bbox 854 3058 1154 3129; x_wconf 88' lang='lat' dir='ltr'><strong>loquuntur</strong></span> <span class='ocrx_word' id='word_1_240' title='bbox 1184 3057 1528 3112; x_wconf 87' lang='lat' dir='ltr'><strong>mendacium</strong></span> <span class='ocrx_word' id='word_1_241' title='bbox 1559 3057 1748 3126; x_wconf 64' lang='lat' dir='ltr'><strong>(Psal.</strong></span> <span class='ocrx_word' id='word_1_242' title='bbox 1783 3057 1856 3126; x_wconf 90' lang='lat' dir='ltr'><strong>v).</strong></span> <span class='ocrx_word' id='word_1_243' title='bbox 1895 3079 1918 3104; x_wconf 78' lang='grc' dir='ltr'><strong>ι</strong></span> 
     </span>
    </p>
   </div>
   <div class='ocr_carea' id='block_1_34' title="bbox 327 3154 1922 3227">
    <p class='ocr_par' dir='ltr' id='par_1_34' title="bbox 327 3154 1922 3227">
     <span class='ocr_line' id='line_1_34' title="bbox 327 3154 1922 3227; baseline -0.001 -17"><span class='ocrx_word' id='word_1_244' title='bbox 327 3157 430 3212; x_wconf 91' lang='lat' dir='ltr'><strong>hoc</strong></span> <span class='ocrx_word' id='word_1_245' title='bbox 461 3172 679 3227; x_wconf 89' lang='lat' dir='ltr'><strong>quoque</strong></span> <span class='ocrx_word' id='word_1_246' title='bbox 703 3155 973 3210; x_wconf 89' lang='lat' dir='ltr'><strong>mendacii</strong></span> <span class='ocrx_word' id='word_1_247' title='bbox 990 3171 1164 3225; x_wconf 73' lang='lat' dir='ltr'><strong>genus</strong></span> <span class='ocrx_word' id='word_1_248' title='bbox 1195 3154 1422 3225; x_wconf 81' lang='lat' dir='ltr'><strong>perfecti</strong></span> <span class='ocrx_word' id='word_1_249' title='bbox 1453 3154 1552 3208; x_wconf 89' lang='lat' dir='ltr'><strong>viri</strong></span> <span class='ocrx_word' id='word_1_250' title='bbox 1574 3169 1922 3224; x_wconf 87' lang='lat' dir='ltr'><strong>summopere</strong></span> 
     </span>
    </p>
   </div>
   <div class='ocr_carea' id='block_1_35' title="bbox 324 3243 1920 3317">
    <p class='ocr_par' dir='ltr' id='par_1_35' title="bbox 324 3243 1920 3317">
     <span class='ocr_line' id='line_1_35' title="bbox 324 3243 1920 3317; baseline -0.003 -17"><span class='ocrx_word' id='word_1_251' title='bbox 324 3245 563 3317; x_wconf 87' lang='lat' dir='ltr'><strong>fugiunt,</strong></span> <span class='ocrx_word' id='word_1_252' title='bbox 595 3253 649 3299; x_wconf 91' lang='lat' dir='ltr'><strong>ut</strong></span> <span class='ocrx_word' id='word_1_253' title='bbox 677 3261 781 3300; x_wconf 88' lang='lat' dir='ltr'><strong>nec</strong></span> <span class='ocrx_word' id='word_1_254' title='bbox 812 3244 939 3299; x_wconf 87' lang='lat' dir='ltr'><strong>vitia</strong></span> <span class='ocrx_word' id='word_1_255' title='bbox 969 3244 1264 3312; x_wconf 86' lang='lat' dir='ltr'><strong>cujuslibet</strong></span> <span class='ocrx_word' id='word_1_256' title='bbox 1290 3260 1390 3314; x_wconf 90' lang='lat' dir='ltr'><strong>per</strong></span> <span class='ocrx_word' id='word_1_257' title='bbox 1418 3260 1607 3298; x_wconf 91' lang='lat' dir='ltr'><strong>eorum</strong></span> <span class='ocrx_word' id='word_1_258' title='bbox 1649 3243 1920 3299; x_wconf 78' lang='lat' dir='ltr'><strong>fallaciam</strong></span> 
     </span>
    </p>
   </div>
   <div class='ocr_carea' id='block_1_36' title="bbox 323 3333 1920 3402">
    <p class='ocr_par' dir='ltr' id='par_1_36' title="bbox 323 3333 1920 3402">
     <span class='ocr_line' id='line_1_36' title="bbox 323 3333 1920 3402; baseline -0.003 -11"><span class='ocrx_word' id='word_1_259' title='bbox 323 3334 706 3396; x_wconf 83' lang='lat' dir='ltr'><strong>defendamur,</strong></span> <span class='ocrx_word' id='word_1_260' title='bbox 734 3349 839 3388; x_wconf 90' lang='lat' dir='ltr'><strong>nec</strong></span> <span class='ocrx_word' id='word_1_261' title='bbox 870 3349 982 3388; x_wconf 74' lang='lat' dir='ltr'><strong>suae</strong></span> <span class='ocrx_word' id='word_1_262' title='bbox 999 3333 1194 3387; x_wconf 72' lang='lat' dir='ltr'><strong>animae</strong></span> <span class='ocrx_word' id='word_1_263' title='bbox 1217 3341 1454 3388; x_wconf 88' lang='lat' dir='ltr'><strong>noceant</strong></span> <span class='ocrx_word' id='word_1_264' title='bbox 1507 3334 1634 3386; x_wconf 90' lang='lat' dir='ltr'><strong>dum</strong></span> <span class='ocrx_word' id='word_1_265' title='bbox 1666 3341 1920 3402; x_wconf 69' lang='lat' dir='ltr'><strong>praestare</strong></span> 
     </span>
    </p>
   </div>
   <div class='ocr_carea' id='block_1_37' title="bbox 323 3429 1921 3502">
    <p class='ocr_par' dir='ltr' id='par_1_37' title="bbox 323 3429 1921 3502">
     <span class='ocr_line' id='line_1_37' title="bbox 323 3429 1921 3502; baseline -0.001 -15"><span class='ocrx_word' id='word_1_266' title='bbox 323 3433 569 3488; x_wconf 87' lang='lat' dir='ltr'><strong>nituntur</strong></span> <span class='ocrx_word' id='word_1_267' title='bbox 595 3430 795 3486; x_wconf 69' lang='lat' dir='ltr'><strong>alienae</strong></span> <span class='ocrx_word' id='word_1_268' title='bbox 825 3431 996 3496; x_wconf 89' lang='lat' dir='ltr'><strong>carni,</strong></span> <span class='ocrx_word' id='word_1_269' title='bbox 1031 3446 1341 3502; x_wconf 88' lang='lat' dir='ltr'><strong>quanquam</strong></span> <span class='ocrx_word' id='word_1_270' title='bbox 1371 3431 1474 3485; x_wconf 89' lang='lat' dir='ltr'><strong>hoc</strong></span> <span class='ocrx_word' id='word_1_271' title='bbox 1504 3429 1680 3500; x_wconf 92' lang='lat' dir='ltr'><strong>ipsum</strong></span> <span class='ocrx_word' id='word_1_272' title='bbox 1711 3430 1921 3500; x_wconf 86' lang='lat' dir='ltr'><strong>peccati</strong></span> 
     </span>
    </p>
   </div>
   <div class='ocr_carea' id='block_1_38' title="bbox 321 3519 1922 3593">
    <p class='ocr_par' dir='ltr' id='par_1_38' title="bbox 321 3519 1922 3593">
     <span class='ocr_line' id='line_1_38' title="bbox 321 3519 1922 3593; baseline -0.002 -16"><span class='ocrx_word' id='word_1_273' title='bbox 321 3538 499 3593; x_wconf 86' lang='lat' dir='ltr'><strong>genus</strong></span> <span class='ocrx_word' id='word_1_274' title='bbox 526 3520 783 3576; x_wconf 85' lang='lat' dir='ltr'><strong>facillime</strong></span> <span class='ocrx_word' id='word_1_275' title='bbox 814 3521 1101 3576; x_wconf 83' lang='lat' dir='ltr'><strong>credamus</strong></span> <span class='ocrx_word' id='word_1_276' title='bbox 1132 3519 1384 3573; x_wconf 87' lang='lat' dir='ltr'><strong>relaxari.</strong></span> <span class='ocrx_word' id='word_1_277' title='bbox 1422 3520 1560 3574; x_wconf 86' lang='lat' dir='ltr'><strong>Nam</strong></span> <span class='ocrx_word' id='word_1_278' title='bbox 1592 3519 1635 3573; x_wconf 90' lang='lat' dir='ltr'><strong>si</strong></span> <span class='ocrx_word' id='word_1_279' title='bbox 1664 3519 1922 3590; x_wconf 62' lang='lat' dir='ltr'><strong>quaelibet</strong></span> 
     </span>
    </p>
   </div>
   <div class='ocr_carea' id='block_1_39' title="bbox 321 3607 1920 3682">
    <p class='ocr_par' dir='ltr' id='par_1_39' title="bbox 321 3607 1920 3682">
     <span class='ocr_line' id='line_1_39' title="bbox 321 3607 1920 3682; baseline -0.004 -14"><span class='ocrx_word' id='word_1_280' title='bbox 321 3611 478 3682; x_wconf 90' lang='lat' dir='ltr'><strong>culpa</strong></span> <span class='ocrx_word' id='word_1_281' title='bbox 507 3609 757 3679; x_wconf 82' lang='lat' dir='ltr'><strong>sequenti</strong></span> <span class='ocrx_word' id='word_1_282' title='bbox 788 3609 1042 3664; x_wconf 89' lang='lat' dir='ltr'><strong>mercede</strong></span> <span class='ocrx_word' id='word_1_283' title='bbox 1075 3617 1359 3680; x_wconf 69' lang='lat' dir='ltr'><strong>purgatur,</strong></span> <span class='ocrx_word' id='word_1_284' title='bbox 1393 3617 1595 3679; x_wconf 89' lang='lat' dir='ltr'><strong>quanto</strong></span> <span class='ocrx_word' id='word_1_285' title='bbox 1625 3607 1798 3680; x_wconf 84' lang='lat' dir='ltr'><strong>magis</strong></span> <span class='ocrx_word' id='word_1_286' title='bbox 1817 3607 1920 3662; x_wconf 88' lang='lat' dir='ltr'><strong>hoc</strong></span> 
     </span>
    </p>
   </div>
   <div class='ocr_carea' id='block_1_40' title="bbox 323 3705 1909 3777">
    <p class='ocr_par' dir='ltr' id='par_1_40' title="bbox 323 3705 1909 3777">
     <span class='ocr_line' id='line_1_40' title="bbox 323 3705 1909 3777; baseline -0.003 -15"><span class='ocrx_word' id='word_1_287' title='bbox 323 3706 480 3762; x_wconf 81' lang='lat' dir='ltr'><strong>facile</strong></span> <span class='ocrx_word' id='word_1_288' title='bbox 509 3706 841 3777; x_wconf 83' lang='lat' dir='ltr'><strong>abstergitur</strong></span> <span class='ocrx_word' id='word_1_289' title='bbox 870 3722 1032 3777; x_wconf 82' lang='lat' dir='ltr'><strong>quam</strong></span> <span class='ocrx_word' id='word_1_290' title='bbox 1063 3721 1274 3761; x_wconf 90' lang='lat' dir='ltr'><strong>merces</strong></span> <span class='ocrx_word' id='word_1_291' title='bbox 1304 3705 1424 3776; x_wconf 83' lang='lat' dir='ltr'><strong>ipsa</strong></span> <span class='ocrx_word' id='word_1_292' title='bbox 1487 3705 1909 3760; x_wconf 89' lang='lat' dir='ltr'><strong>concomitatur.</strong></span> 
     </span>
    </p>
   </div>
   <div class='ocr_carea' id='block_1_41' title="bbox 322 3793 1919 3867">
    <p class='ocr_par' dir='ltr' id='par_1_41' title="bbox 322 3793 1919 3867">
     <span class='ocr_line' id='line_1_41' title="bbox 322 3793 1919 3867; baseline -0.003 -17"><span class='ocrx_word' id='word_1_293' title='bbox 322 3796 488 3850; x_wconf 79' lang='lat' dir='ltr'><strong>Multa</strong></span> <span class='ocrx_word' id='word_1_294' title='bbox 517 3796 871 3860; x_wconf 89' lang='lat' dir='ltr'><strong>mentiuntur,</strong></span> <span class='ocrx_word' id='word_1_295' title='bbox 904 3796 1069 3849; x_wconf 83' lang='lat' dir='ltr'><strong>multa</strong></span> <span class='ocrx_word' id='word_1_296' title='bbox 1128 3794 1337 3867; x_wconf 85' lang='lat' dir='ltr'><strong>ﬁngunt</strong></span> <span class='ocrx_word' id='word_1_297' title='bbox 1390 3793 1662 3860; x_wconf 87' lang='lat' dir='ltr'><strong>homines,</strong></span> <span class='ocrx_word' id='word_1_298' title='bbox 1695 3802 1919 3864; x_wconf 89' lang='lat' dir='ltr'><strong>pr0pler</strong></span> 
     </span>
    </p>
   </div>
   <div class='ocr_carea' id='block_1_42' title="bbox 321 3881 1918 3954">
    <p class='ocr_par' dir='ltr' id='par_1_42' title="bbox 321 3881 1918 3954">
     <span class='ocr_line' id='line_1_42' title="bbox 321 3881 1918 3954; baseline -0.003 -14"><span class='ocrx_word' id='word_1_299' title='bbox 321 3885 603 3940; x_wconf 89' lang='lat' dir='ltr'><strong>hominum</strong></span> <span class='ocrx_word' id='word_1_300' title='bbox 642 3885 856 3939; x_wconf 88' lang='lat' dir='ltr'><strong>laudem</strong></span> <span class='ocrx_word' id='word_1_301' title='bbox 894 3901 907 3938; x_wconf 91' lang='lat'>:</span> <span class='ocrx_word' id='word_1_302' title='bbox 947 3884 1136 3954; x_wconf 89' lang='lat' dir='ltr'><strong>sicque</strong></span> <span class='ocrx_word' id='word_1_303' title='bbox 1195 3882 1250 3936; x_wconf 87' lang='lat' dir='ltr'><strong>ﬁt</strong></span> <span class='ocrx_word' id='word_1_304' title='bbox 1289 3891 1345 3938; x_wconf 94' lang='lat' dir='ltr'><strong>ut</strong></span> <span class='ocrx_word' id='word_1_305' title='bbox 1385 3891 1437 3937; x_wconf 93' lang='lat' dir='ltr'><strong>et</strong></span> <span class='ocrx_word' id='word_1_306' title='bbox 1475 3883 1562 3938; x_wconf 88' lang='lat' dir='ltr'><strong>isti</strong></span> <span class='ocrx_word' id='word_1_307' title='bbox 1601 3881 1918 3937; x_wconf 89' lang='lat' dir='ltr'><strong>mentiendo</strong></span> 
     </span>
    </p>
   </div>
   <div class='ocr_carea' id='block_1_43' title="bbox 320 3980 1918 4054">
    <p class='ocr_par' dir='ltr' id='par_1_43' title="bbox 320 3980 1918 4054">
     <span class='ocr_line' id='line_1_43' title="bbox 320 3980 1918 4054; baseline -0.003 -18"><span class='ocrx_word' id='word_1_308' title='bbox 320 3991 563 4054; x_wconf 88' lang='lat' dir='ltr'><strong>pereant,</strong></span> <span class='ocrx_word' id='word_1_309' title='bbox 597 3990 650 4036; x_wconf 92' lang='lat' dir='ltr'><strong>et</strong></span> <span class='ocrx_word' id='word_1_310' title='bbox 671 3998 768 4037; x_wconf 91' lang='lat' dir='ltr'><strong>eos</strong></span> <span class='ocrx_word' id='word_1_311' title='bbox 800 3997 936 4052; x_wconf 89' lang='lat' dir='ltr'><strong>quos</strong></span> <span class='ocrx_word' id='word_1_312' title='bbox 967 3981 1189 4036; x_wconf 86' lang='lat' dir='ltr'><strong>laudant</strong></span> <span class='ocrx_word' id='word_1_313' title='bbox 1212 3982 1279 4036; x_wconf 91' lang='lat' dir='ltr'><strong>ad</strong></span> <span class='ocrx_word' id='word_1_314' title='bbox 1306 3997 1456 4036; x_wconf 62' lang='lat' dir='ltr'><strong>vanae</strong></span> <span class='ocrx_word' id='word_1_315' title='bbox 1485 3980 1677 4053; x_wconf 72' lang='lat' dir='ltr'><strong>gloria:</strong></span> <span class='ocrx_word' id='word_1_316' title='bbox 1708 3980 1918 4034; x_wconf 87' lang='lat' dir='ltr'><strong>ruinam</strong></span> 
     </span>
    </p>
   </div>
   <div class='ocr_carea' id='block_1_44' title="bbox 321 4069 1920 4142">
    <p class='ocr_par' dir='ltr' id='par_1_44' title="bbox 321 4069 1920 4142">
     <span class='ocr_line' id='line_1_44' title="bbox 321 4069 1920 4142; baseline -0.003 -15"><span class='ocrx_word' id='word_1_317' title='bbox 321 4071 644 4142; x_wconf 86' lang='lat' dir='ltr'><strong>perducant.</strong></span> <span class='ocrx_word' id='word_1_318' title='bbox 714 4072 864 4126; x_wconf 90' lang='lat' dir='ltr'><strong>Sicut</strong></span> <span class='ocrx_word' id='word_1_319' title='bbox 920 4071 1058 4126; x_wconf 87' lang='lat' dir='ltr'><strong>bene</strong></span> <span class='ocrx_word' id='word_1_320' title='bbox 1106 4071 1210 4125; x_wconf 91' lang='lat' dir='ltr'><strong>sibi</strong></span> <span class='ocrx_word' id='word_1_321' title='bbox 1247 4071 1500 4126; x_wconf 90' lang='lat' dir='ltr'><strong>conscius</strong></span> <span class='ocrx_word' id='word_1_322' title='bbox 1555 4086 1665 4124; x_wconf 90' lang='lat' dir='ltr'><strong>non</strong></span> <span class='ocrx_word' id='word_1_323' title='bbox 1733 4069 1920 4123; x_wconf 86' lang='lat' dir='ltr'><strong>metuit</strong></span> 
     </span>
    </p>
   </div>
   <div class='ocr_carea' id='block_1_45' title="bbox 320 4159 1916 4232">
    <p class='ocr_par' dir='ltr' id='par_1_45' title="bbox 320 4159 1916 4232">
     <span class='ocr_line' id='line_1_45' title="bbox 320 4159 1916 4232; baseline -0.003 -16"><span class='ocrx_word' id='word_1_324' title='bbox 320 4161 746 4232; x_wconf 69' lang='lat' dir='ltr'><strong>alienaalingua:</strong></span> <span class='ocrx_word' id='word_1_325' title='bbox 784 4160 1110 4227; x_wconf 87' lang='lat' dir='ltr'><strong>convicium,</strong></span> <span class='ocrx_word' id='word_1_326' title='bbox 1153 4159 1226 4214; x_wconf 90' lang='lat' dir='ltr'><strong>ita</strong></span> <span class='ocrx_word' id='word_1_327' title='bbox 1285 4168 1337 4214; x_wconf 91' lang='lat' dir='ltr'><strong>et</strong></span> <span class='ocrx_word' id='word_1_328' title='bbox 1393 4159 1481 4228; x_wconf 90' lang='lat' dir='ltr'><strong>qui</strong></span> <span class='ocrx_word' id='word_1_329' title='bbox 1534 4159 1784 4213; x_wconf 87' lang='lat' dir='ltr'><strong>laudatur</strong></span> <span class='ocrx_word' id='word_1_330' title='bbox 1848 4159 1916 4212; x_wconf 90' lang='lat' dir='ltr'><strong>ab</strong></span> 
     </span>
    </p>
   </div>
   <div class='ocr_carea' id='block_1_46' title="bbox 321 4256 1912 4322">
    <p class='ocr_par' dir='ltr' id='par_1_46' title="bbox 321 4256 1912 4322">
     <span class='ocr_line' id='line_1_46' title="bbox 321 4256 1912 4322; baseline -0.003 -8"><span class='ocrx_word' id='word_1_331' title='bbox 321 4259 450 4322; x_wconf 88' lang='lat' dir='ltr'><strong>alio,</strong></span> <span class='ocrx_word' id='word_1_332' title='bbox 486 4274 595 4314; x_wconf 84' lang='lat' dir='ltr'><strong>non</strong></span> <span class='ocrx_word' id='word_1_333' title='bbox 632 4259 797 4314; x_wconf 88' lang='lat' dir='ltr'><strong>debet</strong></span> <span class='ocrx_word' id='word_1_334' title='bbox 835 4273 1084 4312; x_wconf 88' lang='lat' dir='ltr'><strong>errorem</strong></span> <span class='ocrx_word' id='word_1_335' title='bbox 1141 4257 1334 4313; x_wconf 77' lang='lat' dir='ltr'><strong>aliena:-</strong></span> <span class='ocrx_word' id='word_1_336' title='bbox 1390 4257 1562 4311; x_wconf 91' lang='lat' dir='ltr'><strong>laudis</strong></span> <span class='ocrx_word' id='word_1_337' title='bbox 1602 4256 1912 4320; x_wconf 89' lang='lat' dir='ltr'><strong>attendere,</strong></span> 
     </span>
    </p>
   </div>
   <div class='ocr_carea' id='block_1_47' title="bbox 319 4345 1914 4420">
    <p class='ocr_par' dir='ltr' id='par_1_47' title="bbox 319 4345 1914 4420">
     <span class='ocr_line' id='line_1_47' title="bbox 319 4345 1914 4420; baseline -0.003 -18"><span class='ocrx_word' id='word_1_338' title='bbox 319 4348 418 4402; x_wconf 89' lang='lat' dir='ltr'><strong>sed</strong></span> <span class='ocrx_word' id='word_1_339' title='bbox 491 4347 667 4420; x_wconf 87' lang='lat' dir='ltr'><strong>magis</strong></span> <span class='ocrx_word' id='word_1_340' title='bbox 719 4347 1093 4418; x_wconf 89' lang='lat' dir='ltr'><strong>unusquisque</strong></span> <span class='ocrx_word' id='word_1_341' title='bbox 1144 4346 1507 4401; x_wconf 90' lang='lat' dir='ltr'><strong>testimonium</strong></span> <span class='ocrx_word' id='word_1_342' title='bbox 1567 4345 1914 4400; x_wconf 66' lang='lat' dir='ltr'><strong>conscientiae</strong></span> 
     </span>
    </p>
   </div>
   <div class='ocr_carea' id='block_1_48' title="bbox 318 4433 1911 4508">
    <p class='ocr_par' dir='ltr' id='par_1_48' title="bbox 318 4433 1911 4508">
     <span class='ocr_line' id='line_1_48' title="bbox 318 4433 1911 4508; baseline -0.002 -18"><span class='ocrx_word' id='word_1_343' title='bbox 318 4452 432 4491; x_wconf 70' lang='lat' dir='ltr'><strong>suae</strong></span> <span class='ocrx_word' id='word_1_344' title='bbox 470 4444 679 4508; x_wconf 77' lang='lat' dir='ltr'><strong>quaerat</strong></span> <span class='ocrx_word' id='word_1_345' title='bbox 710 4453 725 4493; x_wconf 84' lang='lat'><strong>:</strong></span> <span class='ocrx_word' id='word_1_346' title='bbox 767 4435 855 4491; x_wconf 93' lang='lat' dir='ltr'><strong>cui</strong></span> <span class='ocrx_word' id='word_1_347' title='bbox 884 4435 1001 4506; x_wconf 89' lang='lat' dir='ltr'><strong>ipse</strong></span> <span class='ocrx_word' id='word_1_348' title='bbox 1031 4435 1154 4506; x_wconf 88' lang='lat' dir='ltr'><strong>plus</strong></span> <span class='ocrx_word' id='word_1_349' title='bbox 1192 4451 1434 4505; x_wconf 72' lang='lat' dir='ltr'><strong>praesens</strong></span> <span class='ocrx_word' id='word_1_350' title='bbox 1460 4449 1620 4506; x_wconf 90' lang='lat' dir='ltr'><strong>quam</strong></span> <span class='ocrx_word' id='word_1_351' title='bbox 1675 4433 1765 4488; x_wconf 90' lang='lat' dir='ltr'><strong>ille</strong></span> <span class='ocrx_word' id='word_1_352' title='bbox 1822 4433 1911 4502; x_wconf 90' lang='lat' dir='ltr'><strong>qui</strong></span> 
     </span>
    </p>
   </div>
   <div class='ocr_carea' id='block_1_49' title="bbox 316 4532 1908 4604">
    <p class='ocr_par' dir='ltr' id='par_1_49' title="bbox 316 4532 1908 4604">
     <span class='ocr_line' id='line_1_49' title="bbox 316 4532 1908 4604; baseline -0.003 -16"><span class='ocrx_word' id='word_1_353' title='bbox 316 4533 523 4588; x_wconf 86' lang='lat' dir='ltr'><strong>laudat.</strong></span> <span class='ocrx_word' id='word_1_354' title='bbox 561 4557 582 4582; x_wconf 76' lang='grc' dir='ltr'><strong>ιι</strong></span> <span class='ocrx_word' id='word_1_355' title='bbox 617 4533 768 4604; x_wconf 88' lang='lat' dir='ltr'><strong>Opus</strong></span> <span class='ocrx_word' id='word_1_356' title='bbox 797 4533 944 4588; x_wconf 90' lang='lat' dir='ltr'><strong>enim</strong></span> <span class='ocrx_word' id='word_1_357' title='bbox 974 4549 1131 4588; x_wconf 86' lang='lat' dir='ltr'><strong>suum</strong></span> <span class='ocrx_word' id='word_1_358' title='bbox 1153 4533 1533 4604; x_wconf 89' lang='lat' dir='ltr'><strong>unusquisque</strong></span> <span class='ocrx_word' id='word_1_359' title='bbox 1561 4532 1771 4598; x_wconf 89' lang='lat' dir='ltr'><strong>probet,</strong></span> <span class='ocrx_word' id='word_1_360' title='bbox 1802 4554 1824 4578; x_wconf 73' lang='grc' dir='ltr'><strong><em>η</em></strong></span> <span class='ocrx_word' id='word_1_361' title='bbox 1851 4535 1908 4584; x_wconf 90' lang='grc' dir='ltr'><strong>ιιι</strong></span> 
     </span>
    </p>
   </div>
   <div class='ocr_carea' id='block_1_50' title="bbox 316 4620 1908 4692">
    <p class='ocr_par' dir='ltr' id='par_1_50' title="bbox 316 4620 1908 4692">
     <span class='ocr_line' id='line_1_50' title="bbox 316 4620 1908 4692; baseline -0.001 -14"><span class='ocrx_word' id='word_1_362' title='bbox 316 4623 388 4678; x_wconf 93' lang='lat' dir='ltr'><strong>ait</strong></span> <span class='ocrx_word' id='word_1_363' title='bbox 419 4622 720 4692; x_wconf 83' lang='lat' dir='ltr'><strong>Apostolus</strong></span> <span class='ocrx_word' id='word_1_364' title='bbox 751 4624 898 4692; x_wconf 87' lang='lat' dir='ltr'><strong>(Gal.</strong></span> <span class='ocrx_word' id='word_1_365' title='bbox 933 4624 1027 4689; x_wconf 75' lang='lat' dir='ltr'><strong>vr),</strong></span> <span class='ocrx_word' id='word_1_366' title='bbox 1066 4645 1087 4671; x_wconf 79' lang='grc' dir='ltr'>«ι</span> <span class='ocrx_word' id='word_1_367' title='bbox 1122 4631 1174 4677; x_wconf 79' lang='lat' dir='ltr'><strong>et</strong></span> <span class='ocrx_word' id='word_1_368' title='bbox 1205 4630 1329 4677; x_wconf 91' lang='lat' dir='ltr'><strong>tunc</strong></span> <span class='ocrx_word' id='word_1_369' title='bbox 1368 4622 1422 4676; x_wconf 94' lang='lat' dir='ltr'><strong>in</strong></span> <span class='ocrx_word' id='word_1_370' title='bbox 1455 4621 1646 4692; x_wconf 90' lang='lat' dir='ltr'><strong>seipso</strong></span> <span class='ocrx_word' id='word_1_371' title='bbox 1677 4620 1908 4692; x_wconf 90' lang='lat' dir='ltr'><strong>quisque</strong></span> 
     </span>
    </p>
   </div>
   <div class='ocr_carea' id='block_1_51' title="bbox 317 4710 1908 4784">
    <p class='ocr_par' dir='ltr' id='par_1_51' title="bbox 317 4710 1908 4784">
     <span class='ocr_line' id='line_1_51' title="bbox 317 4710 1908 4784; baseline -0.003 -18"><span class='ocrx_word' id='word_1_372' title='bbox 317 4712 552 4784; x_wconf 78' lang='lat' dir='ltr'><strong>gloriam</strong></span> <span class='ocrx_word' id='word_1_373' title='bbox 613 4711 890 4778; x_wconf 71' lang='lat' dir='ltr'><strong>habebit,»</strong></span> <span class='ocrx_word' id='word_1_374' title='bbox 924 4711 1137 4768; x_wconf 88' lang='lat' dir='ltr'><strong>occulte</strong></span> <span class='ocrx_word' id='word_1_375' title='bbox 1176 4711 1228 4765; x_wconf 93' lang='lat' dir='ltr'><strong>in</strong></span> <span class='ocrx_word' id='word_1_376' title='bbox 1269 4727 1363 4765; x_wconf 89' lang='lat' dir='ltr'><strong>sua</strong></span> <span class='ocrx_word' id='word_1_377' title='bbox 1401 4710 1756 4777; x_wconf 88' lang='lat' dir='ltr'><strong>conscientia,</strong></span> <span class='ocrx_word' id='word_1_378' title='bbox 1799 4725 1908 4764; x_wconf 88' lang='lat' dir='ltr'><strong>non</strong></span> 
     </span>
    </p>
   </div>
   <div class='ocr_carea' id='block_1_52' title="bbox 316 4806 1901 4882">
    <p class='ocr_par' dir='ltr' id='par_1_52' title="bbox 316 4806 1901 4882">
     <span class='ocr_line' id='line_1_52' title="bbox 316 4806 1901 4882; baseline -0.003 -18"><span class='ocrx_word' id='word_1_379' title='bbox 316 4809 500 4882; x_wconf 89' lang='lat' dir='ltr'><strong>palam</strong></span> <span class='ocrx_word' id='word_1_380' title='bbox 529 4810 582 4864; x_wconf 88' lang='lat' dir='ltr'><strong>in</strong></span> <span class='ocrx_word' id='word_1_381' title='bbox 610 4810 784 4864; x_wconf 89' lang='lat' dir='ltr'><strong>aliena</strong></span> <span class='ocrx_word' id='word_1_382' title='bbox 813 4809 1020 4881; x_wconf 83' lang='lat' dir='ltr'><strong>lingua.</strong></span> <span class='ocrx_word' id='word_1_383' title='bbox 1051 4808 1414 4880; x_wconf 88' lang='lat' dir='ltr'><strong>Perfecti,qui</strong></span> <span class='ocrx_word' id='word_1_384' title='bbox 1444 4808 1554 4863; x_wconf 91' lang='lat' dir='ltr'><strong>alta</strong></span> <span class='ocrx_word' id='word_1_385' title='bbox 1584 4807 1767 4862; x_wconf 88' lang='lat' dir='ltr'><strong>radice</strong></span> <span class='ocrx_word' id='word_1_386' title='bbox 1789 4806 1901 4861; x_wconf 91' lang='lat' dir='ltr'><strong>fun-</strong></span> 
     </span>
    </p>
   </div>
   <div class='ocr_carea' id='block_1_53' title="bbox 318 4896 1908 4967">
    <p class='ocr_par' dir='ltr' id='par_1_53' title="bbox 318 4896 1908 4967">
     <span class='ocr_line' id='line_1_53' title="bbox 318 4896 1908 4967; baseline -0.002 -15"><span class='ocrx_word' id='word_1_387' title='bbox 318 4899 428 4952; x_wconf 90' lang='lat' dir='ltr'><strong>dati</strong></span> <span class='ocrx_word' id='word_1_388' title='bbox 457 4907 600 4967; x_wconf 90' lang='lat' dir='ltr'><strong>sunt,</strong></span> <span class='ocrx_word' id='word_1_389' title='bbox 635 4907 686 4953; x_wconf 92' lang='lat' dir='ltr'><strong>et</strong></span> <span class='ocrx_word' id='word_1_390' title='bbox 715 4899 760 4952; x_wconf 92' lang='lat' dir='ltr'><strong>si</strong></span> <span class='ocrx_word' id='word_1_391' title='bbox 806 4898 1020 4954; x_wconf 84' lang='lat' dir='ltr'><strong>ﬂamine</strong></span> <span class='ocrx_word' id='word_1_392' title='bbox 1051 4897 1227 4952; x_wconf 91' lang='lat' dir='ltr'><strong>laudis</strong></span> <span class='ocrx_word' id='word_1_393' title='bbox 1256 4913 1322 4953; x_wconf 85' lang='lat' dir='ltr'><strong>ac</strong></span> <span class='ocrx_word' id='word_1_394' title='bbox 1354 4896 1782 4965; x_wconf 86' lang='lat' dir='ltr'><strong>vituperationis,</strong></span> <span class='ocrx_word' id='word_1_395' title='bbox 1826 4903 1908 4950; x_wconf 90' lang='lat' dir='ltr'><strong>ut-</strong></span> 
     </span>
    </p>
   </div>
   <div class='ocr_carea' id='block_1_54' title="bbox 319 4985 1907 5058">
    <p class='ocr_par' dir='ltr' id='par_1_54' title="bbox 319 4985 1907 5058">
     <span class='ocr_line' id='line_1_54' title="bbox 319 4985 1907 5058; baseline -0.003 -14"><span class='ocrx_word' id='word_1_396' title='bbox 319 5002 534 5057; x_wconf 88' lang='lat' dir='ltr'><strong>cunque</strong></span> <span class='ocrx_word' id='word_1_397' title='bbox 591 4989 755 5058; x_wconf 89' lang='lat' dir='ltr'><strong>quasi</strong></span> <span class='ocrx_word' id='word_1_398' title='bbox 811 4997 1096 5043; x_wconf 89' lang='lat' dir='ltr'><strong>ventorum</strong></span> <span class='ocrx_word' id='word_1_399' title='bbox 1137 4986 1407 5042; x_wconf 90' lang='lat' dir='ltr'><strong>interdum</strong></span> <span class='ocrx_word' id='word_1_400' title='bbox 1461 4992 1751 5040; x_wconf 89' lang='lat' dir='ltr'><strong>curventur</strong></span> <span class='ocrx_word' id='word_1_401' title='bbox 1799 4985 1907 5040; x_wconf 89' lang='lat' dir='ltr'><strong>im-</strong></span> 
     </span>
    </p>
   </div>
   <div class='ocr_carea' id='block_1_55' title="bbox 317 5082 1908 5156">
    <p class='ocr_par' dir='ltr' id='par_1_55' title="bbox 317 5082 1908 5156">
     <span class='ocr_line' id='line_1_55' title="bbox 317 5082 1908 5156; baseline -0.001 -18"><span class='ocrx_word' id='word_1_402' title='bbox 317 5083 496 5156; x_wconf 91' lang='lat' dir='ltr'><strong>pulsu,</strong></span> <span class='ocrx_word' id='word_1_403' title='bbox 529 5083 770 5139; x_wconf 92' lang='lat' dir='ltr'><strong>funditus</strong></span> <span class='ocrx_word' id='word_1_404' title='bbox 819 5093 996 5140; x_wconf 91' lang='lat' dir='ltr'><strong>tamen</strong></span> <span class='ocrx_word' id='word_1_405' title='bbox 1043 5101 1149 5140; x_wconf 92' lang='lat' dir='ltr'><strong>non</strong></span> <span class='ocrx_word' id='word_1_406' title='bbox 1180 5082 1524 5154; x_wconf 85' lang='lat' dir='ltr'><strong>dejiciuntur,</strong></span> <span class='ocrx_word' id='word_1_407' title='bbox 1579 5083 1678 5137; x_wconf 83' lang='lat' dir='ltr'><strong>sed</strong></span> <span class='ocrx_word' id='word_1_408' title='bbox 1731 5083 1908 5152; x_wconf 87' lang='lat' dir='ltr'><strong>proti-</strong></span> 
     </span>
    </p>
   </div>
   <div class='ocr_carea' id='block_1_56' title="bbox 314 5172 1908 5229">
    <p class='ocr_par' dir='ltr' id='par_1_56' title="bbox 314 5172 1908 5229">
     <span class='ocr_line' id='line_1_56' title="bbox 314 5172 1908 5229; baseline -0.001 -2"><span class='ocrx_word' id='word_1_409' title='bbox 314 5189 418 5228; x_wconf 88' lang='lat' dir='ltr'><strong>nus</strong></span> <span class='ocrx_word' id='word_1_410' title='bbox 449 5172 707 5229; x_wconf 84' lang='lat' dir='ltr'><strong>ﬁrmitate</strong></span> <span class='ocrx_word' id='word_1_411' title='bbox 739 5173 936 5228; x_wconf 88' lang='lat' dir='ltr'><strong>radicis</strong></span> <span class='ocrx_word' id='word_1_412' title='bbox 965 5173 1034 5228; x_wconf 91' lang='lat' dir='ltr'><strong>ad</strong></span> <span class='ocrx_word' id='word_1_413' title='bbox 1064 5190 1124 5228; x_wconf 70' lang='lat' dir='ltr'><strong>se</strong></span> <span class='ocrx_word' id='word_1_414' title='bbox 1154 5173 1411 5228; x_wconf 86' lang='lat' dir='ltr'><strong>redeunt.</strong></span> <span class='ocrx_word' id='word_1_415' title='bbox 1454 5173 1597 5227; x_wconf 84' lang='lat' dir='ltr'><strong>Bona</strong></span> <span class='ocrx_word' id='word_1_416' title='bbox 1658 5188 1810 5226; x_wconf 77' lang='lat' dir='ltr'><strong>mens</strong></span> <span class='ocrx_word' id='word_1_417' title='bbox 1840 5172 1908 5226; x_wconf 87' lang='lat' dir='ltr'><strong>ad</strong></span> 
     </span>
    </p>
   </div>
   <div class='ocr_carea' id='block_1_57' title="bbox 315 5260 1908 5333">
    <p class='ocr_par' dir='ltr' id='par_1_57' title="bbox 315 5260 1908 5333">
     <span class='ocr_line' id='line_1_57' title="bbox 315 5260 1908 5333; baseline -0.001 -17"><span class='ocrx_word' id='word_1_418' title='bbox 315 5262 519 5317; x_wconf 90' lang='lat' dir='ltr'><strong>malum</strong></span> <span class='ocrx_word' id='word_1_419' title='bbox 553 5277 653 5318; x_wconf 90' lang='lat' dir='ltr'><strong>nec</strong></span> <span class='ocrx_word' id='word_1_420' title='bbox 683 5263 918 5333; x_wconf 62' lang='lat' dir='ltr'><strong>premiis</strong></span> <span class='ocrx_word' id='word_1_421' title='bbox 974 5277 1076 5318; x_wconf 89' lang='lat' dir='ltr'><strong>nec</strong></span> <span class='ocrx_word' id='word_1_422' title='bbox 1131 5261 1434 5318; x_wconf 82' lang='lat' dir='ltr'><strong>terroribus</strong></span> <span class='ocrx_word' id='word_1_423' title='bbox 1465 5260 1696 5316; x_wconf 87' lang='lat' dir='ltr'><strong>vincitur</strong></span> <span class='ocrx_word' id='word_1_424' title='bbox 1729 5278 1741 5323; x_wconf 92' lang='lat'><strong>;</strong></span> <span class='ocrx_word' id='word_1_425' title='bbox 1785 5277 1908 5314; x_wconf 92' lang='lat' dir='ltr'><strong>nam</strong></span> 
     </span>
    </p>
   </div>
   <div class='ocr_carea' id='block_1_58' title="bbox 313 5358 1908 5430">
    <p class='ocr_par' dir='ltr' id='par_1_58' title="bbox 313 5358 1908 5430">
     <span class='ocr_line' id='line_1_58' title="bbox 313 5358 1908 5430; baseline 0.001 -18"><span class='ocrx_word' id='word_1_426' title='bbox 313 5358 484 5430; x_wconf 91' lang='lat' dir='ltr'><strong>iniqui</strong></span> <span class='ocrx_word' id='word_1_427' title='bbox 550 5367 812 5414; x_wconf 91' lang='lat' dir='ltr'><strong>terrorem</strong></span> <span class='ocrx_word' id='word_1_428' title='bbox 878 5358 1154 5413; x_wconf 90' lang='lat' dir='ltr'><strong>blanditiis</strong></span> <span class='ocrx_word' id='word_1_429' title='bbox 1211 5358 1465 5428; x_wconf 83' lang='lat' dir='ltr'><strong>miscent,</strong></span> <span class='ocrx_word' id='word_1_430' title='bbox 1509 5365 1695 5413; x_wconf 91' lang='lat' dir='ltr'><strong>utaut</strong></span> <span class='ocrx_word' id='word_1_431' title='bbox 1749 5358 1908 5414; x_wconf 91' lang='lat' dir='ltr'><strong>oble-</strong></span> 
     </span>
    </p>
   </div>
   <div class='ocr_carea' id='block_1_59' title="bbox 313 5445 1902 5519">
    <p class='ocr_par' dir='ltr' id='par_1_59' title="bbox 313 5445 1902 5519">
     <span class='ocr_line' id='line_1_59' title="bbox 313 5445 1902 5519; baseline -0.001 -16"><span class='ocrx_word' id='word_1_432' title='bbox 313 5447 552 5504; x_wconf 90' lang='lat' dir='ltr'><strong>ctatione</strong></span> <span class='ocrx_word' id='word_1_433' title='bbox 582 5462 905 5519; x_wconf 84' lang='lat' dir='ltr'><strong>quemquam</strong></span> <span class='ocrx_word' id='word_1_434' title='bbox 937 5447 1229 5519; x_wconf 82' lang='lat' dir='ltr'><strong>decipiant,</strong></span> <span class='ocrx_word' id='word_1_435' title='bbox 1262 5456 1353 5502; x_wconf 91' lang='lat' dir='ltr'><strong>aut</strong></span> <span class='ocrx_word' id='word_1_436' title='bbox 1397 5447 1696 5502; x_wconf 86' lang='lat' dir='ltr'><strong>terroribus</strong></span> <span class='ocrx_word' id='word_1_437' title='bbox 1752 5445 1902 5502; x_wconf 82' lang='lat' dir='ltr'><strong>fran-</strong></span> 
     </span>
    </p>
   </div>
   <div class='ocr_carea' id='block_1_60' title="bbox 311 5543 463 5608">
    <p class='ocr_par' dir='ltr' id='par_1_60' title="bbox 311 5543 463 5608">
     <span class='ocr_line' id='line_1_60' title="bbox 311 5543 463 5608; baseline 0.007 -19"><span class='ocrx_word' id='word_1_438' title='bbox 311 5543 463 5608; x_wconf 86' lang='lat' dir='ltr'><strong>gant.</strong></span> 
     </span>
    </p>
   </div>
   <div class='ocr_carea' id='block_1_61' title="bbox 810 5651 1407 5724">
    <p class='ocr_par' dir='ltr' id='par_1_61' title="bbox 810 5651 1407 5724">
     <span class='ocr_line' id='line_1_61' title="bbox 810 5651 1407 5724; baseline 0 -19"><span class='ocrx_word' id='word_1_439' title='bbox 810 5651 886 5706; x_wconf 83' lang='lat' dir='ltr'><strong>De</strong></span> <span class='ocrx_word' id='word_1_440' title='bbox 914 5651 1080 5722; x_wconf 83' lang='lat' dir='ltr'><strong>falsis</strong></span> <span class='ocrx_word' id='word_1_441' title='bbox 1100 5651 1407 5724; x_wconf 78' lang='lat' dir='ltr'><strong>prophetis.</strong></span> 
     </span>
    </p>
   </div>
   <div class='ocr_carea' id='block_1_62' title="bbox 384 5774 1910 5850">
    <p class='ocr_par' dir='ltr' id='par_1_62' title="bbox 384 5774 1910 5850">
     <span class='ocr_line' id='line_1_62' title="bbox 384 5774 1910 5850; baseline 0.003 -19"><span class='ocrx_word' id='word_1_442' title='bbox 384 5774 560 5831; x_wconf 88' lang='lat' dir='ltr'><strong>Orare</strong></span> <span class='ocrx_word' id='word_1_443' title='bbox 588 5774 722 5831; x_wconf 85' lang='lat' dir='ltr'><strong>nihil</strong></span> <span class='ocrx_word' id='word_1_444' title='bbox 759 5774 904 5832; x_wconf 87' lang='lat' dir='ltr'><strong>aliud</strong></span> <span class='ocrx_word' id='word_1_445' title='bbox 942 5783 1026 5831; x_wconf 87' lang='lat' dir='ltr'><strong>est</strong></span> <span class='ocrx_word' id='word_1_446' title='bbox 1079 5790 1241 5849; x_wconf 87' lang='lat' dir='ltr'><strong>quam</strong></span> <span class='ocrx_word' id='word_1_447' title='bbox 1297 5792 1490 5833; x_wconf 88' lang='lat' dir='ltr'><strong>verum</strong></span> <span class='ocrx_word' id='word_1_448' title='bbox 1545 5783 1737 5849; x_wconf 87' lang='lat' dir='ltr'><strong>putare</strong></span> <span class='ocrx_word' id='word_1_449' title='bbox 1765 5777 1910 5850; x_wconf 91' lang='lat' dir='ltr'><strong>quod</strong></span> 
     </span>
    </p>
   </div>
   <div class='ocr_carea' id='block_1_63' title="bbox 2028 503 3619 570">
    <p class='ocr_par' dir='ltr' id='par_1_63' title="bbox 2028 503 3619 570">
     <span class='ocr_line' id='line_1_63' title="bbox 2028 503 3619 570; baseline 0.005 -17"><span class='ocrx_word' id='word_1_450' title='bbox 2028 503 2212 556; x_wconf 90' lang='lat' dir='ltr'><strong>tumve</strong></span> <span class='ocrx_word' id='word_1_451' title='bbox 2233 518 2334 570; x_wconf 90' lang='lat' dir='ltr'><strong>pro</strong></span> <span class='ocrx_word' id='word_1_452' title='bbox 2364 510 2535 567; x_wconf 91' lang='lat' dir='ltr'><strong>certo,</strong></span> <span class='ocrx_word' id='word_1_453' title='bbox 2569 505 2687 558; x_wconf 88' lang='lat' dir='ltr'><strong>sive</strong></span> <span class='ocrx_word' id='word_1_454' title='bbox 2721 503 2907 558; x_wconf 89' lang='lat' dir='ltr'><strong>falsum</strong></span> <span class='ocrx_word' id='word_1_455' title='bbox 2967 505 3036 558; x_wconf 89' lang='lat' dir='ltr'><strong>sit</strong></span> <span class='ocrx_word' id='word_1_456' title='bbox 3067 505 3180 560; x_wconf 91' lang='lat' dir='ltr'><strong>sive</strong></span> <span class='ocrx_word' id='word_1_457' title='bbox 3210 521 3423 560; x_wconf 90' lang='lat' dir='ltr'><strong>verum.</strong></span> <span class='ocrx_word' id='word_1_458' title='bbox 3463 505 3619 561; x_wconf 88' lang='lat' dir='ltr'><strong>Unde</strong></span> 
     </span>
    </p>
   </div>
   <div class='ocr_carea' id='block_1_64' title="bbox 2029 590 3622 664">
    <p class='ocr_par' dir='ltr' id='par_1_64' title="bbox 2029 590 3622 664">
     <span class='ocr_line' id='line_1_64' title="bbox 2029 590 3622 664; baseline 0.003 -21"><span class='ocrx_word' id='word_1_459' title='bbox 2029 598 2078 643; x_wconf 89' lang='lat' dir='ltr'><strong>et</strong></span> <span class='ocrx_word' id='word_1_460' title='bbox 2108 590 2335 646; x_wconf 65' lang='lat' dir='ltr'><strong>hmritici</strong></span> <span class='ocrx_word' id='word_1_461' title='bbox 2387 591 2473 646; x_wconf 91' lang='lat' dir='ltr'><strong>vel</strong></span> <span class='ocrx_word' id='word_1_462' title='bbox 2504 591 2627 646; x_wconf 80' lang='lat' dir='ltr'><strong>falsi</strong></span> <span class='ocrx_word' id='word_1_463' title='bbox 2680 594 2957 662; x_wconf 65' lang='lat' dir='ltr'><strong>pr0phetze</strong></span> <span class='ocrx_word' id='word_1_464' title='bbox 3014 593 3510 664; x_wconf 74' lang='lat' dir='ltr'><strong>pseudoprOphetae</strong></span> <span class='ocrx_word' id='word_1_465' title='bbox 3540 594 3622 648; x_wconf 90' lang='lat' dir='ltr'><strong>di-</strong></span> 
     </span>
    </p>
   </div>
   <div class='ocr_carea' id='block_1_65' title="bbox 2028 687 3623 761">
    <p class='ocr_par' dir='ltr' id='par_1_65' title="bbox 2028 687 3623 761">
     <span class='ocr_line' id='line_1_65' title="bbox 2028 687 3623 761; baseline 0.005 -23"><span class='ocrx_word' id='word_1_466' title='bbox 2028 692 2240 750; x_wconf 87' lang='lat' dir='ltr'><strong>cuntur,</strong></span> <span class='ocrx_word' id='word_1_467' title='bbox 2274 687 2401 756; x_wconf 87' lang='lat' dir='ltr'><strong>quia</strong></span> <span class='ocrx_word' id='word_1_468' title='bbox 2432 687 2742 759; x_wconf 87' lang='lat' dir='ltr'><strong>Scripturas</strong></span> <span class='ocrx_word' id='word_1_469' title='bbox 2772 706 2878 744; x_wconf 91' lang='lat' dir='ltr'><strong>non</strong></span> <span class='ocrx_word' id='word_1_470' title='bbox 2911 705 3050 745; x_wconf 89' lang='lat' dir='ltr'><strong>sano</strong></span> <span class='ocrx_word' id='word_1_471' title='bbox 3078 706 3242 746; x_wconf 88' lang='lat' dir='ltr'><strong>sensu</strong></span> <span class='ocrx_word' id='word_1_472' title='bbox 3271 691 3506 761; x_wconf 90' lang='lat' dir='ltr'><strong>sapiunt,</strong></span> <span class='ocrx_word' id='word_1_473' title='bbox 3526 690 3623 746; x_wconf 89' lang='lat' dir='ltr'><strong>sed</strong></span> 
     </span>
    </p>
   </div>
   <div class='ocr_carea' id='block_1_66' title="bbox 2029 775 3622 852">
    <p class='ocr_par' dir='ltr' id='par_1_66' title="bbox 2029 775 3622 852">
     <span class='ocr_line' id='line_1_66' title="bbox 2029 775 3622 852; baseline 0.005 -24"><span class='ocrx_word' id='word_1_474' title='bbox 2029 789 2120 828; x_wconf 88' lang='lat' dir='ltr'><strong>eas</strong></span> <span class='ocrx_word' id='word_1_475' title='bbox 2150 775 2220 828; x_wconf 89' lang='lat' dir='ltr'><strong>ad</strong></span> <span class='ocrx_word' id='word_1_476' title='bbox 2277 791 2515 831; x_wconf 89' lang='lat' dir='ltr'><strong>errorem</strong></span> <span class='ocrx_word' id='word_1_477' title='bbox 2547 794 2725 848; x_wconf 63' lang='lat' dir='ltr'><strong>prava:</strong></span> <span class='ocrx_word' id='word_1_478' title='bbox 2763 779 3137 850; x_wconf 70' lang='lat' dir='ltr'><strong>intelligentiae</strong></span> <span class='ocrx_word' id='word_1_479' title='bbox 3164 780 3365 835; x_wconf 91' lang='lat' dir='ltr'><strong>ducunt</strong></span> <span class='ocrx_word' id='word_1_480' title='bbox 3395 801 3413 847; x_wconf 90' lang='lat'><strong><em>;</em></strong></span> <span class='ocrx_word' id='word_1_481' title='bbox 3445 796 3622 852; x_wconf 90' lang='lat' dir='ltr'><strong>neque</strong></span> 
     </span>
    </p>
   </div>
   <div class='ocr_carea' id='block_1_67' title="bbox 2029 861 3622 940">
    <p class='ocr_par' dir='ltr' id='par_1_67' title="bbox 2029 861 3622 940">
     <span class='ocr_line' id='line_1_67' title="bbox 2029 861 3622 940; baseline 0.006 -26"><span class='ocrx_word' id='word_1_482' title='bbox 2029 861 2354 932; x_wconf 88' lang='lat' dir='ltr'><strong>semetipsos</strong></span> <span class='ocrx_word' id='word_1_483' title='bbox 2384 879 2571 918; x_wconf 89' lang='lat' dir='ltr'><strong>earum</strong></span> <span class='ocrx_word' id='word_1_484' title='bbox 2620 866 2872 920; x_wconf 90' lang='lat' dir='ltr'><strong>sensibus</strong></span> <span class='ocrx_word' id='word_1_485' title='bbox 2923 865 3178 934; x_wconf 89' lang='lat' dir='ltr'><strong>subdunt,</strong></span> <span class='ocrx_word' id='word_1_486' title='bbox 3240 867 3456 923; x_wconf 90' lang='lat' dir='ltr'><strong>sedeas</strong></span> <span class='ocrx_word' id='word_1_487' title='bbox 3486 885 3622 940; x_wconf 89' lang='lat' dir='ltr'><strong>per-</strong></span> 
     </span>
    </p>
   </div>
   <div class='ocr_carea' id='block_1_68' title="bbox 2028 961 3622 1034">
    <p class='ocr_par' dir='ltr' id='par_1_68' title="bbox 2028 961 3622 1034">
     <span class='ocr_line' id='line_1_68' title="bbox 2028 961 3622 1034; baseline 0.005 -20"><span class='ocrx_word' id='word_1_488' title='bbox 2028 975 2189 1014; x_wconf 86' lang='lat' dir='ltr'><strong>verse</strong></span> <span class='ocrx_word' id='word_1_489' title='bbox 2218 961 2287 1014; x_wconf 89' lang='lat' dir='ltr'><strong>ad</strong></span> <span class='ocrx_word' id='word_1_490' title='bbox 2317 977 2557 1016; x_wconf 87' lang='lat' dir='ltr'><strong>errorem</strong></span> <span class='ocrx_word' id='word_1_491' title='bbox 2591 966 2871 1034; x_wconf 89' lang='lat' dir='ltr'><strong>pr0prium</strong></span> <span class='ocrx_word' id='word_1_492' title='bbox 2903 965 3144 1020; x_wconf 91' lang='lat' dir='ltr'><strong>trahunt.</strong></span> <span class='ocrx_word' id='word_1_493' title='bbox 3185 967 3444 1021; x_wconf 89' lang='lat' dir='ltr'><strong>Doctores</strong></span> <span class='ocrx_word' id='word_1_494' title='bbox 3469 981 3622 1022; x_wconf 88' lang='lat' dir='ltr'><strong>erro-</strong></span> 
     </span>
    </p>
   </div>
   <div class='ocr_carea' id='block_1_69' title="bbox 2029 1047 3627 1126">
    <p class='ocr_par' dir='ltr' id='par_1_69' title="bbox 2029 1047 3627 1126">
     <span class='ocr_line' id='line_1_69' title="bbox 2029 1047 3627 1126; baseline 0.004 -24"><span class='ocrx_word' id='word_1_495' title='bbox 2029 1063 2167 1114; x_wconf 88' lang='lat' dir='ltr'><strong>rum,</strong></span> <span class='ocrx_word' id='word_1_496' title='bbox 2199 1047 2409 1105; x_wconf 87' lang='lat' dir='ltr'><strong>scilicet</strong></span> <span class='ocrx_word' id='word_1_497' title='bbox 2437 1051 2700 1118; x_wconf 74' lang='lat' dir='ltr'><strong>haeretici,</strong></span> <span class='ocrx_word' id='word_1_498' title='bbox 2733 1053 2912 1123; x_wconf 88' lang='lat' dir='ltr'><strong>pravis</strong></span> <span class='ocrx_word' id='word_1_499' title='bbox 2940 1055 3404 1124; x_wconf 88' lang='lat' dir='ltr'><strong>persuasionibus,</strong></span> <span class='ocrx_word' id='word_1_500' title='bbox 3425 1055 3499 1110; x_wconf 89' lang='lat' dir='ltr'><strong>ita</strong></span> <span class='ocrx_word' id='word_1_501' title='bbox 3529 1072 3627 1126; x_wconf 91' lang='lat' dir='ltr'><strong>per</strong></span> 
     </span>
    </p>
   </div>
   <div class='ocr_carea' id='block_1_70' title="bbox 2030 1138 3625 1212">
    <p class='ocr_par' dir='ltr' id='par_1_70' title="bbox 2030 1138 3625 1212">
     <span class='ocr_line' id='line_1_70' title="bbox 2030 1138 3625 1212; baseline 0.005 -21"><span class='ocrx_word' id='word_1_502' title='bbox 2030 1145 2360 1209; x_wconf 87' lang='lat' dir='ltr'><strong>argumenta</strong></span> <span class='ocrx_word' id='word_1_503' title='bbox 2389 1138 2771 1196; x_wconf 68' lang='lat' dir='ltr'><strong>fraudulentiae</strong></span> <span class='ocrx_word' id='word_1_504' title='bbox 2793 1157 2922 1196; x_wconf 91' lang='lat' dir='ltr'><strong>suos</strong></span> <span class='ocrx_word' id='word_1_505' title='bbox 2967 1141 3184 1212; x_wconf 88' lang='lat' dir='ltr'><strong>illigant</strong></span> <span class='ocrx_word' id='word_1_506' title='bbox 3231 1143 3532 1211; x_wconf 84' lang='lat' dir='ltr'><strong>auditores,</strong></span> <span class='ocrx_word' id='word_1_507' title='bbox 3565 1151 3625 1199; x_wconf 92' lang='lat' dir='ltr'><strong>ut</strong></span> 
     </span>
    </p>
   </div>
   <div class='ocr_carea' id='block_1_71' title="bbox 2032 1235 3621 1312">
    <p class='ocr_par' dir='ltr' id='par_1_71' title="bbox 2032 1235 3621 1312">
     <span class='ocr_line' id='line_1_71' title="bbox 2032 1235 3621 1312; baseline 0.004 -23"><span class='ocrx_word' id='word_1_508' title='bbox 2032 1251 2127 1290; x_wconf 91' lang='lat' dir='ltr'><strong>eos</strong></span> <span class='ocrx_word' id='word_1_509' title='bbox 2156 1235 2307 1308; x_wconf 90' lang='lat' dir='ltr'><strong>quasi</strong></span> <span class='ocrx_word' id='word_1_510' title='bbox 2337 1236 2647 1308; x_wconf 85' lang='lat' dir='ltr'><strong>labyrintho</strong></span> <span class='ocrx_word' id='word_1_511' title='bbox 2677 1237 2974 1310; x_wconf 90' lang='lat' dir='ltr'><strong>implicent,</strong></span> <span class='ocrx_word' id='word_1_512' title='bbox 3001 1255 3033 1295; x_wconf 90' lang='lat' dir='ltr'><strong>a</strong></span> <span class='ocrx_word' id='word_1_513' title='bbox 3062 1255 3167 1312; x_wconf 91' lang='lat' dir='ltr'><strong>quo</strong></span> <span class='ocrx_word' id='word_1_514' title='bbox 3197 1241 3352 1296; x_wconf 83' lang='lat' dir='ltr'><strong>exire</strong></span> <span class='ocrx_word' id='word_1_515' title='bbox 3378 1256 3487 1297; x_wconf 91' lang='lat' dir='ltr'><strong>non</strong></span> <span class='ocrx_word' id='word_1_516' title='bbox 3515 1255 3621 1296; x_wconf 89' lang='lat' dir='ltr'><strong>va-</strong></span> 
     </span>
    </p>
   </div>
   <div class='ocr_carea' id='block_1_72' title="bbox 2028 1323 3625 1394">
    <p class='ocr_par' dir='ltr' id='par_1_72' title="bbox 2028 1323 3625 1394">
     <span class='ocr_line' id='line_1_72' title="bbox 2028 1323 3625 1394; baseline 0.004 -15"><span class='ocrx_word' id='word_1_517' title='bbox 2028 1323 2194 1380; x_wconf 89' lang='lat' dir='ltr'><strong>leant.</strong></span> <span class='ocrx_word' id='word_1_518' title='bbox 2226 1326 2396 1381; x_wconf 90' lang='lat' dir='ltr'><strong>Tanta</strong></span> <span class='ocrx_word' id='word_1_519' title='bbox 2457 1333 2540 1381; x_wconf 89' lang='lat' dir='ltr'><strong>est</strong></span> <span class='ocrx_word' id='word_1_520' title='bbox 2597 1327 2974 1383; x_wconf 68' lang='lat' dir='ltr'><strong>haereticorum</strong></span> <span class='ocrx_word' id='word_1_521' title='bbox 3031 1329 3314 1394; x_wconf 86' lang='lat' dir='ltr'><strong>calliditas,</strong></span> <span class='ocrx_word' id='word_1_522' title='bbox 3374 1337 3433 1384; x_wconf 91' lang='lat' dir='ltr'><strong>ut</strong></span> <span class='ocrx_word' id='word_1_523' title='bbox 3489 1328 3625 1386; x_wconf 84' lang='lat' dir='ltr'><strong>falsa</strong></span> 
     </span>
    </p>
   </div>
   <div class='ocr_carea' id='block_1_73' title="bbox 2035 1413 3627 1492">
    <p class='ocr_par' dir='ltr' id='par_1_73' title="bbox 2035 1413 3627 1492">
     <span class='ocr_line' id='line_1_73' title="bbox 2035 1413 3627 1492; baseline 0.004 -23"><span class='ocrx_word' id='word_1_524' title='bbox 2035 1413 2176 1469; x_wconf 86' lang='lat' dir='ltr'><strong>veris</strong></span> <span class='ocrx_word' id='word_1_525' title='bbox 2231 1413 2484 1484; x_wconf 89' lang='lat' dir='ltr'><strong>malaque</strong></span> <span class='ocrx_word' id='word_1_526' title='bbox 2539 1415 2698 1471; x_wconf 85' lang='lat' dir='ltr'><strong>bonis</strong></span> <span class='ocrx_word' id='word_1_527' title='bbox 2762 1417 3147 1487; x_wconf 91' lang='lat' dir='ltr'><strong>permisceant,</strong></span> <span class='ocrx_word' id='word_1_528' title='bbox 3190 1417 3627 1492; x_wconf 87' lang='lat' dir='ltr'><strong>salutaribusque</strong></span> 
     </span>
    </p>
   </div>
   <div class='ocr_carea' id='block_1_74' title="bbox 2030 1512 3627 1589">
    <p class='ocr_par' dir='ltr' id='par_1_74' title="bbox 2030 1512 3627 1589">
     <span class='ocr_line' id='line_1_74' title="bbox 2030 1512 3627 1589; baseline 0.004 -22"><span class='ocrx_word' id='word_1_529' title='bbox 2030 1512 2196 1568; x_wconf 85' lang='lat' dir='ltr'><strong>rebus</strong></span> <span class='ocrx_word' id='word_1_530' title='bbox 2258 1513 2590 1587; x_wconf 89' lang='lat' dir='ltr'><strong>plerumque</strong></span> <span class='ocrx_word' id='word_1_531' title='bbox 2659 1531 2906 1570; x_wconf 90' lang='lat' dir='ltr'><strong>errorum</strong></span> <span class='ocrx_word' id='word_1_532' title='bbox 2946 1516 3094 1572; x_wconf 89' lang='lat' dir='ltr'><strong>virus</strong></span> <span class='ocrx_word' id='word_1_533' title='bbox 3133 1517 3475 1585; x_wconf 85' lang='lat' dir='ltr'><strong>interserant,</strong></span> <span class='ocrx_word' id='word_1_534' title='bbox 3518 1532 3627 1589; x_wconf 90' lang='lat' dir='ltr'><strong>quo</strong></span> 
     </span>
    </p>
   </div>
   <div class='ocr_carea' id='block_1_75' title="bbox 2029 1599 3626 1678">
    <p class='ocr_par' dir='ltr' id='par_1_75' title="bbox 2029 1599 3626 1678">
     <span class='ocr_line' id='line_1_75' title="bbox 2029 1599 3626 1678; baseline 0.003 -23"><span class='ocrx_word' id='word_1_535' title='bbox 2029 1599 2245 1656; x_wconf 84' lang='lat' dir='ltr'><strong>facilius</strong></span> <span class='ocrx_word' id='word_1_536' title='bbox 2273 1602 2482 1673; x_wconf 89' lang='lat' dir='ltr'><strong>possint</strong></span> <span class='ocrx_word' id='word_1_537' title='bbox 2539 1603 2864 1674; x_wconf 90' lang='lat' dir='ltr'><strong>pravitatem</strong></span> <span class='ocrx_word' id='word_1_538' title='bbox 2929 1605 3178 1676; x_wconf 88' lang='lat' dir='ltr'><strong>perversi</strong></span> <span class='ocrx_word' id='word_1_539' title='bbox 3225 1605 3498 1678; x_wconf 86' lang='lat' dir='ltr'><strong>dogmatis</strong></span> <span class='ocrx_word' id='word_1_540' title='bbox 3521 1606 3626 1661; x_wconf 86' lang='lat' dir='ltr'><strong>sub</strong></span> 
     </span>
    </p>
   </div>
   <div class='ocr_carea' id='block_1_76' title="bbox 2031 1690 3627 1764">
    <p class='ocr_par' dir='ltr' id='par_1_76' title="bbox 2031 1690 3627 1764">
     <span class='ocr_line' id='line_1_76' title="bbox 2031 1690 3627 1764; baseline 0.004 -21"><span class='ocrx_word' id='word_1_541' title='bbox 2031 1690 2214 1760; x_wconf 90' lang='lat' dir='ltr'><strong>specie</strong></span> <span class='ocrx_word' id='word_1_542' title='bbox 2244 1692 2574 1762; x_wconf 91' lang='lat' dir='ltr'><strong>persuadere</strong></span> <span class='ocrx_word' id='word_1_543' title='bbox 2629 1693 2891 1749; x_wconf 85' lang='lat' dir='ltr'><strong>veritatis.</strong></span> <span class='ocrx_word' id='word_1_544' title='bbox 2957 1693 3289 1764; x_wconf 88' lang='lat' dir='ltr'><strong>Plerumque</strong></span> <span class='ocrx_word' id='word_1_545' title='bbox 3347 1694 3450 1748; x_wconf 88' lang='lat' dir='ltr'><strong>sub</strong></span> <span class='ocrx_word' id='word_1_546' title='bbox 3522 1709 3627 1750; x_wconf 90' lang='lat' dir='ltr'><strong>no-</strong></span> 
     </span>
    </p>
   </div>
   <div class='ocr_carea' id='block_1_77' title="bbox 2030 1785 3632 1846">
    <p class='ocr_par' dir='ltr' id='par_1_77' title="bbox 2030 1785 3632 1846">
     <span class='ocr_line' id='line_1_77' title="bbox 2030 1785 3632 1846; baseline 0.004 -7"><span class='ocrx_word' id='word_1_547' title='bbox 2030 1785 2174 1840; x_wconf 91' lang='lat' dir='ltr'><strong>mine</strong></span> <span class='ocrx_word' id='word_1_548' title='bbox 2233 1787 2624 1843; x_wconf 87' lang='lat' dir='ltr'><strong>catholicorum</strong></span> <span class='ocrx_word' id='word_1_549' title='bbox 2701 1790 2985 1844; x_wconf 85' lang='lat' dir='ltr'><strong>doctorum</strong></span> <span class='ocrx_word' id='word_1_550' title='bbox 3043 1791 3285 1846; x_wconf 69' lang='lat' dir='ltr'><strong>haeretici</strong></span> <span class='ocrx_word' id='word_1_551' title='bbox 3341 1805 3440 1845; x_wconf 90' lang='lat' dir='ltr'><strong>sua</strong></span> <span class='ocrx_word' id='word_1_552' title='bbox 3485 1789 3632 1846; x_wconf 88' lang='lat' dir='ltr'><strong>dicta</strong></span> 
     </span>
    </p>
   </div>
   <div class='ocr_carea' id='block_1_78' title="bbox 2031 1875 3628 1943">
    <p class='ocr_par' dir='ltr' id='par_1_78' title="bbox 2031 1875 3628 1943">
     <span class='ocr_line' id='line_1_78' title="bbox 2031 1875 3628 1943; baseline 0.003 -12"><span class='ocrx_word' id='word_1_553' title='bbox 2031 1875 2402 1943; x_wconf 76' lang='lat' dir='ltr'><strong>conscribuut,</strong></span> <span class='ocrx_word' id='word_1_554' title='bbox 2436 1885 2492 1930; x_wconf 94' lang='lat' dir='ltr'><strong>ut</strong></span> <span class='ocrx_word' id='word_1_555' title='bbox 2541 1877 2909 1933; x_wconf 84' lang='lat' dir='ltr'><strong>indubitanter</strong></span> <span class='ocrx_word' id='word_1_556' title='bbox 2937 1878 3080 1934; x_wconf 87' lang='lat' dir='ltr'><strong>lecta</strong></span> <span class='ocrx_word' id='word_1_557' title='bbox 3111 1879 3433 1934; x_wconf 82' lang='lat' dir='ltr'><strong>credantur.</strong></span> <span class='ocrx_word' id='word_1_558' title='bbox 3469 1880 3628 1935; x_wconf 90' lang='lat' dir='ltr'><strong>Non-</strong></span> 
     </span>
    </p>
   </div>
   <div class='ocr_carea' id='block_1_79' title="bbox 2031 1965 3630 2036">
    <p class='ocr_par' dir='ltr' id='par_1_79' title="bbox 2031 1965 3630 2036">
     <span class='ocr_line' id='line_1_79' title="bbox 2031 1965 3630 2036; baseline 0.004 -19"><span class='ocrx_word' id='word_1_559' title='bbox 2031 1980 2305 2034; x_wconf 89' lang='lat' dir='ltr'><strong>nunquam</strong></span> <span class='ocrx_word' id='word_1_560' title='bbox 2360 1965 2730 2036; x_wconf 88' lang='lat' dir='ltr'><strong>blasphemias</strong></span> <span class='ocrx_word' id='word_1_561' title='bbox 2788 1983 2915 2020; x_wconf 79' lang='lat' dir='ltr'><strong>suas</strong></span> <span class='ocrx_word' id='word_1_562' title='bbox 2963 1967 3152 2022; x_wconf 90' lang='lat' dir='ltr'><strong>latenti</strong></span> <span class='ocrx_word' id='word_1_563' title='bbox 3211 1968 3341 2023; x_wconf 90' lang='lat' dir='ltr'><strong>dolo</strong></span> <span class='ocrx_word' id='word_1_564' title='bbox 3368 1967 3424 2022; x_wconf 91' lang='lat' dir='ltr'><strong>in</strong></span> <span class='ocrx_word' id='word_1_565' title='bbox 3470 1968 3630 2023; x_wconf 88' lang='lat' dir='ltr'><strong>libris</strong></span> 
     </span>
    </p>
   </div>
   <div class='ocr_carea' id='block_1_80' title="bbox 2033 2062 3632 2134">
    <p class='ocr_par' dir='ltr' id='par_1_80' title="bbox 2033 2062 3632 2134">
     <span class='ocr_line' id='line_1_80' title="bbox 2033 2062 3632 2134; baseline 0.005 -21"><span class='ocrx_word' id='word_1_566' title='bbox 2033 2068 2340 2116; x_wconf 87' lang='lat' dir='ltr'><strong>nostrorum</strong></span> <span class='ocrx_word' id='word_1_567' title='bbox 2373 2062 2722 2128; x_wconf 91' lang='lat' dir='ltr'><strong>interserunt,</strong></span> <span class='ocrx_word' id='word_1_568' title='bbox 2756 2063 3174 2134; x_wconf 89' lang='lat' dir='ltr'><strong>doctrinamque</strong></span> <span class='ocrx_word' id='word_1_569' title='bbox 3205 2081 3394 2120; x_wconf 90' lang='lat' dir='ltr'><strong>veram</strong></span> <span class='ocrx_word' id='word_1_570' title='bbox 3424 2065 3632 2121; x_wconf 88' lang='lat' dir='ltr'><strong>adulte-</strong></span> 
     </span>
    </p>
   </div>
   <div class='ocr_carea' id='block_1_81' title="bbox 2033 2149 3632 2225">
    <p class='ocr_par' dir='ltr' id='par_1_81' title="bbox 2033 2149 3632 2225">
     <span class='ocr_line' id='line_1_81' title="bbox 2033 2149 3632 2225; baseline 0.004 -22"><span class='ocrx_word' id='word_1_571' title='bbox 2033 2149 2206 2204; x_wconf 91' lang='lat' dir='ltr'><strong>rando</strong></span> <span class='ocrx_word' id='word_1_572' title='bbox 2227 2159 2597 2220; x_wconf 87' lang='lat' dir='ltr'><strong>corrumpunt,</strong></span> <span class='ocrx_word' id='word_1_573' title='bbox 2622 2153 2830 2208; x_wconf 91' lang='lat' dir='ltr'><strong>scilicet</strong></span> <span class='ocrx_word' id='word_1_574' title='bbox 2859 2153 2944 2209; x_wconf 90' lang='lat' dir='ltr'><strong>vel</strong></span> <span class='ocrx_word' id='word_1_575' title='bbox 2975 2153 3284 2222; x_wconf 89' lang='lat' dir='ltr'><strong>adjiciendo</strong></span> <span class='ocrx_word' id='word_1_576' title='bbox 3316 2171 3436 2225; x_wconf 81' lang='lat' dir='ltr'><strong>quae</strong></span> <span class='ocrx_word' id='word_1_577' title='bbox 3463 2154 3632 2225; x_wconf 86' lang='lat' dir='ltr'><strong>impia</strong></span> 
     </span>
    </p>
   </div>
   <div class='ocr_carea' id='block_1_82' title="bbox 2032 2239 3628 2311">
    <p class='ocr_par' dir='ltr' id='par_1_82' title="bbox 2032 2239 3628 2311">
     <span class='ocr_line' id='line_1_82' title="bbox 2032 2239 3628 2311; baseline 0.003 -19"><span class='ocrx_word' id='word_1_578' title='bbox 2032 2246 2176 2305; x_wconf 89' lang='lat' dir='ltr'><strong>sunt,</strong></span> <span class='ocrx_word' id='word_1_579' title='bbox 2209 2239 2294 2294; x_wconf 89' lang='lat' dir='ltr'><strong>vel</strong></span> <span class='ocrx_word' id='word_1_580' title='bbox 2326 2239 2622 2296; x_wconf 85' lang='lat' dir='ltr'><strong>auferendo</strong></span> <span class='ocrx_word' id='word_1_581' title='bbox 2652 2258 2772 2310; x_wconf 63' lang='lat' dir='ltr'><strong>qua</strong></span> <span class='ocrx_word' id='word_1_582' title='bbox 2800 2242 2890 2311; x_wconf 90' lang='lat' dir='ltr'><strong>pia</strong></span> <span class='ocrx_word' id='word_1_583' title='bbox 2920 2250 3063 2296; x_wconf 89' lang='lat' dir='ltr'><strong>sunt.</strong></span> <span class='ocrx_word' id='word_1_584' title='bbox 3096 2243 3265 2297; x_wconf 87' lang='lat' dir='ltr'><strong>Caute</strong></span> <span class='ocrx_word' id='word_1_585' title='bbox 3294 2243 3628 2310; x_wconf 90' lang='lat' dir='ltr'><strong>meditanda,</strong></span> 
     </span>
    </p>
   </div>
   <div class='ocr_carea' id='block_1_83' title="bbox 2032 2339 3628 2411">
    <p class='ocr_par' dir='ltr' id='par_1_83' title="bbox 2032 2339 3628 2411">
     <span class='ocr_line' id='line_1_83' title="bbox 2032 2339 3628 2411; baseline 0.002 -19"><span class='ocrx_word' id='word_1_586' title='bbox 2032 2345 2301 2408; x_wconf 88' lang='lat' dir='ltr'><strong>cautoque</strong></span> <span class='ocrx_word' id='word_1_587' title='bbox 2339 2353 2504 2392; x_wconf 90' lang='lat' dir='ltr'><strong>sensu</strong></span> <span class='ocrx_word' id='word_1_588' title='bbox 2545 2339 2832 2409; x_wconf 89' lang='lat' dir='ltr'><strong>probanda</strong></span> <span class='ocrx_word' id='word_1_589' title='bbox 2909 2347 3036 2393; x_wconf 90' lang='lat' dir='ltr'><strong>sunt</strong></span> <span class='ocrx_word' id='word_1_590' title='bbox 3092 2357 3212 2411; x_wconf 70' lang='lat' dir='ltr'><strong>qua:</strong></span> <span class='ocrx_word' id='word_1_591' title='bbox 3262 2339 3536 2409; x_wconf 82' lang='lat' dir='ltr'><strong>leguntur,</strong></span> <span class='ocrx_word' id='word_1_592' title='bbox 3567 2347 3628 2395; x_wconf 90' lang='lat' dir='ltr'><strong>ut</strong></span> 
     </span>
    </p>
   </div>
   <div class='ocr_carea' id='block_1_84' title="bbox 2026 2425 3635 2498">
    <p class='ocr_par' dir='ltr' id='par_1_84' title="bbox 2026 2425 3635 2498">
     <span class='ocr_line' id='line_1_84' title="bbox 2026 2425 3635 2498; baseline 0.003 -19"><span class='ocrx_word' id='word_1_593' title='bbox 2026 2426 2176 2494; x_wconf 76' lang='lat' dir='ltr'><strong>juxta</strong></span> <span class='ocrx_word' id='word_1_594' title='bbox 2208 2425 2510 2496; x_wconf 88' lang='lat' dir='ltr'><strong>apostolica</strong></span> <span class='ocrx_word' id='word_1_595' title='bbox 2538 2427 2761 2492; x_wconf 88' lang='lat' dir='ltr'><strong>monita,</strong></span> <span class='ocrx_word' id='word_1_596' title='bbox 2792 2435 2844 2482; x_wconf 92' lang='lat' dir='ltr'><strong>et</strong></span> <span class='ocrx_word' id='word_1_597' title='bbox 2871 2435 3152 2483; x_wconf 88' lang='lat' dir='ltr'><strong>teneamus</strong></span> <span class='ocrx_word' id='word_1_598' title='bbox 3183 2445 3305 2498; x_wconf 68' lang='lat' dir='ltr'><strong>qua:</strong></span> <span class='ocrx_word' id='word_1_599' title='bbox 3335 2437 3486 2484; x_wconf 90' lang='lat' dir='ltr'><strong>recta</strong></span> <span class='ocrx_word' id='word_1_600' title='bbox 3506 2436 3635 2484; x_wconf 89' lang='lat' dir='ltr'><strong>sunt</strong></span> 
     </span>
    </p>
   </div>
   <div class='ocr_carea' id='block_1_85' title="bbox 2034 2514 3632 2587">
    <p class='ocr_par' dir='ltr' id='par_1_85' title="bbox 2034 2514 3632 2587">
     <span class='ocr_line' id='line_1_85' title="bbox 2034 2514 3632 2587; baseline 0.001 -17"><span class='ocrx_word' id='word_1_601' title='bbox 2034 2515 2083 2582; x_wconf 93' lang='grc'><strong>(1</strong></span> <span class='ocrx_word' id='word_1_602' title='bbox 2111 2514 2298 2570; x_wconf 82' lang='lat' dir='ltr'><strong>Thess.</strong></span> <span class='ocrx_word' id='word_1_603' title='bbox 2343 2517 2410 2580; x_wconf 81' lang='lat' dir='ltr'><strong>v).</strong></span> <span class='ocrx_word' id='word_1_604' title='bbox 2472 2525 2523 2570; x_wconf 91' lang='lat' dir='ltr'><strong>et</strong></span> <span class='ocrx_word' id='word_1_605' title='bbox 2578 2515 2871 2572; x_wconf 78' lang='lat' dir='ltr'><strong>refutemus</strong></span> <span class='ocrx_word' id='word_1_606' title='bbox 2935 2533 3057 2587; x_wconf 83' lang='lat' dir='ltr'><strong>quae</strong></span> <span class='ocrx_word' id='word_1_607' title='bbox 3092 2517 3370 2572; x_wconf 85' lang='lat' dir='ltr'><strong>contraria</strong></span> <span class='ocrx_word' id='word_1_608' title='bbox 3409 2517 3632 2573; x_wconf 90' lang='lat' dir='ltr'><strong>veritati</strong></span> 
     </span>
    </p>
   </div>
   <div class='ocr_carea' id='block_1_86' title="bbox 2033 2612 3634 2684">
    <p class='ocr_par' dir='ltr' id='par_1_86' title="bbox 2033 2612 3634 2684">
     <span class='ocr_line' id='line_1_86' title="bbox 2033 2612 3634 2684; baseline 0.002 -17"><span class='ocrx_word' id='word_1_609' title='bbox 2033 2613 2269 2667; x_wconf 84' lang='lat' dir='ltr'><strong>existunt</strong></span> <span class='ocrx_word' id='word_1_610' title='bbox 2301 2630 2316 2678; x_wconf 92' lang='lat'><strong>;</strong></span> <span class='ocrx_word' id='word_1_611' title='bbox 2357 2612 2544 2684; x_wconf 87' lang='lat' dir='ltr'><strong>sicque</strong></span> <span class='ocrx_word' id='word_1_612' title='bbox 2575 2613 2731 2669; x_wconf 90' lang='lat' dir='ltr'><strong>bonis</strong></span> <span class='ocrx_word' id='word_1_613' title='bbox 2760 2613 3117 2680; x_wconf 89' lang='lat' dir='ltr'><strong>instruamur,</strong></span> <span class='ocrx_word' id='word_1_614' title='bbox 3151 2621 3209 2669; x_wconf 93' lang='lat' dir='ltr'><strong>ut</strong></span> <span class='ocrx_word' id='word_1_615' title='bbox 3239 2629 3270 2670; x_wconf 89' lang='lat' dir='ltr'><strong>a</strong></span> <span class='ocrx_word' id='word_1_616' title='bbox 3300 2612 3634 2670; x_wconf 65' lang='lat' dir='ltr'><strong>malisillaasi</strong></span> 
     </span>
    </p>
   </div>
   <div class='ocr_carea' id='block_1_87' title="bbox 2031 2716 2475 2771">
    <p class='ocr_par' dir='ltr' id='par_1_87' title="bbox 2031 2716 2475 2771">
     <span class='ocr_line' id='line_1_87' title="bbox 2031 2716 2475 2771; baseline 0 -16"><span class='ocrx_word' id='word_1_617' title='bbox 2031 2716 2475 2771; x_wconf 88' lang='lat' dir='ltr'><strong>permaneamus.</strong></span> 
     </span>
    </p>
   </div>
   <div class='ocr_carea' id='block_1_88' title="bbox 2105 2830 3630 2905">
    <p class='ocr_par' dir='ltr' id='par_1_88' title="bbox 2105 2830 3630 2905">
     <span class='ocr_line' id='line_1_88' title="bbox 2105 2830 3630 2905; baseline 0.003 -19"><span class='ocrx_word' id='word_1_618' title='bbox 2105 2830 2263 2900; x_wconf 89' lang='lat' dir='ltr'><strong>Quod</strong></span> <span class='ocrx_word' id='word_1_619' title='bbox 2295 2839 2478 2888; x_wconf 89' lang='lat' dir='ltr'><strong>autem</strong></span> <span class='ocrx_word' id='word_1_620' title='bbox 2506 2833 2747 2888; x_wconf 86' lang='lat' dir='ltr'><strong>Joannes</strong></span> <span class='ocrx_word' id='word_1_621' title='bbox 2778 2833 2846 2888; x_wconf 90' lang='lat' dir='ltr'><strong>de</strong></span> <span class='ocrx_word' id='word_1_622' title='bbox 2875 2833 3078 2888; x_wconf 85' lang='lat' dir='ltr'><strong>talibus</strong></span> <span class='ocrx_word' id='word_1_623' title='bbox 3108 2834 3384 2904; x_wconf 87' lang='lat' dir='ltr'><strong>prophetis</strong></span> <span class='ocrx_word' id='word_1_624' title='bbox 3405 2833 3460 2888; x_wconf 89' lang='lat' dir='ltr'><strong>in</strong></span> <span class='ocrx_word' id='word_1_625' title='bbox 3477 2837 3630 2905; x_wconf 82' lang='lat' dir='ltr'><strong>Apo-</strong></span> 
     </span>
    </p>
   </div>
   <div class='ocr_carea' id='block_1_89' title="bbox 2031 2921 3631 2994">
    <p class='ocr_par' dir='ltr' id='par_1_89' title="bbox 2031 2921 3631 2994">
     <span class='ocr_line' id='line_1_89' title="bbox 2031 2921 3631 2994; baseline 0.002 -18"><span class='ocrx_word' id='word_1_626' title='bbox 2031 2921 2241 2992; x_wconf 87' lang='lat' dir='ltr'><strong>calypsi</strong></span> <span class='ocrx_word' id='word_1_627' title='bbox 2274 2939 2370 2975; x_wconf 89' lang='lat' dir='ltr'><strong>sua</strong></span> <span class='ocrx_word' id='word_1_628' title='bbox 2399 2922 2547 2978; x_wconf 91' lang='lat' dir='ltr'><strong>dicat</strong></span> <span class='ocrx_word' id='word_1_629' title='bbox 2601 2923 2953 2976; x_wconf 78' lang='lat' dir='ltr'><strong>videamus.«</strong></span> <span class='ocrx_word' id='word_1_630' title='bbox 2990 2922 3131 2989; x_wconf 90' lang='lat' dir='ltr'><strong>Vidi,</strong></span> <span class='ocrx_word' id='word_1_631' title='bbox 3171 2947 3192 2972; x_wconf 76' lang='grc' dir='ltr'><strong>ι</strong></span> <span class='ocrx_word' id='word_1_632' title='bbox 3226 2922 3534 2994; x_wconf 85' lang='lat' dir='ltr'><strong>inquiens,«</strong></span> <span class='ocrx_word' id='word_1_633' title='bbox 3559 2923 3631 2979; x_wconf 92' lang='lat' dir='ltr'><strong>de</strong></span> 
     </span>
    </p>
   </div>
   <div class='ocr_carea' id='block_1_90' title="bbox 2032 3010 3630 3082">
    <p class='ocr_par' dir='ltr' id='par_1_90' title="bbox 2032 3010 3630 3082">
     <span class='ocr_line' id='line_1_90' title="bbox 2032 3010 3630 3082; baseline 0.001 -18"><span class='ocrx_word' id='word_1_634' title='bbox 2032 3025 2128 3065; x_wconf 91' lang='lat' dir='ltr'><strong>ore</strong></span> <span class='ocrx_word' id='word_1_635' title='bbox 2155 3010 2430 3077; x_wconf 88' lang='lat' dir='ltr'><strong>draconis,</strong></span> <span class='ocrx_word' id='word_1_636' title='bbox 2468 3010 2606 3065; x_wconf 88' lang='lat' dir='ltr'><strong>etde</strong></span> <span class='ocrx_word' id='word_1_637' title='bbox 2636 3027 2729 3066; x_wconf 93' lang='lat' dir='ltr'><strong>ore</strong></span> <span class='ocrx_word' id='word_1_638' title='bbox 2762 3011 2968 3080; x_wconf 72' lang='lat' dir='ltr'><strong>bestiae,</strong></span> <span class='ocrx_word' id='word_1_639' title='bbox 3027 3018 3080 3066; x_wconf 87' lang='lat' dir='ltr'><strong>et</strong></span> <span class='ocrx_word' id='word_1_640' title='bbox 3135 3011 3204 3066; x_wconf 89' lang='lat' dir='ltr'><strong>de</strong></span> <span class='ocrx_word' id='word_1_641' title='bbox 3235 3027 3330 3067; x_wconf 90' lang='lat' dir='ltr'><strong>ore</strong></span> <span class='ocrx_word' id='word_1_642' title='bbox 3385 3012 3630 3082; x_wconf 90' lang='lat' dir='ltr'><strong>pseudo-</strong></span> 
     </span>
    </p>
   </div>
   <div class='ocr_carea' id='block_1_91' title="bbox 1952 3108 3634 3191">
    <p class='ocr_par' dir='ltr' id='par_1_91' title="bbox 1952 3108 3634 3191">
     <span class='ocr_line' id='line_1_91' title="bbox 1952 3108 3634 3191; baseline 0.001 -30"><span class='ocrx_word' id='word_1_643' title='bbox 1952 3127 2002 3191; x_wconf 68' lang='grc' dir='ltr'>α</span> <span class='ocrx_word' id='word_1_644' title='bbox 2032 3109 2309 3178; x_wconf 66' lang='lat' dir='ltr'><strong>prophetae</strong></span> <span class='ocrx_word' id='word_1_645' title='bbox 2365 3108 2585 3178; x_wconf 87' lang='lat' dir='ltr'><strong>spiritus</strong></span> <span class='ocrx_word' id='word_1_646' title='bbox 2615 3116 2728 3164; x_wconf 89' lang='lat' dir='ltr'><strong>tres</strong></span> <span class='ocrx_word' id='word_1_647' title='bbox 2779 3108 3092 3163; x_wconf 88' lang='lat' dir='ltr'><strong>immundos</strong></span> <span class='ocrx_word' id='word_1_648' title='bbox 3121 3109 3177 3163; x_wconf 88' lang='lat' dir='ltr'><strong>in</strong></span> <span class='ocrx_word' id='word_1_649' title='bbox 3205 3109 3424 3164; x_wconf 90' lang='lat' dir='ltr'><strong>modum</strong></span> <span class='ocrx_word' id='word_1_650' title='bbox 3475 3124 3634 3164; x_wconf 84' lang='lat' dir='ltr'><strong>rana-</strong></span> 
     </span>
    </p>
   </div>
   <div class='ocr_carea' id='block_1_92' title="bbox 2031 3197 3632 3269">
    <p class='ocr_par' dir='ltr' id='par_1_92' title="bbox 2031 3197 3632 3269">
     <span class='ocr_line' id='line_1_92' title="bbox 2031 3197 3632 3269; baseline 0.001 -18"><span class='ocrx_word' id='word_1_651' title='bbox 2031 3213 2152 3251; x_wconf 89' lang='lat' dir='ltr'><strong>rum</strong></span> <span class='ocrx_word' id='word_1_652' title='bbox 2175 3197 2358 3252; x_wconf 82' lang='lat' dir='ltr'><strong>exisse</strong></span> <span class='ocrx_word' id='word_1_653' title='bbox 2386 3199 2580 3269; x_wconf 84' lang='lat' dir='ltr'><strong>(Apoc.</strong></span> <span class='ocrx_word' id='word_1_654' title='bbox 2636 3201 2814 3266; x_wconf 49' lang='lat' dir='ltr'><strong>xw)»</strong></span> <span class='ocrx_word' id='word_1_655' title='bbox 2851 3197 2994 3266; x_wconf 89' lang='lat' dir='ltr'><strong>Quid</strong></span> <span class='ocrx_word' id='word_1_656' title='bbox 3025 3206 3109 3252; x_wconf 90' lang='lat' dir='ltr'><strong>est</strong></span> <span class='ocrx_word' id='word_1_657' title='bbox 3166 3199 3331 3253; x_wconf 89' lang='lat' dir='ltr'><strong>draco</strong></span> <span class='ocrx_word' id='word_1_658' title='bbox 3354 3201 3382 3252; x_wconf 83' lang='lat'><strong>?</strong></span> <span class='ocrx_word' id='word_1_659' title='bbox 3412 3197 3518 3254; x_wconf 87' lang='lat' dir='ltr'><strong>hoc</strong></span> <span class='ocrx_word' id='word_1_660' title='bbox 3549 3205 3632 3254; x_wconf 85' lang='lat' dir='ltr'><strong>est</strong></span> 
     </span>
    </p>
   </div>
   <div class='ocr_carea' id='block_1_93' title="bbox 2031 3286 3627 3357">
    <p class='ocr_par' dir='ltr' id='par_1_93' title="bbox 2031 3286 3627 3357">
     <span class='ocr_line' id='line_1_93' title="bbox 2031 3286 3627 3357; baseline 0.001 -16"><span class='ocrx_word' id='word_1_661' title='bbox 2031 3295 2084 3342; x_wconf 91' lang='lat' dir='ltr'><strong>et</strong></span> <span class='ocrx_word' id='word_1_662' title='bbox 2113 3286 2284 3340; x_wconf 87' lang='lat' dir='ltr'><strong>bestia</strong></span> <span class='ocrx_word' id='word_1_663' title='bbox 2314 3294 2367 3340; x_wconf 89' lang='lat' dir='ltr'><strong>et</strong></span> <span class='ocrx_word' id='word_1_664' title='bbox 2397 3287 2899 3357; x_wconf 86' lang='lat' dir='ltr'><strong>pseudOpropheta,</strong></span> <span class='ocrx_word' id='word_1_665' title='bbox 2934 3287 2987 3340; x_wconf 91' lang='lat' dir='ltr'><strong>id</strong></span> <span class='ocrx_word' id='word_1_666' title='bbox 3045 3295 3134 3342; x_wconf 90' lang='lat' dir='ltr'><strong>est</strong></span> <span class='ocrx_word' id='word_1_667' title='bbox 3183 3287 3436 3343; x_wconf 87' lang='lat' dir='ltr'><strong>diabolus</strong></span> <span class='ocrx_word' id='word_1_668' title='bbox 3497 3303 3627 3344; x_wconf 92' lang='lat' dir='ltr'><strong>cum</strong></span> 
     </span>
    </p>
   </div>
   <div class='ocr_carea' id='block_1_94' title="bbox 2028 3383 3632 3454">
    <p class='ocr_par' dir='ltr' id='par_1_94' title="bbox 2028 3383 3632 3454">
     <span class='ocr_line' id='line_1_94' title="bbox 2028 3383 3632 3454; baseline -0.001 -15"><span class='ocrx_word' id='word_1_669' title='bbox 2028 3383 2175 3439; x_wconf 89' lang='lat' dir='ltr'><strong>omni</strong></span> <span class='ocrx_word' id='word_1_670' title='bbox 2205 3399 2430 3454; x_wconf 90' lang='lat' dir='ltr'><strong>corpore</strong></span> <span class='ocrx_word' id='word_1_671' title='bbox 2460 3399 2584 3438; x_wconf 90' lang='lat' dir='ltr'><strong>suo.</strong></span> <span class='ocrx_word' id='word_1_672' title='bbox 2621 3385 2824 3439; x_wconf 87' lang='lat' dir='ltr'><strong>Tamen</strong></span> <span class='ocrx_word' id='word_1_673' title='bbox 2879 3392 3096 3454; x_wconf 86' lang='lat' dir='ltr'><strong>pr0pter</strong></span> <span class='ocrx_word' id='word_1_674' title='bbox 3127 3384 3441 3440; x_wconf 88' lang='lat' dir='ltr'><strong>instantiam</strong></span> <span class='ocrx_word' id='word_1_675' title='bbox 3503 3401 3632 3454; x_wconf 87' lang='lat' dir='ltr'><strong>per-</strong></span> 
     </span>
    </p>
   </div>
   <div class='ocr_carea' id='block_1_95' title="bbox 2029 3472 3629 3544">
    <p class='ocr_par' dir='ltr' id='par_1_95' title="bbox 2029 3472 3629 3544">
     <span class='ocr_line' id='line_1_95' title="bbox 2029 3472 3629 3544; baseline 0.001 -16"><span class='ocrx_word' id='word_1_676' title='bbox 2029 3489 2287 3528; x_wconf 69' lang='lat' dir='ltr'><strong>sonarum</strong></span> <span class='ocrx_word' id='word_1_677' title='bbox 2319 3481 2372 3527; x_wconf 91' lang='lat' dir='ltr'><strong>et</strong></span> <span class='ocrx_word' id='word_1_678' title='bbox 2399 3481 2723 3543; x_wconf 90' lang='lat' dir='ltr'><strong>potestatum</strong></span> <span class='ocrx_word' id='word_1_679' title='bbox 2755 3472 2845 3526; x_wconf 89' lang='lat' dir='ltr'><strong>illa</strong></span> <span class='ocrx_word' id='word_1_680' title='bbox 2870 3482 3265 3528; x_wconf 88' lang='lat' dir='ltr'><strong>commemorat</strong></span> <span class='ocrx_word' id='word_1_681' title='bbox 3324 3491 3446 3544; x_wconf 82' lang='lat' dir='ltr'><strong>quae</strong></span> <span class='ocrx_word' id='word_1_682' title='bbox 3500 3490 3629 3529; x_wconf 87' lang='lat' dir='ltr'><strong>ma-</strong></span> 
     </span>
    </p>
   </div>
   <div class='ocr_carea' id='block_1_96' title="bbox 2021 3561 3628 3634">
    <p class='ocr_par' dir='ltr' id='par_1_96' title="bbox 2021 3561 3628 3634">
     <span class='ocr_line' id='line_1_96' title="bbox 2021 3561 3628 3634; baseline 0 -16"><span class='ocrx_word' id='word_1_683' title='bbox 2021 3563 2202 3632; x_wconf 89' lang='lat' dir='ltr'><strong>jorem</strong></span> <span class='ocrx_word' id='word_1_684' title='bbox 2232 3561 2433 3617; x_wconf 90' lang='lat' dir='ltr'><strong>habent</strong></span> <span class='ocrx_word' id='word_1_685' title='bbox 2461 3570 2781 3632; x_wconf 88' lang='lat' dir='ltr'><strong>potestatem</strong></span> <span class='ocrx_word' id='word_1_686' title='bbox 2813 3563 2866 3616; x_wconf 91' lang='lat' dir='ltr'><strong>in</strong></span> <span class='ocrx_word' id='word_1_687' title='bbox 2895 3562 3016 3632; x_wconf 92' lang='lat' dir='ltr'><strong>ipso</strong></span> <span class='ocrx_word' id='word_1_688' title='bbox 3047 3566 3315 3618; x_wconf 80' lang='lat' dir='ltr'><strong>malorum</strong></span> <span class='ocrx_word' id='word_1_689' title='bbox 3371 3578 3628 3634; x_wconf 91' lang='lat' dir='ltr'><strong>corpore,</strong></span> 
     </span>
    </p>
   </div>
   <div class='ocr_carea' id='block_1_97' title="bbox 2028 3659 3627 3728">
    <p class='ocr_par' dir='ltr' id='par_1_97' title="bbox 2028 3659 3627 3728">
     <span class='ocr_line' id='line_1_97' title="bbox 2028 3659 3627 3728; baseline 0 -14"><span class='ocrx_word' id='word_1_690' title='bbox 2028 3660 2322 3717; x_wconf 91' lang='lat' dir='ltr'><strong>draconem</strong></span> <span class='ocrx_word' id='word_1_691' title='bbox 2353 3661 2582 3728; x_wconf 90' lang='lat' dir='ltr'><strong>scilicet,</strong></span> <span class='ocrx_word' id='word_1_692' title='bbox 2613 3660 2667 3713; x_wconf 94' lang='lat' dir='ltr'><strong>id</strong></span> <span class='ocrx_word' id='word_1_693' title='bbox 2703 3668 2785 3714; x_wconf 91' lang='lat' dir='ltr'><strong>est</strong></span> <span class='ocrx_word' id='word_1_694' title='bbox 2815 3659 3094 3714; x_wconf 87' lang='lat' dir='ltr'><strong>diabolum</strong></span> <span class='ocrx_word' id='word_1_695' title='bbox 3129 3679 3142 3724; x_wconf 89' lang='lat'><strong>;</strong></span> <span class='ocrx_word' id='word_1_696' title='bbox 3177 3660 3433 3724; x_wconf 87' lang='lat' dir='ltr'><strong>bestiam,</strong></span> <span class='ocrx_word' id='word_1_697' title='bbox 3466 3660 3627 3715; x_wconf 85' lang='lat' dir='ltr'><strong>Anti-</strong></span> 
     </span>
    </p>
   </div>
   <div class='ocr_carea' id='block_1_98' title="bbox 2029 3749 3628 3819">
    <p class='ocr_par' dir='ltr' id='par_1_98' title="bbox 2029 3749 3628 3819">
     <span class='ocr_line' id='line_1_98' title="bbox 2029 3749 3628 3819; baseline 0 -15"><span class='ocrx_word' id='word_1_698' title='bbox 2029 3749 2296 3805; x_wconf 88' lang='lat' dir='ltr'><strong>christum</strong></span> <span class='ocrx_word' id='word_1_699' title='bbox 2332 3767 2346 3814; x_wconf 90' lang='lat'><strong>;</strong></span> <span class='ocrx_word' id='word_1_700' title='bbox 2388 3749 2944 3819; x_wconf 81' lang='lat' dir='ltr'><strong>pseudOpropbetam,</strong></span> <span class='ocrx_word' id='word_1_701' title='bbox 2980 3749 3035 3803; x_wconf 92' lang='lat' dir='ltr'><strong>id</strong></span> <span class='ocrx_word' id='word_1_702' title='bbox 3063 3757 3164 3814; x_wconf 89' lang='lat' dir='ltr'><strong>est,</strong></span> <span class='ocrx_word' id='word_1_703' title='bbox 3197 3749 3456 3805; x_wconf 87' lang='lat' dir='ltr'><strong>doctores</strong></span> <span class='ocrx_word' id='word_1_704' title='bbox 3488 3750 3628 3817; x_wconf 87' lang='lat' dir='ltr'><strong>ejus-</strong></span> 
     </span>
    </p>
   </div>
   <div class='ocr_carea' id='block_1_99' title="bbox 2027 3837 3624 3908">
    <p class='ocr_par' dir='ltr' id='par_1_99' title="bbox 2027 3837 3624 3908">
     <span class='ocr_line' id='line_1_99' title="bbox 2027 3837 3624 3908; baseline 0 -16"><span class='ocrx_word' id='word_1_705' title='bbox 2027 3839 2154 3894; x_wconf 88' lang='lat' dir='ltr'><strong>dem</strong></span> <span class='ocrx_word' id='word_1_706' title='bbox 2185 3838 2500 3894; x_wconf 78' lang='lat' dir='ltr'><strong>Antichristi</strong></span> <span class='ocrx_word' id='word_1_707' title='bbox 2550 3854 2672 3894; x_wconf 90' lang='lat' dir='ltr'><strong>cum</strong></span> <span class='ocrx_word' id='word_1_708' title='bbox 2730 3837 2996 3906; x_wconf 80' lang='lat' dir='ltr'><strong>subjectis</strong></span> <span class='ocrx_word' id='word_1_709' title='bbox 3052 3837 3329 3908; x_wconf 90' lang='lat' dir='ltr'><strong>plebibus.</strong></span> <span class='ocrx_word' id='word_1_710' title='bbox 3395 3839 3477 3894; x_wconf 87' lang='lat' dir='ltr'><strong>De</strong></span> <span class='ocrx_word' id='word_1_711' title='bbox 3529 3854 3624 3894; x_wconf 94' lang='lat' dir='ltr'><strong>ore</strong></span> 
     </span>
    </p>
   </div>
   <div class='ocr_carea' id='block_1_100' title="bbox 2027 3935 3624 4008">
    <p class='ocr_par' dir='ltr' id='par_1_100' title="bbox 2027 3935 3624 4008">
     <span class='ocr_line' id='line_1_100' title="bbox 2027 3935 3624 4008; baseline 0 -18"><span class='ocrx_word' id='word_1_712' title='bbox 2027 3936 2267 3990; x_wconf 90' lang='lat' dir='ltr'><strong>omnium</strong></span> <span class='ocrx_word' id='word_1_713' title='bbox 2299 3937 2487 3992; x_wconf 90' lang='lat' dir='ltr'><strong>horum</strong></span> <span class='ocrx_word' id='word_1_714' title='bbox 2511 3936 2864 4008; x_wconf 86' lang='lat' dir='ltr'><strong>egrediuntur</strong></span> <span class='ocrx_word' id='word_1_715' title='bbox 2884 3943 2997 3989; x_wconf 92' lang='lat' dir='ltr'><strong>tres</strong></span> <span class='ocrx_word' id='word_1_716' title='bbox 3045 3936 3281 4004; x_wconf 85' lang='lat' dir='ltr'><strong>spiritus,</strong></span> <span class='ocrx_word' id='word_1_717' title='bbox 3343 3935 3434 4004; x_wconf 91' lang='lat' dir='ltr'><strong>qui</strong></span> <span class='ocrx_word' id='word_1_718' title='bbox 3488 3935 3624 3990; x_wconf 88' lang='lat' dir='ltr'><strong>nihil</strong></span> 
     </span>
    </p>
   </div>
   <div class='ocr_carea' id='block_1_101' title="bbox 2029 4023 3623 4094">
    <p class='ocr_par' dir='ltr' id='par_1_101' title="bbox 2029 4023 3623 4094">
     <span class='ocr_line' id='line_1_101' title="bbox 2029 4023 3623 4094; baseline -0.002 -14"><span class='ocrx_word' id='word_1_719' title='bbox 2029 4034 2154 4080; x_wconf 88' lang='lat' dir='ltr'><strong>sunt</strong></span> <span class='ocrx_word' id='word_1_720' title='bbox 2181 4025 2329 4081; x_wconf 88' lang='lat' dir='ltr'><strong>aliud</strong></span> <span class='ocrx_word' id='word_1_721' title='bbox 2361 4025 2465 4078; x_wconf 91' lang='lat' dir='ltr'><strong>nisi</strong></span> <span class='ocrx_word' id='word_1_722' title='bbox 2494 4041 2635 4078; x_wconf 88' lang='lat' dir='ltr'><strong>unus</strong></span> <span class='ocrx_word' id='word_1_723' title='bbox 2666 4025 2917 4094; x_wconf 91' lang='lat' dir='ltr'><strong>spiritus.</strong></span> <span class='ocrx_word' id='word_1_724' title='bbox 2957 4025 3129 4078; x_wconf 89' lang='lat' dir='ltr'><strong>Tanta</strong></span> <span class='ocrx_word' id='word_1_725' title='bbox 3162 4024 3365 4094; x_wconf 90' lang='lat' dir='ltr'><strong>quippe</strong></span> <span class='ocrx_word' id='word_1_726' title='bbox 3417 4023 3623 4078; x_wconf 88' lang='lat' dir='ltr'><strong>malitia</strong></span> 
     </span>
    </p>
   </div>
   <div class='ocr_carea' id='block_1_102' title="bbox 2023 4112 3621 4178">
    <p class='ocr_par' dir='ltr' id='par_1_102' title="bbox 2023 4112 3621 4178">
     <span class='ocr_line' id='line_1_102' title="bbox 2023 4112 3621 4178; baseline 0 -10"><span class='ocrx_word' id='word_1_727' title='bbox 2023 4123 2110 4169; x_wconf 91' lang='lat' dir='ltr'><strong>est</strong></span> <span class='ocrx_word' id='word_1_728' title='bbox 2141 4115 2322 4169; x_wconf 82' lang='lat' dir='ltr'><strong>unitas</strong></span> <span class='ocrx_word' id='word_1_729' title='bbox 2355 4113 2406 4167; x_wconf 94' lang='lat' dir='ltr'><strong>in</strong></span> <span class='ocrx_word' id='word_1_730' title='bbox 2461 4113 2718 4167; x_wconf 91' lang='lat' dir='ltr'><strong>omnibus</strong></span> <span class='ocrx_word' id='word_1_731' title='bbox 2767 4112 3127 4176; x_wconf 65' lang='lat' dir='ltr'><strong>daemonibus,</strong></span> <span class='ocrx_word' id='word_1_732' title='bbox 3187 4120 3263 4178; x_wconf 91' lang='lat' dir='ltr'><strong>ut,</strong></span> <span class='ocrx_word' id='word_1_733' title='bbox 3315 4127 3434 4167; x_wconf 89' lang='lat' dir='ltr'><strong>cum</strong></span> <span class='ocrx_word' id='word_1_734' title='bbox 3467 4113 3621 4168; x_wconf 92' lang='lat' dir='ltr'><strong>multi</strong></span> 
     </span>
    </p>
   </div>
   <div class='ocr_carea' id='block_1_103' title="bbox 2026 4210 3615 4282">
    <p class='ocr_par' dir='ltr' id='par_1_103' title="bbox 2026 4210 3615 4282">
     <span class='ocr_line' id='line_1_103' title="bbox 2026 4210 3615 4282; baseline 0 -16"><span class='ocrx_word' id='word_1_735' title='bbox 2026 4213 2133 4266; x_wconf 89' lang='lat' dir='ltr'><strong>sint</strong></span> <span class='ocrx_word' id='word_1_736' title='bbox 2161 4219 2430 4282; x_wconf 86' lang='lat' dir='ltr'><strong>potestate</strong></span> <span class='ocrx_word' id='word_1_737' title='bbox 2459 4218 2511 4265; x_wconf 90' lang='lat' dir='ltr'><strong>et</strong></span> <span class='ocrx_word' id='word_1_738' title='bbox 2531 4211 2756 4276; x_wconf 91' lang='lat' dir='ltr'><strong>malitia,</strong></span> <span class='ocrx_word' id='word_1_739' title='bbox 2790 4211 2844 4264; x_wconf 92' lang='lat' dir='ltr'><strong>in</strong></span> <span class='ocrx_word' id='word_1_740' title='bbox 2870 4226 3034 4264; x_wconf 91' lang='lat' dir='ltr'><strong>unum</strong></span> <span class='ocrx_word' id='word_1_741' title='bbox 3081 4219 3260 4264; x_wconf 91' lang='lat' dir='ltr'><strong>tamen</strong></span> <span class='ocrx_word' id='word_1_742' title='bbox 3294 4210 3615 4282; x_wconf 85' lang='lat' dir='ltr'><strong>redigantur</strong></span> 
     </span>
    </p>
   </div>
   <div class='ocr_carea' id='block_1_104' title="bbox 2025 4299 3619 4369">
    <p class='ocr_par' dir='ltr' id='par_1_104' title="bbox 2025 4299 3619 4369">
     <span class='ocr_line' id='line_1_104' title="bbox 2025 4299 3619 4369; baseline -0.001 -13"><span class='ocrx_word' id='word_1_743' title='bbox 2025 4316 2298 4356; x_wconf 89' lang='lat' dir='ltr'><strong>consensu</strong></span> <span class='ocrx_word' id='word_1_744' title='bbox 2309 4341 2322 4365; x_wconf 89' lang='lat'><strong>,</strong></span> <span class='ocrx_word' id='word_1_745' title='bbox 2345 4299 2470 4355; x_wconf 89' lang='lat' dir='ltr'><strong>licet</strong></span> <span class='ocrx_word' id='word_1_746' title='bbox 2487 4299 2705 4353; x_wconf 84' lang='lat' dir='ltr'><strong>diverso</strong></span> <span class='ocrx_word' id='word_1_747' title='bbox 2724 4299 2905 4363; x_wconf 92' lang='lat' dir='ltr'><strong>modo,</strong></span> <span class='ocrx_word' id='word_1_748' title='bbox 2922 4299 3114 4354; x_wconf 87' lang='lat' dir='ltr'><strong>eadem</strong></span> <span class='ocrx_word' id='word_1_749' title='bbox 3129 4307 3397 4369; x_wconf 79' lang='lat' dir='ltr'><strong>potestate</strong></span> <span class='ocrx_word' id='word_1_750' title='bbox 3410 4299 3619 4356; x_wconf 87' lang='lat' dir='ltr'><strong>scilicet</strong></span> 
     </span>
    </p>
   </div>
   <div class='ocr_carea' id='block_1_105' title="bbox 2025 4387 3618 4460">
    <p class='ocr_par' dir='ltr' id='par_1_105' title="bbox 2025 4387 3618 4460">
     <span class='ocr_line' id='line_1_105' title="bbox 2025 4387 3618 4460; baseline 0 -16"><span class='ocrx_word' id='word_1_751' title='bbox 2025 4398 2076 4444; x_wconf 91' lang='lat' dir='ltr'><strong>et</strong></span> <span class='ocrx_word' id='word_1_752' title='bbox 2110 4388 2314 4443; x_wconf 86' lang='lat' dir='ltr'><strong>malitia</strong></span> <span class='ocrx_word' id='word_1_753' title='bbox 2345 4387 2592 4443; x_wconf 90' lang='lat' dir='ltr'><strong>homines</strong></span> <span class='ocrx_word' id='word_1_754' title='bbox 2639 4387 2982 4460; x_wconf 86' lang='lat' dir='ltr'><strong>impugnent.</strong></span> <span class='ocrx_word' id='word_1_755' title='bbox 3040 4388 3196 4444; x_wconf 91' lang='lat' dir='ltr'><strong>Unde</strong></span> <span class='ocrx_word' id='word_1_756' title='bbox 3225 4405 3364 4443; x_wconf 90' lang='lat' dir='ltr'><strong>unus</strong></span> <span class='ocrx_word' id='word_1_757' title='bbox 3419 4389 3618 4445; x_wconf 86' lang='lat' dir='ltr'><strong>dicitur</strong></span> 
     </span>
    </p>
   </div>
   <div class='ocr_carea' id='block_1_106' title="bbox 1940 4485 3616 4556">
    <p class='ocr_par' dir='ltr' id='par_1_106' title="bbox 1940 4485 3616 4556">
     <span class='ocr_line' id='line_1_106' title="bbox 1940 4485 3616 4556; baseline 0.002 -16"><span class='ocrx_word' id='word_1_758' title='bbox 1940 4487 1993 4547; x_wconf 83' lang='grc' dir='ltr'><strong>Ι)</strong></span> <span class='ocrx_word' id='word_1_759' title='bbox 2023 4485 2246 4556; x_wconf 91' lang='lat' dir='ltr'><strong>spiritus</strong></span> <span class='ocrx_word' id='word_1_760' title='bbox 2292 4485 2554 4550; x_wconf 85' lang='lat' dir='ltr'><strong>mendax,</strong></span> <span class='ocrx_word' id='word_1_761' title='bbox 2615 4485 2753 4539; x_wconf 85' lang='lat' dir='ltr'><strong>alius</strong></span> <span class='ocrx_word' id='word_1_762' title='bbox 2796 4485 3020 4556; x_wconf 89' lang='lat' dir='ltr'><strong>spiritus</strong></span> <span class='ocrx_word' id='word_1_763' title='bbox 3049 4485 3445 4553; x_wconf 86' lang='lat' dir='ltr'><strong>fornicationis,</strong></span> <span class='ocrx_word' id='word_1_764' title='bbox 3506 4495 3616 4543; x_wconf 89' lang='lat' dir='ltr'><strong>ter-</strong></span> 
     </span>
    </p>
   </div>
   <div class='ocr_carea' id='block_1_107' title="bbox 2018 4573 3613 4646">
    <p class='ocr_par' dir='ltr' id='par_1_107' title="bbox 2018 4573 3613 4646">
     <span class='ocr_line' id='line_1_107' title="bbox 2018 4573 3613 4646; baseline 0.001 -16"><span class='ocrx_word' id='word_1_765' title='bbox 2018 4575 2122 4630; x_wconf 90' lang='lat' dir='ltr'><strong>tius</strong></span> <span class='ocrx_word' id='word_1_766' title='bbox 2153 4575 2377 4645; x_wconf 87' lang='lat' dir='ltr'><strong>spiritus</strong></span> <span class='ocrx_word' id='word_1_767' title='bbox 2423 4573 2753 4630; x_wconf 89' lang='lat' dir='ltr'><strong>immundus.</strong></span> <span class='ocrx_word' id='word_1_768' title='bbox 2813 4577 2956 4629; x_wconf 88' lang='lat' dir='ltr'><strong>Bene</strong></span> <span class='ocrx_word' id='word_1_769' title='bbox 3013 4583 3193 4631; x_wconf 90' lang='lat' dir='ltr'><strong>autem</strong></span> <span class='ocrx_word' id='word_1_770' title='bbox 3250 4575 3475 4646; x_wconf 85' lang='lat' dir='ltr'><strong>spiritus</strong></span> <span class='ocrx_word' id='word_1_771' title='bbox 3504 4576 3613 4631; x_wconf 92' lang='lat' dir='ltr'><strong>im-</strong></span> 
     </span>
    </p>
   </div>
   <div class='ocr_carea' id='block_1_108' title="bbox 2016 4663 3612 4736">
    <p class='ocr_par' dir='ltr' id='par_1_108' title="bbox 2016 4663 3612 4736">
     <span class='ocr_line' id='line_1_108' title="bbox 2016 4663 3612 4736; baseline 0.001 -18"><span class='ocrx_word' id='word_1_772' title='bbox 2016 4664 2251 4719; x_wconf 90' lang='lat' dir='ltr'><strong>mundus</strong></span> <span class='ocrx_word' id='word_1_773' title='bbox 2317 4663 2515 4720; x_wconf 85' lang='lat' dir='ltr'><strong>dicitur</strong></span> <span class='ocrx_word' id='word_1_774' title='bbox 2568 4671 2796 4735; x_wconf 88' lang='lat' dir='ltr'><strong>propter</strong></span> <span class='ocrx_word' id='word_1_775' title='bbox 2876 4671 3099 4734; x_wconf 89' lang='lat' dir='ltr'><strong>peccata</strong></span> <span class='ocrx_word' id='word_1_776' title='bbox 3177 4664 3369 4734; x_wconf 83' lang='lat' dir='ltr'><strong>gravia</strong></span> <span class='ocrx_word' id='word_1_777' title='bbox 3415 4665 3612 4736; x_wconf 89' lang='lat' dir='ltr'><strong>quibus</strong></span> 
     </span>
    </p>
   </div>
   <div class='ocr_carea' id='block_1_109' title="bbox 2017 4757 3612 4829">
    <p class='ocr_par' dir='ltr' id='par_1_109' title="bbox 2017 4757 3612 4829">
     <span class='ocr_line' id='line_1_109' title="bbox 2017 4757 3612 4829; baseline 0 -16"><span class='ocrx_word' id='word_1_778' title='bbox 2017 4759 2332 4814; x_wconf 89' lang='lat' dir='ltr'><strong>sordidatus</strong></span> <span class='ocrx_word' id='word_1_779' title='bbox 2361 4766 2470 4823; x_wconf 90' lang='lat' dir='ltr'><strong>est,</strong></span> <span class='ocrx_word' id='word_1_780' title='bbox 2503 4766 2556 4812; x_wconf 90' lang='lat' dir='ltr'><strong>et</strong></span> <span class='ocrx_word' id='word_1_781' title='bbox 2588 4758 2728 4814; x_wconf 87' lang='lat' dir='ltr'><strong>alios</strong></span> <span class='ocrx_word' id='word_1_782' title='bbox 2758 4757 3118 4829; x_wconf 87' lang='lat' dir='ltr'><strong>coinquinare</strong></span> <span class='ocrx_word' id='word_1_783' title='bbox 3147 4773 3256 4813; x_wconf 90' lang='lat' dir='ltr'><strong>non</strong></span> <span class='ocrx_word' id='word_1_784' title='bbox 3286 4759 3612 4828; x_wconf 87' lang='lat' dir='ltr'><strong>cessat.lpsi</strong></span> 
     </span>
    </p>
   </div>
   <div class='ocr_carea' id='block_1_110' title="bbox 2018 4847 3615 4918">
    <p class='ocr_par' dir='ltr' id='par_1_110' title="bbox 2018 4847 3615 4918">
     <span class='ocr_line' id='line_1_110' title="bbox 2018 4847 3615 4918; baseline 0 -16"><span class='ocrx_word' id='word_1_785' title='bbox 2018 4863 2236 4918; x_wconf 90' lang='lat' dir='ltr'><strong>quoque</strong></span> <span class='ocrx_word' id='word_1_786' title='bbox 2266 4847 2527 4901; x_wconf 88' lang='lat' dir='ltr'><strong>immundi</strong></span> <span class='ocrx_word' id='word_1_787' title='bbox 2551 4847 2789 4916; x_wconf 82' lang='lat' dir='ltr'><strong>spiritus,</strong></span> <span class='ocrx_word' id='word_1_788' title='bbox 2823 4847 3012 4912; x_wconf 79' lang='lat' dir='ltr'><strong>draco,</strong></span> <span class='ocrx_word' id='word_1_789' title='bbox 3046 4847 3218 4902; x_wconf 89' lang='lat' dir='ltr'><strong>bestia</strong></span> <span class='ocrx_word' id='word_1_790' title='bbox 3275 4854 3328 4902; x_wconf 92' lang='lat' dir='ltr'><strong>et</strong></span> <span class='ocrx_word' id='word_1_791' title='bbox 3383 4847 3615 4916; x_wconf 89' lang='lat' dir='ltr'><strong>pseudo-</strong></span> 
     </span>
    </p>
   </div>
   <div class='ocr_carea' id='block_1_111' title="bbox 2017 4935 3612 5007">
    <p class='ocr_par' dir='ltr' id='par_1_111' title="bbox 2017 4935 3612 5007">
     <span class='ocr_line' id='line_1_111' title="bbox 2017 4935 3612 5007; baseline 0 -17"><span class='ocrx_word' id='word_1_792' title='bbox 2017 4937 2283 5006; x_wconf 88' lang='lat' dir='ltr'><strong>propheta</strong></span> <span class='ocrx_word' id='word_1_793' title='bbox 2311 4936 2582 4997; x_wconf 86' lang='lat' dir='ltr'><strong>dicuntur,</strong></span> <span class='ocrx_word' id='word_1_794' title='bbox 2615 4935 2743 5006; x_wconf 89' lang='lat' dir='ltr'><strong>quia</strong></span> <span class='ocrx_word' id='word_1_795' title='bbox 2789 4935 3042 4990; x_wconf 90' lang='lat' dir='ltr'><strong>diabolus</strong></span> <span class='ocrx_word' id='word_1_796' title='bbox 3097 4942 3151 4989; x_wconf 92' lang='lat' dir='ltr'><strong>et</strong></span> <span class='ocrx_word' id='word_1_797' title='bbox 3191 4949 3385 4989; x_wconf 89' lang='lat' dir='ltr'><strong>omnes</strong></span> <span class='ocrx_word' id='word_1_798' title='bbox 3441 4935 3612 5007; x_wconf 91' lang='lat' dir='ltr'><strong>iniqui</strong></span> 
     </span>
    </p>
   </div>
   <div class='ocr_carea' id='block_1_112' title="bbox 2015 5033 3610 5104">
    <p class='ocr_par' dir='ltr' id='par_1_112' title="bbox 2015 5033 3610 5104">
     <span class='ocr_line' id='line_1_112' title="bbox 2015 5033 3610 5104; baseline 0.001 -16"><span class='ocrx_word' id='word_1_799' title='bbox 2015 5051 2182 5088; x_wconf 88' lang='lat' dir='ltr'><strong>unum</strong></span> <span class='ocrx_word' id='word_1_800' title='bbox 2206 5041 2368 5104; x_wconf 90' lang='lat' dir='ltr'><strong>caput</strong></span> <span class='ocrx_word' id='word_1_801' title='bbox 2396 5042 2448 5087; x_wconf 92' lang='lat' dir='ltr'><strong>et</strong></span> <span class='ocrx_word' id='word_1_802' title='bbox 2477 5033 2726 5087; x_wconf 89' lang='lat' dir='ltr'><strong>membra</strong></span> <span class='ocrx_word' id='word_1_803' title='bbox 2757 5041 2908 5087; x_wconf 91' lang='lat' dir='ltr'><strong>sunt.</strong></span> <span class='ocrx_word' id='word_1_804' title='bbox 2934 5034 3014 5087; x_wconf 90' lang='lat' dir='ltr'><strong>De</strong></span> <span class='ocrx_word' id='word_1_805' title='bbox 3045 5048 3277 5104; x_wconf 90' lang='lat' dir='ltr'><strong>quorum</strong></span> <span class='ocrx_word' id='word_1_806' title='bbox 3333 5048 3432 5088; x_wconf 93' lang='lat' dir='ltr'><strong>ore</strong></span> <span class='ocrx_word' id='word_1_807' title='bbox 3462 5048 3610 5089; x_wconf 78' lang='lat' dir='ltr'><strong>ranae</strong></span> 
     </span>
    </p>
   </div>
   <div class='ocr_carea' id='block_1_113' title="bbox 2017 5121 3609 5193">
    <p class='ocr_par' dir='ltr' id='par_1_113' title="bbox 2017 5121 3609 5193">
     <span class='ocr_line' id='line_1_113' title="bbox 2017 5121 3609 5193; baseline 0 -16"><span class='ocrx_word' id='word_1_808' title='bbox 2017 5123 2270 5178; x_wconf 89' lang='lat' dir='ltr'><strong>dicuntur</strong></span> <span class='ocrx_word' id='word_1_809' title='bbox 2298 5121 2496 5187; x_wconf 83' lang='lat' dir='ltr'><strong>exisse,</strong></span> <span class='ocrx_word' id='word_1_810' title='bbox 2529 5121 2657 5193; x_wconf 88' lang='lat' dir='ltr'><strong>quia</strong></span> <span class='ocrx_word' id='word_1_811' title='bbox 2686 5121 2823 5176; x_wconf 89' lang='lat' dir='ltr'><strong>sicut</strong></span> <span class='ocrx_word' id='word_1_812' title='bbox 2855 5121 3164 5190; x_wconf 85' lang='lat' dir='ltr'><strong>hujusmodi</strong></span> <span class='ocrx_word' id='word_1_813' title='bbox 3193 5121 3458 5176; x_wconf 89' lang='lat' dir='ltr'><strong>animalia</strong></span> <span class='ocrx_word' id='word_1_814' title='bbox 3483 5137 3609 5179; x_wconf 87' lang='lat' dir='ltr'><strong>mo-</strong></span> 
     </span>
    </p>
   </div>
   <div class='ocr_carea' id='block_1_114' title="bbox 2016 5217 3610 5288">
    <p class='ocr_par' dir='ltr' id='par_1_114' title="bbox 2016 5217 3610 5288">
     <span class='ocr_line' id='line_1_114' title="bbox 2016 5217 3610 5288; baseline 0.003 -16"><span class='ocrx_word' id='word_1_815' title='bbox 2016 5218 2230 5274; x_wconf 89' lang='lat' dir='ltr'><strong>lestiam</strong></span> <span class='ocrx_word' id='word_1_816' title='bbox 2260 5217 2502 5273; x_wconf 89' lang='lat' dir='ltr'><strong>inferunt</strong></span> <span class='ocrx_word' id='word_1_817' title='bbox 2529 5217 2858 5281; x_wconf 75' lang='lat' dir='ltr'><strong>hominibus,</strong></span> <span class='ocrx_word' id='word_1_818' title='bbox 2887 5217 3140 5273; x_wconf 89' lang='lat' dir='ltr'><strong>faciendo</strong></span> <span class='ocrx_word' id='word_1_819' title='bbox 3171 5217 3459 5288; x_wconf 90' lang='lat' dir='ltr'><strong>strepitum</strong></span> <span class='ocrx_word' id='word_1_820' title='bbox 3480 5219 3610 5276; x_wconf 87' lang='lat' dir='ltr'><strong>etin</strong></span> 
     </span>
    </p>
   </div>
   <div class='ocr_carea' id='block_1_115' title="bbox 2015 5306 3608 5372">
    <p class='ocr_par' dir='ltr' id='par_1_115' title="bbox 2015 5306 3608 5372">
     <span class='ocr_line' id='line_1_115' title="bbox 2015 5306 3608 5372; baseline 0.001 -8"><span class='ocrx_word' id='word_1_821' title='bbox 2015 5323 2172 5364; x_wconf 72' lang='lat' dir='ltr'><strong>crepo</strong></span> <span class='ocrx_word' id='word_1_822' title='bbox 2222 5307 2514 5372; x_wconf 89' lang='lat' dir='ltr'><strong>versando,</strong></span> <span class='ocrx_word' id='word_1_823' title='bbox 2571 5307 2648 5361; x_wconf 85' lang='lat' dir='ltr'><strong>ita</strong></span> <span class='ocrx_word' id='word_1_824' title='bbox 2702 5306 2938 5361; x_wconf 90' lang='lat' dir='ltr'><strong>ministri</strong></span> <span class='ocrx_word' id='word_1_825' title='bbox 2993 5306 3302 5362; x_wconf 82' lang='lat' dir='ltr'><strong>Antichristi</strong></span> <span class='ocrx_word' id='word_1_826' title='bbox 3355 5307 3410 5363; x_wconf 88' lang='lat' dir='ltr'><strong>in</strong></span> <span class='ocrx_word' id='word_1_827' title='bbox 3449 5323 3608 5366; x_wconf 67' lang='lat' dir='ltr'><strong>caeno</strong></span> 
     </span>
    </p>
   </div>
   <div class='ocr_carea' id='block_1_116' title="bbox 2016 5403 3604 5478">
    <p class='ocr_par' dir='ltr' id='par_1_116' title="bbox 2016 5403 3604 5478">
     <span class='ocr_line' id='line_1_116' title="bbox 2016 5403 3604 5478; baseline 0.003 -18"><span class='ocrx_word' id='word_1_828' title='bbox 2016 5413 2365 5476; x_wconf 88' lang='lat' dir='ltr'><strong>peccatorum</strong></span> <span class='ocrx_word' id='word_1_829' title='bbox 2419 5412 2722 5470; x_wconf 85' lang='lat' dir='ltr'><strong>versantes,</strong></span> <span class='ocrx_word' id='word_1_830' title='bbox 2751 5403 2956 5460; x_wconf 89' lang='lat' dir='ltr'><strong>electos</strong></span> <span class='ocrx_word' id='word_1_831' title='bbox 2985 5403 3085 5460; x_wconf 91' lang='lat' dir='ltr'><strong>Dei</strong></span> <span class='ocrx_word' id='word_1_832' title='bbox 3115 5420 3214 5459; x_wconf 90' lang='lat' dir='ltr'><strong>sua</strong></span> <span class='ocrx_word' id='word_1_833' title='bbox 3263 5405 3604 5478; x_wconf 80' lang='lat' dir='ltr'><strong>garrulitate,</strong></span> 
     </span>
    </p>
   </div>
   <div class='ocr_carea' id='block_1_117' title="bbox 2015 5492 3610 5566">
    <p class='ocr_par' dir='ltr' id='par_1_117' title="bbox 2015 5492 3610 5566">
     <span class='ocr_line' id='line_1_117' title="bbox 2015 5492 3610 5566; baseline 0.003 -18"><span class='ocrx_word' id='word_1_834' title='bbox 2015 5493 2070 5548; x_wconf 89' lang='lat' dir='ltr'><strong>id</strong></span> <span class='ocrx_word' id='word_1_835' title='bbox 2099 5504 2182 5548; x_wconf 89' lang='lat' dir='ltr'><strong>est</strong></span> <span class='ocrx_word' id='word_1_836' title='bbox 2237 5492 2418 5548; x_wconf 76' lang='lat' dir='ltr'><strong>hierisi</strong></span> <span class='ocrx_word' id='word_1_837' title='bbox 2469 5497 2524 5548; x_wconf 91' lang='lat' dir='ltr'><strong>et</strong></span> <span class='ocrx_word' id='word_1_838' title='bbox 2567 5492 2919 5564; x_wconf 86' lang='lat' dir='ltr'><strong>blasphemia,</strong></span> <span class='ocrx_word' id='word_1_839' title='bbox 2969 5503 3369 5566; x_wconf 88' lang='lat' dir='ltr'><strong>persequuntur</strong></span> <span class='ocrx_word' id='word_1_840' title='bbox 3424 5504 3610 5552; x_wconf 88' lang='lat' dir='ltr'><strong>contra</strong></span> 
     </span>
    </p>
   </div>
   <div class='ocr_carea' id='block_1_118' title="bbox 2017 5589 3609 5664">
    <p class='ocr_par' dir='ltr' id='par_1_118' title="bbox 2017 5589 3609 5664">
     <span class='ocr_line' id='line_1_118' title="bbox 2017 5589 3609 5664; baseline 0.001 -18"><span class='ocrx_word' id='word_1_841' title='bbox 2017 5589 2314 5656; x_wconf 87' lang='lat' dir='ltr'><strong>Christum,</strong></span> <span class='ocrx_word' id='word_1_842' title='bbox 2338 5597 2391 5645; x_wconf 91' lang='lat' dir='ltr'><strong>et</strong></span> <span class='ocrx_word' id='word_1_843' title='bbox 2419 5589 2744 5662; x_wconf 88' lang='lat' dir='ltr'><strong>inquietant.</strong></span> <span class='ocrx_word' id='word_1_844' title='bbox 2785 5590 2892 5661; x_wconf 89' lang='lat' dir='ltr'><strong>Ipsi</strong></span> <span class='ocrx_word' id='word_1_845' title='bbox 2923 5607 3140 5664; x_wconf 90' lang='lat' dir='ltr'><strong>quoque</strong></span> <span class='ocrx_word' id='word_1_846' title='bbox 3169 5592 3476 5659; x_wconf 69' lang='lat' dir='ltr'><strong>daemones,</strong></span> <span class='ocrx_word' id='word_1_847' title='bbox 3507 5609 3609 5664; x_wconf 90' lang='lat' dir='ltr'><strong>per</strong></span> 
     </span>
    </p>
   </div>
   <div class='ocr_carea' id='block_1_119' title="bbox 2017 5678 3609 5752">
    <p class='ocr_par' dir='ltr' id='par_1_119' title="bbox 2017 5678 3609 5752">
     <span class='ocr_line' id='line_1_119' title="bbox 2017 5678 3609 5752; baseline 0 -16"><span class='ocrx_word' id='word_1_848' title='bbox 2017 5695 2114 5736; x_wconf 91' lang='lat' dir='ltr'><strong>eos</strong></span> <span class='ocrx_word' id='word_1_849' title='bbox 2144 5695 2281 5752; x_wconf 91' lang='lat' dir='ltr'><strong>quos</strong></span> <span class='ocrx_word' id='word_1_850' title='bbox 2318 5678 2719 5746; x_wconf 89' lang='lat' dir='ltr'><strong>inhabitabunt,</strong></span> <span class='ocrx_word' id='word_1_851' title='bbox 2745 5679 2945 5736; x_wconf 85' lang='lat' dir='ltr'><strong>facient</strong></span> <span class='ocrx_word' id='word_1_852' title='bbox 2975 5680 3152 5752; x_wconf 87' lang='lat' dir='ltr'><strong>signa,</strong></span> <span class='ocrx_word' id='word_1_853' title='bbox 3186 5689 3279 5737; x_wconf 89' lang='lat' dir='ltr'><strong>aut</strong></span> <span class='ocrx_word' id='word_1_854' title='bbox 3332 5697 3460 5736; x_wconf 88' lang='lat' dir='ltr'><strong>vera</strong></span> <span class='ocrx_word' id='word_1_855' title='bbox 3509 5680 3609 5736; x_wconf 88' lang='lat' dir='ltr'><strong>Dei</strong></span> 
     </span>
    </p>
   </div>
   <div class='ocr_carea' id='block_1_120' title="bbox 2016 5775 3607 5851">
    <p class='ocr_par' dir='ltr' id='par_1_120' title="bbox 2016 5775 3607 5851">
     <span class='ocr_line' id='line_1_120' title="bbox 2016 5775 3607 5851; baseline -0.004 -15"><span class='ocrx_word' id='word_1_856' title='bbox 2016 5777 2307 5851; x_wconf 85' lang='lat' dir='ltr'><strong>permissu,</strong></span> <span class='ocrx_word' id='word_1_857' title='bbox 2363 5785 2456 5832; x_wconf 90' lang='lat' dir='ltr'><strong>aut</strong></span> <span class='ocrx_word' id='word_1_858' title='bbox 2511 5775 2646 5832; x_wconf 86' lang='lat' dir='ltr'><strong>falsa</strong></span> <span class='ocrx_word' id='word_1_859' title='bbox 2700 5776 2897 5849; x_wconf 90' lang='lat' dir='ltr'><strong>quibus</strong></span> <span class='ocrx_word' id='word_1_860' title='bbox 2947 5778 3169 5849; x_wconf 89' lang='lat' dir='ltr'><strong>reprobi</strong></span> <span class='ocrx_word' id='word_1_861' title='bbox 3224 5775 3607 5850; x_wconf 66' lang='lat' dir='ltr'><strong>decipiantur,</strong></span> 
     </span>
    </p>
   </div>
  </div>
