4042 6080
544 259 569 311 1
579 257 680 311 0'79

1678 259 2031 317 WERNERI
2060 259 2351 317 ABBATIS
2389 260 2445 315 S.
2486 261 2709 318 BLASII

3712 271 3851 324 1080

544 399 685 455 sicut
712 398 842 455 olim
861 399 1103 456 fecerant
1125 400 1288 474 magi,
1345 401 1435 473 qui
1493 401 1741 457 homines
1798 405 2130 461 resuscitare
2165 388 2216 449 Α
2248 386 2370 454 ejus
2400 384 2681 441 imitamur
2709 386 2892 454 ﬁdem,
2924 403 3034 444 non
3063 389 3156 460 qui
3179 405 3245 445 ex
3275 390 3393 461 eius
3421 395 3668 464 generali
3726 403 3852 449 sum

542 487 892 556 videbantur,
927 489 1065 544 sicut
1098 491 1285 546 Simon
1319 490 1440 545 fecit
1472 490 1527 545 in
1558 501 1851 562 conspectu
1883 495 2136 550 Neronis.

541 575 887 648 Quapropter
913 588 1126 649 septem
1163 579 1323 644 tubae,
1357 580 1425 634 de
1457 581 1654 650 quibus
1684 583 1813 635 alibi
1840 583 1894 636 in
1927 585 2140 654 Apoca-

540 674 685 745 lypsi
723 675 943 742 dicitur,
977 677 1044 730 ad
1069 678 1345 732 interitum
1376 679 1616 747 ipsorum
1648 681 1919 735 sonabunt
1978 699 2142 754 super

544 779 664 819 eos.
691 763 831 820 Dicit
853 765 1026 819 enim:
1067 788 1086 814 α
1108 766 1229 820 Vidi
1269 775 1476 836 septem
1504 768 1739 840 angelos
1779 778 1988 825 stantes
2014 783 2139 830 ante

543 861 897 922 conspectum
930 854 1144 908 Domini
1176 870 1188 922 ;
1215 863 1267 910 et
1298 855 1438 910 data;
1460 865 1584 910 sunt
1613 857 1718 911 illis
1749 867 1956 928 septem
1987 861 2137 918 tuba:

541 949 764 1021 (Apoc.
806 955 942 1021 vm).
976 974 996 999 ιι
1050 951 1299 1007 Ecclesia
1350 953 1658 1022 septenario
1707 972 1936 1012 numero
1995 974 2137 1030 saepe

537 1039 918 1094 commendata
949 1040 1356 1110 praedicationis
1387 1040 1566 1096 officio
1599 1044 2137 1117 maneipatur.Cujus

535 1127 940 1199 praedicationis
973 1129 1147 1198 prima
1177 1130 1310 1183 tuba
1357 1129 1611 1201 designat
1642 1132 1930 1202 impiorum
1964 1137 2137 1191 inter-

536 1225 664 1280 itum
699 1227 752 1279 in
784 1227 910 1297 igne
942 1235 994 1282 et
1042 1228 1306 1300 grandine
1340 1247 1352 1290 ;
1396 1231 1642 1284 secunda
1699 1233 1824 1285 tuba
1862 1233 2134 1289 diabolum

537 1315 606 1370 de
635 1315 886 1370 Ecclesia
916 1318 1258 1385 prepulsum,
1320 1333 1468 1372 mare
1499 1319 1684 1374 saeculi
1739 1323 2017 1377 ardentius
2047 1324 2134 1378 in-

532 1405 854 1458 cendentem
877 1424 889 1470 ;
927 1405 1110 1469 tertia,
1129 1407 1413 1461 haereticos
1440 1407 1508 1460 ab
1534 1408 1774 1463 Ecclesia
1796 1411 2129 1480 decidentes,

531 1506 584 1554 et
614 1507 816 1555 sancta:
845 1501 1140 1571 Seripturae
1170 1502 1393 1558 ﬂumina
1429 1516 1840 1576 corrumpentes
1865 1523 1879 1578 ;
1915 1519 2130 1580 quarta,

531 1585 802 1642 falsorum
852 1587 1072 1644 fratrum
1130 1591 1400 1646 defectum
1452 1594 1505 1646 iu
1563 1594 1946 1653 obscuratione
1978 1599 2132 1655 side-

527 1690 650 1729 rum
685 1696 699 1743 ;
747 1677 956 1749 quinta,
1005 1680 1267 1749 majorem
1307 1680 1688 1738 haereticorum
1719 1685 2125 1743 infestationem

526 1778 744 1843 tempus
802 1776 1112 1831 Antichristi
1168 1779 1612 1847 praecurrentium
1673 1799 1686 1846 ;
1762 1792 1910 1837 sexta
1967 1787 2124 1840 Anti-

523 1861 710 1916 christi
738 1872 982 1935 apertum
1016 1874 1071 1920 et
1103 1881 1322 1921 suorum
1345 1877 1536 1924 contra
1565 1869 1865 1925 Ecclesiam
1897 1873 2119 1930 bellum.

521 1949 762 2020 Septima
813 1954 967 2008 tubat
997 1962 1156 2010 sonat
1201 1956 1346 2011 diem
1391 1957 1605 2026 judicii,
1672 1975 1780 2029 quo
1812 1964 2123 2018 mercedem

518 2044 791 2101 Dominus
822 2048 936 2102 suis
968 2049 1305 2118 redditurus,
1344 2059 1396 2106 et
1421 2054 1881 2110 exterminaturus
1913 2063 1994 2114 est
2027 2076 2123 2116 eos

517 2129 609 2200 qui
640 2141 1005 2202 corruperunt
1035 2142 1254 2189 terram.

590 2245 656 2298 Et
685 2244 809 2301 ideo
843 2247 1105 2315 haeretici,
1166 2250 1255 2320 qui
1319 2266 1493 2308 sacrm
1551 2254 1847 2327 Scriptum
1898 2259 2122 2316 ﬂumina

519 2349 901 2412 corrumpunt,
979 2351 1033 2398 et
1088 2361 1255 2416 super
1311 2364 1449 2418 quos
1497 2351 1621 2406 tuba
1652 2355 2121 2412 condemnationis

519 2429 910 2486 ecclesiasticae
938 2431 1172 2500 insonat,
1208 2451 1316 2490 non
1373 2446 1603 2507 possunt
1631 2442 1838 2499 habere
1887 2447 2118 2514 veniam,

519 2515 623 2571 nisi
669 2534 770 2588 per
799 2519 1100 2574 Ecclesiam
1156 2524 1478 2581 catholicam
1513 2544 1525 2582 :
1569 2530 1708 2586 sicut
1750 2542 1802 2588 et
1829 2536 1990 2591 amici
2016 2537 2120 2591 Job

520 2629 630 2670 non
658 2631 759 2686 per
787 2633 848 2672 se
878 2617 1094 2688 placare
1147 2621 1322 2676 Deum
1379 2624 1481 2680 sibi
1540 2637 1854 2699 potuerunt,
1889 2633 1990 2687 nisi
2022 2651 2121 2704 pro

521 2702 601 2758 eis
665 2704 772 2760 Job
831 2706 1158 2764 sacrificium
1218 2711 1505 2770 obtulisset
1570 2718 1688 2784 (Job
1727 2722 1877 2791 χιιι).
1939 2702 2120 2793 Opera

520 2790 682 2862 bona,
743 2811 866 2866 quae
923 2797 1166 2853 haeretici
1211 2798 1434 2869 faciunt,
1467 2812 1520 2858 et
1569 2805 1812 2878 justitia,
1873 2790 2008 2866 nihil
2041 2813 2120 2868 eis

521 2889 767 2960 prodest,
801 2895 1031 2948 testante
1058 2895 1291 2952 Domino
1320 2914 1420 2968 per
1448 2901 1742 2958 Jeremiam
1799 2905 2040 2982 [Isaiam]
2103 2929 2115 2965 :

531 2999 554 3024 α
589 2977 730 3045 Quia
749 2981 858 3035 mei
887 2981 1083 3037 oblitus
1113 3000 1194 3051 es,
1226 3001 1356 3042 ecce
1388 3004 1494 3060 ego
1514 2994 1845 3049 annuntiabo
1855 2977 2121 3064 justitiam

2156 1748 2208 1806 B

2241 489 2430 530 carne.
2470 475 2550 530 De
2581 491 2771 530 errore
2794 491 3012 547 quoque
3040 479 3276 534 auctoris
3325 495 3357 534 a
3411 480 3748 552 quibusdam
3802 493 3854 538 et

2240 578 2439 618 nomen
2488 569 2543 619 et
2597 565 2759 634 culpa
2805 566 3055 630 trahitur,
3116 574 3173 621 ut
3201 567 3370 637 ipsius
3395 571 3660 626 vocabulo
3709 587 3850 627 cen-

2239 670 2422 716 seatur
2451 662 2610 730 cujus
2675 679 2916 719 errorem
2973 674 3022 720 et
3066 665 3330 736 scquitur,
3391 666 3532 721 sicut
3581 667 3851 723 Ecclesiae

2240 750 2485 822 Pergami
2516 759 2570 806 et
2598 752 2868 822 Thyatira:
2885 753 3082 809 dicitur
3114 769 3125 808 :
3166 755 3482 810 «Habentes
3512 763 3566 810 et
3595 765 3847 812 tenentes

2241 839 2543 895 doctrinam
2572 841 2786 896 Balaam
2806 849 2859 896 et
2886 841 3108 898 Jezabel
3128 846 3318 916 (Apoc.
3357 845 3440 911 ιι).
3460 869 3481 891 n
3517 845 3845 901 Doctrinam

2236 937 2402 1008 igitur
2426 938 2646 993 Balaam
2677 948 2730 994 et
2758 940 2979 995 Iezabel
3009 941 3061 995 in
3095 941 3422 1014 Apocalypsi
3452 943 3708 999 dicuntur
3733 945 3843 998 ba-

2237 1025 2368 1082 bere
2398 1035 2619 1098 pr0pter
2648 1029 3029 1096 imitationem,
3088 1046 3198 1086 non
3240 1040 3462 1102 propter
3491 1033 3842 1103 praesentiam

2235 1117 2603 1188 corporalem.

2538 1228 2774 1285 SERMO
2813 1231 2905 1284 DE
2939 1229 3129 1287 BONO
3170 1232 3258 1286 ET
3295 1231 3517 1288 MALO.

2305 1325 2454 1380 Deus
2479 1326 2608 1382 facit
2640 1327 2782 1382 bona
2810 1344 2976 1398 opera
3008 1329 3126 1385 sola
3156 1345 3250 1384 sua
3282 1329 3542 1394 bonitate.
3579 1331 3842 1403 quoniam

2233 1419 2352 1490 ipse
2410 1433 2556 1476 creat
2615 1423 2949 1480 voluntatem
3003 1442 3125 1480 cum
3181 1425 3353 1481 libero
3380 1427 3605 1482 arbitrio
3638 1437 3692 1483 et
3747 1430 3842 1482 dat

2232 1507 2310 1563 illi
2353 1509 2616 1581 justitiam
2670 1528 2770 1582 per
2826 1528 2986 1583 quam
3019 1523 3301 1586 cperatur.
3358 1516 3498 1571 Mala
3544 1532 3681 1572 vero
3710 1517 3846 1574 facit

2233 1597 2352 1654 sola
2381 1600 2540 1669 culpa
2571 1602 2823 1667 hominis,
2858 1605 2979 1675 quia
3041 1619 3150 1658 non
3180 1621 3245 1660 ea
3298 1605 3516 1674 faceret,
3563 1607 3610 1660 si
3669 1607 3841 1664 homo

2235 1697 2324 1752 illa
2384 1699 2562 1754 facere
2619 1717 2725 1756 non
2753 1703 2942 1758 vellet.
3009 1705 3154 1759 Deus
3183 1704 3350 1776 igitur
3401 1705 3564 1760 habet
3582 1705 3636 1760 in
3674 1705 3844 1763 bonis

2237 1787 2457 1858 quidem
2489 1790 2633 1860 quod
2665 1790 2805 1845 bona
2821 1800 2943 1846 sunt
2970 1809 3070 1863 per
3100 1795 3414 1859 essentiam,
3438 1803 3491 1849 et
3517 1795 3668 1866 quod
3690 1796 3845 1852 bona

2227 1883 2353 1930 sunt
2400 1893 2504 1946 per
2527 1878 2789 1946 justitiam
2822 1899 2834 1943 ;
2875 1881 2928 1934 in
2958 1881 3115 1936 malis
3139 1898 3271 1938 vero
3301 1883 3650 1939 solummodo
3681 1887 3837 1956 quod

2225 1972 2367 2028 bona
2429 1983 2551 2028 sunt
2581 1993 2680 2045 per
2737 1978 3051 2047 essentiam,
3100 1996 3208 2036 non
3239 1982 3380 2052 quod
3410 1981 3551 2037 mala
3581 1992 3713 2038 sunt
3740 2001 3844 2056 per

2224 2062 2525 2117 absentiam
2558 2064 2757 2120 debitae
2809 2067 3082 2137 justitiaa:
3143 2087 3262 2139 quae
3293 2086 3402 2125 non
3457 2079 3540 2126 est
3587 2072 3830 2144 aliquid.

2224 2151 2399 2206 Homo
2429 2161 2608 2208 autem
2639 2155 2800 2210 habet
2831 2157 2884 2210 in
2941 2156 3098 2211 bonis
3149 2158 3295 2228 quod
3351 2160 3491 2214 mala
3539 2176 3649 2218 non
3683 2171 3837 2232 sunt,

2225 2246 2371 2317 quia,
2405 2263 2526 2302 cum
2559 2257 2744 2321 posset
2773 2251 3296 2321 desererejustitiam
3327 2263 3380 2310 et
3422 2257 3564 2310 mala
3623 2257 3837 2325 facere,

2223 2351 2330 2389 non
2366 2336 2625 2404 deseruit,
2658 2339 2759 2394 sed
2814 2342 3051 2396 servavit
3100 2359 3200 2412 per
3246 2343 3478 2398 liberum
3543 2346 3840 2403 arbitrium

2222 2424 2387 2480 dante
2441 2433 2495 2479 et
2554 2428 2925 2499 subsequente
2979 2431 3170 2502 gratia.
3231 2433 3289 2486 In
3338 2433 3492 2488 malis
3541 2450 3674 2491 vero
3727 2437 3837 2492 hoc

2221 2523 2397 2577 solum
2430 2526 2580 2595 quod
2611 2526 2754 2580 mala
2783 2535 2925 2591 sunt,
2960 2544 3089 2599 qua
3115 2545 3180 2584 ea
3210 2530 3326 2586 sola
3355 2533 3595 2602 propria,
3655 2534 3712 2589 id
3743 2542 3831 2591 est

2221 2611 2426 2680 injusta
2470 2614 2745 2670 voluntate
2783 2616 2935 2671 facit.
2999 2619 3264 2686 lnjustitia
3319 2628 3502 2676 autem
3558 2621 3692 2677 nihil
3742 2632 3832 2679 est

2221 2702 2460 2770 omnino,
2506 2704 2642 2759 sicut
2679 2705 2898 2760 caecitas
2933 2724 2945 2770 ;
2981 2722 3089 2762 non
3121 2709 3262 2762 enim
3301 2718 3380 2765 est
3417 2709 3564 2765 aliud
3598 2712 3830 2768 caecitas

2223 2815 2389 2870 quam
2423 2801 2669 2857 absentia
2698 2804 2846 2859 visus
2899 2805 2991 2860 ubi
3020 2806 3183 2861 debet
3209 2823 3330 2863 esse
3361 2824 3374 2862 :
3442 2825 3566 2880 quae
3593 2825 3708 2866 non
3739 2820 3829 2866 est

2219 2889 2400 2961 magis
2430 2890 2484 2944 in
2534 2892 2693 2947 oculo
2724 2893 2815 2947 ubi
2839 2893 3001 2948 debet
3031 2911 3152 2950 esse
3182 2895 3330 2951 visus
3361 2913 3526 2968 quam
3556 2899 3611 2952 in
3667 2899 3828 2972 ligno

2221 2977 2313 3032 ubi
2344 2993 2451 3033 non
2491 2980 2653 3035 debet
2683 2983 2963 3036 esse.Non
2996 2983 3139 3038 enim
3161 2992 3244 3038 est
3275 2984 3399 3041 talis
3431 3001 3521 3041 res
3551 2987 3830 3056 injustitia

525 3071 695 3134 tuam,
756 3076 810 3124 et
833 3085 999 3141 opera
1030 3079 1118 3127 tua
1160 3089 1269 3128 non
1297 3077 1597 3146 proderunt
1645 3081 1738 3136 tibi
1793 3084 1922 3154 (18a.
1956 3092 2030 3154 v).
2095 3112 2116 3137 η
2152 3105 2200 3168 C
2231 3091 2337 3145 qua
2366 3075 2639 3133 ίηθοίᾶῑυν
2666 3087 2720 3133 ei
2749 3092 3137 3150 corrumpam“
3167 3082 3361 3150 anima,
3422 3083 3566 3139 Velm
3623 3101 3831 3158 corpus

529 3162 808 3234 Haeretici,
842 3168 1090 3236 quamvis
1112 3169 1291 3242 legem
1323 3182 1414 3228 aut
1442 3178 1740 3247 prophetas
1770 3181 2124 3254 adimpleant,

530 3266 597 3306 ex
628 3267 696 3309 eo
715 3262 900 3311 tamen
929 3258 1077 3328 quod
1107 3261 1358 3317 catholici
1391 3280 1500 3319 non
1531 3275 1673 3334 sunt,
1734 3286 1842 3324 non
1874 3281 1953 3326 est
1981 3275 2128 3329 Deus

530 3340 588 3396 in
616 3357 808 3399 eorum
839 3347 1213 3416 conventibus,
1271 3351 1391 3422 ipso
1419 3354 1655 3412 Domino
1700 3365 1929 3418 testante
1964 3380 1978 3416 :
2015 3385 2037 3414 ι
2074 3364 2131 3419 Si

538 3443 747 3496 steterit
776 3444 989 3515 Moyses
1012 3455 1064 3502 et
1095 3448 1309 3504 Samuel
1341 3467 1526 3508 coram
1556 3473 1662 3524 me,
1696 3475 1804 3514 non
1835 3468 1922 3516 est
1949 3464 2131 3520 anima

533 3543 659 3585 mea
687 3531 758 3619 ad
789 3532 1048 3604 populum
1075 3536 1271 3593 istum.
1329 3540 1486 3612 Ejice
1532 3561 1627 3600 eos
1648 3563 1680 3601 a
1709 3547 1849 3605 facie
1903 3567 2045 3619 mea,
2078 3562 2132 3609 et

539 3618 892 3689 egrediantur
949 3624 1089 3692 μεν.
1123 3628 1241 3696 xv).
1281 3651 1301 3674 n
1338 3630 1440 3684 Per
1467 3634 1690 3705 Moysen
1722 3638 1924 3710 quippe
1954 3650 2006 3696 et
2032 3618 2130 3696 Sa-

534 3713 686 3804 muel
712 3715 890 3786 legem
921 3719 1109 3789 accipe
1138 3728 1192 3776 et
1220 3728 1534 3794 prophetas.
1570 3730 1721 3798 Quos
1751 3738 1996 3804 quamvis
2025 3738 2132 3794 bae-

533 3803 691 3858 retici
745 3819 913 3874 opere
967 3805 1197 3878 implere
1253 3815 1602 3884 contendant,
1663 3803 1883 3892 propter
1929 3829 2132 3882 erroris

534 3898 718 3947 tamen
775 3894 1114 3964 impietatem
1170 3915 1201 3953 a
1260 3902 1410 3957 vultu
1461 3906 1562 3961 Dei
1593 3910 1970 3979 projiciuntur,
2031 3925 2133 3972 eta

524 3989 793 4058 justorum
815 3992 1044 4047 ccetibus
1073 4007 1397 4066 separantur
1449 4017 1697 4073 paganus
1727 4017 1777 4062 et
1810 4007 2124 4068 haereticus.

532 4077 628 4133 Ille
657 4079 782 4150 quia
811 4096 1084 4151 nunquam
1115 4083 1213 4139 fuit
1245 4102 1366 4142 cum
1399 4090 1496 4144 Dei
1537 4093 1740 4164 pepulo
1774 4115 1786 4160 ;
1821 4098 1924 4153 iste
1954 4110 2132 4157 autem

533 4165 660 4236 quia
689 4169 911 4223 recessit
941 4187 971 4224 a
1027 4172 1131 4228 Dei
1182 4176 1405 4246 pupulo.
1471 4181 1711 4253 Uterque
1755 4188 2076 4244 recedentes
2105 4207 2134 4244 a

532 4255 746 4310 Christo
776 4256 846 4310 ad
869 4258 1070 4314 diaboli
1103 4263 1344 4331 petinent
1372 4282 1588 4339 corpus,
1651 4273 1742 4342 qui
1789 4276 1856 4329 ab
1913 4277 2137 4333 idolola-

529 4351 637 4405 tria
663 4353 730 4405 ad
759 4354 1098 4410 Judaismum
1156 4359 1242 4414 vel
1295 4362 1552 4419 haeresim
1631 4377 1930 4439 transeunt,
1977 4376 2136 4442 juxta

2231 3181 2466 3228 veneno,
2509 3174 2559 3220 et
2595 3185 2715 3238 qua:
2745 3167 2908 3224 faciat
2937 3170 3161 3242 aliquid,
3197 3171 3336 3227 sicut
3366 3172 3577 3229 videtur
3605 3176 3832 3246 quando

2230 3253 2408 3307 malus
2436 3255 2600 3310 homo
2633 3256 2750 3312 facit
2798 3259 2939 3312 mala
2970 3275 3168 3329 Opera.
3203 3260 3340 3316 Nam
3371 3263 3833 3332 quemadmodum

2229 3365 2350 3406 cum
2425 3351 2689 3407 indomita
2759 3353 2873 3410 fera
2947 3357 3124 3427 ruptis
3199 3357 3426 3414 vinculis
3464 3359 3831 3417 discurrendo

2231 3439 2402 3506 saevit,
2437 3448 2489 3494 et
2519 3457 2638 3496 cum
2672 3443 2826 3498 navis
2857 3443 2900 3497 si
2930 3445 3270 3517 gubernator
3289 3448 3515 3503 dimisso
3546 3450 3831 3521 guberna-

2230 3527 2350 3582 culo
2389 3529 2604 3584 dimittit
2679 3547 2829 3598 eam,
2888 3533 3065 3588 ventis
3121 3546 3348 3606 vagatur
3398 3546 3452 3592 et
3507 3539 3720 3593 vehitur
3773 3540 3831 3594 in

2232 3625 2487 3697 quaelibet
2514 3629 2794 3698 pericula:
2828 3630 3061 3686 dicimus
3101 3632 3224 3704 quia
3273 3635 3376 3690 hoc
3424 3634 3549 3691 facit
3577 3637 3830 3692 absentia

2231 3723 2439 3771 catena:-
2468 3726 2560 3770 aut
2589 3718 2947 3788 gubernaculi
2989 3735 3002 3787 ;
3035 3737 3143 3776 non
3173 3723 3318 3793 quod
3361 3724 3608 3779 absentia
3640 3741 3830 3780 eorum

2230 3803 2432 3875 aliquid
2491 3805 2558 3859 sit
2615 3816 2705 3861 aut
2726 3807 3020 3879 quidquam
3075 3809 3254 3876 faciat,
3315 3812 3412 3867 sed
3471 3813 3751 3884 quoniam,
3783 3814 3830 3869 si

2232 3901 2507 3967 adessent,
2541 3902 2778 3958 facerent
2809 3921 2878 3960 ne
2907 3905 3026 3960 fera
3054 3908 3274 3962 saviret
3305 3917 3394 3963 aut
3419 3909 3574 3964 navis
3602 3911 3830 3981 periret.

2233 3989 2309 4043 Ita
2339 4007 2554 4062 quoque
2582 4009 2702 4047 cum
2762 3994 2937 4049 malus
2978 3995 3142 4050 homo
3199 3997 3352 4053 saevit
3381 4007 3432 4053 et
3459 3998 3513 4052 in
3569 3999 3832 4071 quaelibet

2232 4079 2424 4133 animae
2456 4097 2567 4136 suae
2613 4082 2874 4150 pericula,
2909 4101 3032 4155 quae
3061 4094 3185 4139 sunt
3242 4087 3389 4141 mala
3417 4102 3604 4157 opera,
3627 4088 3831 4160 impel~

2231 4167 2377 4232 litur,
2413 4169 2716 4224 clamamus
2773 4171 2898 4242 quia
2946 4173 3033 4228 hic
3089 4175 3657 4246 cperaturinjustitia,
3720 4193 3831 4233 non

2235 4265 2378 4334 quod
2401 4264 2523 4336 ipsa
2555 4266 2664 4320 ulla
2722 4270 2957 4323 essentia
3012 4271 3078 4325 sit
3108 4279 3199 4325 aut
3257 4273 3423 4328 faciat
3483 4274 3830 4346 aliquid,sed

2233 4354 2376 4424 quod
2437 4355 2693 4410 voluntas
2742 4357 2826 4412 cui
2888 4359 3086 4412 subditi
3135 4369 3258 4414 sunt
3293 4377 3488 4417 omnes
3538 4363 3831 4418 voluntarii

527 4441 853 4510 prophetam
886 4461 898 4496 ε
937 4468 958 4492 α
994 4446 1074 4500 De
1105 4448 1249 4504 malo
1298 4451 1560 4508 labuntur
1596 4458 1665 4511 ad
1722 4461 1920 4516 malum
1971 4441 2114 4532 (per.
2153 4468 2206 4528 D
2238 4451 2415 4496 motus
2475 4445 2637 4498 totius
2668 4445 2925 4508 hominis,
3003 4448 3230 4503 absente
3279 4450 3490 4518 justitia
3547 4452 3666 4506 sine
3725 4467 3835 4523 qua

528 4529 624 4597 ιχ).
663 4550 685 4575 ››
719 4531 784 4584 Ει
812 4531 1100 4588 Dominum
1132 4552 1241 4591 non
1273 4553 1670 4610 cognoverunt.
1704 4549 1830 4618 quia
1849 4551 1916 4605 de
1938 4529 2125 4608 infide-

527 4625 695 4683 litatis
724 4642 906 4684 errore
948 4631 1002 4684 in
1061 4647 1305 4688 errorem
1336 4637 1500 4692 alium
1561 4643 1914 4700 transierunt.
1955 4649 2123 4718 Cujus

529 4715 832 4770 doctrinam
864 4718 1095 4790 quisque
1124 4724 1388 4793 sequitur,
1425 4727 1588 4796 hujus
1619 4739 1673 4784 et
1703 4732 1844 4788 filius
1901 4715 2122 4794 nuncu-

526 4813 705 4876 patur,
738 4805 876 4861 sicut
906 4815 958 4861 et
986 4824 1087 4878 per
1113 4813 1454 4884 prophetam,
1480 4819 1857 4877 Amorrhazum
1887 4834 2117 4895 patrem,

523 4903 799 4959 Cethzeam
821 4911 1052 4960 matrem
1086 4923 1205 4963 esse
1232 4909 1397 4967 Israel
1433 4915 1698 4972 Dominus
1728 4918 1857 4976 dicit
1887 4924 2109 4990 (Ezech.

523 4993 664 5060 xvi),
697 5007 805 5047 non
836 4993 1021 5065 utique
1068 4999 1345 5054 nascendo
1394 5003 1491 5057 sed
1522 5004 1808 5065 imitando.
1839 5011 1929 5067 Sic
1960 5022 2012 5069 et
2064 5015 2118 5068 in

525 5091 810 5147 meliorem
840 5101 1045 5161 partem
1073 5093 1169 5150 filii
1224 5098 1324 5153 Dei
1355 5114 1740 5174 nuncupantur
1785 5110 1874 5180 qui
1904 5128 2114 5182 praece-

525 5188 620 5251 pta
648 5181 749 5237 Dei
776 5183 1115 5238 custodiunt.
1185 5185 1341 5242 Unde
1373 5197 1428 5244 et
1483 5207 1582 5248 nos
1611 5211 1722 5250 non
1752 5181 1958 5266 natura,
2017 5204 2115 5260 sed

523 5278 817 5349 adoptione
845 5279 1146 5337 clamamus
1176 5283 1293 5341 Deo
1322 5287 1567 5346 dicentes
1600 5311 1612 5346 :
1660 5317 1681 5341 α
1724 5296 1877 5352 Pater
1904 5305 2110 5368 noster,

523 5367 616 5438 qui
646 5383 706 5422 es
761 5366 815 5422 in
845 5369 999 5423 caelis
1058 5373 1278 5440 (Matth.
1340 5378 1438 5446 γι),
1477 5402 1500 5429 υ
1534 5396 1642 5436 non
1693 5384 1868 5440 solum
1909 5366 2114 5444 tantum

519 5455 824 5521 nativitate,
883 5458 980 5512 sed
1007 5459 1168 5514 etiam
1198 5462 1495 5522 imitatione
1528 5468 1667 5525 filios
1697 5488 1859 5542 posse
1888 5477 2115 5547 alicujus

518 5551 702 5609 vocari
731 5571 744 5616 ;
779 5567 909 5607 nam
941 5553 1112 5610 Judaei
1134 5559 1430 5616 secundum
1463 5579 1687 5622 carnem
1733 5568 1825 5624 ﬁlii
1858 5573 2110 5641 Abrahae,

510 5641 810 5704 secundum
841 5644 1309 5701 conversationem
1340 5659 1522 5707 autem
1579 5654 1679 5710 ﬁlii
1733 5657 1942 5715 diaboli
1977 5680 2114 5716 nun-

443 5736 462 5810 ς
501 5741 769 5804 cupantur
792 5747 814 5818 _:
849 5745 913 5786 ac
942 5746 1040 5800 per
1067 5732 1174 5788 hoc
1228 5734 1306 5790 illi
1349 5749 1474 5794 sunt
1503 5758 1691 5801 semen
1722 5747 1960 5806 Abrahae
2004 5754 2104 5824 qui

2236 4531 2403 4585 utitur
2460 4533 2621 4587 homo
2645 4534 2919 4590 voluntate
2939 4536 3179 4592 diversis
3209 4540 3541 4608 appetitibus
3571 4541 3827 4610 impulsa,

2234 4649 2292 4686 se
2323 4641 2374 4687 et
2404 4633 2588 4688 omnia
2644 4635 2747 4688 sibi
2797 4634 3004 4691 subdita
3031 4640 3085 4691 in
3127 4639 3445 4696 multimoda
3495 4641 3632 4696 mala
3690 4641 3831 4697 levis

2233 4730 2286 4776 et
2315 4720 2576 4776 effrenata
2607 4731 2658 4776 et
2687 4724 2804 4779 sine
2835 4735 3044 4780 rectore
3101 4729 3424 4798 praecipitat,
3480 4731 3625 4802 quod
3655 4739 3825 4785 totum

2233 4810 2277 4863 si
2302 4811 2506 4878 justitia
2539 4812 2777 4878 adesset,
2810 4814 3118 4883 prohiberet
3148 4832 3221 4872 ne
3252 4817 3427 4873 fieret.

2302 4919 2377 4972 Ex
2425 4917 2509 4972 his
2572 4934 2704 4990 ergo
2763 4918 2920 4975 facile
2959 4923 3322 4992 cognoscitur,
3385 4925 3513 4991 quia
3568 4925 3833 4995 injustan

2227 5007 2434 5061 nullam
2470 5007 2630 5062 habet
2660 5010 2975 5078 essentiam,
3010 5013 3255 5081 quamvis
3281 5013 3496 5082 injustas
3531 5015 3833 5070 voluntatis

2227 5095 2451 5151 affectus
2473 5105 2528 5151 et
2551 5104 2725 5162 actus,
2753 5098 2843 5169 qui
2874 5115 2974 5168 per
3004 5115 3064 5154 se
3095 5101 3422 5156 considerati
3453 5103 3657 5174 aliquid
3680 5113 3827 5168 sunt,

2225 5210 2355 5248 usus
2385 5193 2701 5262 injustitiam
2735 5203 2912 5250 vocet.
2947 5197 3058 5252 Hac
3090 5198 3209 5268 ipsa
3232 5200 3439 5254 ratione
3471 5200 3830 5274 intelligimus

2226 5283 2427 5337 malum
2485 5282 2620 5337 nihil
2669 5300 2812 5338 esse.
2872 5285 3065 5340 Malum
3097 5303 3332 5359 namque
3389 5304 3496 5344 non
3563 5299 3645 5344 est
3678 5291 3828 5347 aliud

2227 5395 2390 5452 quam
2451 5379 2697 5434 absentia
2750 5381 2915 5436 debiti
2957 5384 3110 5438 boni.
3150 5384 3310 5440 Nulla
3366 5395 3550 5442 autem
3593 5389 3832 5444 essentia

2227 5469 2469 5540 quamvis
2528 5469 2670 5523 mala
2727 5470 2939 5526 dicatur
2985 5481 3069 5526 est
3125 5473 3283 5540 nihil,
3359 5491 3460 5530 nec
3507 5475 3650 5530 mala
3703 5493 3831 5534 esse

2225 5575 2304 5622 est
2356 5566 2435 5620 illi
2465 5567 2670 5638 aliquid
2727 5584 2874 5623 esse.
2915 5571 3057 5624 Nulli
3089 5571 3233 5626 enim
3291 5573 3546 5629 essentia:
3566 5582 3653 5628 est
3673 5573 3826 5631 aliud

2224 5657 2360 5711 mala
2416 5672 2539 5711 esse
2591 5671 2755 5728 quam
2827 5658 3027 5714 bonum
3083 5659 3160 5714 illi
3217 5661 3412 5716 deesse
3468 5663 3612 5734 quod
3660 5663 3828 5720 debet

2223 5753 2448 5810 habere.
2505 5754 2685 5823 Quare
2722 5754 2867 5812 mala
2921 5771 3066 5837 esse,
3124 5773 3233 5814 non
3290 5767 3377 5814 est
3412 5759 3504 5814 ulli
3560 5763 3832 5819 essentize
