4042 6080
321 229 454 283 1081

1270 225 1859 284 DEFLOBATIONES
1899 226 1997 282 SS.
2031 225 2342 287 PATRUM.
2381 259 2453 269 —
2489 229 2615 283 LIB.
2657 230 2724 283 II.

3484 232 3625 288 1082

322 349 535 424 aliquid
565 367 714 408 esse.
754 351 870 409 Hoc
897 351 966 408 de
995 351 1140 408 malo
1172 353 1316 425 quod
1364 369 1583 424 semper
1643 356 1725 407 est
1783 352 1919 408 nihil
1947 353 2004 414 A
2032 352 2147 408 sive
2177 353 2230 407 in
2262 353 2454 425 spiritu
2486 354 2605 410 sive
2634 353 2689 408 in
2719 369 2974 427 corpore.
3008 354 3203 412 Omnia
3246 356 3448 428 quippe
3503 373 3634 429 quae

323 451 530 508 dictum
562 450 648 506 sit.
678 450 828 506 Sicut
859 449 1003 505 enim
1035 451 1142 505 duo
1172 459 1298 505 sunt
1328 451 1493 519 bona,
1529 451 1740 506 scilicet
1759 451 1924 520 justi-

326 541 401 596 tia
432 550 485 595 et
515 541 880 607 commodum,
914 540 988 594 ita
1036 548 1160 594 sunt
1197 542 1305 594 duo
1335 541 1481 595 mala
1537 557 1730 598 eorum
1787 556 1913 596 con-

326 630 516 697 traria,
547 630 602 684 id
632 639 712 685 est
743 629 1008 699 injustitia
1039 638 1092 686 et
1137 629 1565 686 incommodum.
1614 633 1730 688 Hoc
1777 629 1927 685 scili-

328 736 416 783 cet
455 727 859 783 incommodum
899 727 1194 798 aliquando
1252 727 1386 780 nihil
1439 732 1523 782 est
1572 734 1636 782 ut
1688 727 1924 790 caecitas,

328 815 619 886 aliquando
659 824 742 870 est
779 815 985 886 aliquid
1020 822 1076 869 ut
1121 815 1279 870 dolor
1304 823 1353 868 et
1398 815 1634 869 tristitia.
1680 816 1786 869 Sed
1827 816 1929 869 hoc

338 904 544 959 malum
575 921 697 958 cum
721 904 930 975 aliquid
963 913 1045 958 est
1066 904 1243 959 Deum
1281 908 1459 960 facere
1488 919 1597 959 non
1643 919 1927 971 negamus,

335 1025 357 1050 α
391 1003 514 1075 quia
543 1001 667 1072 ipse
699 1010 779 1058 est
812 1003 1013 1058 faciens
1044 1018 1236 1074 pacem
1268 1010 1319 1056 et
1350 1018 1540 1058 creans
1567 1003 1770 1056 malum
1803 1003 1926 1068 (Isa.

325 1093 476 1157 XLV).
515 1113 538 1139 ι»
573 1092 705 1146 Item
734 1106 746 1146 :
777 1115 799 1140 σι
835 1094 955 1147 Non
987 1099 1069 1146 est
1101 1092 1306 1146 malum
1334 1091 1388 1145 in
1405 1091 1636 1156 civitate,
1663 1091 1806 1163 quod
1823 1107 1932 1146 non

325 1179 489 1236 faciat
518 1181 784 1238 Dominus
841 1182 1027 1250 (Amos
1073 1185 1180 1249 In).
1236 1204 1256 1230 ο
1319 1181 1443 1251 Ipse
1487 1197 1721 1252 namque
1765 1185 1929 1235 creat

326 1277 676 1334 incommoda
708 1278 905 1350 quibus
937 1282 1154 1334 exercet
1187 1286 1236 1334 et
1268 1287 1466 1350 purgat
1489 1279 1670 1346 justos
1701 1285 1754 1332 et
1781 1277 1934 1349 punit

325 1365 578 1435 iniustos.
611 1367 750 1422 Illud
775 1384 913 1422 vero
973 1367 1174 1422 malum
1225 1369 1372 1439 quod
1423 1367 1622 1422 dicitur
1677 1366 1932 1436 injustitia

327 1471 613 1529 nunquam
647 1466 727 1511 est
757 1456 979 1528 aliquid,
1025 1473 1127 1512 nec
1157 1456 1323 1513 alicui
1356 1457 1432 1512 rei
1464 1465 1545 1511 est
1575 1456 1779 1527 aliquid
1810 1471 1933 1510 esse

327 1553 528 1622 injusta
559 1569 702 1609 esse.
735 1554 831 1609 Vel
863 1554 942 1610 sic
971 1570 1168 1610 creans
1211 1555 1414 1609 malum
1472 1562 1523 1609 et
1579 1554 1784 1609 faciens
1829 1553 1932 1608 bo-

326 1658 457 1698 num
497 1643 864 1716 intelligitur:
907 1643 1107 1698 Creare
1162 1652 1244 1698 est
1302 1644 1598 1714 disponere
1645 1651 1697 1698 et
1750 1649 1934 1712 aptare

327 1732 557 1802 aliquid.
614 1733 773 1789 Unde
821 1731 1065 1789 dicitur:

328 1830 667 1886 ordinantur
689 1837 743 1884 et
770 1837 1024 1898 aptantur
1052 1829 1123 1884 ad
1149 1830 1274 1900 hoc,
1305 1838 1361 1884 ut
1400 1837 1591 1901 postea
1637 1830 1938 1884 formentur

329 1923 387 1976 et
415 1918 544 1974 ﬁant
571 1919 846 1976 consules.
883 1920 1038 1974 Creat
1068 1936 1204 1992 ergo
1254 1921 1401 1974 Deus
1457 1919 1681 1986 malum,
1736 1920 1795 1974 id
1853 1928 1937 1975 est

333 2017 640 2082 peccatum,
675 2009 891 2080 quando
923 2019 1073 2080 aptat
1102 2017 1156 2064 et
1184 2009 1395 2064 ordinat
1445 2009 1683 2081 aliquem
1727 2009 1826 2076 sic,
1881 2017 1939 2064 ut

332 2107 531 2162 habeat
571 2106 876 2178 potentiam
914 2106 1200 2178 peccandi.
1245 2107 1404 2176 Quod
1461 2107 1518 2161 fit
1559 2123 1679 2163 cum
1738 2107 1788 2163 ei
1843 2122 1940 2177 per

325 2196 557 2252 liberum
619 2197 900 2252 arbitrium
947 2197 1036 2251 dat
1074 2196 1389 2267 potentiam
1445 2204 1500 2252 et
1583 2196 1938 2269 aptitudinem

330 2286 481 2342 bene
518 2285 756 2354 vivendi,
800 2285 896 2341 sed
941 2285 1119 2356 ipsum
1159 2285 1434 2353 affectum,
1466 2287 1522 2341 id
1554 2295 1634 2342 est
1663 2287 1801 2342 bene
1850 2286 1938 2341 vi-

334 2399 467 2440 vere
494 2399 603 2438 non
631 2385 746 2452 dat,
794 2383 934 2439 sicut
981 2382 1110 2439 facit
1147 2399 1351 2440 caacum
1401 2384 1584 2439 dando
1635 2384 1936 2455 potentiam

340 2473 582 2539 videndi,
615 2482 668 2528 et
700 2473 876 2543 ipsum
905 2473 1170 2539 habitum,
1205 2473 1258 2528 id
1291 2482 1373 2528 est
1400 2473 1578 2528 visum
1628 2474 1714 2528 vel
1762 2474 1934 2529 visio-

337 2578 466 2618 nem
498 2561 772 2634 negando.
802 2561 957 2617 Facit
985 2577 1116 2617 vero
1147 2563 1367 2628 bonum,
1397 2563 1450 2616 id
1481 2570 1564 2617 est
1595 2562 1792 2618 format
1836 2563 1933 2634 ju-

334 2669 478 2716 stum
519 2661 605 2715 cui
644 2659 878 2732 largitur
924 2675 1036 2714 non
1095 2660 1274 2714 solum
1331 2660 1630 2731 potentiam
1683 2661 1930 2730 justitiae,

334 2751 434 2806 sed
463 2749 626 2804 etiam
654 2750 828 2820 ipsam
851 2749 1132 2816 justitiam,
1166 2749 1373 2805 scilicet
1403 2749 1638 2804 formam
1670 2751 1786 2818 ejus
1840 2767 1934 2821 po-

335 2839 541 2895 tentiae.
576 2838 712 2894 Hinc
741 2837 978 2894 dicitur:
1020 2861 1040 2884 ιι
1079 2839 1200 2908 Ipse
1247 2838 1400 2904 dixit,
1452 2846 1504 2892 et
1562 2839 1708 2895 facta
1763 2850 1928 2904 sunt;

335 2936 619 2993 mandavit
636 2944 688 2991 et
705 2945 888 2992 creata
905 2945 1032 2990 sunt
1055 2936 1232 3006 (Psal.
1256 2937 1489 3006 xxxu).»
1517 2937 1932 2992 Mandamushis

339 3027 437 3098 qui
467 3026 632 3098 longe
661 3030 783 3079 sunt
813 3024 1024 3088 remoti,
1054 3023 1285 3079 dicimus
1307 3024 1390 3078 his
1423 3024 1512 3095 qui
1554 3040 1725 3095 prOpe
1773 3033 1920 3079 sunt.

338 3116 484 3170 Dum
513 3131 647 3170 vero
676 3113 810 3168 nihil
839 3121 922 3168 est
952 3113 1136 3184 longe,
1170 3113 1273 3167 nisi
1307 3113 1451 3184 quod
1474 3113 1523 3168 ei
1545 3113 1930 3180 estdissimile,

337 3229 515 3285 prope
547 3211 692 3282 quod
723 3219 807 3265 est
836 3209 1032 3264 simile.
1069 3210 1175 3266 Sed
1208 3226 1436 3266 summae
1458 3210 1726 3276 essentiaz,
1760 3211 1812 3265 id
1853 3219 1933 3265 est

334 3303 471 3367 Deo,
505 3300 633 3372 quid
663 3307 748 3354 est
777 3299 1118 3365 dissimilius,
1152 3315 1317 3371 quam
1347 3299 1403 3354 id
1435 3300 1579 3371 quod
1625 3300 1756 3353 nihil
1786 3308 1869 3356 est
1899 3301 1926 3356 ?

335 3390 478 3461 Quid
515 3387 749 3444 similius
789 3403 949 3460 quam
989 3387 1043 3442 id
1085 3388 1231 3459 quod
1289 3405 1394 3443 non
1437 3389 1610 3444 solum
1666 3397 1770 3454 est,
1833 3389 1929 3444 sed

335 3488 500 3544 etiam
539 3486 831 3543 formatum
871 3486 1011 3540 est?
1067 3486 1338 3541 Mandavit
1402 3486 1565 3558 igitur
1629 3488 1782 3541 Deus
1848 3487 1932 3541 his

336 3595 460 3652 quae
488 3593 598 3632 non
630 3575 976 3641 exstiterunt,
1007 3582 1060 3630 et
1091 3575 1199 3629 imo
1230 3575 1418 3645 procul
1461 3576 1529 3631 ab
1581 3591 1644 3630 eo
1695 3575 1927 3643 fuerunt,

337 3675 392 3724 et
429 3674 614 3722 creata
653 3672 796 3732 sunt,
838 3664 893 3719 id
933 3672 1015 3718 est
1054 3672 1241 3732 aptata
1280 3667 1334 3719 et
1381 3664 1645 3735 disposita
1699 3666 1766 3719 ad
1828 3666 1930 3721 hoc

337 3772 396 3820 ut
427 3763 629 3820 formas
667 3778 797 3817 suas
838 3761 1170 3832 reciperent.
1237 3762 1385 3816 Dixit
1435 3770 1614 3816 autem
1675 3763 1758 3817 his
1811 3781 1932 3835 qua:

331 3855 447 3924 jam
485 3861 672 3908 creata
710 3859 881 3919 erant,
921 3859 971 3906 et
1010 3851 1120 3906 imo
1157 3859 1510 3906 accesserant
1567 3852 1615 3907 ei
1671 3868 1771 3922 per
1835 3869 1932 3924 po-

339 3942 564 3999 tentiam
605 3939 901 4011 recipiendi
938 3939 1200 4004 formam,
1243 3948 1297 3994 et
1334 3939 1477 3994 facta
1533 3949 1680 4007 sunt,
1738 3941 1793 3995 id
1851 3950 1934 3996 est

340 4040 601 4097 formata.
650 4038 807 4107 Quod
847 4046 1030 4092 autem
1071 4039 1217 4092 Deus
1265 4038 1444 4092 omnia
1503 4038 1683 4105 faciat,
1743 4039 1795 4094 id
1854 4048 1936 4094 est

341 4130 557 4195 formet,
591 4128 717 4182 inde
747 4127 1009 4197 probatur
1037 4126 1162 4196 quia
1192 4135 1341 4181 creat
1372 4128 1580 4182 omnia.
1635 4127 1736 4195 Qui
1791 4129 1936 4182 enim

341 4219 550 4273 initium
579 4217 673 4272 dat
700 4217 892 4272 creatis
922 4216 1107 4281 rebus,
1143 4215 1260 4286 ipse
1290 4231 1507 4288 quoque
1538 4215 1752 4288 perﬁcit
1773 4233 1890 4272 eas.

782 4325 920 4378 Item
954 4322 1019 4377 de
1049 4322 1188 4378 bona
1219 4327 1278 4378 et
1308 4323 1483 4377 malo.

2033 464 2062 502 a
2092 450 2207 504 Deo
2237 449 2381 505 facta
2407 458 2551 516 sunt,
2584 459 2636 505 et
2662 450 2924 506 unitatem
2958 452 3250 522 quamdam
3279 452 3334 506 in
3366 468 3424 507 se
3445 460 3635 509 osten-

2037 539 2192 604 dunt,
2227 547 2279 592 et
2310 540 2574 609 speciem,
2609 547 2661 594 et
2690 540 2956 595 ordinem.
3009 539 3290 612 Quidquid
3340 542 3483 596 enim
3531 543 3636 598 ho-

2036 643 2157 680 rum
2188 634 2290 693 est,
2324 637 2377 682 et
2405 645 2571 683 unum
2610 629 2812 700 aliquid
2862 637 2945 684 est
2993 630 3132 684 sicut
3181 638 3386 685 naturae
3435 645 3636 701 corpo-

2039 741 2161 779 rum
2192 734 2245 780 et
2275 725 2496 796 ingenia
2526 727 2826 782 animarum
2863 746 2876 794 ;
2938 737 2991 782 et
3038 729 3222 800 aliqua
3271 729 3457 800 specie
3514 729 3630 784 for-

2039 822 2238 879 matur,
2271 815 2406 870 sicut
2443 825 2566 870 sunt
2598 815 2788 886 figura:
2836 818 2921 872 vel
2973 819 3261 888 qualitates
3319 833 3629 888 corporum,

2039 918 2104 959 ac
2132 903 2395 959 doctrinae
2423 904 2508 960 vel
2542 915 2690 960 artes
2734 908 3039 962 animarum
3079 926 3091 970 ;
3143 916 3195 962 et
3241 907 3490 962 ordinem
3544 907 3639 961 ali-

2040 1017 2202 1072 quem
2232 1001 2367 1071 petit
2396 1010 2488 1056 aut
2521 1011 2688 1068 tenet,
2722 1005 2864 1058 sicut
2900 1014 3021 1059 sunt
3041 1005 3288 1074 pondera
3335 1004 3421 1060 vel
3463 1005 3638 1061 collo-

2042 1091 2288 1146 cationes
2320 1105 2636 1161 corporum,
2678 1101 2840 1164 atque
2871 1109 3087 1148 amores
3116 1099 3280 1164 atque
3329 1093 3642 1149 delectatio-

2041 1195 2140 1234 nes
2169 1180 2496 1234 animarum.
2530 1182 2659 1236 Haec
2690 1181 2817 1249 tria,
2851 1183 2941 1235 ubi
2970 1198 3174 1254 magna
3223 1188 3369 1252 sunt,
3419 1199 3639 1256 magnae

2039 1283 2244 1331 naturae
2277 1283 2399 1331 sunt
2432 1291 2444 1345 ;
2478 1276 2570 1330 ubi
2607 1293 2794 1346 parva,
2828 1293 3010 1348 parvae
3059 1288 3267 1334 natura:
3317 1288 3441 1334 sunt
3475 1297 3487 1342 ;
3543 1277 3638 1333 ubi

2042 1365 2186 1418 nulla
2218 1374 2360 1430 sunt,
2388 1365 2533 1419 nulla
2564 1373 2761 1420 natura
2791 1374 2896 1420 est.
2943 1366 3142 1421 Malum
3184 1367 3404 1439 quippe,
3454 1367 3507 1422 id
3555 1375 3642 1422 est

2042 1454 2318 1524 corruptio
2347 1470 2442 1508 seu
2471 1454 2712 1521 amissio,
2748 1455 2833 1510 vel
2864 1455 3038 1516 modi,
3069 1457 3154 1511 vel
3186 1455 3410 1526 speciei,
3441 1456 3528 1512 vel
3555 1472 3642 1512 or-

2043 1549 2185 1604 dinis
2215 1550 2496 1618 naturalis,
2531 1550 2577 1604 si
2606 1568 2832 1606 omnem
2883 1551 3123 1618 modum,
3175 1552 3438 1622 speciem,
3489 1552 3639 1608 ordi-

2045 1654 2171 1693 nem
2201 1638 2431 1706 auferat,
2463 1639 2606 1694 nulla
2640 1641 2939 1695 remanebit
2981 1649 3168 1695 natura
3210 1659 3224 1695 :
3269 1656 3334 1696 ac
3389 1657 3486 1712 per
3537 1642 3643 1697 hoc

1120 1733 1386 1788 Creantur
1429 1732 1704 1797 consules,
1757 1731 1809 1786 id
1849 1739 1932 1786 est
1961 1716 2012 1775 Β
2047 1751 2167 1804 quae
2205 1733 2485 1805 corrumpi
2527 1742 2724 1806 potest,
2766 1736 2927 1790 etiam
2984 1737 3106 1807 ipsa
3160 1736 3381 1806 aliquod
3438 1735 3641 1792 bonum

2049 1839 2176 1887 est:
2219 1847 2328 1886 non
2366 1831 2510 1886 enim
2550 1832 2600 1886 ei
2655 1847 2857 1888 nocere
2922 1841 3101 1903 potest
3167 1831 3468 1903 corruptio,
3537 1831 3640 1887 nisi

2049 1919 2343 1975 adimendo
2376 1929 2428 1975 et
2450 1921 2747 1976 minuendo
2779 1922 3002 1976 bonum.
3036 1921 3238 1976 Malum
3265 1937 3480 1993 quoque
3500 1921 3642 1976 bene

2050 2009 2364 2064 ordinatum
2397 2017 2457 2065 et
2485 2009 2608 2065 loco
2639 2026 2739 2065 suo
2797 2011 3054 2082 positum,
3109 2010 3434 2066 eminentius
3489 2026 3643 2066 com-

2049 2108 2269 2162 mendat
2303 2108 2445 2163 bona
2474 2116 2530 2162 ut
2560 2109 2734 2180 magis
2758 2109 3009 2180 placeant
3039 2117 3091 2164 et
3121 2109 3481 2164 laudabiliora
3514 2109 3638 2175 sint,

2051 2197 2181 2251 dum
2203 2206 2590 2268 comparantur
2617 2199 2795 2253 malis.
2831 2199 2980 2254 Sicut
3001 2207 3182 2253 autem
3204 2198 3482 2255 contraria
3501 2213 3640 2254 con-

2049 2286 2235 2341 trariis
2265 2287 2518 2358 opposita
2549 2287 2821 2342 sermonis
2865 2287 3330 2359 pulchritudinem
3383 2287 3637 2354 reddunt,

2048 2384 2124 2438 ita
2156 2384 2389 2455 quadam
2422 2400 2529 2440 non
2561 2385 2875 2450 verborum,
2929 2385 3028 2441 sed
3077 2401 3262 2441 rerum
3320 2384 3637 2456 eloquentia

2048 2473 2450 2528 contrariorum
2481 2474 2825 2544 oppositione
2857 2475 3039 2530 saeculi
3070 2475 3418 2544 pulchritudo
3462 2489 3640 2546 Oppo-

2045 2562 2208 2631 nitur,
2243 2570 2406 2632 atque
2449 2563 2588 2618 ordo
2633 2564 2957 2619 saeculorum
3016 2573 3276 2637 tanquam
3325 2562 3637 2635 pulcherri-

2046 2676 2189 2714 mum
2221 2676 2441 2716 carmen
2473 2661 2636 2716 etiam
2668 2661 2996 2731 quibusdam
3045 2663 3322 2717 antithetis
3369 2663 3635 2718 honesta-

2046 2758 2156 2804 tur.
2198 2750 2351 2807 Unde
2382 2750 2642 2820 scriptum
2675 2761 2762 2805 est
2795 2770 2806 2804 :
2846 2777 2866 2799 υ
2922 2752 3118 2808 Contra
3176 2753 3376 2806 malum
3437 2751 3635 2806 bonum

2045 2847 2146 2906 est,
2181 2846 2234 2893 et
2261 2847 2453 2896 contra
2473 2848 2706 2894 mortem
2739 2839 2867 2905 vita,
2901 2841 3040 2896 sicut
3069 2849 3261 2896 contra
3304 2840 3452 2911 pium
3502 2854 3633 2911 pec-

2045 2945 2223 2992 cator.
2263 2938 2333 2992 Et
2362 2938 2440 2992 sic
2470 2937 2683 2993 intuere
2729 2939 2912 2993 omnia
2958 2939 3246 2996 Altissimi.
3309 2939 3438 2993 Bina
3493 2937 3636 3006 bina,

2045 3043 2212 3080 unum
2240 3035 2433 3082 contra
2464 3044 2627 3082 unum
2659 3027 2860 3098 (Eccli.
2894 3029 3110 3099 xxxm).
3146 3051 3167 3076 ιι

2117 3143 2203 3197 Ex
2233 3142 2393 3198 bonis
2422 3152 2624 3208 autem,
2648 3143 2701 3197 id
2725 3151 2806 3198 est
2827 3160 2892 3199 ex
2916 3143 3086 3199 libero
3104 3143 3330 3199 arbitrio
3349 3143 3638 3199 voluntatis

2043 3248 2160 3296 orta
2191 3249 2315 3294 sunt
2345 3240 2508 3294 mala.
2539 3243 2730 3312 Neque
2763 3243 2864 3296 hoc
2910 3241 3125 3296 Domini
3171 3241 3478 3313 refragatur
3526 3257 3641 3296 sen-

2043 3329 2212 3384 tentia
2243 3346 2345 3400 qua
2378 3329 2513 3383 dixit
2547 3347 2558 3382 :
2601 3352 2620 3378 α
2657 3331 2779 3384 Non
2810 3337 2990 3400 potest
3037 3331 3199 3386 arbor
3248 3331 3388 3384 bona
3433 3330 3639 3385 fructus

2044 3418 2221 3473 malos
2251 3416 2435 3473 facere
2467 3419 2687 3488 (Matth.
2722 3423 2842 3487 νη),
2875 3438 2896 3469 ν
2922 3419 2974 3472 id
2997 3427 3078 3473 est
3099 3419 3241 3473 bona
3265 3419 3510 3473 voluntas
3532 3433 3641 3473 non

2043 3523 2220 3586 potest
2252 3515 2434 3570 facere
2471 3516 2612 3569 mala
2644 3531 2828 3586 Opera,
2861 3515 3067 3572 scilicet
3095 3515 3282 3570 tandiu
3307 3516 3448 3570 mala
3477 3515 3643 3570 arbor

2042 3613 2226 3660 manet
2255 3603 2310 3658 in
2341 3611 2689 3674 peccatorum
2722 3604 3012 3672 fructibus,
3050 3605 3300 3676 quandiu
3339 3605 3410 3660 ad
3456 3603 3642 3676 paeni-

2041 3694 2264 3749 tentiam
2294 3709 2400 3748 non
2427 3693 2798 3762 convertitur,
2835 3703 2890 3748 et
2921 3693 3112 3748 tandiu
3147 3694 3289 3749 bona
3318 3695 3484 3749 arbor
3525 3709 3638 3748 non

2042 3792 2172 3848 facit
2229 3792 2400 3846 malos
2448 3791 2672 3858 fructus,
2730 3792 2970 3863 quandiu
3028 3793 3084 3846 in
3133 3792 3313 3848 studio
3385 3791 3643 3847 bonitatis

2043 3889 2362 3952 perseverat
2397 3896 2409 3949 ;
2442 3881 2539 3936 sed
2570 3898 2632 3936 ex
2668 3881 2812 3936 bona
2841 3880 3077 3936 hominis
3107 3890 3304 3935 natura
3360 3881 3488 3936 oriri
3542 3895 3645 3936 vo-

2045 3971 2221 4025 luntas
2252 3979 2302 4025 et
2335 3970 2478 4024 bona
2511 3978 2689 4040 potest
2719 3978 2771 4024 et
2799 3970 2957 4024 mala.
2991 3971 3296 4039 Numquam
3343 3985 3475 4023 vero
3522 3985 3642 4022 ma-

2045 4068 2154 4122 lum
2190 4076 2364 4139 potest
2397 4084 2539 4136 esse,
2571 4068 2661 4121 ubi
2691 4068 2898 4122 nullum
2925 4075 3007 4122 est
3043 4068 3263 4121 bonum.
3319 4067 3473 4122 Unde
3503 4067 3646 4122 mira

2051 4173 2135 4210 res
2166 4155 2454 4212 conﬁcitur
2485 4165 2559 4221 ut,
2594 4156 2718 4226 quia
2750 4155 2933 4211 omnis
2961 4164 3152 4208 natura
3189 4160 3332 4209 bona
3361 4161 3464 4219 est,
3511 4155 3645 4210 nihil

2049 4244 2194 4299 aliud
2217 4245 2324 4300 dici
2347 4245 2612 4311 videatur,
2645 4261 2765 4299 cum
2787 4245 2998 4299 .vitiosa
3020 4253 3220 4298 natura
3247 4243 3390 4299 mala
3411 4243 3605 4300 dicitur
3630 4261 3643 4299 ε

2050 4340 2204 4395 verbi
2231 4339 2425 4412 gratia,
2455 4339 2633 4394 malus
2665 4341 2826 4394 homo
2858 4340 3119 4410 quoniam
3159 4339 3359 4394 malum
3407 4340 3638 4396 bonum.

416 4433 548 4486 Cum
576 4430 716 4485 bona
747 4437 798 4483 et
830 4429 973 4482 mala
1003 4428 1109 4481 sint
1139 4429 1430 4494 contraria,
1485 4428 1753 4483 contraria
1803 4446 1935 4485 vero
1965 4433 2017 4492 D
2049 4431 2225 4484 Homo
2255 4430 2397 4483 enim
2430 4437 2508 4484 est
2541 4437 2756 4492 natura,
2789 4438 2842 4483 et
2874 4429 3075 4484 bonum
3107 4436 3208 4495 est,
3241 4436 3294 4484 et
3324 4429 3510 4484 vitium
3560 4437 3644 4485 est

345 4530 476 4586 nulli
512 4531 584 4584 rei
618 4528 778 4583 simul
803 4527 984 4582 inesse
1015 4535 1261 4596 possunt,
1294 4527 1436 4581 mala
1467 4535 1647 4582 tamen
1693 4536 1746 4584 et
1796 4529 1940 4584 bona

346 4635 456 4676 non
489 4618 664 4673 solum
696 4633 821 4672 esse
867 4625 1096 4685 possunt
1139 4616 1320 4682 simul,
1370 4617 1467 4671 sed
1515 4617 1660 4671 mala
1716 4619 1938 4674 omnino

347 4709 464 4763 sine
493 4707 671 4773 bonis,
705 4714 757 4760 et
783 4705 886 4759 nisi
918 4705 971 4758 in
999 4704 1156 4759 bonis
1188 4721 1309 4759 esse
1358 4721 1464 4760 non
1515 4716 1763 4776 possunt,
1819 4709 1940 4779 quia

348 4806 394 4860 si
425 4807 626 4860 bonum
658 4819 766 4857 non
797 4811 960 4867 esset,
995 4817 1225 4872 prorsus
1257 4817 1362 4858 nec
1410 4803 1612 4856 malum
1663 4819 1788 4858 esse
1837 4820 1937 4875 po-

347 4895 566 4961 tuisset,
602 4893 729 4963 quia
757 4908 867 4946 non
896 4892 1059 4946 modo
1092 4891 1182 4945 ubi
1215 4892 1558 4957 consisteret,
1593 4892 1688 4946 sed
1709 4900 1761 4946 et
1799 4893 1943 4947 unde

348 4985 588 5043 oriretur
618 4981 836 5044 malum,
870 4981 924 5035 id
955 4988 1037 5035 est
1066 4980 1347 5051 corruptio
1369 4987 1594 5044 naturae,
1622 4981 1830 5036 scilicet
1851 4999 1942 5037 ex-

352 5081 658 5138 terminatio
689 5079 836 5144 boni,
862 5078 949 5135 vel
978 5077 1148 5132 minui
1192 5077 1334 5133 bono
1388 5093 1496 5134 non
1543 5078 1790 5145 haberet,
1842 5079 1946 5134 nisi

351 5176 503 5224 esset
533 5167 678 5239 quod
705 5173 1140 5236 corrumperetur
1170 5165 1373 5219 bonum
1409 5182 1421 5220 :
1471 5165 1676 5219 malum
1723 5166 1944 5238 quippe,

352 5257 407 5312 id
440 5265 522 5313 est
554 5257 849 5326 corruptio,
884 5255 1063 5324 privat
1106 5269 1326 5325 semper
1373 5263 1620 5308 naturam
1664 5255 1947 5326 qualicun-

355 5371 462 5427 que
492 5355 656 5409 bono.
687 5354 828 5409 Nam
861 5352 1048 5406 minuit
1080 5352 1198 5421 ejus
1244 5351 1505 5422 speciem,
1570 5351 1656 5407 vel
1705 5353 1943 5420 modum,

354 5445 440 5499 vel
472 5443 740 5508 ordinem,
773 5442 910 5498 sicut
944 5441 1074 5497 vitia
1105 5441 1426 5495 animorum
1459 5449 1584 5496 sunt
1614 5441 1948 5512 privationes

355 5531 681 5587 naturalium
709 5531 980 5586 bonorum
1013 5538 1066 5583 et
1112 5529 1310 5596 morbi,
1359 5538 1410 5584 et
1454 5530 1680 5586 vulnera
1734 5531 1949 5601 privant

364 5644 604 5700 corpora
633 5629 882 5683 sanitate.
913 5629 1041 5683 Haec
1082 5644 1316 5699 namque
1368 5627 1490 5695 tria,
1543 5628 1701 5695 ordo,
1756 5629 1952 5684 modus

362 5719 596 5791 species,
629 5717 912 5791 generalia
941 5725 1063 5774 sunt
1093 5717 1238 5772 bona
1264 5716 1320 5772 in
1349 5715 1513 5772 rebus
1543 5732 1577 5772 a
1605 5718 1721 5774 Deo
1769 5717 1947 5788 factis,

2049 4518 2281 4572 malum.
2321 4519 2445 4572 Non
2475 4527 2555 4572 est
2587 4527 2767 4572 tamen
2796 4518 2995 4573 malum
3032 4518 3254 4587 bonum,
3303 4535 3488 4591 neque
3542 4519 3647 4575 bo-

2049 4633 2176 4672 num
2208 4616 2411 4670 malum
2447 4631 2458 4670 :
2492 4616 2618 4671 ideo
2649 4616 2798 4687 quod
2830 4617 2992 4672 homo
3040 4617 3216 4670 malus
3263 4632 3370 4672 non
3418 4625 3500 4671 est
3541 4616 3648 4672 nisi

2053 4705 2254 4760 bonum
2284 4705 2513 4759 malum.
2553 4706 2728 4759 Homo
2759 4721 2955 4775 nempe
3014 4705 3217 4760 bonum
3274 4713 3375 4771 est,
3436 4704 3645 4760 malum

2050 4794 2317 4866 iniquum.
2353 4795 2422 4849 Et
2451 4795 2690 4849 cavenda
2722 4802 2804 4848 est
2831 4794 2924 4849 illa
2955 4793 3272 4864 prophetica
3320 4794 3592 4848 sententia
3627 4811 3641 4848 :

2058 4916 2079 4940 ιε
2116 4893 2209 4946 Vae
2241 4891 2323 4946 his
2350 4891 2444 4960 qui
2474 4892 2659 4946 dicunt
2701 4891 2844 4962 quod
2904 4890 3106 4944 bonum
3163 4897 3248 4944 est
3309 4890 3534 4956 malum,
3595 4899 3647 4946 et

2054 4981 2199 5053 quod
2230 4980 2437 5035 malum
2469 4988 2552 5034 est
2583 4980 2781 5034 bonum
2814 4980 2974 5050 (Isai.
3007 4991 3084 5047 v).
3122 5002 3145 5026 ι»
3182 4977 3333 5048 Opus
3365 4978 3508 5032 enim
3548 4977 3648 5032 Dei

2053 5070 2274 5140 culpant
2306 5068 2453 5140 quod
2485 5077 2567 5123 est
2598 5073 2782 5135 homo,
2815 5077 2865 5124 et
2897 5068 3086 5123 vitium
3145 5067 3381 5121 hominis
3426 5066 3649 5122 laudant

2054 5167 2198 5238 quod
2231 5173 2312 5221 est
2344 5165 2623 5236 iniquitas.
2651 5165 2843 5222 Omnis
2872 5181 3002 5220 vero
3051 5172 3244 5219 natura
3297 5164 3400 5220 etsi
3458 5164 3651 5220 vitiosa

2056 5263 2158 5322 est,
2193 5255 2246 5310 in
2264 5262 2524 5326 quantum
2547 5265 2737 5310 natura
2783 5262 2865 5309 est
2890 5255 3033 5310 bona
3055 5261 3155 5318 est,
3185 5253 3240 5306 in
3264 5261 3521 5325 quantum
3565 5253 3648 5309 vi-

2056 5352 2191 5408 tiosa
2224 5361 2306 5408 est
2339 5352 2485 5407 mala
2516 5361 2618 5407 est.
2651 5353 2859 5407 Natura
2889 5367 3109 5423 quoque
3158 5351 3425 5418 sentiens,
3485 5352 3652 5408 etiam

2057 5459 2178 5497 cum
2212 5441 2378 5507 dolet,
2414 5441 2612 5496 melior
2643 5449 2724 5496 est
2755 5457 2918 5513 quam
2960 5441 3097 5511 lapis
3147 5457 3270 5512 quae
3321 5456 3435 5496 non
3473 5448 3654 5511 potest

2057 5531 2245 5587 dolere
2271 5550 2283 5595 ;
2312 5531 2586 5585 rationalis
2613 5547 2741 5586 vero
2762 5530 3103 5601 praestantior
3121 5538 3204 5585 est
3223 5529 3384 5585 etiam
3423 5531 3649 5594 misera,

2059 5646 2228 5702 quam
2259 5629 2349 5684 illa
2379 5645 2500 5700 quae
2532 5629 2760 5684 rationis
2792 5629 2877 5684 vel
2907 5645 3104 5684 sensus
3137 5636 3218 5683 est
3245 5642 3462 5698 expers.
3488 5626 3652 5680 Male-

2059 5718 2190 5777 dicti
2219 5734 2354 5794 ergo
2383 5727 2510 5775 sunt
2540 5719 2631 5792 qui
2660 5718 2996 5776 maledicunt
3033 5717 3336 5784 diabolum,
3390 5713 3651 5791 blasphe-
