4042 6080
498 218 635 271 1083

1645 215 1951 270 VERNERI
1989 215 2276 272 ABBATIS
2315 216 2371 271 S.
2415 214 2638 270 BLASII

3666 214 3809 268 {08$

497 347 711 394 mantes
735 339 790 393 in
817 353 881 394 eo
911 354 1069 409 opus,
1102 339 1189 394 dei
1220 355 1322 410 pro
1388 339 1534 395 malo
1588 338 1780 408 ipsius.
1846 339 2084 393 Primum
2111 350 2167 410 Α
2198 339 2295 392 bus
2352 338 2676 392 subintravit
2732 337 3039 410 ignorantia
3091 355 3273 396 rerum
3326 339 3678 411 agendarum
3761 345 3816 393 et

496 453 628 492 sane
661 437 880 503 malum,
911 437 966 492 id
1015 447 1096 492 est
1142 438 1313 507 prima
1357 437 1588 507 privatio
1637 437 1763 492 boni
1812 436 2094 491 rationalis

497 535 729 590 naturae,
765 535 812 581 et
843 542 1002 581 causa
1036 527 1304 582 malorum
1354 527 1450 580 fuit
1511 527 1763 581 voluntas
1820 525 2096 579 mutabilis

500 615 647 680 boni,
680 615 749 669 ab
781 616 1102 670 immutabili
1133 617 1276 671 bono
1303 615 1581 671 deﬁciens.
1619 617 1784 669 Porro
1819 615 1974 670 mala:
1997 630 2095 669 vo-

499 711 719 766 luntatis
747 713 957 767 initium
988 730 1096 768 non
1144 716 1317 784 potuit
1371 729 1493 767 esse
1550 713 1654 766 nisi
1709 711 1979 781 superbia,
2041 711 2097 766 id

502 810 586 856 est
615 817 769 856 amor
801 803 1042 872 propriae
1071 804 1424 858 excellentiae.
1455 827 1476 850 α
1504 802 1716 855 Initium
1739 801 1880 855 enim
1919 800 2097 856 omnis

500 901 711 972 peccati
740 901 988 972 superbia
1009 903 1202 970 (Eccli.
1240 902 1320 972 χ).
1365 922 1386 951 ι
1422 899 1634 955 Deinde
1665 899 1824 954 etiam
1855 898 2093 953 nolenti-

2207 436 2644 506 concupiscentia
2693 436 2995 505 noxiarum,
3045 438 3243 506 quibus
3288 437 3513 491 comites
3564 436 3818 490 subinfe—

2207 534 2396 579 runtur
2425 541 2586 578 error
2609 533 2662 578 et
2694 525 2872 579 dolor.
2907 525 3042 593 Quae
3071 528 3177 580 duo
3209 526 3369 590 mala,
3420 526 3644 596 quando
3703 525 3814 578 im-

2207 614 2464 668 minentia
2493 613 2817 678 sentiuntur,
2851 630 2912 669 ea
2944 614 3222 684 fugitantis
3251 614 3416 668 animi
3473 621 3655 668 motus
3711 630 3822 667 vo-

2205 721 2359 769 catur
2379 721 2579 767 metus.
2618 713 2786 767 Porro
2819 729 2941 768 cum
2998 713 3319 784 adipiscitur
3374 714 3555 768 avaris
3611 728 3822 768 concu-

2206 801 2492 870 piscentia,
2524 801 2706 856 laetitia
2756 802 3076 857 ventilatur.
3116 804 3203 857 Ex
3232 802 3313 857 his
3343 802 3661 857 morborum
3686 802 3820 856 fon-

2203 899 2347 954 tibus
2376 899 2554 953 omnis
2583 899 2810 954 miseria
2840 908 3084 956 emanat.

1584 1225 2198 1328 DOMINICA
2328 1225 2670 1329 NONA
2697 1304 2722 1328 .

1778 1443 2169 1507 Secundum
2201 1444 2477 1508 Lucam.

579 1654 602 1679 α
637 1633 809 1686 Homo
840 1631 1061 1702 quidam
1092 1641 1203 1686 erat
1233 1632 1406 1697 dives,
1436 1629 1525 1702 qui
1557 1630 1795 1685 habebat
1837 1630 2093 1685 villicum.
2125 1630 2178 1690 B
2207 1630 2435 1696 vaverit,
2468 1638 2622 1687 certa
2649 1630 3040 1687 misericordiae
3069 1647 3182 1686 suae
3209 1631 3464 1687 mercede
3513 1629 3817 1684 donandus

504 1722 571 1776 Et
585 1721 670 1776 hic
682 1719 991 1774 diffamatus
1003 1729 1086 1775 est
1105 1722 1242 1790 apud
1265 1722 1412 1775 illum
1436 1721 1590 1792 quasi
1607 1720 1928 1790 dissipasset
1952 1721 2095 1773 bona

503 1810 696 1880 ipsius,
719 1833 740 1858 η
764 1818 868 1864 etc.
892 1812 1044 1876 (Luc.
1071 1813 1204 1879 xvi.)
1225 1812 1384 1865 Nunc
1403 1811 1472 1864 ad
1493 1825 1693 1864 avaros
1716 1809 2095 1879 superbosque

506 1899 808 1954 Pharisaeos
834 1917 846 1964 ;
880 1915 1023 1955 nunc
1053 1900 1123 1954 ad
1152 1899 1447 1969 discipulos
1476 1899 1583 1953 illis
1625 1898 1968 1952 audientibus
2009 1897 2094 1950 lo-

506 1987 687 2058 quitur
724 1988 1007 2054 Dominus,
1068 1997 1125 2042 ut
1181 1989 1529 2058 resipiscant.
1601 1987 1825 2042 Villicus
1881 1985 2096 2056 proprie

504 2078 843 2148 gubernator
870 2084 923 2132 et
953 2085 1141 2132 custos
1171 2077 1312 2132 villae
1342 2085 1442 2130 est.
1476 2076 1630 2132 Unde
1662 2085 1711 2130 et
1742 2091 1774 2130 a
1823 2076 1947 2129 villa
1991 2091 2096 2129 no-

507 2166 653 2220 mine
680 2167 912 2236 accepit.
953 2166 1053 2221 Hic
1084 2182 1210 2221 vero
1270 2167 1486 2235 ponitur
1534 2181 1633 2235 pro
1683 2179 1990 2228 (economo,
2041 2162 2097 2216 id

505 2264 588 2310 est
617 2255 1012 2324 dispensatore,
1048 2255 1138 2325 qui
1159 2254 1361 2309 scilicet
1393 2254 1706 2309 universam
1737 2254 1955 2308 domum
1979 2251 2096 2304 dis-

507 2351 720 2413 pensat.
755 2343 1102 2398 (Economus
1131 2342 1272 2396 enim
1324 2351 1432 2395 tarn
1485 2343 1730 2412 pecuniae
1777 2357 1940 2414 quam
1982 2341 2095 2394 tru-

507 2448 640 2502 gum
672 2439 724 2486 et
753 2431 1013 2493 omnium,
1044 2448 1163 2502 qua:
1212 2431 1460 2485 dominus
1512 2431 1770 2499 possidet,
1815 2431 2098 2501 dispensa-

508 2527 680 2574 torem
711 2518 1002 2589 signiﬁcat.
1047 2519 1265 2574 Villicus
1298 2535 1432 2590 ergo
1459 2528 1535 2574 est
1566 2519 1650 2574 cui
1696 2521 1842 2573 Deus
1890 2520 2098 2591 aliquas

505 2618 768 2688 pecunias
797 2618 866 2673 ad
907 2618 1240 2689 erogandum
1291 2617 1586 2673 commisit.
1653 2617 1894 2688 Dissipat
1931 2619 2102 2690 igitur

505 2723 628 2762 cum
659 2707 796 2762 male
827 2715 1149 2779 congregat,
1168 2707 1255 2762 vel
1280 2708 1499 2779 quando
1517 2723 1622 2761 non
1649 2709 1786 2762 bene
1807 2707 2088 2776 expendit.

509 2820 531 2844 α
569 2797 628 2851 Et
662 2797 879 2852 vocavit
908 2796 1081 2862 illum,
1117 2804 1168 2851 et
1199 2796 1271 2850 ait
1313 2797 1390 2850 illi
1425 2815 1438 2850 :
1484 2796 1624 2865 Quid
1673 2797 1774 2852 hoc
1823 2796 1984 2851 audio
2031 2797 2098 2852 de

507 2886 830 2942 te?Redde
876 2887 1141 2941 rationem
1197 2885 1546 2941 villicationis
1597 2894 1713 2940 tuaa.
1777 2887 1896 2939 .lam
1955 2886 2098 2940 enim

2205 1720 2293 1773 sit.
2332 1719 2425 1774 Vel
2453 1721 2531 1774 sic
2562 1719 2880 1790 accipiatur,
2914 1728 2971 1772 tn
3000 1735 3120 1774 cum
3150 1720 3322 1774 Judaei
3350 1720 3593 1775 decimas
3622 1718 3816 1773 dicant

2203 1808 2409 1863 debere
2441 1808 2553 1862 dari
2577 1808 2963 1864 sacerdotibus
2992 1817 3044 1863 et
3069 1808 3268 1874 levitis,
3300 1825 3400 1863 nos
3429 1825 3594 1877 super
3635 1807 3814 1875 justi-

2203 1897 2330 1951 tiam
2363 1914 2554 1952 eorum
2583 1898 2929 1952 abundantes
2950 1898 3153 1966 jnstitia
3203 1897 3402 1952 Christi
3456 1897 3653 1951 demus
3702 1912 3816 1950 me-

2205 1995 2460 2050 dietatem
2491 1996 2779 2059 bonorum,
2812 1996 2950 2050 sicut
2979 2004 3032 2049 et
3061 1997 3318 2050 Zachaaus
3341 1994 3463 2050 fecit
3493 2009 3600 2050 non
3623 1994 3815 2049 solum

2205 2087 2274 2139 de
2294 2083 2574 2151 fructibus,
2599 2085 2697 2139 sed
2718 2093 2771 2139 et
2808 2085 2878 2141 de
2923 2084 3172 2139 omnibus
3194 2085 3350 2138 bonis
3378 2085 3509 2138 suis.
3535 2087 3641 2138 Aut
3655 2091 3814 2139 certe

2205 2172 2550 2243 duplicemus
2578 2173 2789 2228 illorum
2824 2173 3067 2228 decimas
3100 2173 3360 2228 Ecclesiae
3417 2173 3602 2227 dando
3653 2173 3814 2243 quiu-

2206 2268 2314 2316 tas.
2359 2283 2377 2308 ι
2441 2263 2509 2316 Ει
2565 2261 2806 2316 laudavit
2856 2262 3122 2316 Dominus
3185 2262 3425 2318 villicum
3479 2261 3808 2332 iniquitatis,

2209 2360 2336 2429 quia
2363 2361 2666 2429 prudenter
2698 2359 2938 2424 iecisset,
2974 2359 3101 2430 quia
3131 2358 3223 2414 ﬁiii
3252 2361 3412 2428 hujus
3441 2357 3628 2414 saeculi
3669 2375 3811 2428 pru-

2207 2450 2484 2504 dentiores
2518 2457 2644 2502 sunt
2675 2447 2801 2503 ﬁliis
2830 2449 2969 2504 lucis
2997 2450 3048 2502 in
3081 2449 3441 2519 generatione
3469 2464 3597 2502 sua.
3634 2469 3656 2495 ι
3693 2447 3813 2501 Cu-

2201 2540 2294 2607 jus
2325 2538 2553 2608 quisque
2584 2553 2755 2607 Opera
2784 2537 2908 2592 facit
2938 2537 3060 2606 ejus
3090 2545 3143 2591 et
3181 2537 3322 2591 ﬁlius
3371 2537 3595 2591 dicitur.
3649 2535 3810 2591 Unde

2209 2636 2261 2681 et
2289 2627 2416 2681 boni
2446 2637 2572 2680 sunt
2600 2626 2692 2680 ﬁlii
2722 2627 2857 2682 lucis
2887 2634 3108 2681 aeternae
3132 2645 3145 2692 ;
3171 2626 3295 2680 mali
3317 2642 3452 2681 vero
3469 2624 3565 2680 ﬁlii
3587 2624 3808 2688 seculi,

2205 2726 2260 2781 id
2291 2733 2371 2779 est
2398 2725 2765 2779 tenebrarum.
2799 2725 2880 2779 De
2912 2725 3112 2795 quibus
3143 2723 3395 2779 Salomon
3432 2721 3647 2796 [Isaias]
3682 2722 3762 2776 ait
3795 2737 3810 2774 :

2213 2837 2234 2862 ιι
2275 2816 2364 2869 Vae
2397 2815 2486 2884 qui
2517 2814 2791 2883 sapientes
2824 2813 2954 2867 estis
2982 2814 3036 2866 in
3068 2812 3237 2868 oculis
3267 2812 3480 2876 vestris,
3513 2821 3569 2866 et
3616 2825 3813 2865 coram

2207 2903 2614 2973 vobismetipsis
2645 2903 2942 2972 prudentes
2972 2903 3130 2968 (Isai.
3175 2902 3246 2970 v).
3285 2925 3307 2949 η
3339 2903 3401 2955 In
3431 2903 3534 2956 hoc
3583 2899 3813 2970 dispen-

506 2990 612 3029 ηοη
647 2975 852 3044 Pueris
878 2974 1135 3030 Villical'e-
1178 2997 1199 3021 ”
1238 2976 1404 3029 V003!
1449 2975 1594 3029 Deus
1640 2975 1860 3045 quando
1908 2974 2095 3028 ίηουίίί
2128 2992 2176 3054 C
2207 3001 2390 3048 satore
2421 3010 2526 3048 nan
2559 2992 2819 3046 debemus
2845 2992 2913 3045 ad
2945 2990 3270 3044 imitandum
3301 3005 3540 3054 sumere,
3604 2996 3661 3043 ut
3723 2986 3812 3042 vel

506 3064 759 3118 timorem
785 3073 1004 3119 aeterna:
1035 3063 1418 3118 damnationis.
1471 3063 1674 3118 Reddit
1723 3063 1886 3118 homo
1936 3065 2100 3118 ratio-

505 3169 651 3218 nem,
689 3154 753 3222 si,
786 3153 1031 3224 cogitans
1063 3153 1442 3207 villicationem
1473 3168 1592 3207 cum
1624 3151 1728 3206 ista
1760 3153 1866 3207 vita
1914 3151 2101 3206 ﬁnien-

507 3251 650 3316 dam,
684 3251 862 3323 magis
891 3252 959 3306 de
988 3251 1337 3322 aequirendis
1365 3251 1553 3306 amicis
1586 3266 1744 3322 quam
1770 3251 1836 3304 de
1859 3266 2100 3322 congre-

506 3341 700 3412 gandis
731 3341 932 3394 divitiis
965 3349 1180 3395 tractat.

585 3471 604 3493 κ
642 3447 728 3501 Ait
757 3455 934 3500 autem
969 3447 1179 3503 villicus
1210 3447 1348 3501 intra
1391 3464 1449 3502 se
1480 3466 1491 3502 :
1546 3447 1686 3516 Quid
1735 3447 1926 3503 faciam
1976 3447 2102 3517 quia

506 3534 764 3590 dominus
792 3552 944 3589 meus
975 3535 1152 3590 aufert
1195 3553 1226 3590 a
1270 3553 1357 3591 me
1405 3537 1787 3591 villicationem
1820 3539 1847 3590 ‘?
1896 3537 2102 3591 Fodere

509 3639 619 3678 non
647 3624 829 3688 valeo,
866 3624 1184 3678 mendicare
1216 3625 1503 3680 erubesco.
1544 3625 1666 3680 Scio
1722 3625 1850 3696 quid
1904 3625 2101 3679 faciam

507 3719 582 3780 ut,
625 3728 748 3766 cum
778 3721 989 3766 amotus
1021 3713 1174 3767 fuero
1205 3729 1236 3766 a
1295 3714 1650 3778 villicatione,
1706 3715 1964 3784 recipiant
2015 3730 2103 3769 me

501 3800 554 3854 in
591 3800 787 3856 domos
817 3817 966 3855 suas.
1005 3825 1026 3851 η
1062 3801 1250 3856 Ablata
1281 3802 1609 3858 villicatione
1643 3803 1829 3857 fodere
1865 3819 1970 3856 non
2003 3820 2102 3857 va-

508 3889 704 3956 lemus,
739 3891 828 3962 qui
863 3899 980 3961 post
1021 3891 1160 3946 hanc
1192 3891 1351 3944 vitam
1395 3907 1502 3946 non
1553 3891 1672 3946 licet
1709 3892 1866 3946 nobis
1921 3892 2104 3962 inqui-

508 4003 626 4042 rere
657 3987 886 4043 fructum
948 3989 1102 4042 bona:
1158 3989 1596 4043 conversationis
1652 3989 1838 4060 ligone
1895 3989 2105 4043 devotae

509 4077 966 4148 compunctionis.
1010 4077 1316 4132 Mendicare
1350 4077 1683 4133 confusionis
1715 4086 1814 4143 est,
1849 4094 1913 4132 eo
1943 4078 2106 4132 modo

508 4183 616 4238 quo
645 4165 807 4221 fatuae
838 4167 1076 4237 virgines
1106 4167 1512 4222 mendicabunt.
1540 4169 1744 4221 Domus
1773 4175 2104 4230 sanctorum,

510 4255 706 4327 quibus
759 4264 1004 4326 tempore
1064 4257 1224 4324 hujus
1281 4256 1623 4312 villicationis
1679 4256 2105 4311 miscricordiam

2205 3083 2426 3136 domino
2469 3081 2714 3134 fraudem
2748 3080 2830 3133 vel
2860 3081 2928 3134 de
2958 3080 3146 3134 fraude
3181 3080 3592 3150 eleemosynam
3651 3076 3811 3132 facia-

2205 3195 2351 3244 mus,
2389 3179 2487 3233 sed
2518 3178 2790 3232 interdum
2821 3177 3202 3232 similitudines
3248 3177 3558 3232 econtrario
3611 3177 3819 3234 ducun-

2206 3275 2314 3322 tur.
2346 3268 2409 3322 Ut
2443 3266 2532 3321 hic
2562 3275 2613 3321 et
2642 3267 2709 3321 de
2733 3266 2918 3335 judice
2948 3265 3132 3336 iniquo
3166 3282 3179 3319 :
3214 3265 3358 3320 unde
3385 3265 3557 3321 Lucas
3586 3266 3642 3320 in
3670 3279 3812 3320 xvm

2206 3356 2462 3426 capitulo.
2488 3355 2544 3410 Si
2577 3372 2709 3424 ergo
2740 3355 3004 3409 Dominus
3035 3353 3385 3425 dispendium
3445 3371 3644 3424 passus
3700 3362 3812 3408 tan-

2207 3452 2318 3499 tum
2352 3445 2534 3499 laudat
2567 3444 2908 3514 prudentiam
2937 3443 3353 3513 dispensatoris,
3387 3459 3496 3498 non
3527 3443 3675 3515 quod
3719 3442 3810 3497 ad-

2209 3559 2402 3598 versus
2432 3558 2555 3596 eum
2589 3541 2978 3604 fraudulenter,
3015 3540 3112 3595 sed
3141 3556 3238 3611 pro
3271 3557 3330 3594 se
3352 3540 3650 3611 prudenter
3687 3556 3810 3611 ege-

2208 3631 2299 3697 rit,
2335 3631 2501 3685 multo
2542 3630 2722 3701 magis
2756 3629 3025 3697 Christus,
3059 3629 3151 3700 qui
3181 3629 3385 3683 nullum
3415 3629 3687 3684 sustinere
3716 3645 3812 3699 po-

2210 3727 2332 3787 test,
2370 3727 2422 3773 et
2453 3735 2658 3789 pronus
2691 3727 2771 3772 est
2801 3719 2870 3772 ad
2903 3717 3265 3786 clementiam,
3299 3717 3546 3772 laudabit
3571 3717 3810 3788 discipu-

2210 3808 2314 3874 los,
2349 3807 2395 3861 si
2449 3808 2519 3862 ad
2575 3809 2696 3876 ejus
2756 3815 3088 3876 praeceptum
3147 3807 3528 3862 misericordes
3583 3805 3805 3862 fuerint.

2212 3907 2365 3963 Unde
2394 3905 2639 3977 sequitur
2671 3923 2682 3961 :
2723 3927 2744 3952 «
2783 3906 2842 3958 Et
2870 3921 2975 3976 ego
3005 3904 3160 3960 vobis
3190 3905 3312 3959 dico
3346 3921 3359 3958 :
3415 3903 3594 3960 Facite
3653 3903 3806 3958 vobis

2211 3998 2417 4050 amicos
2445 3997 2514 4050 de
2545 4011 2852 4050 mammona
2882 3994 3202 4065 iniquitatis,
3239 4002 3291 4047 ut
3325 4009 3447 4048 cum
3497 3991 3810 4048 defeceritis

2212 4085 2480 4155 recipiant
2511 4101 2607 4139 vos
2654 4085 2706 4137 in
2764 4093 2964 4138 aeterna
3021 4082 3390 4138 tabernacula.
3422 4105 3441 4130 ι
3504 4082 3811 4136 Mammona

2216 4175 2478 4244 Syrorum
2509 4173 2693 4245 lingua
2723 4173 2926 4227 divitiae
2984 4182 3347 4242 nuncupatur,
3403 4179 3456 4224 et
3508 4171 3810 4242 iniquitatis

2215 4271 2454 4326 additum
2477 4277 2578 4335 est,
2603 4267 2746 4339 quod
2770 4269 2836 4322 de
2858 4267 3141 4339 iniquitate
3172 4267 3414 4323 collectae
3443 4274 3594 4320 sunt.
3646 4266 3811 4321 Unde

507 4343 902 4414 impendimus:
935 4346 1186 4400 οωιεείεε
1217 4345 1526 4400 "laniones
1558 4354 1678 4399 sum
1711 4346 1764 4399 in
1804 4350 1962 4400 domo
2015 4346 2106 4398 Pa‘
2135 4354 2187 4415 D
2220 4360 2435 4430 vulgata
2463 4359 2730 4412 sententia
2757 4358 2951 4412 dicitur
2983 4373 2995 4411 :
3032 4356 3170 4424 Quia
3213 4356 3365 4411 dives
3423 4364 3514 4409 aut
3571 4359 3657 4410 est
3712 4354 3814 4410 ini-

509 4432 607 4486 tris
621 4473 633 4485 .

588 4553 606 4577 ιι
645 4529 969 4586 Convocatis
999 4531 1182 4604 itaque
1230 4533 1465 4605 singulis
1513 4531 1850 4587 debitoribus
1900 4532 2106 4586 domini

511 4618 616 4687 sui,
649 4619 863 4674 dicebat
891 4621 1064 4691 primo
1101 4639 1114 4675 :
1142 4621 1418 4690 Quantum
1446 4623 1616 4676 debes
1653 4621 1874 4676 domino
1931 4637 2053 4676 meo
2084 4626 2106 4677 ?

511 4709 584 4762 At
615 4707 702 4763 ille
734 4709 866 4763 dixit
899 4725 911 4764 :
946 4709 1170 4765 Centum
1204 4712 1371 4766 cados
1399 4711 1524 4765 olei.
1556 4711 1811 4781 Dixitque
1840 4710 1915 4763 illi
1950 4728 1961 4763 :
1997 4714 2106 4765 Ac-

511 4797 636 4868 cipe
694 4798 1000 4852 cautionem
1059 4808 1226 4863 tuam,
1289 4808 1342 4854 et
1419 4798 1599 4853 scribe
1673 4798 2095 4870 quinquaginta.

503 4885 714 4940 Deinde
745 4887 834 4940 alii
865 4887 1003 4940 dixit
1036 4902 1049 4941 :
1078 4888 1156 4941 Tu
1188 4903 1314 4942 vero
1345 4896 1596 4958 quantum
1630 4888 1798 4942 debes
1825 4888 1852 4940 ‘?
1878 4887 2103 4942 Centum

510 4989 673 5031 coros
702 4976 883 5032 tritici.
919 4977 1010 5030 Ait
1041 4977 1114 5031 illi
1148 4994 1160 5032 :
1195 4978 1396 5047 Accipe
1420 4978 1624 5031 litteras
1655 4985 1793 5036 tuas.
1838 4987 1888 5031 et
1926 4977 2103 5032 scribe

511 5065 801 5134 octoginta.
842 5086 864 5115 ι
901 5067 1102 5136 Accipe
1122 5066 1344 5131 litteras,
1381 5067 1636 5120 subaudis
1665 5066 1717 5119 in
1759 5066 1952 5136 quibus
2000 5066 2094 5120 de.

511 5153 683 5207 bitum
705 5155 1220 5224 scripseras.Cautio
1237 5163 1323 5210 est
1342 5155 1697 5227 undecunque
1713 5163 1937 5210 cavetur
1964 5171 2102 5210 con-

510 5259 592 5305 tra
617 5252 869 5320 injuriam
895 5253 1167 5320 utjustitia
1189 5261 1455 5309 teneatur.
1476 5255 1656 5310 Cados
1677 5244 1879 5326 [κάδος]
1912 5255 2102 5311 Grmce

511 5350 774 5419 amphora
791 5361 870 5405 est
892 5353 1182 5408 continens
1201 5371 1367 5410 urnas
1390 5362 1521 5419 tres;
1555 5355 1734 5409 Coros
1760 5342 1955 5427 [κόρος]
1972 5370 2104 5410 vero

509 5437 707 5491 modiis
729 5439 948 5510 triginta
961 5442 1288 5511 completur.
1314 5442 1468 5512 Quod
1493 5451 1672 5498 autem
1695 5443 1786 5497 uni
1817 5444 2102 5507 medietas,

510 5525 666 5580 alteri
697 5526 881 5596 quinta
908 5544 1038 5597 pars
1065 5530 1351 5586 dimittitur
1372 5532 1690 5602 simpliciter
1703 5539 1986 5602 acceptum
2009 5532 2105 5586 do-

509 5625 614 5682 cet,
645 5616 767 5688 quia
800 5617 979 5671 omnis
1009 5617 1098 5688 qui
1128 5618 1486 5690 indigentiam
1517 5621 1802 5689 cujuslibet
1849 5621 2103 5692 pauperis

506 5715 817 5764 sanctorum
847 5706 932 5760 vel
961 5723 1026 5761 ex
1057 5707 1277 5761 dimidia
1300 5708 1384 5763 vel
1413 5725 1479 5764 ex
1513 5710 1700 5781 quinta
1746 5718 1900 5779 parte
1949 5709 2100 5766 rele-

2213 4465 2369 4520 qnus,
2403 4456 2490 4502 aut
2523 4448 2696 4501 haeres
2726 4446 2920 4516 iniqui.
2960 4445 3129 4500 Docet
3159 4461 3296 4516 ergo
3328 4446 3396 4499 de
3443 4444 3649 4498 divitiis
3694 4444 3805 4498 ini-

2215 4537 2432 4610 quitatis
2461 4537 2665 4590 amicos
2694 4534 2895 4600 facere,
2930 4551 3036 4588 non
3069 4533 3343 4605 quoslibet
3375 4549 3656 4604 pauperes,
3710 4532 3810 4587 sed

2215 4651 2311 4690 eos
2342 4634 2432 4706 qui
2464 4649 2563 4688 nos
2589 4642 2809 4702 possent
2841 4633 3084 4702 recipere
3115 4632 3168 4684 in
3198 4631 3451 4687 ccelestes
3473 4629 3806 4685 mansiones.

2216 4725 2312 4778 Vel
2346 4723 2413 4776 ita
2444 4740 2456 4776 ε
2493 4722 2776 4776 Faciamus
2817 4720 3023 4776 amicos
3051 4721 3118 4774 de
3148 4720 3330 4789 iniqua
3379 4735 3706 4785 mammona,
3750 4727 3810 4773 ut

2213 4812 2499 4885 largiendo
2529 4811 2857 4882 pauperibus
2896 4810 3214 4882 angelorum
3250 4809 3406 4864 nobis
3461 4817 3809 4864 caeterorum-

2213 4919 2318 4973 que
2347 4909 2654 4956 sanctorum
2687 4901 2918 4971 gratiam
2946 4903 3355 4968 comparemus.
3415 4899 3541 4953 Haec
3585 4897 3809 4969 quidem

2211 4991 2351 5045 male
2382 4988 2734 5059 intelligendo
2765 4988 2998 5057 rapiunt,
3058 4995 3116 5042 ut
3172 4987 3330 5058 quasi
3390 4987 3529 5041 bene
3586 4987 3806 5056 dispen-

2212 5098 2352 5154 sent,
2385 5089 2481 5143 sed
2506 5095 2798 5158 gravantur
2823 5087 3002 5157 potius
3035 5101 3195 5157 quam
3227 5085 3574 5154 adjuventur.
3604 5085 3806 5140 Hostia:

2213 5179 2353 5233 enim
2388 5175 2671 5246 impiorum
2704 5175 3116 5230 abominabiles.
3153 5176 3289 5229 Hinc
3319 5181 3374 5229 et
3418 5189 3516 5245 per
3567 5173 3806 5229 Salomo~

2213 5283 2337 5322 nem
2368 5266 2563 5320 dicitur
2595 5280 2607 5318 :
2646 5286 2667 5310 ι
2705 5263 2807 5332 Qui
2839 5263 2997 5319 oﬁ‘ert
3039 5262 3369 5320 sacriﬁcium
3415 5263 3485 5318 de
3542 5262 3804 5332 superbia

2212 5354 2490 5428 pauperis,
2523 5368 2586 5407 ac
2615 5352 2660 5406 si
2691 5353 2932 5408 victimet
2959 5351 3126 5407 ﬁlium
3177 5352 3232 5406 in
3280 5359 3577 5422 conspectu
3634 5351 3804 5422 patris

2214 5445 2411 5514 (Eccli.
2445 5444 2653 5511 xxxxv).
2682 5472 2738 5481 -η
2798 5441 2901 5510 Qui
2942 5440 3117 5497 ﬁdelis
3158 5448 3241 5496 est
3277 5441 3331 5494 in
3372 5439 3618 5504 minimo,
3665 5439 3801 5495 etin

2211 5531 2408 5603 majori
2444 5530 2618 5585 ﬁdelis
2647 5539 2748 5585 est.
2787 5533 2850 5584 Et
2879 5532 2969 5601 qui
3001 5532 3054 5584 in
3084 5530 3297 5585 modico
3345 5529 3582 5600 iniquus,
3643 5533 3700 5583 et
3745 5527 3800 5582 in

2211 5621 2405 5692 majori
2435 5619 2658 5691 iniquus
2686 5628 2789 5675 est.
2829 5643 2849 5668 η
2877 5622 2935 5674 In
2966 5620 3188 5675 minimo
3209 5627 3291 5673 est
3322 5617 3497 5674 ﬁdelis
3526 5616 3620 5689 qui
3639 5615 3802 5672 habet

2211 5711 2426 5767 viscera
2450 5709 2677 5783 pietatis
2705 5717 2756 5766 et
2783 5724 2947 5781 opera
2977 5708 3383 5775 misericordiae,
3429 5705 3616 5762 dando
3657 5705 3799 5764 elec-
