4042 6080
276 244 414 299 1085

1180 247 1762 305 DEFLORATIONES
1804 248 1907 304 SS.
1957 247 2269 304 PATRUM.
2313 277 2382 288 -—
2420 247 2555 302 LIB.
2603 246 2678 300 ll.

3429 251 3567 304 1086

274 384 562 442 mosynas,
595 378 648 426 et
677 371 956 443 diligendo
977 374 1282 444 proximos.
1321 378 1380 429 In
1402 377 1592 444 majori
1623 383 1707 431 est
1735 374 1867 429 tide-
1895 375 1952 436 A
1982 373 2212 429 ctrinam
2280 373 2498 428 Domini
2537 373 2765 428 dividat.
2831 373 2888 426 In
2928 372 3151 430 minimo
3189 374 3404 430 ﬁdelem
3445 392 3569 432 esse

276 459 344 513 lis
371 459 465 530 qui
494 460 716 515 omnino
775 463 1018 517 adhaeret
1056 464 1321 530 Creatori,
1369 473 1421 518 et
1465 481 1610 518 unus
1650 465 1871 534 spiritus

271 564 397 604 cum
425 564 500 603 eo
532 549 809 605 desiderat
842 551 1009 607 effici.
1051 551 1155 620 Qui
1184 553 1328 608 enim
1361 553 1582 608 fratrem
1612 570 1719 607 non
1749 553 1872 606 dili-

271 646 371 719 git,
423 664 584 717 quem
641 649 805 714 videt,
849 667 949 705 nec
987 651 1276 706 miseretur
1339 652 1518 724 egeni,
1596 651 1870 722 quomodo

272 735 449 806 diligit
480 738 652 791 Deum
686 755 843 809 quem
878 756 985 793 non
1017 741 1196 806 videt;
1244 748 1296 794 et
1327 741 1598 811 quomodo
1631 742 1870 810 seipsum

275 824 395 879 Deo
427 825 629 879 tribuet
650 827 678 878 ‘?
707 827 1040 898 Theophilus
1087 829 1487 897 Antiochenus,
1521 829 1612 900 qui
1643 839 1873 900 quatuor

274 923 735 994 evangelistarum
767 925 818 977 in
854 942 1015 980 unum
1047 942 1184 997 opus
1213 927 1358 981 dicta
1387 928 1706 998 compinxit,
1755 929 1872 983 haec

274 1026 442 1081 super
470 1012 613 1068 hanc
643 1014 963 1083 parabolum
994 1016 1050 1070 in
1106 1016 1220 1070 suis
1251 1017 1654 1071 commentariis
1684 1025 1766 1071 est
1793 1017 1870 1071 lo-

273 1109 432 1155 cutus
467 1119 477 1154 :
515 1124 535 1149 a
566 1102 733 1157 Dives
765 1104 973 1159 habens
1030 1105 1271 1160 villicum
1309 1105 1400 1160 vel
1437 1106 1871 1176 dispensatorem

273 1200 420 1254 Deus
445 1203 788 1273 omnipotens
834 1212 934 1271 est,
977 1205 1136 1274 cujus
1167 1206 1512 1277 dispensator
1540 1204 1635 1260 fuit
1669 1206 1873 1260 Paulus

276 1287 459 1358 legem
490 1291 589 1344 Dei
646 1291 863 1348 discens
887 1310 918 1347 a
969 1293 1293 1349 Gamaliele.
1327 1295 1437 1362 Qui
1467 1311 1584 1349 cum
1618 1295 1874 1364 coepisset

275 1374 628 1433 Christianos
657 1381 934 1452 persequi,
970 1390 1022 1437 et
1049 1383 1253 1437 domini
1302 1383 1382 1438 sui
1414 1383 1721 1454 superbiam
1753 1383 1871 1436 dis-

278 1473 484 1545 sipare,
519 1485 799 1532 correctus
830 1487 913 1534 est
943 1495 974 1533 a
1004 1481 1256 1547 Domino,
1302 1481 1566 1535 audiens:
1607 1505 1628 1528 α
1664 1482 1871 1535 Durum

275 1571 358 1617 est
388 1563 482 1618 tibi
514 1575 696 1620 contra
731 1567 1003 1622 stimulum
1036 1570 1311 1624 calcitrare
1341 1571 1496 1638 (Act.
1525 1572 1628 1640 1x).
1648 1594 1668 1617 υ
1695 1569 1871 1624 Dixit-

272 1667 380 1722 que
413 1653 469 1706 in
499 1656 662 1710 corde
693 1673 790 1711 suo
828 1672 838 1711 :
875 1657 1016 1726 Quid
1043 1659 1238 1713 faciam
1271 1659 1397 1729 quia
1427 1661 1691 1731 magister
1722 1659 1794 1712 fui
1819 1668 1870 1713 et

1981 479 2240 534 magnum
2269 472 2373 516 est.
2417 464 2556 516 Nam
2588 463 2724 517 sicut
2745 463 2885 515 ratio
2927 463 3289 530 rotunditatis,
3324 464 3375 518 id
3408 473 3488 518 est
3517 473 3572 518 ut

1979 567 2007 604 a
2039 559 2240 621 puncto
2271 552 2449 606 medio
2480 568 2672 606 omnes
2703 551 2860 605 linea:
2892 567 3053 620 pares
3100 552 3152 604 in
3184 561 3435 607 extrema
3465 554 3570 608 du-

1982 657 2192 714 cantur,
2236 649 2424 702 eadem
2459 658 2542 703 est
2570 649 2621 702 in
2653 665 2854 718 magno
2885 649 3035 703 disco
3065 666 3225 720 quam
3255 650 3306 704 in
3339 667 3565 704 numero

1981 738 2199 808 exiguo,
2232 737 2302 790 ita
2341 738 2432 791 ubi
2474 753 2638 808 parva
2663 737 2811 806 juste
2860 746 3138 810 geruntur,
3175 754 3284 793 non
3312 739 3571 793 minuitur

1974 825 2194 894 justitia
2225 827 2566 898 magnitudo.

2401 925 2474 978 De
2513 928 2754 996 quatuor
2784 923 3147 978 debitoribus.

2055 1019 2308 1090 Quatuor
2346 1021 2620 1076 debitores
2675 1032 2797 1075 sunt
2840 1042 2850 1076 :
2895 1024 3059 1088 Dens,
3101 1023 3348 1093 spiritus,
3412 1039 3564 1091 caro,

1980 1110 2237 1163 mundus.
2271 1111 2419 1164 Deus
2458 1109 2622 1163 debet
2659 1109 2886 1178 spiritui,
2928 1119 2985 1164 ut
3014 1127 3135 1165 eum
3175 1119 3227 1165 et
3255 1113 3567 1182 cognitione

1980 1198 2224 1253 veritatis
2248 1198 2513 1252 illuminet
2546 1207 2598 1253 et
2627 1213 2810 1252 amore
2842 1199 3050 1253 virtutis
3079 1199 3413 1264 inflammet;
3449 1200 3568 1270 spi-

1981 1295 2116 1349 ritus
2136 1295 2298 1349 debet
2327 1297 2442 1350 Deo
2472 1295 2525 1348 in
2557 1295 2810 1350 omnibus
2830 1313 2948 1367 quae
2977 1298 3190 1369 agenda
3210 1307 3332 1352 sunt
3355 1299 3422 1353 ab
3446 1299 3568 1371 ipso

1981 1384 2182 1438 erudiri
2203 1393 2255 1439 et
2268 1385 2564 1439 secundum
2580 1385 2759 1455 ipsum
2777 1385 3019 1454 operari;
3037 1386 3256 1455 spiritus
3276 1387 3434 1442 debet
3453 1403 3570 1442 car-

1979 1473 2054 1540 ni,
2088 1480 2147 1526 ut
2176 1489 2295 1528 eam
2327 1481 2380 1527 et
2408 1489 2438 1526 a
2468 1472 2625 1526 malis
2656 1473 2907 1528 cohibeat
2930 1481 2981 1528 et
3002 1473 3055 1527 in
3086 1475 3244 1529 bonis
3277 1485 3563 1546 exerceat;

1980 1586 2110 1626 caro
2141 1571 2302 1625 debet
2332 1571 2544 1641 spiritui
2575 1572 2629 1623 in
2675 1571 2817 1626 bono
2875 1573 3093 1642 agendo
3124 1572 3485 1627 ministerium
3516 1582 3570 1628 et

1979 1660 2031 1713 in
2063 1660 2350 1714 commodo
2381 1661 2686 1729 appetendo
2717 1661 2940 1714 modum
2967 1679 2979 1722 ;
3011 1677 3137 1716 caro
3156 1661 3318 1716 debet
3345 1661 3566 1730 mundo,

273 1749 514 1816 villicus,
550 1769 695 1808 nunc
745 1769 916 1822 cogor
946 1771 1068 1810 esse
1126 1756 1422 1828 discipulus
1454 1767 1506 1811 et
1536 1756 1814 1828 operarius
1847 1758 1874 1811 ?
1901 1731 1955 1791 B
1984 1765 2048 1803 ex
2089 1749 2207 1817 eius
2247 1749 2579 1803 abundantia
2620 1749 2762 1819 (ἰυοά
2803 1750 3147 1805 necessumst
3195 1759 3277 1805 θεῖ
3323 1767 3563 1818 sumere,

273 1838 489 1894 Fodere
504 1856 611 1894 non
644 1843 824 1908 valeo,
849 1843 904 1897 id
927 1853 1008 1898 est
1027 1847 1283 1900 mandata
1304 1846 1445 1900 enim
1468 1846 1605 1918 legis
1620 1855 1776 1900 terra)
1798 1846 1876 1899 in-

273 1929 584 1983 cumbentis
639 1931 919 1987 destructa
958 1942 1107 1988 sunt.
1164 1935 1474 1990 Mendicare
1502 1936 1790 2002 erubesco,
1823 1944 1880 1989 ut

274 2025 367 2096 qui
418 2025 610 2080 doctor
648 2026 859 2082 fueram
916 2030 1242 2100 Iudaeorum,
1283 2048 1432 2086 nunc
1469 2032 1725 2102 incipiam
1778 2032 1875 2086 do-

281 2113 508 2169 ctrinam
539 2115 732 2170 salutis
773 2118 1087 2174 mendicare
1117 2119 1186 2173 ab
1216 2121 1446 2175 Anauia.
1478 2121 1875 2194 Faciamigitur

275 2210 334 2256 ut
374 2220 460 2258 me
501 2205 766 2275 recipiant
820 2207 1129 2274 Christiani,
1190 2225 1316 2264 cum
1360 2211 1571 2281 ejectus
1611 2210 1764 2266 fuero
1805 2213 1873 2265 de

275 2300 608 2357 villicatione
639 2319 788 2358 mea.
830 2305 1114 2376 Cmpitque
1147 2307 1247 2370 eis,
1278 2308 1367 2379 qui
1397 2309 1550 2378 prius
1582 2309 1874 2363 versaban-

277 2397 368 2443 tur
397 2391 453 2444 in
484 2391 628 2462 lege,
664 2401 717 2446 et
775 2393 852 2447 sic
883 2395 1231 2449 crediderant
1273 2405 1326 2449 ut
1366 2397 1765 2452 arbitrarentur
1813 2414 1871 2452 se

274 2479 330 2532 in
360 2479 484 2552 lege
508 2481 906 2548 justiticandos,
941 2484 1323 2556 dicerelegem
1348 2486 1624 2552 abolitam,
1643 2489 1875 2558 prophe-

279 2581 361 2628 tas
391 2578 725 2647 praeterisse,
760 2588 812 2633 et
843 2597 965 2651 quae
993 2590 1120 2637 ante
1151 2599 1254 2652 pro
1285 2583 1438 2638 lucro
1467 2585 1678 2639 fuerant
1707 2602 1875 2656 repu-

277 2663 383 2718 tari
442 2674 498 2718 ut
529 2676 793 2722 stercora.
843 2670 1067 2726 Vocavit
1122 2671 1302 2742 itaque
1353 2674 1489 2727 duos
1529 2676 1595 2728 de
1625 2675 1873 2744 plurimis

278 2753 653 2811 debitoribus.
691 2758 903 2812 Primus
933 2759 1023 2830 qui
1054 2760 1284 2815 debebat
1315 2772 1529 2817 centum
1559 2765 1724 2818 cados
1744 2763 1870 2829 olei,

270 2862 648 2923 congregatos
679 2853 931 2911 videlicet
959 2873 1024 2911 ex
1083 2858 1343 2928 gentibus
1372 2860 1472 2914 Dei
1504 2861 1873 2915 misericordia

271 2938 605 3011 indigentes.
641 2943 708 2997 Et
765 2945 832 2999 de
863 2948 1177 3000 centenario
1235 2964 1483 3015 numero,
1527 2951 1616 3020 qui
1674 2951 1873 3020 plenus

274 3037 358 3082 est
389 3038 552 3102 atque
582 3035 880 3102 perfectus,
938 3034 1066 3089 fecit
1122 3036 1289 3090 scribi
1319 3038 1869 3110 quinquagenarium,

272 3126 365 3198 qui
402 3130 629 3199 proprie
658 3131 1030 3200 pwnitentium
1059 3142 1138 3187 est
1159 3134 1310 3202 juxta
1335 3135 1619 3203 jubilaeum
1651 3153 1873 3200 annnm,

273 3223 326 3270 et
397 3217 544 3271 illam
605 3220 924 3289 parabolam
981 3222 1033 3274 in
1076 3238 1248 3278 Lxxtv
1287 3224 1429 3290 luce,
1489 3225 1541 3278 in
1582 3242 1687 3296 qua
1726 3226 1878 3280 alteri

277 3305 581 3376 quingenti,
641 3308 800 3363 alteri
833 3310 1065 3365 debitori
1095 3327 1127 3364 L
1158 3313 1368 3367 denarii
1393 3314 1749 3370 dimittuntur.
1785 3316 1880 3370 Se-

265 3405 513 3460 cundum
570 3416 748 3460 autem
788 3409 1009 3462 vocavit
1068 3411 1350 3480 populum,
1405 3412 1612 3468 scilicet
1657 3414 1876 3468 Iudaeo-

262 3510 404 3561 rum,
446 3494 536 3563 qui
572 3496 748 3550 tritico
790 3497 1173 3552 mandatorum
1234 3499 1333 3554 Dei
1390 3501 1628 3556 nutritus
1661 3511 1795 3571 erat,
1822 3516 1874 3562 et

264 3581 510 3637 debebat
570 3583 620 3638 ei
652 3586 1032 3641 centenarium
1087 3604 1394 3653 numerum,
1430 3599 1481 3643 et
1511 3591 1693 3661 coegit
1725 3608 1868 3664 eum,

245 3672 417 3743 quod
452 3673 519 3727 de
547 3683 766 3728 centum
800 3674 1000 3730 faceret
1029 3692 1192 3742 Lxxx,
1225 3677 1281 3731 id
1310 3686 1393 3731 est
1424 3679 1674 3733 crederet
1697 3681 1749 3734 in
1775 3681 1873 3736 Do-

271 3769 405 3823 mini
436 3773 895 3828 resurrectionem
945 3783 1136 3829 octava
1166 3775 1256 3830 die
1298 3775 1517 3830 factum.
1576 3778 1872 3850 Octoginta

262 3857 406 3914 enim
437 3859 780 3930 complentur
809 3863 877 3917 de
905 3879 996 3918 VIII
1021 3864 1349 3930 Decadibus,
1375 3873 1428 3919 et
1457 3873 1512 3919 ut
1539 3865 1608 3921 de
1634 3867 1873 3923 Sabbato

271 3957 530 4013 transiret
568 3960 633 4014 ad
677 3961 899 4030 primam
960 3962 1207 4017 Sublati.
1248 3963 1333 4018 Ob
1372 3964 1513 4020 hanc
1573 3982 1792 4020 causam
1842 3983 1874 4021 a

279 4046 513 4102 Domino
543 4049 872 4118 praedicatur
901 4051 1040 4104 bene
1067 4053 1283 4112 fecisse.
1345 4054 1491 4123 quod
1522 4055 1590 4109 de
1625 4056 1762 4126 legis
1777 4073 1872 4110 au-

284 4137 527 4190 steritate
560 4147 803 4191 mutatus
832 4139 900 4192 sit
931 4140 984 4192 in
1016 4140 1300 4209 Evangelii
1328 4141 1691 4198 clementiam.
1716 4144 1873 4213 Quod

275 4234 319 4287 si
353 4235 641 4304 quaesieris
675 4251 844 4306 quare
875 4245 1099 4292 vocetur
1126 4238 1334 4293 villicus
1366 4239 1460 4310 qui
1485 4240 1622 4295 bene
1653 4242 1875 4312 quidem

270 4323 553 4386 offerebat,
577 4325 673 4379 sed
694 4341 800 4380 non
835 4325 973 4380 bene
1003 4327 1281 4382 dividebat
1301 4328 1532 4382 credens
1560 4330 1612 4382 in
1640 4331 1876 4418 Patrem,

264 4423 360 4476 sed
385 4423 576 4477 Filium
595 4440 954 4496 persequens,
978 4426 1185 4480 habens
1210 4428 1378 4481 Deum
1410 4429 1858 4498 omnipotentem,
1891 4448 1947 4510 D

264 4511 361 4566 sed
417 4512 671 4582 Spiritum
727 4523 977 4568 sanctum
1036 4531 1275 4587 negans.
1342 4517 1666 4573 Prudentior
1695 4520 1872 4592 itaque

265 4606 362 4662 fuit
395 4608 593 4663 Paulus
641 4609 695 4664 in
755 4612 1190 4683 transgressione
1225 4612 1366 4685 legis
1419 4612 1541 4668 filiis
1599 4617 1871 4686 quondam

266 4695 427 4764 lucis,
469 4701 559 4770 qui
615 4699 672 4752 in
728 4699 852 4770 lege
891 4701 1089 4754 versati
1128 4701 1419 4771 Christum,
1455 4703 1548 4773 qui
1570 4703 1670 4758 Dei
1701 4705 1872 4766 Patris

275 4805 469 4844 verum
523 4791 708 4846 lumen
747 4801 849 4860 est,
884 4794 1265 4864 prodiderunt.
1307 4795 1362 4850 Si
1391 4804 1567 4850 autem
1599 4797 1666 4851 de
1696 4814 1872 4852 mam-

276 4903 439 4942 mona
494 4888 795 4960 iniquitatis
859 4891 998 4947 bene
1063 4891 1372 4962 dispensata
1428 4892 1764 4964 recipiuntur
1817 4895 1873 4949 in

278 4985 486 5032 aeterna
543 4979 912 5042 tabernacula,
979 4991 1180 5050 quanto
1219 4982 1398 5054 magis
1437 4998 1618 5037 sermo
1658 4983 1873 5039 divinus

275 5071 330 5125 in
373 5087 480 5142 quo
519 5072 666 5126 nulla
705 5081 788 5128 est
852 5073 1124 5146 iniquitas,
1167 5076 1255 5146 qui
1313 5075 1574 5146 apostolis
1629 5077 1872 5131 creditus

276 5177 360 5225 est
390 5169 565 5225 bonos
595 5171 1004 5241 dispensatores
1063 5172 1262 5227 levabit
1301 5173 1355 5227 in
1387 5173 1583 5229 coelum
1615 5175 1642 5229 τ
1671 5173 1873 5244 Quam-

275 5259 468 5314 obrem
500 5261 590 5332 qui
621 5258 799 5315 fidelis
838 5269 920 5316 est
962 5262 1011 5315 in
1066 5261 1312 5327 minimo,
1344 5261 1398 5316 id
1439 5271 1520 5316 est
1551 5263 1604 5316 in
1636 5265 1871 5319 carnali-

274 5357 404 5423 bus,
438 5365 491 5412 et
514 5357 566 5411 in
599 5359 787 5426 majori
828 5358 1008 5414 ﬁdelis
1037 5359 1157 5428 erit,
1199 5359 1254 5414 id
1295 5368 1377 5414 est
1407 5360 1461 5413 in
1517 5361 1868 5430 spiritalibus.

279 5445 384 5510 Qui
437 5453 616 5500 autem
647 5447 700 5500 in
731 5463 908 5517 parvo
964 5447 1180 5519 iniquus
1212 5456 1312 5516 est,
1346 5457 1403 5502 ut
1431 5465 1538 5504 non
1570 5449 1661 5504 det
1690 5449 1873 5504 fratri-

283 5543 387 5597 bus
416 5544 482 5597 ad
517 5545 772 5598 utendum
805 5546 949 5616 quod
979 5562 1010 5600 a
1039 5547 1152 5601 Deo
1181 5561 1283 5617 pro
1325 5548 1577 5601 omnibus
1608 5556 1690 5601 est
1717 5563 1873 5602 crea-

276 5650 410 5708 tum,
445 5641 546 5696 iste
577 5650 629 5695 et
660 5641 714 5695 in
745 5643 1010 5712 spirituali
1043 5644 1267 5713 pecunia
1305 5644 1601 5699 dividenda
1655 5645 1873 5717 iniquus

277 5740 399 5808 erit,
433 5747 490 5794 ut
526 5754 638 5795 non
679 5755 780 5811 pro
820 5742 1164 5812 necessitate,
1205 5743 1302 5798 sed
1341 5757 1444 5814 per
1479 5742 1730 5814 personis
1769 5743 1873 5799 do-

1983 1847 2126 1918 quod
2158 1847 2369 1901 virtutis
2401 1855 2484 1900 est
2515 1863 2770 1902 exercere
2801 1866 2815 1914 ;
2870 1849 3103 1902 mundus
3146 1849 3307 1903 debet
3335 1849 3482 1904 carni
3513 1849 3568 1903 in

1981 1936 2308 1990 necessitate
2348 1935 2674 2000 subsidium,
2716 1937 2775 1989 in
2814 1937 3199 1992 exercitatione
3242 1938 3569 1992 incitamen-

1982 2031 2121 2078 tum.
2162 2024 2270 2078 Sed
2328 2024 2552 2094 spiritus
2592 2024 2831 2079 Creatori
2870 2025 3110 2080 debitum
3149 2042 3257 2080 non
3287 2025 3568 2096 persolvit,

1980 2122 2106 2194 quia
2136 2139 2234 2191 per
2263 2121 2570 2192 superbiam
2600 2122 2769 2176 elatus
2791 2123 3174 2178 contemnitab
3204 2139 3269 2178 eo
3298 2122 3579 2179 scientiam

1980 2211 2227 2264 veritatis
2259 2227 2507 2280 quaerere
2523 2211 2608 2264 vel
2634 2228 2733 2281 per
2762 2211 3037 2284 pigritiam
3070 2212 3267 2282 ligatus
3296 2221 3575 2283 acceptam

1981 2299 2394 2372 intelligentiam
2427 2299 2628 2353 fastidit
2666 2316 2833 2370 opere
2862 2316 3150 2356 exercere.
3199 2302 3491 2372 Propterea
3519 2309 3571 2357 et

1977 2396 2096 2466 ipse
2153 2397 2382 2452 Creator
2412 2397 2622 2467 spiritui
2651 2398 2894 2452 debitum
2946 2400 3093 2468 juste
3139 2407 3323 2470 negat,
3361 2406 3415 2452 ut
3445 2415 3568 2453 eum

1979 2502 2082 2540 nec
2114 2487 2182 2540 ad
2214 2487 2660 2556 cognoscendum
2704 2503 2894 2542 verum
2927 2487 3207 2554 illuminet,
3240 2503 3341 2543 nec
3370 2487 3439 2541 ad
3469 2487 3570 2542 bo-

1979 2591 2107 2628 num
2149 2576 2437 2629 amandum
2479 2575 2805 2630 inﬂammet.
2854 2577 2990 2631 Nam
3035 2578 3327 2646 superbum
3359 2576 3501 2630 intus
3539 2592 3573 2632 θ.

1979 2671 2291 2743 cognitione
2322 2670 2565 2724 veritatis
2594 2671 2804 2740 abjicit,
2837 2671 3053 2744 pigrum
3087 2681 3264 2726 autem
3320 2672 3373 2725 in
3405 2687 3572 2742 opere

1981 2759 2114 2814 foris
2144 2759 2352 2827 afﬂigit.
2399 2758 2609 2813 Rursus
2667 2759 2789 2829 quia
2819 2759 2962 2814 idem
2987 2760 3206 2830 spiritus
3234 2761 3385 2815 carni
3413 2759 3572 2815 debi-

1979 2857 2091 2903 tum
2119 2865 2226 2903 non
2258 2848 2536 2917 persolvit,
2568 2855 2624 2902 ut
2654 2864 2772 2902 eam
2806 2849 3056 2904 videlicet
3081 2848 3161 2903 vel
3193 2865 3221 2902 a
3272 2848 3412 2903 malo
3467 2864 3567 2904 co-

1979 2945 2184 3008 hibeat,
2221 2945 2303 3000 vel
2336 2946 2388 2998 in
2421 2945 2563 2999 bono
2593 2953 2864 3010 exerceat,
2891 2943 2950 2999 tit
2978 2954 3033 2999 ut
3056 2954 3107 2999 et
3136 2945 3255 3016 ipsa
3277 2945 3569 3014 carojusta

1985 3035 2086 3089 Dei
2132 3034 2540 3104 dispensatione
2595 3049 2705 3087 non
2762 3050 2828 3088 ea
2885 3034 3134 3089 exhibeat
3180 3033 3395 3106 spiritui
3450 3050 3570 3104 quae

1987 3123 2172 3186 debet,
2208 3126 2310 3178 hoc
2340 3131 2440 3189 est,
2473 3121 2560 3177 vel
2608 3122 2664 3176 in
2711 3122 2854 3177 bono
2909 3123 3124 3194 agendo
3181 3123 3566 3190 ministerium,

1987 3221 2070 3275 vel
2103 3223 2154 3274 in
2186 3221 2491 3292 appetendo
2520 3221 2808 3276 commodo
2850 3222 3090 3275 modum.
3123 3224 3256 3275 Item
3283 3222 3405 3292 quia
3442 3236 3570 3276 caro
3629 3208 3632 3211 ’

1983 3326 2082 3380 per
2108 3310 2498 3381 negligentiam
2526 3311 2746 3379 spiritus
2765 3311 2944 3364 laxata
2966 3310 3168 3364 mundo
3199 3309 3439 3364 debitum
3461 3325 3572 3364 non

1985 3399 2211 3455 exhibet
2243 3399 2337 3452 sed
2367 3399 2448 3453 eis
2478 3398 2806 3453 affluentiam
2838 3400 2904 3452 ad
2939 3399 3119 3453 luxum
3163 3399 3452 3469 voluptatis
3481 3398 3570 3453 in-

1986 3503 2223 3566 torquet,
2258 3502 2308 3549 et
2341 3494 2408 3548 ad
2442 3494 2886 3549 exercitationem
2917 3495 3126 3548 virtutis
3157 3495 3272 3564 ejus
3329 3493 3567 3548 admini-

1986 3584 2298 3638 strationem
2329 3599 2436 3637 non
2467 3583 2693 3648 obtinet,
2729 3583 2843 3653 ipse
2897 3600 3115 3654 quoque
3147 3583 3379 3637 mundus
3417 3583 3570 3653 justa

1981 3672 2488 3742 recompensatione
2526 3672 2595 3726 ad
2629 3672 2908 3726 miseriam
2939 3672 3170 3742 spiritus
3203 3671 3570 3743 multiplican-

1980 3773 2134 3842 dum,
2166 3788 2286 3827 eam
2320 3781 2371 3826 et
2401 3771 2600 3843 frangit
2629 3770 2885 3825 adversis
2915 3779 2966 3824 et
2995 3769 3269 3841 prosperis
3289 3768 3567 3824 dissolvit.

1981 3862 2152 3932 Hujus
2183 3870 2362 3916 autem
2397 3860 2684 3916 discordiae
2715 3860 2841 3932 quia
2899 3859 3046 3932 solus
3105 3859 3325 3928 spiritus
3383 3865 3572 3912 auctor

1982 3931 2082 4016 est,
2103 3967 2326 4006 necesse
2341 3959 2422 4004 est
2443 3957 2499 4003 ut
2532 3951 2648 4019 ipse
2678 3931 2835 4002 etiam
2860 3931 3009 4017 prior
3040 3948 3108 4000 ad
3143 3963 3337 4017 pacem
3361 3947 3566 4011 redeat,

1986 4059 2039 4106 et
2069 4058 2267 4104 caetera
2298 4057 2419 4118 post
2445 4064 2502 4102 se
2533 4047 2929 4117 subsequenter
2957 4045 3024 4098 ad
3049 4060 3236 4114 pacem
3267 4050 3567 4114 composat.

1983 4139 2039 4194 Si
2065 4138 2208 4192 enim
2241 4138 2356 4207 ipse
2389 4144 2441 4189 et
2471 4135 2712 4190 Creatori
2745 4134 2988 4187 debitam
3045 4131 3459 4204 subjectionem,
3519 4140 3573 4186 et

1983 4226 2129 4284 carni
2155 4227 2356 4296 justum
2381 4225 2632 4293 regimen
2652 4223 2908 4279 exhibere
2947 4222 3232 4289 studuerit,
3259 4221 3498 4292 perfecta
3519 4228 3571 4276 et

1984 4332 2358 4380 consummata
2383 4322 2585 4389 justitia
2613 4321 2978 4392 subsequitur,
3011 4329 3061 4375 et
3084 4319 3371 4374 reformata
3405 4320 3570 4388 justi-

1984 4414 2061 4468 tia
2090 4412 2380 4468 concordia
2411 4428 2627 4483 quoque
2657 4419 2705 4466 et
2737 4427 2838 4481 pax
2871 4409 3112 4482 perfecta
3143 4408 3572 4479 reparatur.Sic-

1983 4512 2038 4558 ut
2069 4502 2208 4556 enim
2242 4519 2305 4556 ex
2339 4501 2451 4570 ejus
2495 4501 2757 4570 iniustitia
2788 4516 2894 4572 pax
2947 4507 2998 4554 et
3026 4499 3318 4555 concordia
3340 4507 3563 4554 cuncto-

1981 4618 2099 4655 rum
2141 4599 2384 4667 solvitur,
2417 4599 2486 4652 ita
2519 4615 2616 4669 per
2655 4598 2775 4668 ejus
2820 4598 3137 4667 injustitiam
3169 4598 3420 4652 universa
3477 4613 3569 4651 re-

1980 4689 2359 4745 conciliantur.
2391 4689 2544 4742 Hanc
2574 4696 2750 4741 autem
2777 4687 3046 4757 justitiam
3081 4687 3300 4758 spiritus
3327 4685 3568 4739 habitam

1983 4780 2209 4850 perdere
2250 4777 2468 4848 potuit;
2511 4778 2768 4831 amissam
2807 4792 2939 4832 vero
2980 4792 3078 4846 per
3140 4791 3200 4830 se
3240 4789 3566 4844 recuperare

1981 4893 2089 4931 non
2128 4885 2326 4947 potest,
2406 4875 2547 4946 quia,
2591 4891 2660 4929 ne
2699 4874 2940 4928 debitum
2980 4873 3228 4928 Creatori
3267 4872 3564 4942 persolvat,

1981 4964 2291 5039 ignorantia
2323 4964 2524 5018 fallitur
2557 4981 2569 5027 ;
2594 4980 2662 5017 ne
2689 4979 2823 5017 vero
2845 4963 3088 5017 debitum
3104 4962 3251 5018 carni
3274 4960 3566 5032 persolvat,

1980 5054 2420 5126 concupiscentia
2450 5053 2781 5124 praepeditur
2809 5067 2820 5105 :
2853 5060 2905 5106 et
2935 5053 2980 5106 si
3009 5052 3146 5107 forte
3173 5067 3235 5105 ex
3265 5059 3413 5121 parte
3441 5050 3567 5104 illu-

1980 5155 2215 5209 minatus
2245 5167 2434 5207 verum
2468 5166 2766 5223 agnoscere
2795 5149 3038 5219 coeperit,
3079 5157 3131 5203 et
3158 5165 3221 5203 ex
3249 5156 3404 5219 parte
3435 5163 3574 5203 con-

1981 5243 2221 5298 firmatus
2242 5241 2441 5296 bonum
2461 5240 2759 5311 adimplere
2782 5255 2887 5294 non
2903 5247 3097 5308 potest,
3111 5247 3302 5293 tamen
3319 5237 3406 5292 hic
3424 5236 3572 5308 quod

1979 5333 2279 5405 perfectum
2297 5339 2376 5386 est
2401 5329 2649 5402 adipisci,
2681 5328 2798 5397 sed,
2830 5329 2964 5384 sicut
2998 5329 3256 5410 scriptum
3271 5335 3372 5392 est,
3404 5333 3459 5380 ut
3479 5326 3573 5382 de-

1980 5439 2254 5504 gustatam
2279 5445 2376 5500 pro
2404 5437 2555 5499 parte
2569 5426 2828 5495 justitiam
2863 5427 3074 5482 esurire
3089 5434 3142 5482 et
3161 5426 3308 5481 sitire
3329 5424 3567 5495 incipiat,

1980 5530 2033 5577 et
2061 5536 2168 5575 non
2199 5519 2396 5589 adepta
2437 5517 2771 5588 plenitudine
2802 5517 2869 5570 ad
2902 5517 3204 5572 satietatem
3261 5515 3559 5585 pertingat.

2512 5627 2588 5680 De
2618 5625 3031 5680 misericordia.

2058 5766 2078 5791 «ι
2114 5741 2516 5799 Misericordias
2571 5739 2809 5808 Domini,
2873 5764 2893 5789 υ
2969 5741 3046 5796 ait
3101 5738 3404 5796 Psalmista.
3441 5759 3464 5782 ‹‹
3516 5736 3570 5789 in
