3986 6070
489 221 629 275 1087

1612 218 1954 276 WERNERI
1992 221 2285 278 ABBATIS
2325 223 2388 278 S.
2435 223 2657 278 BLASII

3663 231 3786 285 1088

483 352 748 402 aeternum
779 344 1010 402 cantabo
1041 345 1224 415 (Psal.
1269 345 1548 413 Lxxxvm).
1580 370 1599 394 ιδ
1624 347 1860 402 Cantabo
1885 349 1936 401 in
1970 364 2073 410 me.
2107 350 2160 408 A
2191 348 2438 420 vigorem
2470 349 2689 405 virium.
2729 350 2820 408 Sic
2849 368 3028 408 anima
3057 362 3242 411 nostra
3271 369 3379 411 non
3411 362 3540 411 erat
3572 353 3789 426 idoneaI

483 441 536 489 et
559 431 862 488 cantabiles
887 431 1012 486 aliis
1041 431 1237 488 faciam
1275 432 1680 488 misericordias
1708 435 1946 499 Domini,
1986 435 2084 489 mi-

483 520 812 577 sericordias
833 521 956 577 dico
984 520 1038 575 in
1059 529 1324 577 eternum
1348 537 1657 577 mansuras.
1682 523 2085 579 Misericordias

479 618 606 676 ideo
633 619 916 690 pluraliter
946 620 1113 690 ponit,
1148 620 1269 693 quia
1296 629 1428 691 quot
1449 631 1574 675 sunt
1624 623 1891 688 miserati,
1929 623 1982 677 id
2004 629 2087 677 est

479 725 582 781 per
612 709 1047 765 misericordiam
1078 711 1331 781 reparati,
1368 711 1591 764 totidem
1624 721 1748 766 sunt
1781 721 1833 766 et
1871 711 2087 766 miseri—

483 798 710 854 cordiae.
751 800 810 852 1n
843 807 1105 853 aeternum
1137 807 1316 854 autem
1349 800 1472 854 ideo
1504 801 1674 869 ponit,
1728 809 1786 854 ut
1839 800 2088 855 ostendat

482 911 583 966 per
618 896 720 951 hoc
763 911 775 949 :
810 895 888 951 sic
918 896 993 950 ira
1015 913 1113 967 per
1143 897 1323 951 Adam
1360 897 1455 950 fuit
1489 897 1831 968 temporalis,
1895 897 1979 953 sic
2036 906 2088 952 et

484 983 864 1039 misericordia
891 1000 990 1055 per
1021 983 1301 1039 Christum
1334 1000 1600 1040 concessa
1630 993 1718 1040 est
1781 984 2083 1040 zeternalis.

485 1083 748 1152 Ideoque,
781 1083 921 1138 bone
949 1085 1099 1153 Iesu,
1141 1107 1162 1131 α
1199 1084 1253 1138 in
1293 1084 1704 1154 generationem
1736 1093 1789 1140 et
1846 1099 2086 1156 genera-

489 1171 697 1227 tionem
757 1173 1090 1228 annuntiabo
1168 1173 1448 1228 veritatem
1505 1181 1651 1227 tuam
1702 1174 1757 1228 in
1812 1189 1906 1228 ore
1962 1188 2088 1227 meo

487 1260 709 1331 (ibid.).
747 1284 769 1309 η
807 1262 864 1315 ln
931 1262 1356 1333 generationem,
1393 1263 1634 1333 inquam,
1667 1271 1720 1318 et
1773 1262 2089 1334 generatio-

486 1375 633 1427 nem,
656 1358 886 1414 cantabo
943 1358 1366 1424 misericordias,
1399 1368 1449 1413 et
1497 1359 1828 1413 annuntialio
1885 1359 2091 1413 verita-

487 1455 599 1504 tem
637 1456 804 1514 tuam,
855 1463 963 1502 non
1021 1447 1314 1502 falsitatem
1345 1464 1544 1516 meam,
1594 1448 1648 1501 in
1679 1464 1774 1502 ore
1800 1449 1915 1518 jam
1946 1463 2085 1512 meo,

490 1536 548 1592 id
578 1544 660 1592 est
690 1535 840 1592 cordi
871 1552 1129 1604 consono,
1164 1537 1287 1608 quia
1319 1537 1462 1608 quod
1511 1547 1655 1590 tuum
1689 1546 1771 1591 est
1810 1536 2087 1590 annuntio.

490 1633 874 1705 Obsequentur
906 1635 1087 1706 itaque
1117 1635 1361 1689 membra
1393 1651 1510 1688 mea
1543 1635 1774 1690 Domino
1804 1651 1946 1698 meo,
2007 1634 2091 1687 lo-

2195 445 2250 492 ut
2278 452 2422 509 pane
2453 438 2546 494 illo
2587 455 2694 510 quo
2749 451 3038 498 vescuntur
3091 445 3275 518 angeli
3300 443 3646 512 reﬁceretur,
3681 443 3794 516 quia

2194 541 2257 580 os
2286 534 2529 581 nostrum
2571 535 2841 584 vetustate
2871 530 3123 586 clausum
3181 532 3489 597 tenebatur,
3534 531 3638 588 sed
3677 531 3795 587 data

2195 631 2279 677 est
2311 623 2470 677 nobis
2508 633 2682 694 petra,
2715 625 2771 680 id
2803 635 2885 680 est
2916 628 3182 694 Christus,
3217 629 3284 682 ad
3309 645 3496 700 quam,
3530 636 3792 684 vetustate

2199 712 2406 774 attrita,
2430 728 2492 767 os
2524 725 2765 768 nostrum
2796 716 3034 772 novitate
3055 725 3298 787 apertum
3317 717 3581 772 idoneum
3603 717 3796 773 factum

2196 809 2277 856 est
2307 801 2376 855 ad
2408 803 2740 856 vescendum
2772 819 2909 874 pane
2968 805 3060 860 illo
3114 807 3441 879 angelorun,
3476 809 3573 878 qui
3636 807 3709 860 de
3745 823 3798 862 se

2195 889 2334 944 dixit
2368 907 2380 943 :
2421 912 2439 936 ε
2470 891 2584 961 Ego
2616 908 2732 945 sum
2763 893 2923 963 panis
2952 894 3107 948 vivus
3138 895 3228 966 qui
3268 895 3337 950 de
3379 895 3520 950 caelo
3561 894 3796 951 descen-

2197 988 2274 1042 dit
2304 991 2483 1057 (Joa-n.
2509 991 2604 1059 vi).
2643 1014 2663 1037 ι»
2700 991 2797 1046 Hic
2828 993 2980 1062 panis
3012 995 3081 1047 ab
3112 994 3297 1048 anima
3327 994 3595 1064 cujusque
3629 1009 3793 1048 reno-

2197 1078 2302 1134 vati
2343 1079 2428 1132 hic
2468 1080 2627 1133 etiam
2661 1081 2966 1136 comeditur
3001 1101 3013 1135 :
3070 1091 3197 1138 tunc
3248 1100 3380 1138 vero
3428 1083 3682 1154 plenarie
3711 1084 3795 1139 illo

2198 1171 2534 1238 reﬁciemur,
2571 1177 2788 1246 quando
2821 1178 2874 1230 in
2920 1179 3226 1250 angelicum
3277 1179 3523 1233 habitum
3558 1195 3796 1235 commu-

2199 1262 2453 1328 tabimur,
2488 1273 2541 1318 et
2571 1265 2686 1335 ipse
2717 1266 2819 1320 erit
2849 1266 3028 1321 omnia
3056 1267 3110 1321 in
3141 1268 3396 1322 omnibus
3431 1269 3480 1336 (ι
3512 1269 3638 1325 Cor.
3672 1269 3786 1336 xv).

2202 1351 2421 1405 Interim
2452 1353 2503 1405 in
2533 1353 2633 1408 hac
2666 1355 3112 1427 peregrinatione
3142 1356 3317 1428 quid?
3348 1357 3550 1428 Utique
3584 1373 3692 1413 non
3713 1359 3800 1412 dav

2199 1445 2574 1518 relinquimur,
2641 1449 2768 1520 quia
2800 1451 3064 1505 Dominus
3111 1450 3318 1507 faciens
3345 1461 3430 1507 est
3488 1453 3799 1510 misericor-

2200 1533 2316 1588 dias
2351 1553 2363 1589 :
2399 1545 2781 1593 verumtamen
2813 1555 2924 1592 non
2974 1539 3076 1593 nisi
3134 1539 3463 1596 facientibus
3493 1543 3802 1598 misericor-

2200 1623 2342 1678 dias.
2383 1646 2404 1672 α
2440 1626 2589 1679 Beati
2619 1627 2761 1680 enim
2797 1628 3200 1692 misericordes,
3227 1630 3479 1700 quoniam
3511 1631 3621 1702 ipsi
3643 1633 3802 1688 mise-

489 1739 642 1794 quar,
669 1722 766 1778 sed
804 1730 898 1777 tua
952 1723 1164 1795 loquar,
1208 1723 1332 1795 quia
1375 1724 1659 1778 veritatem
1709 1732 1852 1778 tuam
1886 1738 2094 1777 annun-
2124 1713 2176 1772 B
2209 1721 2500 1776 iicordiam
2561 1734 2964 1795 consequentur
3021 1727 3241 1794 (Matth.
3276 1728 3350 1795 v).
3412 1725 3593 1794 Quem
3626 1735 3804 1783 autem

492 1811 636 1867 tiabo
666 1811 720 1866 in
751 1827 848 1867 ore
879 1827 1022 1866 meo.
1048 1812 1102 1867 Si
1134 1813 1277 1868 enim
1310 1828 1417 1867 non
1453 1814 1749 1884 obsequor,
1784 1828 1972 1866 servus
1990 1827 2096 1865 non

487 1925 610 1965 sum
638 1927 651 1976 ;
684 1917 736 1964 et
765 1909 810 1963 si
844 1925 965 1964 mea
996 1909 1210 1982 loquor,
1268 1910 1500 1964 mendax
1547 1927 1691 1964 sum.
1737 1909 1976 1979 Ideoque
2034 1916 2094 1962 ut

488 2014 595 2071 ego
627 1999 840 2072 loquar,
866 2006 921 2052 et
952 2007 1042 2054 tua
1071 1998 1285 2071 loquar,
1318 1999 1424 2054 duo
1453 2000 1699 2068 quaedam
1731 2007 1853 2052 sunt
1887 2015 1900 2051 :
1935 2013 2099 2051 unum

489 2104 695 2154 meum,
729 2088 954 2143 alterum
985 2096 1132 2142 tuum
1160 2108 1171 2152 ;
1200 2088 1400 2142 veritas
1425 2089 1641 2158 quidem
1672 2096 1782 2154 tua,
1811 2103 1872 2141 os
1892 2103 2094 2155 meum,

489 2193 544 2241 et
569 2184 695 2240 ideo
732 2186 1018 2239 veritatem
1051 2195 1192 2239 tuam
1225 2185 1558 2238 annuntiabo
1590 2184 1642 2238 in
1676 2200 1768 2238 ore
1790 2199 1932 2249 meo,
1959 2183 2097 2238 veri-

489 2280 657 2328 tatem
690 2273 814 2328 dico
846 2273 1245 2345 pertingentem
1271 2272 1322 2326 in
1347 2273 1758 2344 generationem
1783 2281 1834 2326 et
1863 2287 2097 2340 genera-

493 2361 718 2425 tionem,
763 2361 815 2414 id
870 2370 952 2416 est
992 2362 1044 2414 in
1103 2370 1389 2423 aeternum,
1433 2362 1572 2416 sicut
1603 2371 1652 2416 et
1694 2361 2090 2415 misericordia.

487 2457 640 2527 Quas
675 2467 860 2514 autem
896 2458 1297 2515 misericordias
1318 2464 1518 2526 cantet,
1539 2469 1585 2513 et
1619 2475 1780 2530 quam
1811 2458 2092 2513 veritatem

486 2547 763 2605 annuntiet
791 2548 1087 2603 videamus.
1116 2570 1137 2594 ι
1190 2548 1458 2616 Quoniam
1491 2549 1677 2602 dixisti
1713 2548 1768 2602 in
1801 2556 2084 2615 aeternum,

485 2635 860 2692 misericordia
886 2636 1248 2692 aadiiicabitur
1277 2638 1330 2690 in
1358 2637 1530 2706 caelis,
1578 2637 1970 2708 praeparabitur
1993 2653 2090 2692 ve-

485 2731 614 2788 ritas
660 2740 753 2788 tua
802 2733 855 2786 in
886 2731 965 2788 eis
1022 2733 1266 2803 (ibid.).n
1315 2732 1558 2805 Ideoque
1617 2748 1808 2789 secure
1859 2733 2091 2788 cantabo

487 2821 898 2878 misericordias
937 2831 1078 2888 tuas,
1121 2829 1177 2876 et
1227 2823 1560 2877 annuntiabo
1597 2822 1874 2878 veritatem
1920 2831 2086 2887 tuam,

486 2909 743 2982 quoniam
775 2918 830 2965 tu
861 2909 948 2982 qui
981 2926 1083 2967 nec
1115 2908 1260 2965 fallis
1320 2927 1422 2966 nec
1453 2910 1658 2964 falleris
1687 2910 1887 2975 dixisti,
1921 2909 1972 2963 id
2006 2921 2092 2966 est

487 3006 783 3079 permisisti
812 3007 1247 3064 misericordiam
1278 3015 1335 3063 et
1365 3007 1671 3075 veritatem,
1705 3009 1898 3062 dicens
1929 3008 2001 3061 ita
2032 3007 2084 3060 in

2204 1810 2424 1865 modum
2458 1811 2847 1868 misericordia;
2901 1815 3122 1887 exigit?
3169 1816 3322 1870 Hunc
3351 1816 3584 1886 scilicet,
3644 1817 3805 1888 dilige

2204 1899 2488 1955 inimicum
2521 1909 2691 1967 tuum,
2724 1909 2777 1956 et
2807 1904 2955 1956 omni
3011 1903 3215 1973 petenti
3270 1912 3320 1958 te
3353 1905 3555 1960 tribue.
3591 1904 3807 1960 Videtur

2205 2006 2385 2052 autem
2418 2015 2722 2070 repugnare
2753 2000 2898 2071 quod
2930 2001 3148 2066 dicitur,
3171 2001 3380 2056 scilicet
3402 2025 3427 2051 ι
3460 2002 3716 2075 iniquum
3747 2021 3807 2060 ne

2205 2087 2684 2158 suscipias(Eccli.
2709 2090 2807 2158 xu)
2833 2108 2847 2156 ;
2879 2111 2900 2137 η
2938 2098 2988 2144 et
3019 2089 3152 2144 illud
3177 2108 3189 2143 :
3213 2090 3398 2144 tandiu
3417 2091 3655 2147 desudet
3676 2091 3807 2147 elee-

2206 2191 2432 2248 mosyna
2466 2177 2517 2230 in
2551 2192 2714 2231 manu
2744 2185 2834 2232 tua
2866 2178 3040 2234 donec
3067 2180 3272 2247 justum
3304 2179 3552 2234 invenias
3597 2180 3684 2236 cui
3715 2181 3807 2236 des

2203 2285 2346 2323 eam.
2407 2270 2513 2324 Sed
2562 2271 2675 2324 vult
2738 2272 3002 2326 Dominus
3053 2282 3108 2325 ut
3150 2271 3588 2328 misericordiam
3646 2271 3807 2328 facias

2202 2358 2370 2412 etiam
2419 2358 2622 2430 iniquo,
2687 2376 2793 2414 non
2849 2369 3110 2432 tanquam
3162 2361 3366 2433 iniquo.
3421 2360 3684 2417 Occurrit
3715 2361 3806 2415 tibi

2202 2446 2369 2502 homo
2421 2447 2659 2520 iniquus,
2685 2450 2738 2502 in
2770 2465 2874 2521 quo
2907 2451 3069 2504 homo
3097 2465 3235 2520 opus
3271 2459 3354 2504 est
3402 2450 3504 2505 Dei
3537 2469 3551 2516 ;
3593 2450 3807 2522 iniquus

2201 2561 2331 2600 vero
2361 2561 2500 2616 Opus
2529 2555 2611 2601 est
2640 2547 2892 2601 hominis.
2947 2549 3028 2602 Da
3056 2547 3209 2618 operi
3250 2547 3370 2613 Dei,
3405 2547 3478 2602 ita
3513 2557 3570 2602 ut
3599 2564 3710 2602 non
3734 2556 3809 2601 at-

2202 2635 2392 2689 tendas
2423 2651 2564 2705 Opus
2623 2635 2882 2700 hominis,
2940 2635 2994 2690 id
3027 2645 3107 2690 est
3163 2644 3218 2690 ut
3269 2635 3415 2707 quod
3467 2636 3687 2707 iniquus
3735 2635 3810 2691 esi

2201 2740 2308 2778 non
2339 2724 2548 2794 placeat
2577 2725 2693 2791 tibi,
2729 2725 2875 2796 quia,
2909 2724 2956 2779 si
2988 2725 3187 2795 recipis
3217 2725 3460 2797 iniquum
3495 2725 3553 2779 in
3593 2726 3811 2781 nomine

2199 2821 2386 2894 iniqui,
2425 2824 2728 2877 mercedem
2760 2823 2930 2894 iniqui
2961 2823 3187 2893 recipies
3216 2843 3227 2877 :
3264 2823 3347 2878 sic
3378 2823 3470 2895 qui
3504 2824 3700 2894 recipit
3725 2824 3810 2892 ju-

2198 2920 2336 2965 stum
2394 2911 2447 2964 in
2529 2912 2749 2966 nomine
2823 2913 2972 2982 justi,
3045 2912 3352 2967 mercedem
3406 2912 3537 2981 justi
3581 2912 3816 2984 accipiet

2198 2999 2416 3067 (Matth.
2453 3001 2533 3070 x).
2601 3000 2710 3056 Sed
2740 2999 2936 3072 aliquis
2966 3017 3226 3072 perverse
3257 3010 3310 3056 et
3340 3000 3503 3055 nimis
3534 3001 3686 3073 large
3719 3001 3816 3065 mi_

484 3071 842 3167 dispositione
881 3104 999 3151 tua.
1047 3097 1446 3162 Misericordia,
1488 3097 1540 3151 id
1584 3071 1667 3150 est
1692 3097 1966 3166 reparatio
2005 3096 2088 3149 fu-
2120 3071 2168 3132 Ο
2211 3099 2561 3152 serieordiam
2595 3099 2872 3169 accipiens
2903 3071 3032 3154 dicit
3065 3117 3078 3152 :
3111 3098 3369 3169 Nunquid
3402 3113 3511 3153 non
3531 3071 3813 3169 corrigam

490 3192 630 3250 tura,
653 3183 1010 3241 aediﬁcabitur
1039 3201 1139 3256 per
1169 3186 1424 3257 gratiam,
1457 3185 1509 3239 id
1532 3193 1614 3242 est
1647 3185 1962 3256 perﬁcietur
1982 3201 2101 3255 per-

497 3280 720 3355 tingens
750 3283 804 3337 in
833 3290 1121 3351 aeternum,
1154 3284 1258 3340 hoc
1283 3292 1363 3339 est
1397 3283 1521 3338 :Sic
1549 3282 1760 3338 aedifico
1791 3291 1847 3337 ut
1876 3299 1982 3337 non
2005 3283 2098 3337 de-

491 3379 720 3426 struam.
762 3373 827 3426 Et
858 3389 985 3428 vere
1017 3373 1086 3426 ita
1126 3373 1248 3438 erit,
1282 3373 1406 3444 quia
1438 3373 1490 3426 in
1524 3372 1632 3425 illis
1663 3389 1759 3442 per
1787 3371 2098 3426 misericor‘

488 3459 630 3515 diam
655 3461 923 3531 reparatis
955 3461 1109 3517 factis
1121 3463 1319 3517 caelum
1342 3463 1753 3533 prmparabitur,
1788 3463 1890 3516 hoc
1909 3469 1990 3515 est
2012 3477 2096 3514 ex-

487 3557 762 3612 hibebitur
787 3558 912 3612 aliis
942 3567 999 3612 ut
1029 3575 1136 3614 non
1175 3559 1490 3629 desperent,
1535 3560 1631 3613 sed
1673 3566 1899 3630 sperent
1940 3559 2086 3630 quod

488 3645 694 3701 veritas
723 3653 828 3714 tua,
879 3646 929 3700 id
971 3656 1054 3702 est
1108 3648 1397 3717 completio
1437 3647 1827 3717 promissorum
1877 3655 2091 3701 tuorum

487 3733 770 3790 evidenter
799 3745 1056 3805 appareat
1085 3735 1138 3788 in
1169 3736 1267 3789 eis.
1304 3735 1414 3789 Erit
1447 3735 1594 3788 enim
1630 3735 1681 3788 in
1716 3736 1824 3788 alio
1859 3736 2090 3790 scientia

487 3822 829 3896 linguarum,
885 3823 938 3877 in
971 3823 1080 3879 alio
1111 3824 1285 3895 gratia
1316 3824 1628 3890 sanitatum,
1662 3824 1716 3877 in
1749 3824 1864 3877 aliis
1886 3825 2093 3880 (liscre'

487 3921 562 3978 tio
602 3920 887 3992 spirituum
927 3941 940 3988 ;
988 3929 1040 3977 et
1070 3930 1263 3978 caetera
1294 3922 1590 3992 spiritualia
1645 3923 1808 3988 dona,
1868 3924 2003 3978 sicut
2034 3932 2089 3977 tu

483 4011 815 4085 promisisti.
864 4009 1028 4080 Quod
1060 4011 1306 4065 videntes
1336 4011 1424 4063 alii
1466 4027 1575 4066 non
1606 4012 1983 4083 desperabunt
2021 4013 2089 4066 de

483 4099 846 4170 completione
876 4100 1273 4170 promissorum
1315 4109 1552 4167 tuorum,
1597 4101 1718 4170 quia
1759 4101 1978 4170 replesti
2034 4100 2089 4154 in

484 4193 644 4249 bonis
674 4193 1007 4249 desiderium
1039 4209 1248 4259 eorum,
1300 4194 1392 4266 qui
1422 4211 1517 4264 per
1547 4193 1979 4249 misericordiam
2013 4210 2092 4247 re-

483 4282 661 4353 parati
691 4281 814 4338 facti
843 4290 966 4336 sunt
995 4281 1139 4338 caeli.
1173 4283 1343 4353 Igitur
1374 4283 1618 4354 quisquis
1647 4299 1747 4354 per
1773 4282 2088 4337 misericor-

484 4378 628 4434 diam
649 4388 958 4450 reparatus,
1017 4395 1083 4436 ac
1131 4395 1226 4450 per
1281 4381 1385 4435 hoc
1441 4380 1646 4435 coelum
1703 4380 1894 4446 factus,
1941 4383 2085 4434 hunc

483 4467 607 4541 pius
638 4467 899 4523 Dominus
927 4469 1216 4524 coronabit
1268 4477 1390 4539 post
1429 4469 1786 4540 repletionem
1821 4471 2086 4523 honorum

483 4572 727 4623 suorum,
759 4565 812 4612 et
840 4557 946 4612 hoc
972 4558 1136 4612 modo
1167 4557 1468 4620 coronabit,
1503 4572 1628 4628 quia
1689 4557 1936 4627 pPI‘dUt‘il
1967 4573 2089 4610 eum

486 4655 556 4716 ad
579 4653 712 4710 illud
732 4654 940 4708 bonum
973 4655 1118 4726 quod
1133 4663 1214 4710 est
1233 4670 1505 4709 summum
1523 4654 1762 4709 omnium
1787 4656 2084 4710 bozorum.

556 4764 742 4835 Itaque
768 4777 879 4817 non
910 4761 965 4815 in
995 4760 1078 4816 his
1111 4761 1293 4829 bonis,
1336 4760 1425 4815 ubi
1457 4776 1782 4833 quocunque
1818 4771 1868 4816 te
1899 4771 2086 4817 vertas

486 4860 697 4918 vilescit
724 4859 988 4927 habitum,
1031 4859 1173 4931 quod
1215 4859 1463 4914 accendit
1515 4858 1907 4914 desideratum.
1950 4863 2084 4914 Nam

488 4951 708 5025 quando
739 4965 847 5006 non
877 4949 1074 5015 habeo,
1111 4948 1272 5020 cupio
1301 4967 1314 5014 ;
1349 4957 1636 5020 postquam
1670 4965 1796 5004 vero
1820 4950 2084 5014 habuero,

487 5044 779 5092 contemno
811 5053 825 5089 :
860 5043 913 5090 et
943 5050 1044 5104 per
1073 5033 1165 5087 illa
1219 5033 1363 5088 bona
1394 5034 1591 5104 quibus
1625 5033 1841 5104 replesti
1872 5034 2086 5088 deside-

486 5135 626 5189 rium
656 5149 838 5189 meum
869 5131 1218 5188 renovabitur
1260 5131 1520 5202 juventus
1568 5147 1691 5187 mea
1743 5138 1798 5185 ut
1822 5130 2084 5204 juventus

489 5230 684 5301 aquilae
717 5231 890 5297 (Psal.
923 5229 1036 5300 cn).
1077 5229 1195 5284 Prae
1225 5235 1505 5284 senectute
1535 5230 1898 5300 supercrescit
1928 5230 2086 5301 aqui-

493 5325 562 5381 lae
593 5326 842 5396 superius
896 5334 1132 5382 rostrum
1179 5325 1424 5383 inferiori
1463 5327 1516 5381 in
1549 5335 1752 5382 tantum
1785 5336 1840 5382 ut
1870 5343 1969 5382 nec
2023 5343 2086 5382 os

495 5431 735 5503 aperire,
775 5447 878 5487 nec
907 5447 966 5486 se
997 5430 1220 5488 reficere
1249 5432 1440 5504 possit,
1499 5442 1551 5488 et
1597 5433 1676 5489 sic
1731 5435 1952 5505 penuria
1981 5435 2086 5491 cibi

499 5527 710 5585 deﬁcit.
747 5527 809 5580 In
841 5526 936 5580 tali
972 5529 1223 5598 angustia
1261 5538 1474 5585 acutum
1532 5530 1765 5601 lapidem
1788 5531 2088 5602 quaerit,et

503 5623 694 5681 tandiu
717 5624 880 5677 rostri
910 5622 1299 5678 incrementum
1343 5627 1641 5695 contundit,
1689 5629 1863 5682 donec
1893 5645 1950 5683 se
1993 5645 2082 5684 re-

502 5721 665 5785 ﬁcere
695 5719 888 5792 possit,
921 5724 975 5772 et
1003 5724 1127 5771 tunc
1154 5720 1345 5793 recipit
1375 5730 1427 5778 et
1455 5723 1686 5780 nitorem
1700 5741 2004 5796 pennarum
2035 5734 2087 5780 et

2209 3185 2378 3240 filium
2409 3187 2772 3253 luxuriosum,
2806 3203 2907 3243 nec
2929 3203 3148 3242 servum
3178 3186 3504 3242 sceleratum
3532 3187 3561 3241 ?
3593 3189 3650 3243 Is
3679 3187 3815 3242 sciat

2210 3276 2334 3347 quia
2365 3278 2552 3348 regula
2613 3276 2828 3332 Domini
2876 3292 2984 3331 non
3017 3276 3365 3346 reprehendit
3385 3276 3522 3341 haec,
3554 3275 3602 3329 si
3631 3273 3766 3330 ﬁant
3798 3294 3810 3330 2

2208 3373 2316 3429 imo
2376 3375 2742 3445 reprehendit,
2790 3374 2834 3428 si
2884 3391 2991 3429 non
3049 3373 3198 3428 ﬁent.
3258 3374 3441 3429 Debes
3470 3373 3618 3428 enim
3647 3374 3815 3429 corri-

2205 3479 2336 3534 gere
2395 3479 2584 3518 omnes
2607 3465 2677 3517 ad
2707 3463 3104 3519 correctionem
3163 3471 3308 3516 tuam
3338 3463 3684 3532 pertinentes
3717 3481 3733 3517 :
3766 3463 3813 3516 si

2205 3561 2382 3606 autem
2431 3553 2520 3624 qui
2577 3552 2644 3606 ad
2705 3560 2755 3607 te
2809 3553 3034 3606 attinent
3082 3552 3176 3605 tibi
3228 3551 3468 3606 inferunt
3520 3551 3805 3622 injuriam.

2203 3649 2471 3718 patienter
2500 3650 2775 3702 sustineas
2806 3663 2946 3715 eam,
2981 3647 3103 3719 quia
3135 3647 3273 3702 sicut
3329 3647 3650 3702 misericors
3679 3646 3805 3706 erit,

2205 3738 2248 3792 si
2305 3750 2361 3791 tu
2416 3737 2669 3792 misertus
2727 3736 2911 3800 fueris,
2945 3737 3018 3790 ita
3048 3737 3210 3790 etiam
3242 3736 3560 3791 misericors
3592 3735 3716 3801 erit,
3751 3744 3807 3788 ut

2201 3843 2308 3880 non
2342 3835 2624 3881 remaneat
2655 3826 2880 3880 inultum
2921 3825 3180 3896 quidquid
3206 3840 3306 3896 pro
3331 3825 3538 3894 justitia
3568 3825 3796 3896 pateris.

2202 3929 2340 3981 Vere
2371 3926 2637 3979 Dominus
2667 3934 2749 3980 est
2795 3925 3000 3981 faciens
3051 3924 3478 3989 misericordias,
3541 3925 3670 3995 quia
3719 3933 3801 3979 est

2199 4014 2487 4068 miserator
2539 4021 2596 4068 et
2641 4014 2973 4068 misericors.
3033 4014 3343 4068 Misericors
3371 4012 3600 4085 quidem
3661 4010 3800 4068 aﬂ'e-

2199 4103 2398 4169 ctione,
2433 4104 2722 4156 miserator
2744 4102 3092 4169 exhibitione,
3123 4102 3250 4173 quia
3278 4101 3522 4172 undique
3552 4117 3656 4157 nos
3697 4117 3799 4156 vo-

2199 4208 2287 4256 cat
2347 4200 2417 4254 ad
2473 4201 2913 4264 conversionem,
2970 4200 3205 4271 undique
3279 4200 3349 4254 ad
3405 4200 3796 4270 paenitentiam,

2201 4287 2338 4343 sicut
2391 4288 2684 4358 Apostolus
2739 4289 2812 4342 ait
2846 4305 2858 4342 :
2896 4309 2918 4338 ι
2981 4289 3066 4341 An
3097 4288 3324 4360 ignoras
3355 4288 3577 4342 divitias
3607 4288 3800 4360 gratia

2203 4377 2417 4432 Domini
2447 4377 2474 4429 ?
2504 4380 2585 4431 An
2617 4377 2796 4431 nescis
2838 4377 2958 4448 quia
2990 4376 3247 4447 patientia
3283 4377 3376 4430 Dei
3423 4377 3490 4431 ad
3525 4377 3801 4446 paeniten-

2203 4475 2325 4529 tiam
2360 4484 2409 4529 te
2439 4474 2706 4529 adducit?
2741 4498 2759 4523 ι
2797 4477 2973 4542 (Rom:
3000 4475 3077 4542 ιι).
3105 4474 3274 4529 Vocat
3299 4489 3400 4528 nos
3426 4476 3804 4531 creaturabe—

2199 4562 2427 4628 neﬁeiis,
2463 4571 2621 4618 vocat
2653 4579 2754 4617 nos
2776 4561 3144 4632 spiritualibus
3165 4561 3344 4626 donis,
3365 4571 3416 4617 et
3437 4563 3567 4618 ideo
3596 4564 3800 4618 estmio

2198 4661 2413 4708 serator
2441 4660 2496 4706 et
2525 4651 2860 4706 misericors.
2882 4651 2988 4705 Sed
3013 4650 3084 4703 ita
3108 4650 3448 4722 intelligatur
3465 4651 3800 4719 misericors,

2197 4755 2257 4803 ut
2297 4757 2348 4803 et
2388 4749 2641 4802 videatur
2669 4748 2867 4815 justus.
2922 4747 3068 4802 Sicut
3102 4747 3247 4800 enim
3305 4763 3450 4801 nunc
3475 4758 3560 4801 est
3590 4748 3802 4802 miseri-

2197 4853 2337 4901 cors,
2372 4837 2440 4891 ita
2474 4837 2692 4890 tandem
2724 4838 2827 4890 erit
2858 4850 3040 4890 verax.
3077 4835 3146 4888 Et
3209 4835 3334 4890 ideo
3365 4835 3672 4890 timendum
3721 4844 3801 4891 est

2193 4955 2262 4993 ne
2293 4937 2510 4992 tandem
2542 4936 2889 5007 experiamur
2914 4937 3142 5004 justum,
3197 4935 3451 5006 quoniam
3484 4953 3640 4992 nunc
3663 4952 3800 4993 con-

2197 5037 2488 5090 temnimus
2519 5035 2843 5106 benignum.
2903 5032 3189 5104 Siquidem
3230 5033 3348 5103 ipse
3381 5033 3503 5104 pius
3538 5034 3804 5090 Dominus

2195 5124 2525 5197 longanimis
2554 5131 2635 5178 est
2691 5130 2743 5176 et
2774 5121 3000 5176 multum
3033 5120 3372 5178 misericors.
3443 5123 3805 5193 Longauimis

2197 5231 2300 5289 est,
2337 5221 2464 5294 quia
2494 5237 2601 5275 non
2635 5220 2814 5274 statim
2844 5220 2994 5290 punit
3026 5223 3254 5290 peccata
3294 5226 3507 5286 nostra,
3545 5220 3645 5276 sed
3677 5221 3801 5277 lon-

2195 5327 2510 5401 ganimitate
2541 5325 2735 5397 quaerit
2765 5325 2905 5380 bona
2937 5341 3125 5396 opera.
3156 5325 3211 5380 Si
3243 5325 3385 5381 enim
3418 5326 3637 5398 puniret
3667 5342 3804 5400 pec-

2195 5434 2456 5491 catorem,
2491 5440 2650 5496 quem
2671 5423 2894 5478 haberet
2922 5422 3268 5479 laudatorem
3289 5424 3318 5478 ?
3345 5423 3464 5480 Nec
3486 5432 3672 5480 tamen
3694 5423 3806 5479 vult

2195 5525 2250 5580 in
2289 5523 2516 5580 corvina
2569 5536 2704 5578 voce
2754 5521 3179 5584 dilectationem,
3215 5521 3310 5577 sed
3369 5522 3422 5576 in
3482 5523 3801 5578 columbino

2197 5629 2400 5702 gemitu
2432 5627 2854 5684 confessionem.
2888 5628 3109 5681 Multum
3140 5635 3318 5682 autem
3350 5625 3677 5683 misericors
3699 5637 3801 5691 est,

2201 5726 2322 5799 quia
2352 5732 2660 5783 remunerat
2687 5725 2745 5782 in
2772 5723 2929 5782 nobis
2954 5739 3065 5782 non
3094 5732 3279 5782 nostra
3306 5724 3515 5791 merita,
3571 5726 3673 5782 sed
3705 5741 3802 5782 sua
