4042 6080
245 294 385 345 1989

1174 283 1759 342 DEFLORATIONES
1798 285 1899 347 SS.
1945 285 2243 343 PATRUM.
2286 316 2354 327 —
2393 287 2520 342 LIB.
2562 287 2633 341 Π.

3413 294 3546 348 1990

237 413 405 468 dona.
447 412 709 467 Dominus
741 412 921 483 itaque
950 411 1240 466 miserator
1268 418 1322 466 et
1350 409 1686 476 misericors,
1711 408 1835 465 lon-
1867 416 1918 476 Α
1953 411 2245 484 intelligas.
2274 411 2341 465 Et
2363 427 2471 466 non
2492 411 2668 466 solum
2688 411 2859 482 Moysi
2882 418 2934 466 et
2955 411 3076 466 aliis
3093 411 3219 468 fecit
3259 414 3376 469 vias
3416 432 3546 471 snas

237 501 473 572 ganimis
503 504 558 556 et
587 501 813 554 multum
843 499 1154 555 misericors
1186 500 1364 565 (Psal.
1415 500 1531 556 cui.
1584 499 1708 567 Ipse
1759 497 1842 552 fe-

237 590 312 646 cit
341 598 500 644 notas
530 590 648 644 vias
679 605 828 654 suas,
861 588 1298 643 misericordiam
1339 586 1551 642 scilicet
1597 595 1649 641 et
1690 586 1845 656 judi-

242 685 412 754 cium,
446 701 546 756 per
577 701 710 757 quas
738 685 856 756 ipse
888 686 956 740 ad
986 701 1087 740 nos
1119 683 1285 750 venit,
1339 693 1390 740 et
1437 699 1539 738 nos
1587 683 1654 736 ad
1701 699 1846 751 eum,

239 775 438 846 Moysi.
470 775 574 829 Per
600 776 826 845 Moysen
857 773 1198 846 intelligendi
1231 781 1353 827 sunt
1381 787 1572 828 omnes
1593 769 1845 842 perfecti,

237 863 337 918 sed
369 863 494 918 ideo
525 878 654 918 eum
680 862 862 934 potius
892 863 1060 933 ponit,
1098 863 1224 933 quia
1253 878 1352 932 per
1383 877 1504 916 eum
1535 861 1716 930 legem
1745 860 1846 914 de-

236 952 337 1018 dit,
399 952 454 1006 in
516 966 624 1023 qua
683 951 806 1022 lege
863 951 985 1005 data
1042 967 1300 1024 magnum
1359 949 1676 1021 mysterium
1729 956 1837 1003 est.

233 1040 316 1095 Ad
349 1041 456 1095 hoc
485 1041 630 1094 enim
661 1039 747 1094 lex
797 1041 922 1094 data
970 1047 1071 1107 est,
1125 1049 1203 1105 ut,
1262 1046 1545 1094 crescente
1597 1045 1845 1108 peccato,

237 1137 465 1206 superbi
498 1137 940 1201 humiliarentur,
972 1137 1242 1190 humiliati
1274 1134 1678 1199 conﬁterentur,
1712 1149 1851 1190 con-

239 1225 373 1281 fessi
406 1236 749 1281 sanarentur.
784 1227 892 1280 Has
923 1227 1173 1281 occultas
1202 1225 1320 1280 vias
1351 1241 1480 1278 suas
1526 1233 1682 1279 notas
1723 1223 1851 1287 fecit

239 1315 433 1386 Moysi,
469 1331 567 1385 per
598 1332 757 1387 quem
818 1315 903 1369 lex
934 1315 1057 1368 data
1088 1322 1190 1383 est,
1225 1331 1344 1386 qua:
1384 1312 1850 1384 superabundavit

244 1403 526 1472 delictum,
559 1413 617 1458 ut
647 1403 1124 1474 superabundaret
1149 1412 1202 1458 et
1230 1402 1421 1473 gratia.
1446 1403 1561 1457 Nec
1593 1403 1698 1457 hoc
1726 1417 1849 1456 cru-

241 1492 440 1548 deliter
469 1508 501 1547 a
528 1494 644 1548 Deo
669 1493 874 1549 factum
909 1500 1004 1560 est,
1041 1493 1140 1547 sed
1171 1491 1479 1546 salubriter.
1524 1490 1674 1544 Multi
1703 1490 1847 1545 enim

243 1589 297 1638 et
325 1598 435 1638 non
468 1581 728 1648 sentiunt,
781 1596 884 1638 nec
936 1581 1206 1636 medicum
1264 1587 1537 1652 quaerunt.
1601 1583 1848 1652 Augetur

242 1679 496 1750 morbus,
528 1680 731 1736 crescit
760 1680 1030 1746 molestia,
1063 1679 1325 1750 quaeritur
1355 1678 1620 1744 medicus,
1653 1685 1706 1732 et
1747 1692 1846 1731 sa-

1955 516 2112 563 notas
2137 527 2151 574 ;
2174 508 2270 562 sed
2291 517 2344 562 et
2365 509 2521 563 etiam
2546 506 2668 562 ﬁliis
2702 509 2887 574 Israel,
2924 508 2978 563 id
3013 517 3094 563 est
3134 511 3547 584 quibuscunque

1956 597 2258 652 minoribus
2279 613 2424 653 nunc
2455 597 2761 652 videntibus
2785 597 2957 652 Deum
2982 596 3107 660 fide.
3136 600 3355 655 tandem
3399 600 3548 657 visu-

1957 685 2032 739 ris
2061 686 2272 755 specie.
2311 685 2457 741 Fecit
2485 692 2637 740 notas
2668 686 2976 740 voluntates
3006 703 3157 740 suas.
3190 687 3309 743 Hoc
3338 697 3420 744 est
3449 704 3550 744 au-

1957 781 2067 830 tem
2099 773 2344 829 voluntas
2388 789 2506 840 sua,
2558 783 2614 828 ut
2660 789 2760 828 nos
2808 775 3152 830 attendamus
3196 776 3551 849 multiplicem

1957 875 2208 926 nostram
2243 871 2541 942 miseriam,
2575 880 2626 926 et
2655 888 2960 944 quaeramus
2991 872 3335 941 medicinam,
3378 882 3430 930 et
3472 875 3552 933 sic

1956 961 2009 1014 in
2046 968 2374 1030 perpetuum
2406 976 2512 1015 non
2539 961 2826 1016 irascetur.
2861 962 2974 1018 Hoc
3003 961 3166 1017 infert
3195 963 3265 1018 ad
3294 964 3550 1020 consola-

1957 1049 2160 1104 tionem
2191 1057 2454 1104 nostram.
2479 1049 2600 1104 Non
2632 1051 2773 1104 enim
2808 1056 3058 1121 satagere
3090 1052 3372 1120 debemus,
3395 1061 3452 1108 ut
3476 1053 3554 1109 fu-

1957 1146 2138 1191 turam
2179 1137 2307 1190 iram
2340 1138 2655 1201 evadamus,
2691 1139 2789 1192 sed
2821 1140 2979 1193 etiam
3012 1148 3069 1195 ut
3096 1149 3427 1211 praesentem
3457 1142 3554 1198 de-

1957 1227 2321 1298 ponamus,de
2342 1243 2446 1297 qua
2466 1228 2755 1296 Apostolus
2781 1243 2792 1280 :
2823 1251 2845 1275 α
2871 1227 3091 1283 Fuimus
3105 1229 3248 1284 enim
3265 1230 3554 1302 aliquando

1959 1329 2014 1378 et
2035 1339 2136 1377 nos
2155 1331 2349 1377 natura
2372 1321 2466 1377 filii
2486 1323 2576 1379 ira:
2596 1325 2813 1394 (Ephes.
2830 1325 2910 1394 n').
2939 1349 2960 1373 η
2989 1327 3052 1379 Et
3072 1326 3196 1382 ideo
3217 1327 3552 1386 consolando

1959 1427 2060 1466 nos
2091 1413 2238 1478 dicit,
2256 1412 2379 1483 quia
2401 1429 2510 1468 non
2534 1413 2798 1468 irascetur
2814 1413 2867 1467 in
2889 1422 3232 1484 perpetuum.
3258 1415 3381 1471 Jam
3403 1417 3552 1474 enim

1958 1517 2055 1570 spe
2086 1501 2221 1554 iram
2254 1501 2306 1554 in
2339 1518 2441 1573 qua
2481 1501 2660 1557 adhuc
2690 1518 2896 1568 sumus,
2925 1501 2978 1556 id
3010 1511 3093 1558 est
3120 1519 3312 1575 poenas
3341 1505 3553 1576 peccati

1957 1589 2250 1657 evasimus,
2283 1590 2502 1644 tandem
2533 1590 2746 1660 penitus
2777 1591 3092 1658 evademus,
3126 1600 3177 1646 et
3207 1592 3347 1649 sicut
3363 1609 3472 1650 non
3496 1594 3553 1650 in

1957 1683 2280 1749 perpetuum
2311 1679 2596 1745 irascetur,
2631 1679 2699 1733 ita
2726 1694 2826 1734 nec
2854 1679 2908 1734 in
2939 1688 3207 1736 aeternum
3247 1682 3552 1738 commina-

243 1778 407 1825 natur
430 1777 696 1841 aegrotus.
737 1770 882 1824 Ecce
933 1769 1210 1839 quomodo
1253 1767 1490 1838 pertinet
1539 1767 1609 1820 ad
1661 1765 1839 1837 legem
1873 1775 1925 1834 Β
1960 1766 2117 1821 bitur.
2155 1768 2280 1822 Haec
2308 1767 2451 1821 enim
2483 1783 2723 1838 praesens
2751 1767 2837 1822 ira
2861 1769 3209 1826 comminatio
3257 1779 3341 1825 est
3385 1779 3552 1826 aeter-

240 1858 644 1914 misericordia.
710 1858 987 1914 Judicium
1045 1873 1261 1929 quoque
1325 1873 1422 1927 per
1483 1854 1838 1921 contrarium,

242 1958 454 2016 scilicet
482 1963 744 2029 quantum
774 1957 848 2012 ad
879 1971 985 2012 non
1017 1956 1364 2011 attendentes
1417 1955 1523 2011 hoc
1570 1954 1844 2026 pertinere

1952 1880 2062 1918 nae.
2104 1867 2148 1918 A
2181 1879 2289 1934 qua
2317 1879 2418 1918 nos
2449 1863 2877 1919 misericorditer
2904 1864 3172 1920 Dominus
3199 1867 3358 1922 Iesus
3380 1866 3550 1922 Chri-

1957 1961 2073 2008 stus
2103 1952 2343 2008 liberare
2373 1951 2658 2024 dignetur.
2697 1950 2802 2021 Qui
2832 1953 2964 2010 vivit
2992 1962 3045 2010 et
3074 1963 3271 2026 regnat
3298 1956 3466 2012 Deus.

1289 2253 1902 2358 DOMINICA
2011 2251 2522 2355 DECIMA.

331 2633 354 2658 αι
389 2610 521 2666 Cum
560 2609 1025 2682 apprOpinquaret
1071 2607 1336 2663 Dominus
1378 2603 1723 2660 Hierusalem
1766 2601 1854 2655 vi-

255 2709 396 2764 dens
424 2708 694 2765 civitatem
727 2709 874 2764 ﬂevit
905 2724 1068 2779 super
1104 2707 1278 2772 illam,
1334 2706 1523 2761 dicens
1558 2722 1571 2758 :
1628 2701 1770 2770 Quia
1807 2699 1854 2754 si

258 2797 620 2871 cognovisses
648 2806 701 2853 et
731 2807 808 2864 tu,
841 2806 889 2852 et
920 2797 1139 2870 quidem
1171 2796 1223 2849 in
1258 2797 1360 2850 hac
1389 2794 1476 2848 die
1506 2801 1598 2847 tua
1624 2807 1744 2862 quas
1787 2788 1856 2844 ad

257 2901 452 2958 pacem
491 2887 588 2940 tibi
614 2902 760 2942 nunc
789 2896 970 2942 autem
1010 2885 1329 2940 abscondita
1383 2890 1507 2937 sunt
1559 2881 1627 2934 ab
1683 2879 1856 2935 oculis

258 2985 390 3040 tuis.
431 2984 572 3054 Quia
601 2985 828 3040 venient
857 2986 975 3040 dies
1006 2985 1060 3038 in
1108 2992 1180 3048 te,
1235 2993 1284 3037 et
1332 2980 1749 3038 circumdabunt
1806 2985 1856 3032 te

259 3073 467 3130 inimici
500 3074 574 3128 tui
604 3075 745 3129 vallo
775 3081 828 3128 et
854 3073 1291 3144 coangustabunt
1322 3080 1371 3125 te
1401 3070 1661 3140 undique,
1696 3075 1748 3123 et
1790 3066 1857 3120 ad

1964 2598 2124 2654 simul
2157 2613 2286 2655 cum
2316 2599 2460 2670 ipso.
2507 2601 2682 2656 Nocte
2713 2599 2908 2673 dieque
2932 2601 3122 2672 juncta
3155 2601 3394 2658 manebit
3433 2601 3556 2657 sibi.

1964 2697 2185 2766 Absque
2215 2697 2408 2752 marito
2437 2713 2599 2752 nemo
2629 2697 2834 2752 videbit
2883 2713 3029 2754 eam.
3078 2698 3187 2754 Sed
3235 2699 3472 2766 viduata,
3515 2699 3563 2755 si

1964 2794 2112 2841 caret
2151 2786 2270 2856 ipso
2299 2827 2313 2852 ,
2355 2801 2463 2840 non
2503 2794 2683 2841 tamen
2735 2786 2878 2841 ultra
2934 2786 3099 2843 nubet
3155 2787 3336 2844 amico
3369 2829 3384 2854 ,
3444 2788 3563 2844 sola

1963 2873 2185 2941 volabit,
2227 2873 2342 2929 sola
2381 2874 2610 2939 sedebit,
2654 2882 2706 2929 et
2745 2875 2898 2944 quasi
2937 2877 3102 2931 corde
3157 2877 3359 2931 tenebit
3417 2877 3564 2931 ami-

1965 2977 2090 3018 cum
2130 2963 2494 3034 operiensque
2533 2971 2684 3019 casta
2721 2964 2983 3020 manebit.
3029 2965 3118 3020 Sic
3176 2965 3360 3020 anima
3412 2982 3564 3038 quaa-

1966 3077 2071 3132 que
2099 3060 2278 3114 fidelis
2309 3060 2452 3116 tacta
2483 3060 2624 3114 virili
2663 3061 2867 3116 {aedere
2916 3060 3063 3128 felix,
3111 3078 3343 3134 namque
3395 3061 3562 3117 mari-

264 3170 468 3218 terram
488 3171 926 3234 prosternentte,
945 3128 1149 3217 etciilios
1169 3170 1286 3215 tuos
1301 3159 1461 3231 qui-in
1483 3165 1535 3213 te
1555 3128 1697 3222 sunt,
1716 3164 1859 3210 netc.
1893 3128 1938 3192 δ
1971 3128 2055 3204 ius
2086 3158 2168 3205 est
2197 3149 2300 3202 sibi
2328 3150 2588 3204 Christus.
2627 3150 2758 3205 Cum
2791 3166 2892 3205 sua
2922 3149 2992 3206 de
3023 3166 3083 3206 se
3112 3128 3337 3220 pectora
3367 3151 3560 3222 replet,

265 3253 421 3323 (Luc.
456 3251 600 3322 xix.)
637 3251 887 3306 Litteram
919 3251 997 3306 sic
1028 3251 1151 3322 lege
1183 3269 1194 3304 :
1232 3250 1287 3304 Si
1328 3247 1686 3319 cognovisses
1737 3245 1864 3316 quia

266 3339 490 3395 venient
519 3340 638 3395 dies
668 3341 722 3394 in
761 3348 834 3404 te,
867 3349 920 3395 et
949 3339 1366 3395 circumdabunt
1393 3345 1445 3392 te
1475 3335 1699 3403 inimici,
1732 3341 1865 3400 etc.,

267 3437 435 3494 etiam
469 3446 523 3492 tu
557 3438 819 3492 subaudis
849 3438 1037 3493 ﬂeres.
1097 3436 1230 3507 Quae
1281 3437 1443 3492 modo
1501 3434 1628 3506 quia
1684 3431 1867 3488 nescis

269 3526 421 3599 quod
450 3526 752 3593 imminent,
787 3527 1052 3594 exsultas,
1087 3527 1216 3581 dum
1248 3541 1464 3582 carnem
1503 3521 1868 3593 voluptatibus

269 3615 397 3668 das.
435 3615 701 3685 Equidem
737 3614 790 3668 in
823 3616 927 3671 hac
956 3624 1046 3670 tua
1072 3615 1180 3681 die,
1222 3615 1276 3668 id
1307 3623 1389 3669 est
1419 3613 1472 3666 in
1501 3613 1605 3667 hac
1626 3619 1716 3665 tua
1735 3625 1866 3680 pro-

271 3703 546 3774 speritatis
576 3703 844 3772 claritate,
885 3721 1006 3776 qua:
1035 3705 1103 3758 ad
1135 3718 1322 3774 pacem
1354 3701 1448 3756 tibi
1480 3711 1559 3756 est
1589 3707 1868 3769 tempora-

272 3792 402 3858 lem,
437 3791 732 3847 saubaudis
761 3792 946 3860 ﬂeres,
978 3793 1022 3847 si
1053 3792 1408 3864 cognovisses
1436 3793 1551 3845 haec
1572 3803 1869 3860 superven-

273 3897 398 3944 tura
427 3889 573 3944 mala
599 3909 612 3953 ;
646 3889 743 3944 sed
775 3907 919 3945 nunc
949 3890 1268 3946 abscondita
1298 3897 1419 3943 sunt
1447 3888 1515 3942 ab
1544 3886 1714 3942 oculis
1738 3901 1868 3942 cor-

273 3977 360 4033 dis
390 3978 488 4033 tui.
521 3977 617 4034 Vel
648 3986 826 4049 potest
851 3996 880 4032 a
909 3980 1180 4050 principio
1210 3976 1432 4048 capituli
1460 3975 1560 4030 sub
1578 3990 1686 4029 uno
1709 3990 1869 4029 versu

271 4066 386 4138 legi
419 4083 596 4139 usque
626 4067 694 4121 ad.
725 4083 916 4137 pacem
948 4068 1062 4130 tibi.
1097 4068 1199 4123 hoc
1231 4067 1426 4122 modo:
1455 4063 1868 4120 Flevitdicens:

276 4155 427 4224 Quia
459 4155 509 4210 si
567 4156 925 4227 cognovisses
982 4156 1144 4211 etiam
1203 4164 1256 4210 tu
1314 4171 1547 4221 mecum,
1607 4150 1872 4206 subaudis

273 4243 488 4299 ruinam
518 4262 640 4316 quae
669 4244 936 4312 imminet,
969 4244 1154 4300 ﬂeres.
1189 4244 1454 4315 Equidem
1478 4243 1580 4297 hoc
1606 4249 1690 4295 est
1709 4241 1868 4295 etiam

275 4350 423 4397 certe
454 4341 505 4395 in
538 4343 638 4396 hac
667 4341 759 4396 die
791 4349 903 4407 tua,
933 4358 1055 4412 qua:
1083 4341 1153 4395 ad
1183 4357 1370 4412 pacem
1402 4339 1497 4392 tibi
1529 4346 1630 4403 est,
1663 4337 1870 4391 subau-

276 4429 364 4484 dis
395 4429 576 4485 tleres.
624 4429 781 4485 Nunc
809 4439 990 4485 autem
1020 4429 1339 4485 abscondita
1391 4435 1536 4494 sunt,
1586 4428 1688 4480 erit
1733 4424 1870 4478 alius

275 4534 469 4574 versus
497 4534 670 4588 usque
701 4518 768 4572 ad
802 4518 965 4573 finem
1006 4517 1246 4589 capituli.
1295 4519 1360 4570 Et
1408 4487 1534 4570 noni
1562 4514 1871 4584 relinquent
1899 4487 1954 4546 D

276 4607 332 4661 in
363 4615 414 4660 te
442 4606 680 4676 lapidem
711 4622 876 4677 super
903 4607 1141 4678 lapidem
1172 4622 1236 4661 eo
1270 4605 1412 4675 quod
1442 4620 1549 4659 non
1591 4617 1871 4674 cognove-

276 4694 356 4749 ris
389 4702 604 4765 tempus
635 4694 960 4750 visitationis
991 4703 1116 4750 tuae.
1149 4693 1510 4749 Eversionem
1532 4689 1872 4745 Hierusalem

280 4783 478 4840 factam
519 4799 642 4839 esse
670 4800 700 4838 a
746 4784 1010 4838 Romanis
1057 4783 1395 4853 principibus
1439 4779 1776 4850 Vespasiano
1824 4785 1878 4832 et

277 4872 400 4928 Tito
448 4888 562 4927 non
624 4872 968 4944 ignoramus.
1043 4873 1220 4926 Etiam
1287 4871 1409 4941 ipsa
1473 4866 1877 4940 transmigratio

280 4969 517 5026 civitatis
547 4985 692 5024 nunc
720 4977 1050 5025 constructa
1088 4977 1234 5025 extra
1282 4976 1496 5040 portam
1543 4966 1633 5021 ubi
1687 4963 1876 5019 Domi-

282 5075 388 5114 nus
417 5057 705 5114 crucifixus
736 5058 830 5113 fuit
860 5067 1099 5125 testatur,
1135 5058 1279 5129 quod
1311 5056 1461 5128 prior
1489 5055 1583 5109 illa
1612 5054 1876 5108 Hierusa-

283 5147 392 5203 lem
427 5146 666 5202 funditus
695 5163 894 5203 eversa
927 5148 1016 5201 sit.
1052 5149 1177 5202 Hec
1207 5155 1290 5201 est
1339 5160 1503 5201 causa
1548 5142 1879 5197 destructio-

285 5237 372 5291 nis
403 5236 565 5303 illius,
599 5235 727 5307 quia
757 5253 864 5290 non
896 5238 1152 5308 cognovit
1196 5235 1486 5290 Dominum
1541 5231 1761 5304 quando
1804 5229 1881 5284 vi-

288 5323 478 5380 sitavit
508 5340 646 5379 eam.
680 5325 834 5380 Unde
864 5325 995 5379 illud
1040 5326 1416 5396 propheticum
1450 5339 1463 5376 :
1523 5345 1544 5368 α
1581 5320 1777 5374 Milvus
1824 5319 1879 5372 in

288 5413 430 5470 C(BIO
460 5413 716 5485 cognovit
747 5423 959 5484 tempus
990 5430 1170 5480 suum,
1202 5421 1376 5468 turtur
1431 5419 1485 5467 et
1541 5408 1774 5465 hirundo
1816 5414 1883 5472 et

290 5509 499 5568 ciconia
529 5512 904 5568 custodierunt
934 5520 1143 5583 tempus
1178 5511 1446 5569 adventus
1494 5509 1600 5575 sui,
1652 5504 1884 5579 populus

289 5607 474 5656 autem
504 5617 659 5656 meus
691 5617 800 5656 non
829 5602 1088 5674 cognovit
1140 5601 1406 5671 judicium
1461 5595 1678 5654 Domini
1736 5596 1876 5665 (Jer.

292 5690 433 5760 Vin).
471 5713 493 5739 ιι
527 5689 724 5745 Turtur
752 5698 832 5744 est
865 5707 1040 5763 genus
1081 5690 1336 5756 volatilis,
1391 5696 1443 5744 et
1491 5685 1664 5742 nescit
1722 5685 1888 5739 inane

291 5793 502 5835 amare.
532 5779 674 5835 Nam
700 5779 877 5836 semel
905 5779 998 5835 uni
1027 5782 1199 5850 nupta
1226 5778 1442 5846 marito,
1474 5789 1692 5847 semper
1720 5771 1890 5829 abibit

1973 3245 2025 3293 et
2058 3237 2195 3292 bene
2227 3237 2375 3303 vivit,
2410 3254 2627 3308 semper
2654 3239 2910 3294 adhaeret.
2945 3239 3072 3294 Non
3097 3238 3336 3295 alienum
3376 3240 3566 3312 quaerit

1972 3327 2238 3382 amicum.
2313 3325 2732 3394 Quomodolibet
2797 3343 2963 3384 orcus
3029 3328 3326 3400 sumpserit
3389 3329 3562 3396 illum,

1975 3431 2135 3487 quem
2178 3431 2468 3486 superesse
2507 3416 2678 3471 credit
2735 3416 2789 3470 in
2829 3419 3031 3472 aethere
3064 3457 3079 3485 ,
3138 3417 3266 3473 inde
3328 3417 3567 3472 futurum

1975 3519 2187 3583 spectat
2216 3512 2489 3578 eumdem,
2523 3521 2579 3566 ut
2611 3514 3034 3569 microcosmum
3067 3514 3275 3583 judicet
3313 3531 3559 3571 omnem.

1978 3601 2230 3656 Hirundo
2259 3608 2438 3656 autem
2469 3609 2552 3656 est
2582 3601 2801 3657 volatile
2833 3602 2996 3657 simili
3028 3603 3210 3672 modo,
3244 3611 3296 3659 et
3343 3612 3569 3676 generat

1977 3689 2172 3745 semel.
2213 3688 2301 3744 Sic
2329 3697 2383 3744 et
2411 3689 2654 3745 salvator
2700 3707 2858 3746 meus
2915 3700 3072 3747 natus
3126 3701 3210 3748 est
3262 3693 3456 3760 semel,
3514 3694 3571 3750 in

1976 3787 2133 3833 utero
2161 3777 2434 3843 bajulatus
2460 3779 2660 3843 semel,
2691 3779 2981 3836 cruciﬁxus
3007 3785 3093 3836 est
3120 3781 3312 3848 semel,
3345 3790 3400 3838 et
3440 3797 3570 3837 sur-

1975 3867 2116 3924 rexit
2145 3881 2178 3921 a
2206 3866 2431 3921 mortuis
2460 3867 2656 3922 semel.
2697 3868 2847 3923 Unus
2878 3870 3044 3936 Deus,
3073 3886 3178 3924 una
3206 3869 3362 3940 ﬁdes,
3406 3886 3572 3926 unum

1979 3963 2279 4034 baptisma.
2320 3962 2559 4018 Ciconia:
2587 3977 2718 4018 aves
2748 3972 2952 4019 vocatae
2980 3979 3013 4018 a
3055 3979 3192 4019 sono
3239 3980 3348 4036 quo
3385 3967 3571 4036 crepi-

1978 4061 2097 4108 tant
2127 4051 2284 4123 quasi
2313 4050 2565 4106 cicaniae.
2607 4051 2782 4118 Quem
2813 4067 3005 4106 sonum
3049 4052 3158 4106 oris
3207 4053 3393 4123 potius
3446 4069 3571 4110 esse

1979 4142 2167 4197 dicunt
2193 4155 2356 4208 quam
2388 4139 2556 4203 vocis,
2591 4139 2719 4209 quia
2757 4154 2882 4195 cum
2931 4140 3204 4209 quatiente
3252 4150 3432 4198 rostro
3482 4142 3573 4198 fa-

1979 4231 2145 4285 ciunt.
2179 4229 2274 4282 Hae
2302 4228 2452 4282 veris
2482 4227 2702 4294 nunties,
2735 4227 3010 4283 societatis
3047 4229 3293 4298 comites,
3340 4247 3568 4302 serpen-

1979 4319 2111 4372 tium
2142 4318 2326 4372 hostes
2383 4315 2545 4370 maria
2601 4317 2950 4385 transvolant,
3009 4317 3062 4372 in
3091 4318 3285 4373 Asiam
3341 4321 3571 4378 collecto

1979 4414 2197 4486 agmine
2227 4421 2461 4484 pergunt
2494 4428 2506 4480 ;
2535 4413 2786 4469 cornices
2814 4414 2984 4470 duces
3013 4431 3108 4470 eas
3150 4417 3485 4487 praecedunt,
3519 4427 3573 4475 et

1983 4505 2118 4576 ipsae
2135 4502 2291 4575 quasi
2312 4502 2586 4558 exercitus
2609 4503 2689 4557 eis
2701 4503 3075 4574 obsequuntur
3093 4505 3352 4561 adversus
3384 4507 3575 4563 inimi-

1981 4609 2076 4651 cas
2098 4608 2249 4648 aves.
2276 4591 2483 4646 Eximia
2504 4591 2611 4646 illis
2631 4592 2776 4648 circa
2797 4591 2936 4647 filios
2955 4592 3145 4663 pietas.
3164 4594 3302 4648 Nam
3324 4595 3464 4652 adeo
3475 4597 3576 4652 im-

1983 4682 2208 4755 pensius
2245 4681 2430 4737 fovent
2465 4681 2520 4734 in
2573 4681 2717 4736 nidis
2776 4680 2921 4737 ﬁlios
2952 4723 2967 4750 ,
3025 4690 3083 4737 ut
3138 4684 3358 4740 assiduo
3416 4685 3574 4741 incu-

1985 4773 2099 4827 bitu
2138 4771 2218 4826 eis
2255 4770 2456 4840 plumae
2497 4777 2726 4825 exeant.
2791 4769 3065 4839 Quantum
3121 4780 3303 4828 autem
3358 4781 3575 4845 tempo-

1985 4861 2062 4916 ris
2102 4858 2468 4929 impenderint
2509 4857 2705 4913 fetibus
2744 4859 3027 4916 educando
3065 4867 3270 4915 tantum
3329 4869 3383 4917 et
3441 4862 3578 4933 ipsa:

1987 4949 2220 5005 invicem
2251 4962 2283 5001 a
2315 4946 2476 5017 pullis
2505 4946 2616 5000 suis
2645 4945 2877 5011 aluntur,
2926 4947 3029 5002 hoc
3075 4955 3158 5002 est
3204 4948 3426 5003 moralis
3474 4950 3578 5006 de-

1986 5047 2191 5104 notatio
2219 5043 2521 5100 clementiae
2559 5051 2613 5097 et
2669 5043 3090 5114 compassionis.
3151 5044 3332 5100 Semel
3391 5046 3575 5119 itaque

1989 5134 2254 5190 Dominus
2305 5131 2448 5186 ﬂevit
2497 5146 2664 5201 super
2720 5131 2990 5187 civitatem
3025 5173 3038 5198 ,
3103 5147 3226 5187 cum
3279 5135 3575 5204 perituram

1987 5223 2278 5285 nuntiaret,
2312 5220 2408 5274 sed
2439 5219 2681 5290 quotidie
2713 5236 2809 5289 per
2837 5221 3039 5274 electos
3067 5236 3197 5276 suos
3226 5222 3281 5276 in
3331 5223 3582 5281 Ecclesia

1991 5311 2199 5385 plangit
2229 5307 2512 5379 reprobos,
2545 5307 2638 5378 qui
2665 5309 2918 5363 nesciunt
2947 5324 3047 5364 cur
3061 5309 3409 5383 planguntur,
3433 5314 3578 5388 quia,

1987 5411 2143 5480 juxta
2173 5406 2539 5470 Salomonem,
2575 5426 2598 5453 κ
2634 5403 2887 5460 laetantur
2933 5421 3056 5461 cum
3109 5407 3483 5467 malefecerint
3530 5419 3585 5468 et

1993 5497 2263 5556 exsultant
2293 5495 2344 5548 in
2375 5493 2541 5548 rebus
2569 5493 2822 5562 pessimis
2851 5494 3032 5565 (Prov.
3065 5495 3146 5567 ιι).
3184 5520 3206 5545 η
3239 5496 3342 5567 Qui
3371 5500 3416 5554 si
3432 5499 3585 5554 dam-

1994 5587 2269 5643 nationem
2299 5598 2452 5638 suam
2481 5581 2861 5652 praeviderent,
2896 5583 3109 5655 seipsos
3137 5602 3259 5640 cum
3291 5586 3588 5643 electorum

1999 5672 2262 5745 lacrymis
2323 5669 2674 5742 plangerent.
2749 5669 2914 5726 Suam
2978 5671 3150 5745 igitur
3214 5674 3379 5731 habet
3446 5675 3592 5732 diem

1999 5766 2182 5822 anima
2203 5775 2486 5835 perversa,
2518 5775 2641 5832 quas
2669 5760 2979 5818 transitoria
3006 5761 3215 5835 gaudet
3240 5761 3297 5817 in
3325 5769 3594 5835 tempore.
