4042 6080
507 241 636 297 1091

1671 233 2012 292 WERNERI
2051 233 2334 289 ABBATIS
2372 234 2429 290 S.
2471 234 2691 290 BLASII

3669 239 3695 290 ί
3706 233 3808 291 092

507 366 603 422 Cui
634 380 698 420 ea
729 379 848 436 qua
876 361 1074 417 adsunt
1127 359 1193 414 ad
1248 375 1440 432 pacem
1496 368 1637 429 sunt,
1700 361 1788 432 qui
1838 360 1968 415 dum
2027 375 2095 414 ex
2125 363 2175 420 A
2207 366 2310 425 tur,
2344 369 2399 413 ut
2430 360 2560 414 solis
2591 359 3038 415 similitudinibus
3089 375 3381 431 corporum
3431 361 3674 432 spiritali
3731 361 3810 415 vi-

507 464 675 518 rebus
705 460 1093 532 temporalibus
1125 459 1348 524 latatur,
1381 460 1508 514 dum
1541 461 1841 516 honoribus
1884 458 2101 515 extolli-

513 561 622 618 tur,
653 553 782 606 dum
814 550 867 604 in
899 549 1082 606 carnis
1112 549 1384 619 voluptate
1411 549 1720 617 resolvitur,
1772 550 1901 604 dum
1956 547 2103 602 nulla

509 651 761 697 ventura
790 655 966 712 poena
995 638 1284 695 formidine
1317 646 1564 705 terretur,
1602 655 1795 709 pacem
1839 638 2000 692 habet
2046 637 2100 691 in

511 739 600 795 die
630 754 748 806 sua,
782 737 883 792 sed
912 752 1079 808 grave
1109 734 1427 789 scandalum
1465 735 1836 790 damnationis
1881 734 2105 789 habebit

510 829 566 884 in
595 827 685 882 die
714 835 974 882 extrema.
1015 824 1223 879 Inimici
1251 833 1375 878 sunt
1430 824 1652 896 maligni
1710 824 1948 893 spiritus,
2011 822 2104 894 qui

514 919 749 975 animam
787 931 818 970 a
859 929 1088 985 corpore
1144 922 1430 968 exeuntem
1486 913 1759 978 obsident,
1821 927 1984 984 quam
2047 911 2101 966 in

511 1034 680 1076 carne
703 1015 932 1088 positam
997 1011 1321 1083 deceptoriis
1361 1011 1823 1068 delectationibus
1882 1010 2092 1066 fovent.

514 1108 669 1164 Vallo
699 1122 817 1161 eam
848 1102 1205 1166 circumdant,
1257 1100 1382 1172 quia
1428 1101 1667 1155 reductis
1710 1099 2101 1172 iniquitatibus,

514 1214 649 1270 quas
679 1191 1018 1267 perpetravit
1037 1199 1161 1246 ante
1183 1191 1373 1245 oculos
1395 1189 1538 1260 ejus,
1563 1189 1630 1243 ad
1653 1189 1969 1244 societatem
1992 1206 2104 1245 sua

513 1288 880 1348 damnationis
909 1302 1032 1342 eam
1073 1291 1372 1341 coarctant.
1424 1283 1674 1354 Undique
1719 1291 2099 1355 coangustant,

513 1379 734 1454 quando
763 1378 811 1432 ei
841 1392 953 1430 non
985 1374 1160 1428 solum
1190 1373 1396 1442 operis,
1423 1389 1611 1428 verum
1633 1374 1793 1428 etiam
1817 1373 2105 1428 locutionis

514 1468 826 1538 iniquitates
855 1462 1146 1532 replicant.
1187 1462 1335 1516 Tunc
1366 1461 1542 1514 anima
1589 1477 1686 1531 per
1734 1461 2104 1533 cognitionem

514 1572 698 1619 reatus
727 1559 810 1614 sui
840 1558 906 1612 ad
956 1564 1158 1610 terram
1220 1554 1602 1625 prosternitur,
1662 1570 1788 1610 cum
1847 1571 1976 1611 caro
2032 1555 2102 1609 ad

512 1652 795 1723 pulverem
825 1646 1112 1716 redigitur.
1151 1645 1298 1698 Tunc
1329 1645 1381 1697 in
1414 1649 1645 1698 mortem
1693 1643 1784 1698 ﬁlii
1831 1644 1953 1715 ejus
2002 1660 2099 1699 ca-

515 1741 674 1804 dunt,
706 1753 830 1794 cum
860 1733 1222 1806 cogitationes
1268 1733 1465 1788 illicita
1522 1750 1586 1788 ex
1635 1733 1726 1787 illa
1775 1733 2102 1803 prodeuntes

513 1841 569 1894 in
601 1844 845 1894 extrema
874 1833 1078 1888 ultione
1108 1831 1459 1900 dissipantur,
1493 1830 1630 1886 sicut
1662 1830 1921 1900 scriptum
1969 1839 2053 1885 est
2083 1848 2098 1887 :

517 1951 540 1976 ε
583 1929 643 1982 In
682 1926 778 1980 illa
816 1924 905 1979 die
943 1921 1194 1992 peribunt
1249 1936 1440 1974 omnes
1497 1919 1858 1991 cogitationes
1915 1935 2103 1976 eorum

515 2017 696 2086 (Psal.
734 2013 913 2083 CXLV).
944 2035 965 2058 »
988 2011 1144 2080 Lapis
1176 2026 1338 2078 super
1365 2008 1596 2078 lapidem
1627 2008 1948 2078 intelligitur
1967 2009 2104 2062 dura

515 2114 772 2189 sagitatio
793 2127 960 2182 super
975 2109 1169 2162 duram
1198 2107 1605 2175 cogitationem.
1633 2108 1944 2162 Perversam
1979 2107 2102 2160 ani-

515 2221 660 2261 mam
692 2202 874 2258 visitat
901 2199 1048 2252 Deus
1078 2196 1316 2267 quotidie
1342 2203 1636 2266 pracepto,
1671 2195 1966 2265 aliquando
2009 2195 2103 2250 ﬂa-

516 2293 684 2366 gello,
717 2287 1009 2358 aliquando
1040 2283 1329 2349 miraculo,
1363 2292 1420 2337 ut
1449 2284 1537 2354 qui
1565 2285 1735 2339 nescit
1757 2284 1946 2338 audiat
1971 2302 1983 2345 ;
2011 2292 2105 2338 aut

515 2392 706 2448 dolore
734 2391 1059 2453 compuncta
1087 2382 1290 2448 redeat,
1325 2389 1412 2435 aut
1441 2379 1722 2436 beneﬁciis
1751 2381 1963 2437 devicta
1993 2397 2104 2434 ma-

516 2481 629 2534 lum
660 2477 808 2549 quod
841 2472 963 2528 fecit
994 2471 1295 2526 erubescat.
1328 2471 1600 2524 Praeterea
1627 2470 1924 2524 notandum
1958 2469 2104 2540 quod

516 2567 783 2641 quondam
813 2559 1142 2634 spiritualem
1187 2566 1437 2613 naturam
1492 2557 1546 2612 in
1603 2558 1760 2613 nobis
1815 2559 2102 2627 habemus,

513 2666 605 2722 ubi
645 2660 1010 2733 corporalium
1073 2673 1252 2712 rerum
1319 2655 1620 2711 formantur
1685 2655 2093 2711 similitudines.

517 2755 726 2818 Prima,
759 2766 883 2805 cum
913 2747 1132 2818 aliquod
1154 2760 1354 2815 corpus
1408 2761 1574 2799 sensu
1621 2745 1867 2815 corporis
1917 2745 2101 2817 tangi-

514 2861 681 2900 mus:
732 2838 994 2903 secunda,
1049 2835 1164 2890 sive
1219 2850 1342 2890 cum
1399 2833 1647 2888 absentia
1703 2850 1940 2904 corpora
1989 2836 2104 2901 jam

511 2951 641 2999 nota
669 2937 972 3012 cogitamus
1005 2953 1020 3000 ;
1055 2933 1230 2998 tertia,
1266 2932 1379 2986 sive
1408 2947 1531 2986 cum
1571 2948 1760 2986 eorum
1808 2947 2102 3000 corporum

509 3047 631 3104 qua
660 3043 768 3084 non
799 3024 1070 3088 novimus,
1104 3021 1202 3076 sed
1231 3027 1411 3074 tamen
1454 3035 1578 3074 esse
1625 3035 1736 3073 non
1781 3019 2100 3073 dubitamus

507 3121 784 3176 intuemur
815 3134 830 3179 ;
860 3119 1069 3185 quarta,
1101 3110 1214 3166 sive
1241 3124 1365 3166 cum
1409 3107 1591 3180 aliqua
1638 3125 1759 3177 qua
1815 3123 1924 3162 non
1981 3116 2105 3162 sunt

513 3218 600 3275 vel
640 3231 762 3272 esse
817 3211 1152 3274 nesciuntur,
1210 3223 1306 3278 pro
1363 3207 1588 3260 arbitrio
1645 3205 1733 3260 vel
1787 3205 2102 3275 opinatione

515 3307 820 3380 cogitamus
853 3319 866 3364 ;
903 3300 1110 3371 quinta,
1144 3298 1262 3351 sive
1292 3312 1418 3351 cum
1465 3310 1644 3366 neque
1699 3294 1756 3348 id
1813 3294 2101 3365 agentibus

511 3423 688 3476 neque
717 3398 1028 3456 volentibus
1065 3395 1224 3450 nobis
1266 3394 1431 3449 varia
1486 3392 1681 3447 forma
1742 3390 2102 3461 corporalium

515 3497 927 3556 similitudinum
960 3506 1249 3548 versantur
1277 3490 1332 3543 in
1363 3489 1581 3552 animo;
1615 3496 1785 3552 sexta,
1819 3487 1934 3542 sive
1977 3502 2102 3542 cun

515 3591 697 3659 aliqua
735 3581 1087 3653 corporaliter
1137 3578 1330 3645 acturi,
1403 3593 1468 3632 ea
1532 3578 1652 3647 ipsa
1710 3576 2099 3646 disponimus;

516 3677 744 3749 septima
769 3686 1002 3742 quoque,
1034 3683 1156 3722 cum
1180 3665 1298 3734 jam
1340 3665 1394 3718 in
1452 3665 1574 3733 ipso
1632 3672 1773 3728 actu,
1835 3663 1921 3718 vel
1979 3678 2103 3718 cum

514 3771 809 3846 loquimur,
841 3766 931 3820 vel
960 3778 1083 3818 cum
1115 3761 1343 3816 facimus
1371 3775 1563 3814 omnes
1611 3759 1930 3829 corporales
1980 3775 2102 3812 mo-

514 3873 621 3928 tus,
655 3869 712 3915 ut
739 3853 981 3914 exerceri
1011 3850 1239 3922 possint,
1271 3848 1673 3918 praveniuntur
1724 3847 2101 3902 similitudini-

516 3955 618 4009 bus
647 3949 758 4005 suis
787 3947 928 4000 intus
960 3943 1012 3996 in
1043 3938 1234 4010 spiritu
1270 3955 1282 4001 ;
1313 3945 1523 4002 octava,
1558 3936 1674 3992 sive
1705 3951 1829 3992 cum
1885 3951 1918 3990 a
1969 3935 2100 3990 dor-

511 4049 803 4108 mientibus
845 4039 1058 4098 somnia
1114 4037 1384 4103 videntur,
1443 4035 1529 4089 vel
1586 4035 1719 4088 nihil
1776 4036 1861 4090 vel
1917 4034 2102 4104 aliqua

512 4133 913 4213 signiﬁcantia;
945 4142 1109 4192 nona,
1140 4127 1255 4180 sive
1293 4139 1418 4180 cum
1465 4122 1778 4178 valetudine
1833 4121 2102 4192 corporali

513 4211 738 4286 turbatis
786 4221 1110 4276 intrinsecus
1160 4213 1443 4268 itineribus
1501 4211 1768 4267 sentiendi
1825 4211 2100 4282 imagines

513 4336 828 4396 corporum,
857 4316 1087 4386 spiritus
1118 4311 1261 4367 veris
1291 4310 1621 4380 corporibus
1661 4309 1734 4362 ita
1778 4309 1990 4373 miscet,
2042 4315 2101 4362 ut

512 4407 808 4469 internosci
835 4404 922 4460 vel
952 4403 1037 4458 vix
1070 4399 1282 4472 possint
1310 4399 1396 4454 vel
1427 4398 1649 4454 omnino
1706 4414 1814 4453 non
1862 4397 2097 4468 possint,

514 4509 607 4558 aut
636 4493 944 4570 signiﬁcent
972 4489 1197 4560 aliquid,
1231 4490 1325 4543 aut
1372 4487 1490 4541 sine
1537 4485 1938 4557 signiﬁcatione
1994 4485 2102 4540 ulla

513 4597 826 4656 oboriantur
855 4610 874 4659 ;
899 4589 1130 4652 decima,
1162 4601 1280 4640 cum
1313 4599 1538 4655 prorsus
1580 4583 1949 4638 invalescente
1996 4583 2102 4638 ali-

513 4702 621 4761 quo
649 4682 845 4739 morbo
875 4678 960 4733 vel
989 4675 1180 4730 dolore
1211 4672 1476 4744 corporis,
1509 4679 1563 4726 et
1591 4671 1986 4727 intercludente
2013 4672 2104 4726 in-

510 4760 598 4833 tus
626 4774 748 4831 vias
779 4769 977 4842 quibus
1005 4764 1181 4819 anima
1211 4770 1268 4816 ut
1298 4777 1394 4833 per
1421 4777 1640 4818 carnem
1668 4760 1892 4816 sentiret
1935 4777 2100 4816 exer-

511 4875 750 4935 cebatur,
782 4884 844 4922 ac
876 4863 1149 4919 nitebatur
1187 4859 1412 4914 intentio
1467 4859 1628 4913 altius
1683 4874 1842 4929 quam
1890 4874 2102 4913 sommo

515 4964 798 5021 absentato
829 4954 1020 5028 spiritu
1059 4948 1422 5020 corporalium
1474 4964 1658 5002 rerum
1717 4948 1954 5001 existunt
2009 4955 2102 5002 aut

512 5055 883 5109 monstrantur
946 5041 1212 5113 imagines
1278 5037 1363 5093 vel
1441 5035 1811 5107 signiﬁcantes
1895 5036 2102 5106 aliquid

512 5150 601 5208 vel
639 5149 755 5202 sine
795 5143 907 5198 ulla
943 5136 1339 5212 signiﬁcatione
1377 5141 1737 5204 apparentes.
1808 5133 2100 5188 Undecima

515 5253 640 5293 cum
676 5235 826 5289 nulla
862 5247 928 5285 ex
964 5241 1194 5298 corpore
1237 5239 1400 5279 causa
1448 5223 1736 5286 existente,
1797 5221 1892 5275 sed
1937 5236 2100 5275 assu-

512 5341 694 5389 mente
723 5339 882 5400 atque
912 5326 1153 5395 rapiente
1180 5322 1361 5393 aliquo
1407 5319 1614 5390 spiritu,
1669 5318 1874 5373 tollitur
1921 5319 2100 5374 anima

514 5432 571 5486 in
599 5427 908 5498 hujusmodi
938 5422 1196 5478 videndas
1227 5418 1605 5474 similitudines
1635 5432 1945 5487 corporum,
1993 5417 2099 5471 mi-

514 5548 674 5590 scens
691 5530 742 5586 ei
759 5528 874 5584 visa
893 5523 1201 5596 corporalia
1219 5537 1341 5576 cum
1365 5519 1610 5574 similiter
1631 5519 1791 5574 etiam
1814 5518 2099 5588 corporeis

486 5630 763 5692 sensibus
790 5624 980 5681 utitur.
1021 5618 1354 5676 Duodecima
1384 5634 1508 5674 cum
1555 5618 1645 5684 ita,
1699 5615 1890 5686 spiritu
1935 5632 2097 5671 assu-

507 5737 716 5798 mente,
747 5725 1019 5788 alienatur
1047 5719 1116 5774 ab
1140 5716 1290 5773 omni
1315 5716 1563 5788 corporis
1602 5731 1768 5772 sensu
1799 5722 1850 5772 et
1899 5714 2100 5773 averti-

2133 3070 2181 3132 C

2211 459 2366 512 sione
2398 467 2664 524 teneatur,
2719 459 2812 514 ubi
2868 461 3058 515 nescio
3117 469 3297 515 utrum
3354 459 3564 530 possint
3619 459 3814 530 aliqua

2209 547 2340 600 nihil
2369 547 2737 617 signiﬁcantia
2767 548 2961 602 videri.
2997 550 3130 606 Hac
3161 551 3325 620 igitur
3354 559 3543 602 natura
3577 549 3814 619 spirita-

2209 635 2297 701 lis,
2329 637 2384 690 in
2416 653 2520 708 qua
2551 653 2659 692 non
2689 653 2938 708 corpora,
2971 639 3066 694 sed
3095 654 3388 709 corporum
3424 637 3814 692 similitudines

2211 725 2604 794 exprimuntur,
2636 725 2907 782 inferioris
2937 728 3157 799 generis
3190 728 3430 783 visiones
3459 727 3624 782 habet
3646 742 3815 798 quam

2208 814 2344 868 illud
2378 816 2572 870 mentis
2601 831 2667 872 ac
2695 816 3066 889 intelligentia
3095 817 3277 872 lunem
3325 833 3432 889 quo
3463 825 3517 872 et
3564 818 3670 870 ista
3723 816 3812 869 in-

2211 903 2411 958 feriora
2440 903 2808 974 dijudicantur
2847 913 2901 960 et
2956 921 3022 960 ea
3079 913 3394 970 cernuntur,
3452 921 3570 977 qua
3628 921 3812 974 neque

2210 1000 2340 1046 sunt
2369 1009 2626 1062 corpora,
2658 1008 2837 1064 neque
2874 997 3074 1065 gerunt
3113 994 3320 1050 formas
3357 992 3562 1050 similes
3600 1008 3811 1066 corpo-

2210 1098 2350 1148 rum,
2385 1080 2529 1137 velut
2556 1082 2678 1153 ipsa
2705 1097 2880 1138 mens.

2615 1261 2757 1316 Item
2785 1259 3064 1332 expositio
3095 1261 3161 1316 de
3191 1259 3401 1319 eodem.

2284 1431 2302 1461 ι
2336 1409 2452 1465 Via
2479 1410 2606 1465 Sion
2638 1409 2826 1482 lugent
2857 1426 2922 1466 eo
2982 1411 3128 1482 quod
3185 1427 3293 1466 non
3351 1411 3419 1466 sit
3474 1411 3568 1484 qui
3623 1411 3810 1467 veniat

2209 1499 2279 1552 ad
2311 1498 2708 1554 solemnitatem
2740 1501 2965 1570 (Thren.
3002 1500 3066 1570 1).
3101 1524 3122 1549 η
3159 1500 3288 1556 Sion
3319 1501 3464 1571 quod
3495 1508 3660 1556 sonat
3680 1518 3805 1573 spec

2209 1589 2358 1653 cuia,
2391 1597 2474 1643 est
2495 1588 2761 1655 Ecclesia,
2783 1606 2904 1659 qua
2934 1605 3123 1662 regem
3149 1589 3340 1661 gloria
3365 1590 3416 1642 in
3459 1590 3660 1645 decore
3709 1605 3813 1645 suo

2133 1717 2183 1776 Β
2212 1687 2296 1730 est
2327 1678 2691 1746 speculatura.
2734 1679 2904 1746 Hujus
2936 1679 3036 1733 via
3064 1687 3375 1733 sanctorum
3429 1679 3553 1733 vita
3601 1687 3659 1733 et
3706 1679 3813 1734 do-

2212 1767 2400 1821 ctrina
2429 1767 2786 1836 accipiuntur,
2821 1783 2920 1837 per
2950 1783 3086 1838 quos
3116 1766 3252 1822 ﬁdes
3281 1769 3350 1822 ad
3394 1768 3596 1822 mania
3646 1768 3814 1824 cale-

2214 1855 2313 1908 stis
2352 1855 2504 1910 urbis
2542 1857 2944 1926 perducuntur.
3011 1858 3106 1912 Ha
3171 1857 3274 1911 via
3336 1856 3524 1928 lugent
3599 1873 3814 1928 paucos

2213 1946 2402 1998 venire
2431 1945 2500 1998 ad
2534 1945 2952 2012 solemnitatem,
2985 1946 3108 2016 quia
3131 1945 3267 2014 justi
3313 1946 3559 2017 graviter
3600 1945 3814 2001 deﬂent

2215 2049 2372 2086 raros
2403 2033 2744 2105 frequentare
2802 2034 3076 2090 Dominici
3124 2035 3456 2092 sacramenti
3514 2034 3809 2090 celebrita-

2215 2129 2342 2176 tem.
2375 2123 2513 2176 Nam
2546 2123 2635 2193 qui
2668 2139 2727 2177 se
2756 2122 2842 2177 hic
2863 2123 3101 2177 alienant
3129 2123 3198 2176 ab
3228 2123 3490 2178 Ecclesia
3539 2123 3812 2178 festivita-

2214 2218 2287 2275 te,
2319 2211 2502 2280 utique
2537 2211 2589 2264 in
2623 2217 2798 2266 futuro
2829 2212 3196 2266 excluduntur
3223 2212 3289 2265 ab
3339 2211 3668 2283 angelorum
3718 2225 3813 2265 so-

2214 2299 2509 2354 lemnitate.
2544 2300 2697 2354 Unde
2729 2299 2924 2371 legitur
2957 2301 3115 2356 hodie
3145 2300 3289 2372 quod
3322 2299 3590 2355 Dominus
3609 2300 3810 2354 videns

2214 2388 2486 2443 civitatem
2526 2388 2864 2443 Hierusalem
2917 2388 3090 2456 ﬂevit,
3151 2405 3383 2461 eamque
3434 2390 3504 2443 ab
3561 2389 3811 2444 hostibus

2213 2476 2592 2542 obsidendam,
2626 2477 3170 2542 circumfodiendam,
3213 2494 3333 2534 cum
3383 2478 3637 2532 omnibus
3682 2477 3810 2530 ﬁliis

2215 2566 2328 2620 suis
2359 2566 2750 2621 destruendam
2785 2567 3034 2636 pradixit
3065 2569 3217 2634 (Luc.
3253 2570 3406 2635 xrx).
3446 2567 3648 2621 Civitas
3692 2567 3810 2622 hac

2215 2671 2380 2724 super
2411 2670 2572 2726 quam
2604 2656 2750 2709 Deus
2774 2655 2880 2723 ﬂet,
2909 2664 2991 2709 est
3013 2656 3266 2727 qualibet
3286 2657 3488 2722 anima,
3526 2673 3646 2728 qua
3697 2672 3807 2710 non

2215 2743 2423 2815 plangit
2453 2759 2550 2797 sua
2581 2743 2834 2798 crimina.
2877 2742 3052 2812 Quam
3110 2744 3314 2799 inimici
3365 2745 3805 2809 circnmdabunt,

2213 2842 2342 2894 dum
2375 2841 2692 2894 imminente
2724 2850 2892 2896 morte
2924 2850 3154 2896 caterva
3183 2843 3491 2896 damonum
3522 2858 3644 2896 eam
3693 2842 3808 2895 val-

2213 2929 2427 2983 labunt.
2464 2931 2522 2983 In
2555 2929 2779 2985 circuitu
2811 2930 3014 2984 vallum
3062 2930 3290 2996 fodiunt,
3343 2931 3467 2984 dum
3526 2940 3806 2985 transacta

2213 3018 2354 3072 mala
2383 3028 2507 3072 ante
2538 3018 2722 3073 oculos
2756 3019 2868 3087 ejus
2899 3019 3189 3088 ducentes,
3225 3035 3344 3074 eam
3377 3019 3429 3074 in
3460 3020 3679 3074 foveam
3711 3020 3808 3074 de-

2213 3107 2536 3176 sperationis
2567 3108 2795 3162 ducunt.
2861 3108 3105 3180 Undique
3161 3109 3612 3179 coangustabunt,
3670 3109 3805 3162 dum

2211 3195 2460 3249 horribili
2492 3195 2637 3250 vultu
2667 3205 2718 3250 et
2748 3204 2906 3268 gestu
2934 3213 3051 3251 eam
3083 3196 3150 3250 ad
3201 3213 3398 3267 panas
3449 3198 3598 3250 exire
3643 3212 3803 3251 com—

2210 3284 2435 3354 pellunt.
2469 3284 2552 3338 Ad
2584 3292 2786 3339 terram
2816 3294 2998 3340 autem
3030 3294 3403 3356 prosternunt,
3435 3286 3560 3340 dum
3602 3301 3805 3356 corpus

2212 3382 2388 3428 morte
2419 3374 2762 3429 interimunt.
2805 3373 2966 3429 Filios
2997 3376 3114 3442 ejus
3145 3375 3438 3440 trucidant,
3489 3375 3617 3428 dum
3675 3389 3804 3429 eam

2213 3463 2280 3516 ad
2315 3471 2513 3516 tartara
2553 3465 2915 3532 perducentes
2945 3479 3046 3534 pro
3075 3463 3232 3517 malis
3261 3464 3524 3534 Operibus
3568 3463 3622 3517 in
3676 3479 3806 3533 sup-

2211 3551 2372 3621 plicio
2403 3551 2674 3606 cruciant.
2712 3552 2969 3622 Lapidem
3003 3569 3170 3622 super
3207 3553 3441 3623 lapidem
3490 3569 3598 3607 non
3643 3552 3807 3606 relin-

2213 3666 2409 3720 quens,
2442 3649 2565 3720 quia
2596 3649 2799 3703 nullam
2831 3648 2952 3703 duri
2985 3649 3166 3705 cordis
3196 3651 3582 3722 cogitationem
3633 3649 3806 3719 impu-

2214 3739 2385 3792 nitam
2417 3737 2704 3793 dimittent.
2749 3738 2812 3791 Et
2840 3739 2942 3794 hoc
2969 3747 3137 3794 totum
3169 3739 3295 3794 ideo
3344 3739 3626 3810 contingit,
3681 3739 3808 3809 quia

2211 3835 2423 3897 tempus
2456 3826 2777 3880 visitationis
2805 3844 2918 3881 sua
2947 3844 3055 3881 non
3087 3829 3355 3900 agnoscit.
3387 3828 3579 3882 Anima
3615 3827 3804 3882 visita-

2211 3924 2318 3981 tur,
2352 3914 2574 3986 quando
2603 3931 2725 3969 cum
2757 3916 3064 3970 horninibus
3094 3933 3123 3970 a
3153 3918 3268 3972 Deo
3317 3916 3644 3988 ﬂagellatur.
3695 3917 3800 3970 Sed

2210 4004 2331 4074 ipsa
2363 4003 2733 4058 visitationem
2784 4020 2894 4058 non
2947 4007 3216 4076 agnoscit,
3277 4005 3400 4078 quia
3456 4005 3802 4075 disciplinam

2209 4093 2451 4163 recipere
2491 4093 2690 4146 renuit.
2727 4092 2989 4148 Dominus
3017 4103 3195 4149 autem
3223 4094 3291 4149 de
3313 4094 3514 4165 templo
3544 4109 3644 4149 suo
3681 4110 3804 4149 ven-

2209 4181 2400 4236 dentes
2430 4188 2483 4235 et
2512 4189 2755 4236 ementes
2788 4180 2956 4250 ejicit,
2989 4182 3116 4253 quia
3145 4183 3332 4254 culpas
3381 4182 3629 4237 homines
3679 4183 3798 4237 dia-

2211 4270 2339 4326 bolo
2367 4269 2688 4339 vendentes,
2721 4277 2774 4324 et
2813 4285 3004 4340 poenas
3049 4279 3312 4338 ementes,
3363 4271 3582 4343 ﬂagello
3629 4271 3803 4342 pani-

2211 4361 2393 4414 tentia
2411 4375 2442 4413 a
2457 4360 2740 4415 conversis
2761 4360 2999 4432 expellit.
3024 4361 3139 4417 Hoc
3159 4359 3528 4434 praﬁguravit
3548 4361 3802 4415 Hierosu-

2127 4431 2180 4492 D
2212 4447 2482 4519 lymorum
2509 4448 2813 4517 subversio,
2835 4431 2967 4522 qua
2993 4431 3219 4521 contigit
3249 4431 3352 4506 hoc
3373 4450 3532 4505 modo
3557 4468 3571 4504 :
3597 4449 3802 4504 Hieru-

2212 4536 2382 4591 salem
2449 4537 2687 4592 visitatio
2722 4580 2735 4605 ,
2798 4547 2914 4594 erat
2980 4539 3177 4594 Christi
3255 4539 3582 4594 incarnatio.
3652 4539 3804 4593 Hanc

2212 4625 2411 4697 quippe
2449 4626 2632 4680 oriens
2672 4643 2742 4681 ex
2780 4627 2888 4681 alto
2915 4627 3174 4694 visitavit,
3208 4628 3338 4683 dum
3368 4628 3424 4682 in
3450 4627 3633 4683 medio
3681 4627 3804 4695 ejus

2211 4730 2443 4785 regnum
2483 4715 2747 4770 caelorum
2787 4716 3118 4785 pradicavit,
3183 4717 3357 4790 signis
3413 4726 3466 4772 et
3526 4716 3804 4772 miraculis

2210 4802 2522 4857 illustravit.
2573 4804 2681 4858 Sed
2721 4803 2836 4874 ipsa
2875 4813 3094 4876 tempus
3133 4822 3245 4860 sua
3307 4804 3634 4860 visitationis
3693 4821 3803 4860 non

2210 4891 2488 4963 cognovit,
2522 4893 2648 4946 dum
2679 4893 2821 4949 hunc
2849 4909 2881 4948 a
2911 4894 3035 4967 lege
3065 4902 3116 4949 et
3147 4895 3428 4964 prophetis
3471 4895 3802 4965 promissum

2210 4989 2382 5044 Deum
2413 4989 2639 5045 credere
2661 4991 2846 5046 noluit.
2876 4992 3104 5062 Insuper
3119 4993 3245 5046 dum
3275 5002 3548 5048 terrenam
3571 4991 3802 5064 gloriam

2211 5080 2442 5148 perdere
2475 5079 2664 5144 timuit,
2701 5097 2886 5150 regem
2918 5081 3106 5152 gloria
3130 5080 3413 5146 cruciﬁxit,
3448 5089 3499 5136 et
3543 5082 3666 5136 ideo
3700 5096 3804 5136 ca-

2209 5165 2400 5221 lestem
2432 5167 2659 5240 gloriam
2689 5169 2891 5223 amisit.
2931 5171 3056 5240 Ipse
3101 5179 3277 5226 autem
3310 5171 3426 5225 alas
3483 5169 3659 5226 crucis
3716 5187 3802 5226 ex-

2210 5264 2415 5336 pandit,
2449 5274 2611 5336 atque
2641 5265 2741 5319 sub
2773 5267 2966 5321 umbra
2993 5266 3198 5320 alarum
3252 5266 3642 5322 misericordia
3685 5283 3802 5322 sua

2208 5369 2554 5425 congregare
2592 5354 2778 5422 voluit,
2838 5355 3296 5426 quemadmodum
3356 5356 3558 5427 gallina
3620 5354 3800 5426 pullos

2210 5457 2337 5496 suos
2368 5444 2466 5495 sub
2496 5442 2599 5496 alis
2627 5458 2659 5497 a
2682 5443 2846 5498 milvo
2867 5444 3120 5516 protegit.
3147 5448 3214 5498 At
3233 5443 3476 5500 illicalce
3502 5442 3797 5499 Dominum

2208 5539 2548 5606 abjecerunt,
2618 5549 2903 5595 vocantem
2971 5540 3157 5596 audire
3219 5541 3535 5608 noluerunt,
3601 5555 3797 5594 manus

2197 5623 2327 5698 'post
2358 5641 2453 5682 eos
2483 5627 2815 5694 extendenti,
2847 5629 3009 5685 dorsa
3037 5629 3091 5684 in
3124 5629 3318 5686 faciem
3347 5630 3629 5687 dederunt.
3649 5630 3797 5684 Deus

2202 5723 2388 5775 autem
2415 5715 2631 5788 patiens
2659 5726 2713 5774 et
2738 5717 2965 5774 multum
2995 5717 3330 5787 misericors,
3365 5720 3456 5792 qui
3487 5719 3702 5776 vineam
3725 5719 3796 5776 de

3963 753 3971 780 1
