4042 6080
206 259 347 314 1093

1126 237 1710 298 DEFLORATIONES
1751 237 1856 293 SS.
1903 234 2203 292 PATRUM.
2241 266 2310 276 —
2347 235 2481 290 LIB.
2531 237 2600 290 Il.

3369 242 3506 296 1094

206 386 440 457 [Egypto
469 373 899 450 transplantavit,
932 379 984 427 et
1013 385 1133 426 eam
1165 367 1424 441 agricolis
1451 364 1657 457 locavit
1680 380 1802 426 ;cu-
1831 362 1888 421 A
1916 360 2135 457 civitate
2193 369 2378 415 exorto
2436 360 2634 416 milites
2700 363 3107 434 pr0pugnacula
3170 363 3500 435 relinquunt,

202 452 300 543 jus
314 452 626 543 prophetas
653 466 756 536 ipsi
789 464 861 519 ad
891 477 951 516 se
984 459 1192 514 missos
1223 455 1555 512 contumelia
1581 452 1803 508 affectos

211 567 565 634 peremerunt
597 576 612 624 ;
646 556 870 623 insuper
883 560 931 606 et
947 549 1164 604 unicum
1181 546 1375 600 Filium
1400 560 1552 598 suum
1570 541 1807 598 devinea

211 659 452 728 ejectum
473 653 813 713 occiderunt,
831 647 976 702 dedit
993 645 1072 700 eis
1102 641 1464 714 quadraginta
1479 639 1617 694 duos
1634 651 1809 691 annos

212 748 266 803 in
296 743 696 819 paenitentiam,
730 753 836 811 quo
866 741 1096 807 possent
1124 740 1310 786 reatus
1340 729 1423 784 sui
1443 724 1702 797 consequi
1721 724 1812 778 in-

213 812 578 907 dulgentiam.
617 828 727 899 Ipsi
757 841 891 882 vero
921 833 1163 892 tempore
1193 819 1379 891 gratiae
1409 816 1566 872 abusi
1601 821 1724 868 sunt
1753 812 1808 865 in

216 902 559 996 superbiam,
579 927 628 975 et
642 917 993 972 irritaverant
1010 913 1181 966 Deum
1198 909 1403 978 jugiter
1418 911 1684 976 augentes
1705 902 1813 957 cul-

215 1037 345 1094 pam
361 1037 374 1090 ;
391 1021 515 1075 ideo
530 1019 615 1072 ira
626 1015 726 1070 Dei
737 1010 985 1069 ascendit
997 1024 1164 1080 super
1175 1021 1270 1062 eos
1283 1013 1336 1060 et
1346 1001 1670 1074 disperdidit
1681 1015 1776 1055 eos
1789 1039 1803 1054 .

289 1155 584 1225 Postquam
615 1148 759 1205 enim
793 1145 1092 1218 pr0phetas
1121 1139 1394 1211 sapientes
1424 1144 1475 1191 et
1505 1135 1714 1191 scribas
1744 1132 1813 1188 ad

219 1259 318 1300 eos
377 1223 576 1296 missos
631 1253 664 1293 a
733 1252 792 1290 se
853 1232 1191 1304 repulerunt,
1259 1227 1486 1295 insuper
1549 1223 1814 1295 quosdam

220 1330 606 1403 lapidaverunt
638 1345 651 1389 ;
685 1324 952 1397 quosdam
979 1319 1169 1374 divisis
1199 1316 1375 1388 pinnis
1406 1312 1814 1376 interfecerunt,

224 1399 366 1476 alios
421 1419 491 1472 de
537 1415 732 1470 finibus
769 1413 880 1467 suis
902 1408 1263 1481 propulerunt
1295 1419 1308 1474 ;
1342 1402 1605 1458 Dominus
1652 1399 1816 1454 ultio-

224 1535 379 1586 num,
408 1515 672 1571 Dominus
702 1509 1021 1582 sanguinem
1075 1520 1265 1561 eorum
1295 1501 1573 1573 requirere
1603 1507 1685 1554 est
1727 1514 1818 1552 re-

227 1607 509 1665 cordatus.
541 1602 809 1672 Venitque
857 1613 1025 1668 super
1052 1611 1149 1650 eos
1188 1609 1252 1648 ac
1281 1591 1420 1645 filios
1449 1605 1640 1644 eorum
1695 1603 1821 1641 san-

226 1697 350 1770 guis
380 1694 596 1757 Christi,
647 1689 997 1758 omniumque
1038 1686 1326 1754 iustorum,
1388 1694 1548 1750 quem
1604 1692 1637 1731 a
1691 1691 1821 1729 san-

228 1794 396 1868 guine
451 1789 587 1846 Abel
648 1786 954 1842 eﬂ’uderunt
991 1795 1276 1852 usquequo
1311 1777 1588 1847 apostolos
1625 1771 1825 1828 Christi

229 1861 575 1938 occiderunt.
621 1877 689 1929 Et
715 1873 839 1945 quia
871 1873 1085 1925 Patrem
1137 1875 1190 1922 et
1220 1865 1413 1920 Filium
1452 1861 1822 1925 offenderunt,

229 1979 389 2043 pater
425 1964 812 2036 Vespasianus,
845 1968 898 2016 et
929 1958 1070 2012 ﬁlius
1086 1957 1237 2010 Titus
1260 1957 1362 2008 hoc
1392 1951 1822 2017 vindicaverunt,

230 2077 295 2115 ac
323 2058 542 2112 vineam
566 2052 763 2108 summi
822 2045 1252 2120 patrisfamilias,
1313 2057 1472 2112 quam
1504 2038 1560 2092 in
1611 2038 1825 2093 vineam

232 2147 600 2203 Sodomorum
632 2144 1034 2200 converterant,
1068 2135 1135 2188 de
1165 2148 1272 2204 qua
1293 2131 1474 2186 vinum
1507 2127 1828 2183 Gomorrhn

233 2246 505 2308 biberant,
537 2235 925 2296 exterminavit
961 2249 1093 2304 aper
1123 2232 1191 2286 de
1240 2229 1397 2294 silva,
1428 2235 1479 2282 et
1531 2223 1827 2296 singularis

234 2335 385 2390 ferus
441 2332 699 2402 depastus
755 2335 837 2381 est
884 2340 1002 2378 eam
1042 2322 1223 2392 (Paul.
1281 2320 1487 2385 Lxxix).
1525 2315 1672 2369 Silva
1709 2319 1830 2367 erat

236 2420 534 2497 gentilitas,
568 2419 638 2473 de
668 2431 773 2488 qua
805 2429 936 2485 aper
977 2409 1342 2480 VeSpasianua
1367 2404 1663 2461 exercitum
1721 2401 1828 2456 du-

237 2493 440 2576 citavit,
493 2515 545 2563 et
593 2506 831 2567 vineam,
912 2499 1119 2555 scilicet
1181 2497 1447 2562 Judazam,
1536 2493 1683 2547 ferro
1774 2493 1832 2547 et

236 2602 368 2674 igne
425 2592 824 2652 exterminavit.
885 2587 1190 2660 Singularis
1249 2585 1397 2640 ferus
1456 2585 1574 2638 erat
1657 2579 1826 2643 Titus,

239 2697 333 2770 qui
387 2697 552 2766 longa
609 2690 897 2748 obsidione
969 2683 1408 2754 Hierosolymam
1490 2686 1573 2734 est
1656 2677 1831 2746 depa-

247 2765 382 2842 stus.
435 2765 539 2839 Sed
581 2789 867 2851 antequam
923 2775 1114 2831 civitas
1163 2777 1532 2834 everteretur,
1586 2774 1700 2821 toto
1737 2765 1832 2820 illo

249 2903 395 2944 anno
464 2885 623 2940 stella
675 2882 846 2936 instar
902 2877 1068 2950 gladii
1118 2890 1285 2945 super
1323 2888 1441 2927 eam
1489 2871 1730 2941 pendere
1759 2865 1834 2922 vi-

241 2977 426 3033 detur.
460 2973 638 3028 Vitula
669 2971 828 3025 etiam
879 2965 1164 3022 sacrificiis
1196 2963 1434 3026 admota,
1494 2974 1694 3031 agnum
1751 2962 1836 3011 est

244 3066 421 3130 enixa,
480 3070 534 3120 et
587 3058 860 3116 continuis
893 3071 964 3110 xL
1009 3053 1262 3108 noctibus
1317 3051 1496 3122 igneae
1553 3048 1704 3102 acies
1779 3045 1833 3098 in

1851 1744 1904 1804 B

1915 451 2011 504 sed
2106 451 2295 504 hostes
2333 450 2574 521 undique
2643 466 2830 506 muros
2896 451 3197 524 irrumpunt
3300 454 3506 510 Civita-

1915 547 2023 594 tem
2119 539 2386 593 violenter
2459 538 2741 604 invadunt,
2809 541 3066 597 universa
3140 543 3318 599 voraci
3357 543 3508 598 ﬂam-

1915 643 2019 683 ma:
2059 628 2295 693 tradunt,
2340 637 2596 683 cunctum
2641 630 2902 700 papulum
2941 631 3176 686 diversis
3228 633 3507 704 suppliciis

1918 726 2310 823 exstinguuntn
2361 731 2590 780 cunctas
2647 735 2827 781 turres
2867 737 2920 783 et
2983 728 3162 799 ipsum
3229 731 3513 801 templum,

1917 829 2242 884 murumque
2297 814 2351 867 in
2421 814 2646 869 circuitu
2685 831 2717 869 a
2761 815 3126 872 fundamentis
3192 818 3504 875 destruunt.

1920 901 2189 957 Omnibus
2255 910 2438 956 autem
2479 903 2776 968 subversis,
2847 904 3021 960 fertur
3074 907 3215 978 quod
3255 908 3309 961 in
3373 909 3512 976 loco,

1921 1015 2031 1071 quo
2084 999 2276 1056 civitas
2316 1000 2529 1070 pridem
2571 1001 2764 1070 fuerat,
2805 1010 3042 1058 aratrum
3098 1005 3378 1078 duxerint,
3421 1022 3513 1062 sa-

1922 1087 2030 1144 lem
2070 1103 2173 1160 pro
2211 1088 2420 1143 semine
2461 1090 2792 1160 sparserint.

1996 1221 2058 1275 In
2097 1222 2198 1276 hac
2236 1222 2420 1292 itaque
2470 1221 2758 1278 obsidione
2817 1225 3016 1298 legitur
3057 1228 3204 1297 quod
3256 1230 3518 1286 undecies

1925 1317 2157 1366 centena
2223 1310 2390 1364 millia
2428 1310 2573 1366 fame
2610 1312 2887 1383 perierint,
2931 1315 3281 1388 todidemque
3335 1319 3520 1390 gladio

1925 1408 2192 1480 perempti
2249 1410 2376 1474 sint,
2465 1410 2712 1478 eiusdem
2771 1415 2982 1468 numeri
3046 1414 3099 1468 in
3150 1417 3519 1486 captivitatem

1927 1498 2192 1563 distracti,
2253 1499 2481 1553 trecenti
2540 1500 2594 1553 in
2675 1499 2933 1556 ultionem
3014 1504 3314 1573 Dominicte
3369 1507 3523 1563 necis

1929 1585 2183 1642 cruciﬁxi
2230 1597 2373 1641 sunt.
2443 1589 2695 1642 Traditur
2745 1590 2912 1645 etiam
2970 1593 3114 1664 quod
3178 1609 3285 1649 xxx
3315 1597 3523 1665 prode-

1931 1685 2087 1738 nario
2143 1685 2348 1740 venditi
2408 1686 2534 1753 sint,
2589 1687 2726 1741 sicut
2775 1689 2878 1758 ipsi
2935 1692 3223 1746 Dominum
3272 1710 3372 1763 pro
3417 1711 3528 1749 xxx

1934 1773 2179 1828 denariis
2211 1773 2545 1828 tradiderunt
2577 1790 2589 1844 ;
2624 1776 2723 1841 sic,
2777 1779 3104 1846 charissimi,
3139 1781 3375 1836 reddidit
3412 1785 3531 1838 Do-

1935 1861 2125 1960 minus.
2169 1862 2475 1933 septuplum
2535 1863 2587 1917 in
2638 1865 2761 1919 sinu
2793 1882 3003 1935 eorum,
3068 1869 3159 1940 qui
3219 1869 3528 1927 effuderunt

1936 1956 2254 2020 sanguinem
2288 1959 2594 2006 sanctorum
2648 1956 2824 2020 (Psal.
2858 1960 3124 2027 Lxxvm).
3191 1959 3282 2014 Sic
3337 1961 3528 2016 relicta

1936 2048 2022 2094 est
2077 2041 2271 2094 domus
2323 2041 2561 2106 deserta,
2607 2058 2768 2112 quam
2827 2043 2929 2114 ipsi
2985 2045 3302 2116 speluncam
3361 2049 3532 2105 latro-

1935 2145 2069 2182 num
2125 2129 2408 2198 fecerunt;
2443 2129 2631 2201 sicque
2692 2132 2919 2187 Romani
2964 2142 3016 2189 et
3063 2135 3239 2192 locum
3269 2139 3337 2208 [et
3388 2155 3533 2210 gen-

1937 2235 2045 2281 tem
2102 2227 2320 2282 illorum
2374 2227 2633 2285 tulerunt.
2685 2230 2782 2298 En,
2853 2231 3212 2302 dilectissimi,
3297 2236 3529 2293 audistis

1936 2315 2305 2386 captivitatem
2354 2317 2693 2384 Judaorum,
2727 2322 3028 2375 cavendum
3079 2332 3163 2378 est
3191 2325 3350 2379 nobis
3380 2341 3413 2380 a
3442 2341 3532 2382 ca-

1936 2406 2120 2476 ptione
2151 2406 2564 2470 daemoniorum.
2618 2407 2716 2462 Illa
2768 2409 2914 2463 enim
2938 2411 3138 2482 scripta
3184 2421 3266 2468 est
3303 2414 3373 2469 ad
3403 2430 3534 2471 cor-

1938 2503 2232 2559 rectionem
2287 2513 2553 2574 nostram,
2608 2522 2677 2562 ne
2747 2523 2848 2563 nos
2888 2509 3134 2566 incautos
3201 2511 3533 2569 circumclu-

1938 2591 2067 2646 dant
2111 2601 2293 2648 castra
2352 2594 2524 2649 hastis
2561 2595 2806 2666 maligni.
2867 2597 3081 2653 Etenim
3142 2608 3199 2654 ut
3235 2616 3337 2656 nos
3368 2618 3532 2658 esse-

1938 2697 2060 2734 mus
2091 2682 2397 2752 captivitate
2446 2684 2625 2749 liberi,
2685 2688 2885 2739 summi
2941 2689 3091 2759 regis
3147 2688 3290 2744 filius
3376 2692 3532 2746 datus

1941 2786 2023 2833 est
2075 2779 2237 2834 obses
2292 2797 2392 2850 pro
2424 2781 2794 2852 redemptione
2846 2785 3040 2838 nostri.
3085 2792 3261 2858 Atque
3319 2796 3376 2842 ut
3433 2790 3537 2846 hoc

1941 2864 2203 2919 tenaciter
2231 2874 2434 2920 nostrae
2463 2867 2743 2921 memoriae
2768 2867 3131 2939 imprimatur,
3163 2872 3317 2940 panis
3374 2873 3530 2927 Chri—

1942 2953 2011 3008 sti
2041 2953 2095 3007 in
2128 2954 2350 3008 modum
2408 2955 2619 3009 denarii
2663 2955 2948 3023 formatur,
2992 2959 3082 3028 qui
3142 2959 3390 3030 profecto
3444 2962 3536 3018 ille

1944 3058 2045 3112 pro
2105 3058 2222 3096 xxx
2287 3044 2528 3099 denariis
2583 3044 2811 3099 traditus
2868 3054 2949 3100 est
2996 3046 3050 3100 in
3090 3064 3285 3103 manus
3340 3050 3534 3121 impio-

245 3111 421 3130 -_...-,
483 3111 533 3120 ν-
1340 3111 1370 3122 υ
1955 3111 1958 3112 ν

245 3179 376 3218 aere
431 3165 752 3219 cernuntur,
815 3152 1000 3223 templi
1027 3151 1214 3220 januaa
1271 3147 1452 3202 media
1504 3152 1662 3200 nocte
1693 3143 1838 3197 ultro
1867 3111 1916 3173 δ
1946 3147 2066 3184 rum
2106 3132 2242 3204 :qui
2275 3149 2435 3187 verus
2480 3134 2739 3188 denarius
2798 3135 3014 3189 dabitur
3060 3136 3113 3190 in
3165 3138 3325 3193 vinea
3363 3111 3538 3211 usque

245 3252 591 3323 aperiuntur,
633 3244 980 3313 maximaque
1011 3241 1133 3295 luce
1189 3239 1334 3292 intus
1365 3241 1687 3291 coruscante
1735 3247 1838 3286 vo-

245 3358 338 3398 ces
369 3336 680 3407 hujusmodt
719 3333 1047 3388 audiuntur:
1085 3349 1108 3380 ς
1161 3328 1522 3382 Transeamus
1575 3323 1645 3377 de
1689 3319 1842 3375 sedi-

249 3431 349 3485 bus
383 3426 526 3482 istis.
579 3445 602 3474 ι
641 3423 812 3492 Igitur
865 3418 1155 3474 transactis
1185 3423 1308 3487 post
1346 3412 1657 3485 passionem
1723 3411 1842 3463 Do-

253 3517 389 3573 mini
445 3512 814 3587 quadraginta
859 3508 1075 3563 duobus
1133 3505 1309 3570 annis,
1361 3500 1737 3572 Vespasianus
1792 3505 1845 3552 et

249 3609 422 3670 Titus,
501 3604 670 3658 duces
727 3601 1118 3658 Romanorum,
1184 3610 1309 3650 cum
1363 3591 1610 3646 maximo
1692 3602 1846 3641 exer-

253 3706 362 3761 citu
393 3702 634 3757 Judazam
668 3699 955 3760 intrantes,
1000 3693 1314 3748 universam
1347 3689 1625 3760 regionem
1653 3685 1845 3739 incen-

254 3810 345 3866 dio
377 3809 827 3863 devastaverunt.
870 3799 1108 3870 Populus
1136 3805 1316 3852 autem
1346 3811 1417 3849 ex
1465 3792 1670 3849 cunctis
1696 3787 1847 3844 urbi-

256 3909 360 3963 bus
399 3907 471 3961 ob
535 3901 846 3974 paschalem
905 3898 1249 3952 festivitatem
1302 3894 1356 3947 in
1416 3889 1848 3959 Hierosolymam

258 3995 637 4055 conﬂuxerat;
670 4005 828 4061 quem
891 3986 1165 4041 exercitus
1219 3986 1272 4036 in
1305 3980 1550 4052 paschali
1606 3987 1852 4047 tempore

260 4093 566 4155 obsidebat,
599 4087 738 4144 sicut
759 4086 875 4157 ipse
905 4083 1192 4138 Dominum
1221 4081 1276 4134 in
1316 4077 1557 4150 paschali
1585 4076 1674 4130 die
1719 4089 1851 4129 cru-

262 4181 524 4240 ciﬁxerat.
582 4180 771 4247 Itaque
829 4172 1126 4228 secundum
1195 4169 1363 4224 verba
1421 4164 1656 4231 Domini,
1716 4162 1854 4218 civi-

263 4285 349 4332 tas
404 4273 552 4330 vallo
597 4268 979 4332 circumdatur,
1021 4263 1292 4319 machinis
1349 4261 1587 4331 undique
1635 4265 1855 4312 exstru-

267 4361 370 4418 ctis
437 4357 650 4414 fortiter
705 4354 773 4408 ab
847 4350 1096 4407 hostibus
1169 4347 1520 4416 impugnatur
1582 4360 1596 4396 :
1653 4341 1753 4396 sed
1803 4347 1858 4394 et

265 4464 478 4506 summa
533 4446 646 4501 via
686 4442 901 4500 civibus
960 4437 1293 4493 defensatur.
1327 4432 1434 4487 Sed
1473 4431 1600 4502 quia
1628 4429 1682 4483 in
1741 4431 1853 4484 Do-

264 4540 416 4596 mino
480 4536 598 4590 Deo
667 4540 877 4587 scutum
931 4523 1290 4598 protectionis
1353 4536 1464 4575 non
1525 4519 1854 4586 habuerunt,

266 4637 322 4692 in
386 4650 551 4690 manu
613 4628 796 4686 hostili
861 4631 1214 4683 corruerunt.
1289 4619 1568 4689 Quosdam
1624 4631 1860 4689 namque

270 4735 464 4800 fames,
523 4729 785 4803 quosdam
851 4721 1187 4792 consumpsit
1250 4719 1408 4774 tabes
1458 4736 1471 4783 ;
1515 4717 1734 4788 quidam
1791 4714 1860 4769 ab

267 4823 406 4896 ipsis
446 4820 655 4878 civibus
695 4813 986 4872 crudeliter
1023 4807 1299 4872 trucidati,
1343 4807 1560 4878 quidam
1613 4810 1861 4859 mortuo-

270 4892 390 4967 rum
435 4910 606 4965 fetore
663 4914 790 4961 sunt
829 4899 1137 4974 prafocati.
1203 4899 1344 4952 Nam
1385 4893 1610 4966 pessimi
1663 4892 1864 4964 quique

272 5009 331 5056 ut
396 5014 559 5055 canes
598 4995 870 5051 civitatem
934 4988 1258 5052 circuiuant,
1327 4999 1511 5040 escam
1569 4982 1638 5036 de
1699 4997 1866 5034 manu

276 5098 588 5159 mulierum,
631 5094 699 5148 de
739 5107 837 5147 ore
877 5088 1159 5143 infantium
1201 5084 1362 5139 etiam
1402 5081 1685 5152 rapiebant
1727 5098 1740 5144 ;
1782 5078 1866 5134 ci-

276 5213 376 5254 ves
432 5195 486 5249 in
525 5193 702 5264 platea
751 5189 1024 5258 jacentes,
1095 5187 1402 5239 extremum
1451 5178 1694 5249 spiritum
1751 5192 1868 5247 prae

275 5296 424 5352 fame
462 5293 756 5354 trahentes,
798 5286 962 5356 impio
1002 5283 1147 5338 ferro
1185 5279 1504 5337 cruciabant
1546 5294 1558 5338 ;
1601 5275 1870 5329 volentes-

279 5401 385 5458 que
423 5381 564 5437 mori
601 5395 710 5434 non
750 5392 822 5432 ex
863 5382 975 5429 toto
1013 5369 1457 5442 exstinguebant.
1500 5365 1598 5420 sed
1637 5363 1869 5418 miseros

284 5479 596 5538 vulneribus
635 5473 986 5547 torquebant.
1035 5470 1324 5540 Postquam
1366 5480 1498 5522 vero
1559 5461 1744 5517 asinos
1782 5461 1871 5516 vel

281 5594 458 5651 equos
497 5583 799 5644 caateraque
855 5565 1077 5623 animali
1137 5565 1204 5619 ad
1244 5580 1403 5620 esum
1469 5560 1659 5617 illicita
1695 5559 1750 5613 in
1789 5557 1871 5613 ci-

274 5679 384 5734 bos
452 5675 930 5742 consumpserunt,
976 5665 1110 5736 ipsae
1158 5670 1364 5718 matres
1429 5659 1571 5715 filios
1611 5673 1739 5713 suos
1803 5655 1872 5710 ad

283 5777 559 5837 edendum
598 5773 1007 5830 mactaverunt.
1070 5765 1235 5822 Unde
1271 5776 1472 5836 magno
1513 5760 1752 5817 clamore
1815 5755 1873 5812 in

1949 3220 2019 3274 ad
2049 3235 2334 3290 vesperam
2392 3221 2764 3277 laborantibus
2812 3225 3091 3294 praemium
3149 3227 3389 3282 omnium
3442 3228 3542 3298 ju-

1949 3325 2180 3372 storum.
2249 3319 2378 3374 Haec
2432 3319 2718 3389 captivitas
2755 3323 3040 3391 praecessit
3090 3322 3145 3377 in
3175 3322 3354 3396 figura
3400 3325 3543 3382 sicut

1949 3405 2109 3460 nobis
2159 3406 2332 3461 refert
2378 3423 2537 3462 sacra
2608 3409 2932 3479 Scriptura:
2973 3411 3104 3467 Cum
3156 3413 3305 3468 Elias
3379 3415 3544 3488 igneo

1951 3509 2116 3550 curru
2169 3495 2224 3548 in
2272 3496 2470 3552 caelum
2529 3497 2940 3566 transferretur,
2999 3509 3051 3556 et
3101 3502 3320 3558 Eliseus
3375 3504 3543 3574 pallio

1955 3593 2086 3648 Elia;
2122 3595 2360 3649 Jordane
2418 3595 2612 3659 diviso,
2669 3597 2738 3650 ad
2793 3597 3011 3653 Jericho
3043 3609 3431 3669 reverteretur,
3484 3619 3550 3660 eo

1954 3682 2081 3737 inde
2111 3683 2176 3736 ad
2206 3684 2389 3738 Bethel
2420 3685 2749 3740 ascendente
2788 3687 2944 3756 pueri
2965 3688 3016 3742 ei
3036 3689 3323 3745 illuserunt
3356 3708 3368 3748 :
3407 3716 3429 3741 α
3456 3695 3548 3748 As-

1957 3772 2150 3837 cende,
2184 3771 2358 3836 calve,
2391 3774 2629 3828 ascende
2652 3774 2806 3830 calve
2843 3796 2864 3825 »
2892 3776 3263 3833 clamaverunt
3289 3781 3385 3851 (1V
3403 3784 3537 3853 Reg.

1952 3861 2020 3929 ι).
2055 3859 2262 3928 Quihus
2293 3861 2419 3916 dum
2460 3861 2552 3916 ille
2592 3863 2964 3930 malediceret,
3003 3867 3109 3922 duo
3155 3869 3271 3922 ursi
3313 3870 3382 3924 de
3408 3871 3548 3926 silva

1959 3957 2169 4028 egressi
2225 3967 2366 4024 sunt,
2419 3960 2511 4030 qui
2560 3975 2672 4012 xm
2729 3977 2928 4030 pueros
2972 3961 3547 4022 laceraverunt.Elias

1961 4054 2077 4100 erat
2124 4046 2180 4099 in
2233 4045 2407 4116 figura
2457 4048 2703 4102 Christus
2763 4066 2776 4112 ;
2824 4049 2912 4104 hic
2959 4050 3030 4104 ad
3059 4051 3246 4106 Bethel
3276 4054 3546 4122 ascendit,

1961 4134 2090 4188 dum
2151 4135 2219 4190 de
2277 4136 2617 4190 Hierusalem
2673 4136 2739 4190 ad
2795 4153 3013 4193 crucem
3090 4141 3338 4194 tetendit.
3417 4143 3552 4200 Huic

1961 4224 2117 4296 pueri
2147 4223 2431 4279 illuserunt
2465 4243 2476 4279 :
2517 4248 2539 4274 α
2573 4225 2852 4291 Ascende,
2885 4225 3060 4290 calve,
3099 4251 3120 4276 η
3153 4228 3555 4301 Clamaverunt,

1965 4316 2090 4369 dum
2102 4314 2482 4383 Judaeipuerili
2499 4330 2664 4368 sensu
2686 4314 2918 4370 Domino
2945 4331 3045 4385 pro
3066 4317 3222 4372 nobis
3257 4317 3549 4391 ﬂagellato,

1969 4411 2250 4468 decalvato
2281 4412 2339 4465 in
2372 4411 2638 4466 Calvariae
2665 4411 2788 4467 loco
2807 4411 2862 4466 in
2891 4428 3055 4468 cruce
3084 4413 3398 4473 illuserunt.
3439 4421 3557 4475 Mos

1974 4501 2174 4573 quippe
2217 4501 2363 4572 apud
2409 4501 2664 4571 antiquos
2693 4509 2813 4556 erat
2835 4501 3238 4575 cruciﬁgendos
3268 4506 3422 4577 prius
3455 4508 3558 4564 ﬂa-

1967 4590 2159 4662 gellari
2218 4605 2284 4646 ac
2331 4589 2623 4657 decalvari,
2679 4590 2757 4646 sic
2823 4599 3002 4661 potest
3045 4593 3208 4649 etiam
3292 4595 3348 4650 in
3406 4613 3561 4655 sacra

1970 4687 2250 4758 Scriptura
2279 4685 2458 4741 notari
2517 4705 2530 4741 :
2594 4687 2938 4753 «Devorabit,
2970 4688 3161 4761 inquit,
3194 4690 3411 4762 gladius
3432 4709 3559 4749 car-

1969 4808 2070 4846 nes
2099 4791 2167 4846 de
2187 4805 2384 4845 cruore
2432 4789 2758 4856 occisorum,
2805 4791 2954 4846 etde
3011 4793 3320 4862 captivitate
3371 4797 3564 4852 nudati

1973 4880 2163 4950 capitis
2202 4878 2542 4934 inimicorum
2573 4881 2757 4948 (Deut.
2806 4881 3017 4950 xxxvn).
3063 4882 3204 4936 Nam
3263 4891 3314 4937 et
3365 4886 3566 4955 captivi

1975 4978 2421 5044 decalvabantur,
2482 4976 2575 5049 qui
2631 4977 3033 5034 vendebantur.
3074 4979 3190 5035 Hoc
3218 4979 3438 5036 videtur
3469 5000 3566 5039 no-

1976 5089 2091 5136 stra
2169 5088 2395 5134 tonsura
2452 5078 2785 5146 exprimere,
2874 5079 2964 5151 qui
3018 5095 3310 5136 censemur
3365 5084 3564 5140 Christi

1976 5169 2212 5241 figuram
2270 5183 2480 5239 gerere.
2543 5167 2732 5220 Pueris
2803 5175 2982 5223 autem
3061 5169 3128 5223 ab
3187 5169 3372 5227 Elisco
3453 5190 3567 5229 ma-

1976 5269 2243 5330 ledicitur,
2302 5265 2432 5320 dum
2489 5265 2798 5320 maledictio
2856 5267 3142 5339 sanguinis
3217 5269 3338 5338 ejus
3405 5288 3570 5343 super

1979 5373 2077 5413 nos
2135 5364 2189 5410 et
2234 5371 2394 5424 super
2476 5352 2615 5408 ﬁlios
2689 5361 2911 5410 nostros
2959 5356 3174 5412 Iudaeos
3221 5358 3499 5415 inducitur
3551 5383 3566 5432 ;

1978 5447 2087 5501 duo
2142 5445 2252 5498 ursi
2301 5445 2370 5497 de
2411 5442 2551 5496 silva
2599 5443 2812 5514 egressi
2865 5444 3226 5518 quadraginta
3280 5448 3568 5522 duospue-

1980 5565 2074 5604 ros
2125 5547 2527 5610 laceraverunt,
2590 5545 2718 5598 dum
2767 5553 2890 5616 post
2938 5562 3053 5601 xm
3101 5563 3274 5604 annos
3304 5550 3414 5606 duo
3470 5552 3572 5606 im-

1980 5654 2267 5720 peratores
2325 5643 2394 5699 de
2452 5643 2753 5714 gentilitate
2812 5645 3044 5716 egressi,
3105 5648 3271 5703 armis
3351 5649 3570 5706 Iudaeos

1982 5748 2240 5808 atrociter
2260 5744 2768 5820 strangulaverunt.
2796 5746 2913 5805 Nos
2933 5763 3116 5822 argos,
3137 5749 3569 5820 charissimi,ni-
