3986 6070
469 221 606 277 1095

1602 214 1940 272 WERNERI
1960 217 2243 278 ABBATIS
2274 224 2331 278 S.
2365 223 2582 280 BLASII

3634 234 3767 288 1096

462 351 644 398 tamur
699 354 891 396 manus
925 339 1158 395 hOSlium
1196 339 1456 412 efﬂigere.
1500 339 1869 410 σαρῐίνὶῑαιθπι
1925 341 2048 395 ani-
2084 344 2139 405 A
2168 348 2310 403 etiva
2369 349 2602 404 dicitur:
2636 352 2753 407 haec
2798 352 2946 408 utilis
2975 363 3098 420 est;
3133 355 3289 410 tertia
3330 356 3605 428 gloriosa.
3649 375 3770 427 quae

462 447 677 486 marum
707 427 976 501 effugere,
1017 428 1085 482 ad
1116 445 1308 484 verum
1356 445 1546 499 regem
1577 437 1827 484 nostrum
1853 445 2059 500 prove-

460 520 596 588 nire,
629 534 818 576 veram
845 519 1157 574 libertatem
1188 518 1460 574 obtinere.

959 653 1035 707 De
1063 652 1188 707 Elia
1219 655 1272 707 et
1302 652 1541 708 Iezabel.

539 808 560 832 ι(
594 782 741 839 Elias
774 782 950 836 timuit
977 783 1216 851 Jezabel,
1267 791 1320 837 et
1359 783 1498 854 fugit
1525 800 1555 837 a
1587 793 1885 856 conspectu
1934 803 2058 841 mu-

463 871 614 928 lieris
640 871 968 938 fornicariae,
1024 876 1084 926 et
1121 888 1360 944 surgens
1389 872 1520 926 abiit
1550 889 1878 946 quocunque
1933 891 2057 930 eum

463 959 673 1016 ferebat
727 961 994 1028 voluntas,
1054 961 1307 1030 venitque
1365 961 1418 1014 in
1463 961 1732 1018 Bersabee
1784 963 1942 1030 Juda,
2005 973 2058 1020 et

462 1049 665 1104 dimisit
723 1050 798 1104 ibi
854 1065 1085 1120 puerum
1138 1065 1316 1117 suum,
1367 1058 1418 1104 et
1457 1049 1592 1105 abiit
1647 1051 1703 1105 in
1777 1051 2057 1107 desertum

461 1147 550 1203 via
613 1147 774 1201 unius
840 1147 951 1201 diei
1007 1147 1108 1215 (Ill
1144 1149 1276 1218 Reg.
1338 1147 1484 1216 x1x).
1529 1171 1549 1194 υ
1587 1148 1765 1203 Primo
1816 1150 2057 1220 jacenda

459 1244 586 1291 sunt
625 1235 980 1291 fundamenta
1007 1235 1268 1301 historiae,
1301 1242 1358 1288 ut
1387 1243 1509 1305 post
1539 1236 1696 1307 quasi
1724 1237 1792 1292 de
1849 1239 2058 1308 pariete

465 1323 550 1379 vel
582 1333 740 1395 petra
777 1323 1018 1378 historiae
1069 1322 1250 1377 oleum
1305 1322 1628 1378 moralitatis
1685 1325 1958 1381 eliciatur.
1994 1329 2058 1383 Je

459 1422 612 1478 zabel
660 1423 1044 1492 interpretatur
1074 1422 1271 1490 ﬂuxus
1313 1424 1631 1491 sanguinis,
1680 1431 1733 1478 et
1786 1423 2060 1496 signiﬁcat

457 1510 739 1567 carnalem
771 1511 1263 1580 concupiscentiam
1322 1527 1441 1578 quae
1479 1511 1675 1567 occidit
1731 1514 2056 1583 prophetas,

456 1607 516 1663 id
578 1616 661 1663 est
717 1608 991 1663 videntes.
1041 1608 1194 1662 Unde
1239 1607 1439 1663 dicitur
1480 1627 1494 1662 :
1534 1632 1554 1656 ‹‹
1594 1610 1696 1665 Ubi
1743 1619 1826 1666 est
1864 1611 2056 1666 domus

456 1696 694 1752 videntis
751 1698 800 1762 (Ι
827 1699 960 1768 Reg.
1003 1697 1082 1766 Ix)
1103 1699 1129 1750 ἰ)
1157 1719 1178 1743 »ι
1214 1696 1267 1751 id
1296 1703 1379 1752 est
1411 1698 1710 1768 prophetae.
1754 1701 1886 1756 Haec
1908 1700 2051 1755 enim
2082 1701 2134 1761 B

456 1794 716 1850 videlicet
781 1794 1225 1864 concupiscentia
1308 1796 1606 1865 prophetas
1667 1805 1720 1851 et
1776 1797 2054 1867 sapientes

457 1883 770 1956 exstinguit,
859 1883 989 1938 dum
1071 1883 1341 1954 voluptati
1401 1884 1752 1941 blandissime
1810 1886 2051 1957 quidem,

455 1973 554 2028 sed
637 1971 948 2043 turpissime
1028 1981 1081 2027 et
1163 1972 1648 2042 perniciosissime.
1746 1982 1798 2029 et
1871 1977 2054 2030 consi-

453 2061 673 2116 milibus
730 2061 873 2116 vitiis
910 2077 970 2116 se
1002 2060 1322 2130 subjiciunt,
1373 2061 1442 2116 de
1498 2063 1692 2132 quibus
1749 2063 2051 2120 scribitur:

463 2173 485 2201 ‹‹
520 2149 729 2206 Fluxus
760 2165 969 2215 eorum,
1004 2158 1060 2204 ut
1090 2150 1265 2204 ﬂuxus
1291 2165 1552 2220 equorum
1576 2151 2001 2221 (Ezechmxm).
2026 2175 2046 2202 η

455 2238 868 2310 (Gaacomus.)
900 2237 1053 2294 Unde
1087 2238 1249 2304 Elias,
1280 2237 1336 2291 id
1367 2245 1447 2292 est
1478 2239 1754 2292 solitarius
1799 2240 2051 2311 quilibet,

456 2344 622 2400 quem
653 2327 748 2383 Sol
783 2327 1012 2397 justitite
1051 2326 1390 2393 illuminavit,
1442 2327 1640 2381 timens
1686 2328 1787 2382 sibi
1829 2328 1896 2384 de
1955 2346 2052 2385 re-

455 2417 624 2488 gione
662 2403 804 2485 ejus,
839 2413 976 2487 fugit
1037 2415 1092 2469 in
1128 2414 1420 2480 Bersabee,
1474 2416 1620 2487 quod
1675 2416 2054 2488 interpretatur

454 2507 730 2576 septimus
758 2508 992 2577 puteus,
1025 2503 1079 2556 id
1135 2510 1217 2558 est
1275 2503 1594 2569 Ecclesiam,
1655 2505 2052 2562 redundantem

459 2601 763 2673 septiformi
795 2600 974 2673 gratia
1007 2601 1238 2672 Spiritus
1268 2601 1475 2663 sancti;
1506 2602 1662 2667 Juda,
1699 2602 1752 2658 id
1793 2611 1880 2658 est
1909 2620 2048 2660 con-

449 2692 737 2763 fessionis,
759 2690 843 2746 vel
889 2694 1096 2762 puteus
1117 2692 1426 2757 satietatis,
1460 2691 1550 2762 qui
1580 2691 1746 2746 habet
1805 2693 2050 2749 Ecclesia

451 2779 774 2836 doctrinalia
847 2787 1116 2850 praecepta
1192 2779 1278 2836 vel
1315 2779 1516 2834 ﬂuenta
1579 2782 1648 2835 ad
1721 2780 2047 2852 satietatem,

453 2869 507 2924 in
539 2869 753 2941 quibus,
813 2876 872 2923 ut
900 2867 975 2922 ait
1005 2868 1244 2940 quidam,
1279 2884 1459 2940 agnus
1500 2877 1678 2939 potest
1742 2871 2044 2938 ambulare,

451 2966 505 3015 et
559 2957 820 3030 elephans
876 2965 1083 3012 natare.
1143 2958 1275 3012 Inde
1333 2957 1556 3012 initialis
1612 2967 1662 3013 et
1708 2959 1884 3015 lactea
1942 2961 2045 3015 do-

447 3047 621 3104 ctrina
685 3046 1008 3119 prOponitur
1064 3046 1311 3114 rudibus,
1390 3045 1646 3116 perfectis
1703 3057 1880 3115 autem
1920 3049 2124 3129 soli-C

449 3137 550 3192 dus
596 3136 769 3191 cibus.
829 3134 1067 3206 Reliquit
1115 3135 1189 3189 ibi
1236 3150 1462 3205 puerum
1511 3151 1687 3203 suum,
1729 3136 1782 3190 id
1805 3143 1888 3191 est
1915 3154 2045 3207 pue-

448 3225 579 3280 riles
618 3232 772 3280 actus
832 3227 886 3280 et
937 3231 1160 3295 peccata
1191 3223 1389 3295 quibus
1420 3223 1576 3295 pueri
1609 3231 1817 3292 nutant,
1869 3233 2042 3282 teten-

449 3313 530 3368 dit
569 3329 895 3385 quocunque
943 3329 1069 3368 eum
1109 3313 1355 3368 voluntas
1395 3311 1583 3368 ferret.
1652 3312 1810 3381 Quod
1858 3314 2045 3369 unius-

448 3411 716 3483 cujusque
772 3410 862 3482 qui
920 3418 1145 3482 peccata
1204 3427 1297 3464 sua
1364 3411 1478 3466 vult
1537 3411 1825 3476 redimere,
1868 3412 2047 3483 signi-

447 3498 572 3554 ficat
639 3498 1110 3565 deliberationem,
1154 3507 1210 3553 ut
1247 3500 1351 3554 hoc
1391 3517 1565 3571 genus
1603 3501 2044 3573 vivendiaggre-

445 3587 645 3654 diatur,
689 3588 787 3642 sed
845 3588 1062 3642 tandem
1104 3589 1254 3642 vadit
1290 3589 1343 3641 in
1383 3588 1688 3655 desertum,
1729 3589 1784 3644 id
1823 3599 1902 3645 est
1942 3591 2044 3646 de-

446 3685 582 3740 serit
616 3683 878 3738 muntlum
927 3700 940 3739 :
981 3684 1070 3739 via
1101 3685 1259 3739 unius
1289 3685 1423 3739 diei.
1473 3686 1605 3740 Tres
1658 3695 1780 3740 sunt
1834 3689 2035 3750 (Exod.

445 3775 529 3845 ιιι)
567 3771 745 3838 dictae,
826 3788 961 3844 quas
1035 3773 1186 3827 ibunt
1226 3773 1318 3844 qui
1395 3775 1625 3829 Domino
1686 3776 2043 3832 sacrificaturi

444 3878 591 3934 sunt,
634 3869 759 3942 quia
798 3885 958 3924 omne
999 3869 1143 3940 quod
1204 3869 1434 3924 Domino
1473 3868 1776 3937 oﬂ‘erimus,
1845 3873 1897 3926 in
1938 3889 2043 3928 no-

441 3959 592 4015 mine
650 3966 860 4014 sanetae
924 3957 1206 4013 Trinitatis
1271 3959 1434 4013 debet
1474 3957 1611 4014 fieri.
1654 3961 1836 4015 Prima
1897 3961 2043 4016 dieta

443 4057 526 4106 est
568 4048 836 4120 incipere,
886 4047 1125 4102 secunda
1165 4047 1362 4116 facere,
1407 4048 1567 4103 tertia
1631 4047 1896 4119 perﬁcere
1948 4049 2044 4105 vel

439 4153 815 4210 perseVerare.
872 4135 971 4191 Vel
999 4135 1176 4207 prima
1233 4136 1508 4192 declinare
1538 4153 1566 4190 a
1597 4138 1762 4204 malo,
1798 4138 2044 4194 secunda

441 4226 620 4283 facere
670 4226 898 4291 bonum,
947 4224 1108 4279 tertia
1148 4225 1452 4280 inhabitare
1481 4226 1566 4282 vel
1606 4243 1930 4298 permanere
1987 4227 2039 4281 in

445 4317 703 4371 smculum
762 4313 969 4380 saeculi,
1010 4322 1068 4367 ut
1097 4313 1306 4369 dicatur
1347 4316 1415 4370 de
1446 4315 1627 4386 prima
1662 4335 1672 4370 :
1709 4339 1730 4365 «
1765 4315 2040 4384 Quieseite

2170 437 2533 508 perfectorem
2583 449 2690 494 est.
2755 440 3066 498 Aﬂeetuosa
3104 445 3159 499 id
3197 454 3279 500 est
3334 444 3580 500 adiciens
3631 462 3770 516 pec-

2170 525 2277 582 cati
2326 528 2627 583 recordatio
2683 537 2782 594 est,
2847 533 3066 602 quando
3105 534 3269 589 homo
3319 532 3562 589 afﬁcitur
3616 534 3760 589 desi-

2169 622 2324 678 derio
2354 633 2408 679 et
2434 625 2794 683 delectatione
2824 629 3109 698 peccandi,
3143 631 3359 702 quando
3391 630 3665 702 recogita!
3701 630 3770 686 ad

2169 712 2312 767 ollas
2367 715 2614 769 carnium
2642 717 3043 788 Egyptiarum,
3074 735 3236 790 quam
3267 719 3532 776 deliciose
3563 730 3617 775 et
3649 736 3769 774 sua-

2168 801 2306 856 viter
2353 803 2567 870 vixerit,
2620 811 2677 859 et
2715 821 2877 876 quam
2919 808 3151 862 arduum
3203 808 3272 862 sit
3315 809 3417 864 iter
3467 809 3619 880 quod
3671 823 3767 881 ag-

2167 907 2396 963 gressus
2425 892 2513 947 vel
2542 909 2805 948 cursurus
2849 896 2940 950 sit.
2981 896 3307 952 Recordatio
3338 898 3623 971 pungitiva
3679 898 3764 953 vel

2167 990 2546 1058 compunctiva
2592 991 2810 1059 dicitur,
2895 994 3114 1064 quando
3168 995 3544 1051 reminiscitur
3599 1010 3760 1067 quam

2167 1077 2388 1133 sordide
2445 1087 2498 1134 et
2548 1080 2819 1150 vagitiose
2851 1082 3005 1148 vixit,
3060 1098 3169 1138 non
3199 1091 3256 1138 ut
3314 1084 3384 1138 ad
3422 1083 3606 1153 priora
3669 1100 3760 1139 re-

2165 1174 2311 1243 deat,
2344 1175 2441 1230 sed
2499 1184 2553 1230 ut
2593 1177 2759 1250 digne
2788 1193 2854 1233 ea
2883 1178 3098 1246 deﬂeat,
3124 1189 3178 1236 et
3211 1197 3430 1253 semper
3482 1196 3676 1238 coram
3703 1197 3760 1236 se

2167 1271 2386 1319 statuat.
2447 1265 2601 1322 Unde
2656 1267 2948 1323 diciturzu
2997 1270 3284 1326 Peccatum
3341 1287 3526 1326 meum
3580 1285 3760 1327 coram

2166 1376 2252 1414 me
2291 1368 2377 1414 est
2406 1377 2624 1433 semper
2655 1365 2828 1432 (Psal.
2866 1366 2938 1434 ι),
2980 1389 3000 1414 ιι
3033 1365 3102 1419 ad
3143 1367 3365 1422 modum
3392 1367 3629 1436 alicujus
3669 1367 3761 1440 qui

2167 1449 2407 1506 novellat
2451 1466 2662 1524 agrum,
2721 1453 2946 1509 arbusta
2987 1454 3207 1526 quidem
3239 1461 3475 1522 resecat,
3537 1457 3636 1512 sed
3693 1459 3760 1512 de

2167 1562 2303 1618 agro
2344 1564 2452 1602 non
2489 1549 2682 1619 aufert,
2759 1551 2868 1606 imo
2943 1553 3160 1623 reponit
3196 1561 3252 1608 et
3325 1553 3519 1610 sternit
3596 1572 3761 1626 super

2167 1651 2378 1707 agrum,
2421 1646 2474 1693 et
2511 1638 2752 1694 incendit
2795 1650 2852 1694 ut
2893 1656 3032 1714 ager
3090 1642 3320 1698 habilior
3364 1644 3431 1698 sit
3489 1643 3562 1699 ad
3603 1645 3760 1700 defe-

2165 1725 2402 1780 rendum
2437 1735 2489 1782 et
2518 1726 2968 1798 fruetiticandum,
3001 1731 3299 1786 secundum
3320 1732 3461 1786 illud
3493 1751 3505 1786 :
3549 1756 3571 1780 α
3609 1734 3758 1788 Con-

2163 1814 2329 1869 caluit
2358 1831 2454 1871 cor
2511 1833 2691 1871 meum
2716 1818 2856 1873 intra
2881 1835 2989 1886 me,
3040 1826 3096 1874 et
3152 1820 3207 1874 in
3237 1821 3587 1877 meditatione
3634 1839 3760 1878 mea

2163 1904 2480 1959 exardescet
2510 1905 2655 1976 ignis
2687 1908 2861 1975 (Psal.
2911 1908 3168 1978 xxxvm).
3206 1932 3228 1956 ιι
3253 1909 3436 1964 Tertia
3492 1911 3760 1966 recorda-

2163 1992 2236 2047 tio
2268 1993 2481 2063 peccati
2514 1993 2763 2063 gloriosa
2784 2003 2887 2062 est,
2949 1997 3170 2067 quando
3217 1998 3379 2053 homo
3423 1999 3762 2054 remeditans

2163 2090 2286 2161 quis
2347 2091 2526 2158 fuerit,
2613 2109 2717 2164 qua
2772 2094 2945 2164 gratia
3014 2095 3082 2150 de
3132 2094 3251 2150 lacu
3291 2095 3529 2152 miseriae
3567 2106 3624 2152 et
3687 2098 3759 2155 de

2162 2179 2274 2234 luto
2315 2179 2464 2236 faecis
2502 2181 2759 2236 liberatus
2798 2183 2868 2237 sit
2903 2183 3106 2257 gratias
3146 2183 3258 2255 agit
3325 2186 3462 2251 Deo,
3519 2185 3754 2242 dicens:

2167 2300 2188 2323 α
2224 2276 2346 2331 Non
2366 2277 2544 2345 nobis,
2607 2278 2858 2345 Domine,
2891 2295 3001 2334 non
3056 2279 3234 2347 nobis,
3268 2281 3367 2336 sed
3411 2282 3620 2337 nomini
3664 2291 3756 2338 tuo

2161 2365 2228 2420 da
2257 2365 2488 2437 gloriam
2531 2368 2705 2432 (Psal.
2741 2371 2918 2438 exul),
2959 2389 2980 2416 »
3018 2376 3225 2425 etcum
3257 2371 3520 2426 Israelitis
3568 2371 3638 2426 de
3665 2372 3754 2427 AZ-

2159 2467 2345 2538 gyptia
2393 2466 2652 2521 servitute
2708 2466 2950 2521 liberatis
3004 2467 3403 2538 gratulabunde
3447 2469 3754 2526 decantat:

2165 2556 2516 2610 «Cantemus
2574 2556 2845 2612 Domino:
2879 2555 3123 2628 gloriose
3175 2557 3318 2612 euim
3371 2557 3754 2630 magniﬁcatus

2158 2652 2240 2699 est
2260 2645 2459 2711 (Exod.
2493 2647 2592 2713 xv)
2619 2666 2639 2692 ι»
2679 2652 2903 2701 :ctcum
2926 2645 3223 2701 Zacharia:
3255 2668 3275 2694 ‹ι
3303 2647 3755 2702 BenedictusDo—

2157 2742 2336 2796 minus
2367 2743 2514 2796 Deus
2535 2741 2724 2807 Israel,
2773 2741 2896 2813 quia
2930 2741 3165 2797 visitavit
3192 2753 3241 2798 et
3272 2742 3393 2799 fecit
3413 2744 3752 2814 redemptio-

2155 2854 2279 2893 nem
2309 2839 2483 2910 plebis
2514 2855 2627 2895 sum
2683 2841 2844 2908 (Luc.
2884 2840 2948 2909 ι).
2987 2839 3137 2894 Elias
3190 2839 3360 2912 igitur
3388 2842 3539 2896 viam
3593 2842 3755 2896 unius

2155 2928 2261 2982 diei
2293 2937 2640 2998 processerat
2665 2928 3052 2999 compunctiva
3085 2930 3462 2985 recordatione
3479 2933 3756 3000 preterita

2153 3018 2535 3085 reminiscens,
2571 3026 2623 3074 et
2653 3019 2755 3073 sub
2778 3019 2973 3073 umbra
2991 3017 3232 3088 juniperi
3261 3020 3462 3074 sedens
3484 3020 3584 3089 (III
3611 3022 3744 3092 Reg.

2157 3116 2302 3186 xrx),
2337 3125 2562 3188 quaeest
2591 3117 2878 3171 arbustula
2925 3117 3152 3172 humilis
3180 3126 3236 3173 et
3275 3118 3514 3188 spinosa,
3573 3119 3752 3190 signi-

2154 3204 2321 3261 iicans
2355 3206 2831 3276 compunctionem
2885 3215 2939 3261 et
2981 3206 3406 3262 amaritudinem
3482 3207 3751 3278 pteniten—

2154 3294 2267 3350 tiaa.
2316 3295 2473 3350 Unde
2531 3310 2602 3350 ex
2642 3295 2963 3351 lassitudine
3020 3303 3074 3350 et
3115 3295 3334 3350 tristitia
3397 3295 3748 3363 obdormivit,

2155 3383 2284 3455 quia
2322 3383 2655 3438 insensibilis
2706 3385 2932 3450 mundo,
2957 3391 3010 3439 et
3056 3394 3309 3456 tanquam
3341 3391 3591 3440 mortuus
3631 3385 3749 3441 ﬁeri

2154 3481 2340 3548 debet,
2403 3497 2564 3552 quem
2606 3481 2798 3551 prioris
2856 3482 2980 3537 vitae
3057 3482 3235 3549 taedet,
3286 3482 3441 3537 Unde
3497 3491 3547 3537 et
3599 3483 3748 3537 Elius

2154 3571 2225 3626 ait
2284 3589 2295 3624 :
2346 3595 2365 3618 υ
2416 3569 2625 3626 Sufﬁcit
2663 3571 2815 3640 mihi,
2859 3572 3109 3637 Domine,
3152 3571 3277 3626 tolle
3317 3571 3551 3626 animam
3570 3588 3747 3626 meam

2162 3670 2366 3741 (ibid.),
2401 3670 2454 3725 id
2483 3677 2566 3725 est
2603 3670 2890 3724 animalem
2923 3669 3108 3725 vitam.
3167 3667 3271 3737 Qui
3298 3669 3378 3726 sic
3423 3669 3748 3725 obdormie-

2153 3769 2242 3837 rit,
2285 3769 2537 3841 Angelus
2575 3769 2760 3840 magni
2823 3769 3035 3824 consilii
3080 3768 3275 3824 excitat
3331 3784 3460 3824 eum
3499 3769 3688 3824 dicens
3730 3783 3744 3822 :

2157 3881 2179 3908 «
2243 3859 2494 3930 Exsurge
2525 3874 2558 3913 a
2588 3858 2840 3922 mortuis,
2891 3867 2943 3913 et
2982 3857 3310 3912 illuminabit
3363 3858 3455 3912 tibi
3495 3858 3747 3913 Christus

2153 3949 2374 4019 (Ephes.
2416 3952 2502 4015 v).
2557 3971 2578 3995 ι
2623 3947 2780 4003 Unde
2809 3947 3068 4002 scribitur
3103 3965 3115 4001 :
3157 3968 3177 3995 α
3212 3947 3353 4002 Ecce
3381 3946 3616 4018 angelus
3646 3949 3748 4003 Do-

2153 4036 2281 4090 mini
2321 4036 2499 4109 tetigit
2527 4053 2650 4092 eum
2689 4036 2878 4092 dicens
2910 4053 2923 4090 :
2958 4035 3155 4110 Surge,
3187 4035 3417 4092 comede
3476 4036 3576 4107 (III
3605 4039 3737 4109 Reg.

2152 4136 2298 4204 xix).
2343 4156 2362 4181 υ
2399 4135 2594 4189 Tactus
2625 4134 2726 4190 iste
2784 4141 2864 4190 est
2893 4133 3060 4188 animi
3107 4148 3215 4188 non
3255 4133 3526 4204 corporis,
3589 4133 3747 4204 spiri-

2150 4231 2237 4278 tus
2276 4239 2386 4278 non
2433 4222 2633 4290 carnis,
2681 4223 2907 4278 rationis
2937 4238 3047 4277 non
3088 4221 3488 4287 sensualitatis,
3513 4221 3743 4276 interio-

2149 4312 2224 4367 ris
2265 4312 2500 4368 hominis
2543 4327 2652 4368 non
2691 4311 3010 4368 exterioris.
3084 4313 3193 4367 Iste
3230 4310 3468 4382 angelus
3535 4310 3742 4366 dormi-

441 4419 606 4475 agere
635 4418 895 4475 perverse
917 4401 1052 4470 (lsa.
1094 4405 1136 4472 ι)
1169 4421 1183 4467 ;
1212 4425 1234 4452 υ
1269 4410 1318 4458 et
1355 4421 1367 4457 :
1407 4426 1428 4451 ‹‹
1473 4404 1577 4471 Qui
1610 4404 1901 4466 furabatur.
1916 4404 2032 4474 jam
2064 4428 2115 4488 D
2149 4409 2304 4456 entes
2333 4401 2630 4472 discipulos
2659 4401 2920 4456 excitavit
2949 4400 3138 4456 dicens
3165 4419 3176 4454 ε
3217 4423 3238 4448 ‹‹
3274 4398 3416 4468 Quid
3441 4399 3740 4454 dor-mntis?

432 4507 542 4547 non
594 4491 805 4545 furatur
861 4490 1091 4562 (Ephes.
1132 4492 1233 4560 IV).
1271 4514 1292 4539 η
1331 4493 1406 4547 De
1442 4493 1686 4548 secunda
1717 4512 1735 4548 :
1767 4515 1788 4542 ‹‹
1823 4493 2027 4550 Discite

427 4580 571 4636 bene
599 4594 765 4650 agere
792 4578 927 4649 (Isa.
969 4579 1008 4647 ι)
1044 4601 1064 4627 η
1103 4593 1117 4648 ;
1151 4587 1203 4633 et
1242 4603 1264 4628 ‹‹
1298 4579 1508 4635 Induite
1525 4595 1722 4636 novum
1746 4582 2026 4638 hominem

424 4678 656 4752 (Ephes.
695 4686 795 4742 ιν).
835 4700 856 4726 υ
893 4677 1073 4731 Tertia
1121 4692 1250 4732 vero
1305 4677 1450 4732 dieta
1504 4687 1586 4734 est
1626 4679 1827 4734 bonum
1886 4697 2023 4736 con-

424 4783 719 4834 summare,
753 4766 822 4821 de
864 4782 969 4838 qua
1000 4765 1200 4820 dicitur
1229 4785 1247 4821 :
1285 4789 1306 4815 α
1339 4767 1700 4824 Ascensiones
1745 4769 1799 4823 in
1855 4771 2024 4826 corde

427 4874 527 4913 suo
578 4856 844 4928 disposuit
901 4856 1077 4926 (Psal.
1110 4858 1398 4926 Lxxxm);
1439 4879 1460 4904 υ

433 4970 455 4995 (ι
492 4945 628 5016 Quae
650 4954 732 5001 est
753 4945 858 5000 ista
879 4960 1000 5018 qua:
1015 4944 1264 5000 ascendit
1297 4961 1398 5014 per
1420 4945 1698 5001 desertum
1722 4949 1749 4999 ἱ)
1778 4970 1798 4995 υ
1817 4949 2012 5017 (Cant.

429 5036 533 5100 In.)
596 5037 677 5091 De
727 5035 812 5089 his
853 5035 1023 5088 tribus
1092 5033 1285 5088 diebus
1324 5034 1528 5089 dicitur
1556 5034 1610 5088 in
1666 5037 2017 5107 Evangelia:

433 5148 455 5173 α
491 5124 659 5179 Petite
691 5131 743 5179 et
762 5123 1061 5194 accipietis,
1087 5123 1308 5193 quaerite
1341 5132 1391 5177 et
1437 5123 1748 5191 invenietis,
1807 5126 2019 5196 pulsate

428 5227 480 5276 et
530 5217 806 5290 aperietur
851 5217 1007 5273 vobis
1061 5219 1279 5286 (Matth.
1329 5219 1456 5287 vn).
1510 5242 1531 5267 υ
1584 5219 1731 5275 Elias
1781 5221 1873 5292 qui
1929 5222 2021 5275 ha-

424 5308 519 5362 bet
573 5307 795 5361 formam
854 5306 1186 5377 paenitentis,
1274 5322 1445 5361 unam
1527 5307 1732 5363 dictam
1810 5317 2019 5366 tantum

419 5393 711 5469 processit.
753 5396 908 5450 Unde
930 5404 981 5451 et
1009 5396 1257 5452 consedit
1285 5396 1439 5468 quasi
1474 5398 1764 5454 meditans.

1499 4865 1552 4912 et
1599 4857 1652 4910 in
1709 4858 1944 4914 Canticis
2005 4878 2019 4914 :

496 5526 808 5584 Notandum
864 5528 1016 5596 quob
1072 5535 1186 5582 tres
1248 5539 1375 5584 sunt
1419 5532 1834 5588 recordationes
1885 5549 2016 5604 pec-

421 5627 527 5685 cati
561 5644 575 5681 :
610 5623 792 5696 prima
808 5620 1048 5677 afﬁciens
1077 5631 1130 5679 et
1160 5625 1457 5695 delectans,
1507 5647 1630 5701 quae
1685 5631 1832 5687 mala
1877 5643 1961 5688 est
1996 5652 2008 5697 ;

419 5722 664 5782 secunda
699 5733 1058 5792 exuperans,
1118 5736 1241 5791 quae
1279 5725 1562 5794 pungitiva
1616 5743 1715 5784 seu
1771 5729 2010 5800 conjun-

2141 4499 2260 4554 Non
2278 4498 2534 4570 potuistis
2553 4515 2661 4554 una
2679 4500 2812 4554 hora
2832 4497 3062 4571 vigilare
3081 4512 3296 4553 mecum
3315 4501 3338 4553 ?
3359 4520 3380 4547 ι»
3411 4497 3565 4566 (Luc.
3583 4499 3739 4566 xxii.)

2136 4589 2201 4643 Et
2227 4603 2356 4643 ecce
2413 4587 2484 4643 ad
2521 4596 2685 4658 caput
2723 4587 2846 4658 ejus
2887 4585 3282 4642 subcinerieius
3339 4585 3507 4656 panis
3547 4594 3602 4640 et
3639 4601 3740 4640 vas

2133 4692 2310 4748 aqua.
2352 4676 2432 4730 De
2497 4675 2772 4731 interioris
2837 4675 3073 4730 hominis
3138 4675 3312 4745 capite
3378 4682 3464 4729 est
3534 4688 3735 4740 sermo,

2130 4765 2187 4820 id
2225 4774 2308 4821 est
2335 4765 2404 4820 de
2445 4773 2645 4820 mente.
2681 4763 2846 4819 Panis
2877 4764 3290 4830 subcinericius,
3315 4763 3408 4836 qui
3439 4761 3739 4818 exsufﬂan-

2133 4855 2235 4910 dus
2267 4862 2350 4910 est
2380 4862 2432 4909 et
2462 4855 2783 4926 tergendus,
2833 4852 3103 4926 significat
3137 4853 3489 4924 asperitatem
3539 4852 3735 4919 victus,

2129 4969 2237 5025 quo
2276 4961 2499 5008 utuntur
2542 4952 2872 5023 pmnitentes
2909 4969 2922 5005 :
2958 4952 3025 5007 de
3055 4967 3162 5023 quo
3221 4950 3394 5005 David
3437 4949 3552 5005 ait:
3592 4975 3615 4998 «
3651 4949 3737 5005 Ci-

2129 5059 2317 5098 nerem
2375 5050 2632 5114 tanquam
2664 5057 2857 5111 panem
2903 5041 3306 5096 manducabam
3340 5041 3517 5110 (Psal.
3550 5049 3626 5110 c1)
3660 5057 3673 5103 ;
3707 5062 3728 5084 ο

2129 5148 2227 5188 vas
2286 5148 2460 5203 aquae,
2515 5131 2878 5201 laerymosam
2930 5129 3430 5202 compunctionem,
3485 5144 3609 5200 quae
3653 5134 3735 5183 est

2129 5236 2270 5294 aqua
2299 5221 2528 5276 abluens
2558 5229 2611 5275 et
2640 5219 2913 5276 reficiens.

2197 5358 2362 5426 Cujus
2417 5355 2850 5427 compunctionis
2902 5369 3163 5410 mensura
3219 5369 3320 5424 per
3375 5367 3471 5408 vas
3518 5349 3734 5423 signiﬁ-

2126 5455 2297 5511 catur,
2365 5445 2491 5517 quia
2542 5446 2697 5513 juxta
2760 5444 2981 5500 modum
3058 5443 3231 5514 eulpae
3304 5443 3408 5496 erit
3473 5455 3732 5496 mensura

2123 5559 2302 5615 poena:
2370 5543 2508 5599 sicut
2572 5543 2815 5599 dicitur:
2856 5564 2877 5592 (ι
2916 5543 3104 5597 Potum
3136 5539 3294 5595 dabis
3345 5539 3508 5595 nobis
3537 5539 3591 5593 in
3649 5538 3729 5592 la-

2123 5642 2326 5714 crymis
2393 5662 2406 5697 :
2476 5642 2528 5696 in
2561 5641 3017 5710 mensura(Psal.
3040 5638 3238 5708 ωαξης)
3271 5653 3287 5707 ;
3329 5662 3350 5687 ι
3385 5644 3440 5694 et
3475 5660 3498 5687 «
3537 5636 3728 5692 Exitus

2120 5747 2387 5804 aquarum
2445 5731 2787 5788 deduxerunt
2843 5729 2988 5787 oculi
3031 5728 3142 5788 mei
3192 5729 3372 5801 (Psat.
3436 5727 3660 5798 cxvui).
3698 5748 3721 5776 υ
