4042 6080
275 286 409 339 1ὒ97

1200 263 1780 325 DEFLOBATIONES
1820 262 1927 320 SS.
1975 262 2280 320 PATRUM.
2324 296 2391 305 —-
2424 264 2548 321 LIB.
2582 266 2655 319 ll.

3432 276 3568 327 1098

267 407 516 464 Comedit
544 421 676 478 ergo
707 414 761 461 et
786 404 948 469 bibit,
977 407 1031 457 et
1070 411 1283 453 rursum
1331 390 1679 454 obdormivit,
1730 388 1870 443 scili-
1898 387 1950 447 A
1982 402 2112 441 vera
2140 395 2193 442 et
2220 395 2422 443 aeterna
2450 388 2594 444 bona
2621 387 2952 459 atl‘ectantur,
2985 392 3199 461 quando
3229 392 3401 450 ﬁdelis
3445 411 3572 450 om-

266 512 352 561 cet
378 506 434 560 in
462 520 597 577 pace
616 510 668 557 et
696 502 877 573 quieta
916 497 1111 554 mentis
1151 487 1655 583 tranquillitate..Et
1692 484 1867 583 denuo

266 574 514 650 reversus
545 592 771 665 angelus
802 586 1018 644 Domini
1051 582 1222 655 tetigit
1264 595 1410 647 eum,
1460 575 1699 644 dixitque
1742 574 1819 665 illi
1853 589 1864 624 :

273 707 296 733 ει
332 683 506 755 Surge
536 661 644 750 (Ill
668 683 793 751 Reg.
826 678 904 749 x),
941 698 964 724 η
1015 674 1069 729 id
1118 678 1196 727 est
1245 667 1314 724 ad
1360 680 1593 736 superna
1641 670 1694 718 te
1735 661 1871 716 sub-

271 782 414 849 leva,
444 780 534 850 qui
565 787 616 835 et
647 779 714 833 ad
741 774 1069 846 discipulos:
1109 792 1131 820 «
1181 766 1424 859 Dormite
1472 763 1612 859 jam,
1671 769 1725 816 et
1760 777 1869 859 .re-

276 846 561 941 quiescite:
584 865 780 922 sufﬁcit
800 865 991 935 (Marc.
1014 860 1148 948 xxv).
1177 880 1199 905 »
1218 851 1535 948 Comedeﬁd
1548 858 1630 906 est
1645 846 1873 948 praeliba

276 939 328 1014 et
369 965 527 1030 gusta
564 956 630 1011 de
670 956 877 1010 interna
927 947 1235 1005 dulcedine.
1300 942 1425 998 Non
1484 939 1875 995 determinatur

278 1054 409 1127 quid
437 1052 790 1120 comederint,
821 1049 948 1121 quia
975 1053 1162 1119 gustus
1189 1043 1332 1098 illius
1377 1036 1680 1132 dulcedinis
1724 1032 1872 1132 indi-

279 1143 458 1200 cibilis
479 1150 574 1212 est,
600 1142 711 1196 imo
732 1133 1201 1209 inexcogitabilis;
1228 1129 1444 1221 acquiri
1491 1131 1683 1221 potest,
1723 1128 1874 1221 msti-

284 1233 421 1287 mari
448 1248 556 1287 non
577 1236 768 1303 potest.
795 1226 929 1283 Huic
946 1222 1168 1299 grandis
1186 1220 1274 1274 via
1295 1224 1475 1284 restat,
1498 1215 1553 1269 id
1583 1221 1662 1269 est
1692 1215 1874 1267 chari-

283 1339 382 1398 tas,
418 1347 539 1402 qua:
568 1330 625 1383 in
652 1343 841 1383 mensa
868 1330 966 1391 est,
997 1321 1133 1377 adeo
1183 1316 1327 1389 quod
1382 1316 1555 1369 Deum
1613 1310 1682 1366 ad
1717 1311 1877 1402 ﬁlianc

282 1398 484 1477 vallem
514 1419 873 1489 lacrymarum
897 1409 1171 1467 inclinavit
1189 1415 1247 1461 ut
1267 1422 1323 1460 se
1345 1402 1665 1459 exinaniret.
1705 1398 1877 1453 Gran-

279 1508 363 1564 dis
391 1508 670 1580 perfectio,
706 1520 825 1576 quae
874 1500 1150 1556 hominem
1190 1510 1355 1564 usque
1402 1508 1434 1547 a
1464 1490 1563 1547 Dei
1598 1490 1876 1543 dexteram

279 1603 614 1660 sublimavit.
653 1599 755 1670 Qui
786 1599 842 1653 in
871 1599 971 1651 hac
998 1594 1087 1651 via
1124 1591 1261 1664 pede
1300 1586 1560 1644 inoffenso
1608 1581 1881 1639 incesserit

279 1699 455 1766 potest
475 1692 690 1747 dicere:
721 1711 743 1738 «ι
777 1684 1143 1742 Transivimus
1163 1696 1259 1753 per
1280 1679 1463 1766 ignem
1490 1674 1682 1766 A(Psa.l.
1706 1672 1875 1766 Διλιι),

1976 484 2136 539 nibus
2165 485 2484 541 transituriis
2513 486 2728 542 calcatis
2757 487 2812 541 in
2857 490 3031 544 solum
3089 490 3261 546 Deum
3320 493 3569 565 suspirat,

1978 574 2119 629 hunc
2148 574 2273 637 sitit,
2299 576 2440 629 hunc
2457 575 2636 641 esurit,
2664 578 2805 631 hunc
2836 578 3056 650 cogitat.
3096 580 3192 636 Est
3230 597 3360 654 ergo
3397 590 3573 638 trans-

1979 672 2215 726 eundum
2247 672 2314 729 de
2344 689 2526 729 amore
2560 676 2935 745 temporalium
2968 678 3035 733 ad
3066 693 3306 734 amorem
3335 687 3571 737 aeterno-

1978 776 2120 827 rum,
2154 761 2291 816 sicut
2322 763 2529 817 transiit
2555 764 2786 835 Moyses,
2820 765 2910 835 qui
2941 765 3074 821 vidit
3120 767 3314 823 rubum
3363 769 3572 837 ardere,

1980 865 2082 903 nec
2109 849 2353 921 comburi
2382 850 2590 923 (Ea-od.
2629 855 2713 922 v).
2779 852 3069 923 Obstupuit
3122 855 3339 925 quidem
3396 857 3573 927 primo

1984 946 2073 1015 qui
2105 947 2251 1017 prius
2270 946 2436 1001 sensit
2454 948 2616 1002 alium
2639 949 2842 1021 ignem,
2867 950 3070 1006 scilicet
3090 967 3332 1007 amorem
3361 953 3575 1008 Ethio-

1982 1034 2142 1104 pissaa
2170 1050 2298 1105 suae,
2332 1035 2387 1089 id
2418 1044 2497 1090 est
2542 1037 2689 1107 prius
2744 1037 3013 1111 ﬂagrabat
3066 1040 3255 1096 ardore
3312 1042 3578 1113 concupi-

1983 1124 2219 1191 scentiae,
2252 1124 2342 1194 qui
2370 1123 2596 1180 offuscat
2624 1134 2891 1184 amatores
2917 1143 3081 1199 suos;
3122 1129 3217 1185 sed
3264 1129 3379 1186 viso
3432 1130 3577 1201 quod

1982 1220 2149 1276 rubus
2178 1221 2401 1277 ardebat
2429 1239 2529 1277 nec
2556 1224 2992 1294 consumebatur,
3050 1226 3125 1282 ait
3158 1245 3170 1282 :
3237 1248 3259 1276 α
3319 1228 3578 1285 Transibo

1986 1318 2037 1364 et
2073 1310 2270 1365 videbo
2309 1310 2574 1367 visionem
2606 1312 2745 1367 hanc
2789 1329 3047 1386 magnam
3116 1315 3322 1387 (ibid.),
3396 1317 3579 1388 sicque

1987 1398 2229 1454 transivit
2258 1398 2327 1453 ad
2356 1398 2539 1472 ignem
2569 1399 2739 1455 divini
2769 1402 2988 1457 amoris.
3030 1402 3129 1459 Hic
3175 1404 3424 1460 transitus
3471 1422 3579 1460 non

1986 1497 2045 1552 ﬁt
2074 1497 2172 1551 nisi
2200 1498 2375 1567 gratia
2402 1498 2522 1553 Dei.
2556 1497 2688 1568 Quae
2717 1515 2824 1555 una
2856 1500 3151 1555 secundum
3198 1501 3419 1557 affectus
3454 1519 3581 1560 suos

1987 1586 2183 1656 triplex
2212 1603 2326 1641 esse
2357 1587 2592 1642 dicitur:
2646 1587 2825 1643 Prima
2882 1589 3057 1645 initiat
3109 1598 3167 1645 ut
3219 1606 3477 1646 vocemur
3529 1598 3584 1647 et

1986 1675 2155 1729 simus
2185 1675 2395 1730 initium
2425 1683 2680 1732 creaturae
2717 1677 2833 1748 ejus
2865 1692 2879 1747 ;
2937 1678 3173 1736 secunda
3224 1680 3471 1751 provehit
3526 1688 3584 1737 ut

283 1741 880 1855 solida,
911 1741 1230 1844 constringit
1255 1741 1565 1823 etvdissilire
1616 1761 1763 1829 facit,
1814 1758 1869 1813 id

1986 1770 2388 1844 justiﬁcemur;
2449 1774 2605 1829 tertia
2668 1784 3009 1831 consummat
3063 1784 3121 1832 ut
3182 1776 3573 1849 gloriﬁcemur.

282 1888 369 1937 est
402 1879 649 1946 adversa,
690 1883 744 1930 et
782 1889 878 1947 per
914 1886 1109 1942 aquam
1141 1882 1260 1939 quae
1290 1864 1482 1930 mollit,
1514 1862 1571 1916 id
1619 1867 1699 1915 est
1743 1873 1877 1928 pro-

284 1985 469 2042 spera.
502 1965 809 2023 Notandum
842 1960 988 2033 quod
1015 1957 1188 2014 tribus
1216 1953 1391 2011 modis
1436 1951 1630 2006 dicitur
1675 1947 1829 2020 panis
1862 1962 1874 1998 :

285 2058 447 2114 Panis
485 2054 826 2129 purgatorius
862 2066 984 2106 cum
1041 2044 1417 2111 amaritudine,
1475 2056 1635 2112 quem
1691 2052 1878 2093 come-

285 2154 419 2210 dunt
448 2153 737 2219 initiantes,
771 2164 930 2220 quem
965 2141 1235 2216 signiﬁcat
1288 2138 1445 2211 panis
1498 2133 1882 2191 subcinerieius

286 2261 394 2315 quo
423 2243 654 2299 refectus
681 2247 762 2295 est
792 2236 956 2292 Elias.
993 2232 1152 2288 Panis
1179 2226 1567 2287 consolatorios
1586 2240 1715 2315 cum
1754 2221 1879 2315 dul-

285 2312 476 2389 cedine
510 2350 523 2387 :
552 2329 697 2386 unde
724 2327 917 2383 dicitur
956 2342 971 2380 :
1000 2320 1306 2379 Secundum
1333 2314 1728 2372 multitudinem
1774 2312 1878 2367 do-

285 2431 462 2488 lorum
494 2442 740 2485 meorum
772 2425 828 2479 in
856 2421 1018 2478 corde
1047 2434 1169 2474 meo
1200 2413 1594 2473 consolationes
1630 2419 1735 2466 tuae
1791 2410 1881 2465 lte-

285 2520 625 2577 tiﬁcaveruut
653 2515 891 2572 animam
923 2526 1101 2565 meam
1159 2506 1334 2578 (Psal.
1400 2501 1612 2571 xcxm).
1684 2522 1705 2549 ιι
1766 2500 1882 2555 Hoc

282 2616 574 2665 vescuntur
618 2602 977 2677 proﬁcientes,
1022 2596 1166 2668 quod
1232 2592 1564 2667 signiﬁcatur
1620 2604 1716 2661 per
1778 2590 1881 2644 hoc

289 2707 435 2779 quod
464 2705 640 2761 denuo
659 2700 897 2758 comedit
934 2696 1096 2753 Elias.
1122 2692 1287 2749 Panis
1322 2688 1590 2779 solitarius
1607 2703 1730 2779 cum
1762 2686 1880 2779 for-

284 2775 511 2853 titudine
540 2801 622 2850 est
648 2790 878 2848 charitas
905 2786 1123 2843 robusta
1152 2790 1206 2838 et
1241 2780 1480 2853 perfecta
1498 2777 1555 2832 in
1586 2775 1741 2846 cujus
1762 2775 1880 2831 for-

283 2884 509 2941 titudine
537 2879 856 2946 ambulavit,
888 2892 960 2931 x1.
987 2873 1179 2929 diebus
1206 2877 1261 2925 et
1287 2884 1357 2924 χι.
1386 2866 1650 2930 noctibus,
1699 2863 1756 2919 id
1802 2869 1882 2919 est

284 2998 382 3055 per
401 2979 772 3052 impletionem
801 2974 1184 3045 decalogorum
1216 2976 1269 3024 et
1298 2974 1526 3055 quatuor
1553 2961 1878 3055 Evangelia-

1988 1862 2165 1917 Prima
2194 1861 2386 1918 dicitur
2411 1862 2830 1933 beneplacitum,
2862 1865 3098 1920 secunda
3153 1867 3424 1936 meritum,
3471 1876 3583 1923 ter-

1987 1951 2061 2006 tia
2092 1951 2394 2022 praemium.
2427 1952 2507 2009 De
2561 1952 2737 2024 prima
2791 1952 2984 2009 dicitur
3042 1974 3055 2010 :
3115 1954 3193 2010 De
3251 1955 3582 2027 plenitudine

1989 2050 2111 2120 ejus
2139 2067 2328 2105 omnes
2355 2051 2663 2123 accepimus
2707 2053 2892 2124 (Joan.
2930 2054 2968 2122 ι)
3008 2070 3022 2116 ;
3078 2053 3146 2109 de
3201 2055 3412 2111 duabus
3460 2056 3584 2111 reli-

1988 2140 2107 2210 quis
2138 2159 2150 2195 :
2191 2163 2211 2189 u
2247 2138 2487 2195 Gratiam
2517 2155 2616 2210 pro
2646 2142 2819 2213 gratia
2851 2141 3054 2213 (ibid.),
3091 2164 3113 2191 ι»
3151 2143 3205 2197 id
3224 2151 3307 2200 est
3325 2159 3423 2216 pro
3462 2162 3583 2200 me-

1986 2228 2089 2283 rito
2119 2227 2431 2298 temporalis
2447 2228 2673 2296 militiae,
2696 2229 2979 2300 praemium
2998 2237 3214 2287 aeternae
3233 2231 3441 2304 gloriae.
3478 2233 3584 2288 Fe-

1989 2325 2063 2380 lix
2092 2325 2179 2381 hic
2208 2326 2457 2381 transitus
2485 2342 2592 2396 quo
2621 2327 2873 2382 transitur
2909 2328 2979 2383 ad
3023 2328 3366 2398 sapientiam.
3414 2329 3583 2399 Quis-

1988 2414 2108 2484 quis
2132 2415 2210 2469 sic
2240 2415 2465 2471 transire
2504 2415 2804 2487 incceperit,
2848 2424 3040 2473 caveat
3093 2434 3456 2491 summopere,
3515 2434 3585 2476 ne

1989 2503 2058 2558 ad
2086 2503 2308 2559 modum
2338 2503 2525 2559 uxoris
2555 2504 2688 2560 Loth
2717 2513 2857 2561 retro
2886 2506 3149 2578 aspiciat;
3184 2508 3274 2577 qui
3303 2507 3421 2577 jam
3470 2523 3585 2563 ma-

1987 2616 2088 2655 nus
2116 2600 2259 2655 misit
2287 2599 2355 2655 ad
2387 2607 2641 2668 aratrum,
2672 2601 2854 2658 videat
2882 2618 2949 2657 ne
2982 2602 3051 2658 ad
3097 2603 3439 2677 naufragium
3490 2620 3584 2661 re-

1988 2688 2130 2758 deat,
2162 2689 2229 2744 de
2259 2704 2368 2759 quo
2394 2690 2571 2744 nudus
2595 2691 2766 2745 evasit
2793 2704 2809 2759 ;
2841 2706 2941 2746 nec
2970 2691 3039 2746 ad
3068 2690 3253 2763 ignem
3281 2693 3350 2747 de
3370 2708 3477 2763 quo
3501 2709 3585 2749 se-

1988 2777 2214 2833 miustus
2240 2777 2431 2847 exivit,
2455 2794 2554 2834 nec
2576 2778 2643 2833 ad
2664 2779 2896 2834 latrones
2936 2780 3130 2849 quibus
3164 2780 3458 2838 semivivus
3486 2798 3582 2839 re.

1986 2875 2145 2930 lictus
2173 2875 2459 2931 miserante
2487 2873 2826 2932 Samaritana
2855 2876 3106 2932 reductus
3135 2885 3215 2933 est
3246 2892 3260 2948 ;
3311 2894 3379 2935 ne
3428 2881 3584 2938 miles

1989 2962 2180 3019 Christi
2212 2962 2330 3032 jam
2369 2971 2523 3035 rapto
2561 2964 2701 3019 caelo
2747 2964 2816 3020 ab
2876 2963 2995 3036 ipso
3070 2964 3289 3021 introitu
3353 2982 3582 3024 revoce-

282 3052 404 3128 rum
435 3070 505 3126 ad
534 3076 772 3125 montem
801 3064 901 3119 Dei
930 3060 1131 3117 Horab.
1162 3055 1365 3123 Horeb.
1389 3052 1880 3165 solitudo-veltcon-
1907 3101 1956 3165 Ο
1990 3060 2091 3119 tur,
2123 3052 2269 3107 velut
2294 3052 2443 3107 canis
2472 3052 2541 3107 ad
2569 3053 2852 3120 vomitum,
2882 3070 2972 3108 sus
3000 3052 3070 3109 ad
3097 3054 3458 3111 volutabrum.

284 3160 541 3219 versusin
553 3157 720 3214 vitam
732 3152 1085 3210 monasticam
1104 3147 1195 3204 vel
1225 3146 1282 3200 in
1318 3158 1559 3200 eremum
1597 3137 1877 3213 signiﬁca-

290 3267 394 3326 tur,
425 3254 719 3312 secundum
749 3249 883 3307 illud
913 3268 926 3304 :
963 3270 985 3297 «ι
1020 3245 1152 3316 Quis
1177 3243 1330 3299 dabit
1353 3240 1486 3296 mihi
1527 3253 1734 3311 pennas
1778 3235 1879 3291 sic-

282 3354 344 3402 ut
369 3344 657 3413 columbae,
683 3349 737 3397 et
762 3338 960 3396 volabo
989 3344 1042 3392 et
1068 3333 1399 3405 requiescam
1422 3331 1451 3383 ?
1470 3327 1658 3399 (Psal.
1680 3327 1819 3396 Liv.)
1849 3349 1871 3374 ιι

391 3551 465 3608 De
496 3548 673 3606 verbis
706 3543 1017 3619 Sapientia:
1046 3556 1063 3593 :
1103 3562 1124 3589 «ι
1164 3536 1423 3594 Transite
1454 3534 1527 3591 ad
1557 3549 1674 3593 me.
1718 3555 1740 3580 η

365 3758 387 3784 «ι
421 3730 665 3788 Transite
692 3727 761 3784 ad
792 3742 898 3793 me,
931 3740 1120 3780 omnes
1149 3721 1239 3792 qui
1269 3715 1643 3790 concupiscitis
1687 3731 1794 3783 me,
1828 3722 1878 3770 ct

281 3850 314 3890 a
361 3826 802 3905 generationibus
855 3822 991 3879 meis
1045 3816 1366 3889 implemini,
1430 3835 1453 3866 ι
1513 3814 1589 3869 ait
1628 3812 1878 3905 ‘Sapien-

281 3901 558 3991 tiav(Eccl.
595 3917 771 3986 xxxv).
805 3911 1007 3967 Fidelis
1034 3923 1212 3965 sermo
1233 3913 1287 3963 et
1315 3901 1727 3970 exhortatorius,
1758 3901 1877 3958 ala-

283 4010 362 4068 cri
391 4006 678 4064 devotione
709 3998 1099 4072 suscipiendus.
1130 3998 1264 4053 Duae
1305 4001 1428 4049 sunt
1469 3992 1575 4049 viae
1626 3992 1879 4047 maximae

282 4108 424 4164 inter
449 4122 507 4161 se
536 4104 798 4159 distantes
829 4119 842 4156 :
874 4114 983 4154 una
1008 4111 1129 4168 quae
1156 4100 1370 4166 separat
1397 4098 1450 4147 et
1468 4089 1672 4146 seducit
1691 4105 1721 4145 a
1740 4090 1876 4155 Deo,

284 4198 454 4254 altera
480 4209 601 4265 qua;
619 4196 840 4248 revocat
861 4193 915 4244 et
935 4184 1143 4241 reducit
1161 4183 1230 4239 ad
1246 4182 1441 4237 Deum.
1466 4179 1529 4234 In
1565 4178 1657 4234 illa
1693 4177 1880 4233 mundi

285 4292 555 4342 amatores
587 4280 904 4353 spatiantur,
949 4281 1003 4329 et
1030 4278 1282 4336 errantes
1319 4284 1416 4342 per
1467 4267 1625 4323 devia
1678 4282 1879 4338 exspa-

283 4384 481 4440 tiantur
511 4394 525 4447 ;
557 4394 654 4451 per
679 4379 817 4433 hanc
847 4373 1057 4430 Christo
1084 4369 1219 4425 duce
1248 4375 1303 4423 et
1326 4364 1521 4423 comite
1548 4370 1883 4435 contempto-

2063 3190 2085 3216 «ι
2119 3166 2361 3223 Transite
2390 3166 2458 3223 ad
2486 3184 2594 3236 me,
2625 3183 2814 3224 omnes
2842 3168 2932 3239 qui
2962 3168 3338 3241 concupiscitis
3364 3188 3471 3241 me,
3530 3178 3585 3228 et

1986 3272 2019 3312 a
2046 3255 2486 3329 generationibus
2515 3256 2651 3312 meis
2682 3256 3003 3328 implemini.
3042 3278 3063 3305 η
3098 3259 3228 3313 Tres
3257 3266 3379 3316 sunt
3406 3277 3583 3333 gene-

1985 3345 2239 3413 rationes,
2296 3345 2544 3413 carnalis,
2602 3344 2893 3414 saecularis,
2951 3346 3267 3418 spiritualis.
3344 3349 3585 3406 Carnalis

1985 3442 2263 3516 generatio
2290 3450 2370 3497 est
2398 3456 2559 3512 quam
2591 3443 2755 3498 homo
2785 3458 2853 3499 ex
2882 3459 2940 3499 se
2966 3443 3173 3516 genuit,
3199 3460 3365 3515 opera
3383 3445 3588 3502 scilicet

1986 3530 2267 3587 immunda
2296 3547 2359 3586 ac
2387 3530 2649 3598 scurrilia,
2684 3538 2737 3586 et
2764 3539 2979 3602 caetera,
3034 3549 3155 3603 quae
3205 3542 3329 3590 sunt
3383 3535 3585 3592 fructus

1986 3620 2145 3676 malae
2170 3620 2395 3676 arboris.
2428 3619 2714 3676 Saecularis
2771 3621 3050 3693 generatio
3108 3628 3190 3677 est
3242 3622 3299 3678 in
3355 3625 3587 3695 acquisi-

1986 3718 2129 3774 tione
2160 3719 2507 3791 praediorum,
2540 3718 2597 3774 in
2624 3719 2938 3777 celsitudine
2979 3722 3235 3791 potentia
3282 3730 3336 3779 et
3385 3732 3585 3782 exten-

1984 3808 2135 3864 sione
2166 3806 2418 3877 nominis,
2451 3808 2587 3863 sicut
2616 3808 2810 3865 dicitur
2840 3827 2854 3865 :
2887 3832 2908 3859 α
2968 3810 3307 3868 Vocaverunt
3361 3815 3583 3872 nomina

1984 3914 2081 3953 sua
2110 3897 2163 3952 in
2198 3898 2349 3953 terris
2377 3896 2487 3953 suis
2506 3898 2682 3968 (Psal.
2713 3900 2926 3968 xnvm).
2962 3920 2985 3947 »
3021 3901 3143 3955 Ista:
3183 3902 3578 3975 generationes,

1985 4001 2043 4048 ut
2072 3992 2203 4049 dicit
2222 3992 2505 4066 Origenes,
2536 4009 2643 4049 non
2672 4002 2793 4049 sunt
2835 4011 2904 4049 ex
2949 3995 3239 4052 Israelitica
3282 3997 3581 4057 nobilitate.

1986 4081 2053 4137 Hi
2081 4088 2203 4137 sunt
2230 4081 2408 4152 laquei
2438 4081 2660 4149 diaboli,
2690 4083 2825 4138 retia
2850 4082 3164 4139 Christianae
3203 4085 3420 4155 animae,
3468 4104 3585 4146 ma-

1987 4170 2160 4227 chinae
2188 4169 2499 4237 adversarii,
2540 4186 2660 4240 quae
2708 4170 2963 4226 virtutum
3010 4187 3193 4227 muros
3238 4176 3570 4234 concutiunt.

1989 4266 2254 4338 Spiritalis
2281 4283 2410 4324 vero
2429 4267 2705 4341 generatio
2726 4275 2826 4337 est,
2850 4268 2918 4325 de
2950 4284 3056 4340 qua
3090 4270 3221 4327 dicit
3246 4273 3532 4343 Apostolus
3563 4294 3577 4332 :

1994 4380 2017 4407 «ι
2053 4355 2276 4412 Fructus
2304 4356 2521 4428 spiritus
2577 4365 2657 4412 est
2710 4357 2961 4427 Charitas,
3020 4376 3147 4431 pax,
3204 4362 3467 4434 gaudium
3524 4365 3581 4421 in

280 4489 369 4529 res
398 4445 607 4537 sceculi,
639 4466 707 4522 de
734 4465 845 4519 luto
873 4460 1091 4534 Egypti
1121 4456 1189 4514 ad
1217 4455 1451 4527 quietem
1493 4460 1546 4510 et
1588 4451 1876 4525 repromis-
1900 4462 1954 4524 D
1988 4445 2192 4516 Spiritu
2218 4453 2425 4513 sancto,
2459 4453 2561 4503 etc.
2595 4445 2758 4515 (Gal.
2805 4450 2881 4519 v).
2934 4469 2956 4496 υ
3015 4446 3150 4518 Qua:
3204 4460 3328 4507 sunt
3381 4452 3583 4511 fructus

279 4577 398 4617 sam
428 4566 626 4613 terram
656 4552 952 4611 viventium
1012 4547 1237 4603 feliciter
1288 4543 1678 4616 ingrediuntur.
1744 4541 1881 4598 Sunt

284 4659 452 4716 etiam
479 4654 601 4710 duae
630 4647 1128 4720 concupiscentia:
1186 4658 1295 4698 una
1352 4639 1655 4712 culpabilis,
1713 4639 1880 4694 altera

280 4745 588 4804 laudabilis.
624 4739 921 4813 Culpabilis
948 4744 1027 4792 est
1055 4750 1176 4805 quae
1213 4747 1311 4787 nos
1330 4729 1605 4802 immergit
1648 4728 1877 4784 saecula-

277 4836 430 4894 ribus
457 4843 511 4890 et
537 4828 843 4889 carnalibus
871 4823 1167 4882 desideriis.
1197 4819 1506 4877 Laudabilis
1533 4818 1732 4889 duplex
1775 4824 1875 4873 est.

280 4934 403 4991 Una
440 4938 523 4987 est
549 4946 617 4986 ex
647 4924 932 5000 privilegio
962 4930 1166 4978 natura:
1189 4934 1203 4989 ;
1228 4918 1393 4974 altera
1413 4932 1481 4971 ex
1511 4915 1711 4971 talento
1744 4930 1876 4986 gra-

287 5023 397 5079 tiae.
427 5017 701 5077 Naturalis
739 5021 819 5071 est
868 5008 1305 5082 concupiscentia
1355 5021 1462 5075 qua
1518 5004 1878 5074 unusquisque

280 5118 427 5167 amat
455 5117 509 5166 et
536 5106 759 5179 appetit,
790 5100 1038 5175 quamvis
1064 5098 1276 5155 diversa
1301 5095 1390 5153 via
1417 5109 1606 5149 omnes
1636 5092 1704 5148 ad
1732 5092 1877 5147 idem

280 5207 524 5274 tendant,
555 5204 645 5260 alii
677 5218 774 5275 per
793 5199 1025 5265 divitias,
1056 5195 1150 5252 alii
1181 5210 1277 5266 per
1330 5194 1581 5260 honores,
1639 5188 1731 5245 alii
1778 5206 1880 5262 per

281 5293 746 5369 magniﬁcentiam
777 5296 830 5346 et
857 5285 1268 5359 amplitudinem
1324 5279 1579 5347 nominis,
1638 5278 1729 5334 alii
1783 5295 1881 5351 per

279 5386 610 5455 voluptates,
641 5381 780 5436 sicut
805 5378 937 5433 dicit
961 5375 1193 5432 Boetius.
1226 5375 1294 5428 At
1318 5371 1396 5425 illi
1429 5369 1683 5425 falluntur
1709 5375 1762 5422 et
1787 5383 1878 5421 er-

278 5492 421 5541 rant.
454 5483 564 5537 lsta
598 5478 810 5535 aﬂ‘ectio
839 5483 921 5533 est
947 5490 1102 5531 amor
1129 5479 1415 5529 extraneas
1440 5468 1507 5523 de
1532 5467 1695 5539 longe
1735 5465 1880 5521 olfa-

282 5575 435 5632 ciens
463 5572 688 5636 bonum,
724 5568 821 5624 sed
847 5582 959 5622 non
986 5561 1358 5632 contemplans
1387 5574 1417 5614 e
1443 5557 1624 5614 vicino
1651 5555 1885 5613 suavita-

283 5682 392 5731 tem
420 5671 585 5727 illius.
615 5670 825 5724 Bonum
852 5664 998 5721 enim
1029 5668 1261 5717 natura.
1289 5663 1388 5726 est,
1445 5670 1556 5711 non
1610 5653 1879 5725 reparatio

282 5770 494 5848 gratim.
523 5765 625 5825 Illa
651 5765 820 5823 altera
845 5775 1009 5835 quam
1040 5757 1216 5833 gratia
1240 5754 1448 5814 confert
1475 5758 1557 5810 est
1580 5767 1688 5826 qua
1716 5752 1878 5810 etiam

609 5864 872 5927 PATROL.
907 5855 1145 5923 CLVII.

1984 4543 2143 4600 bonae
2172 4543 2399 4600 arboris.
2431 4544 2546 4600 Hoc
2571 4543 2778 4599 semine
2825 4545 3207 4604 haereditamus
3252 4557 3447 4606 terram
3491 4553 3579 4609 vi-

1983 4634 2252 4689 ventium.
2314 4632 2378 4690 Hi
2436 4639 2559 4688 sunt
2611 4633 2835 4689 masculi
2891 4636 3076 4704 nostri,
3128 4653 3263 4708 quos
3316 4649 3584 4710 superstes

1984 4723 2195 4778 Pharao
2225 4739 2393 4793 usque
2440 4721 2496 4776 in
2554 4721 2875 4779 hodiernum
2931 4724 3076 4780 diem
3134 4726 3321 4782 nititur
3373 4729 3582 4785 exstin-

1983 4836 2151 4893 guere
2180 4818 2424 4891 afﬂigens
2450 4835 2549 4874 nos
2577 4819 2704 4887 luto,
2736 4819 2793 4874 id
2846 4828 2927 4876 est
2978 4822 3275 4879 immundis
3327 4826 3584 4897 operibus

1984 4916 2039 4964 et
2057 4908 2249 4981 paleis,
2274 4907 2328 4962 id
2359 4915 2437 4963 est
2476 4907 2692 4963 levitate
2738 4909 3148 4981 cogitationum,
3180 4912 3376 4982 quibus
3429 4916 3582 4986 quasi

1983 5005 2144 5055 vento
2166 4996 2615 5053 circumferimur.
2639 4996 2793 5052 Unde
2818 4998 3101 5054 Psalmista
3119 5000 3331 5073 plangit
3356 5003 3541 5059 dicens
3564 5024 3578 5061 :

1990 5117 2013 5145 «
2047 5094 2299 5165 Quandiu
2326 5109 2529 5165 ponam
2558 5094 2784 5149 consilia
2815 5095 2871 5149 in
2920 5095 3102 5152 anima
3148 5114 3288 5165 mea,
3337 5098 3582 5158 dolorem

1984 5185 2041 5239 in
2067 5183 2229 5240 corde
2259 5199 2382 5238 meo
2412 5198 2510 5255 per
2534 5182 2679 5238 diem
2710 5184 2893 5253 (Psal.
2948 5185 3066 5251 xu).
3105 5207 3126 5235 ιι
3182 5187 3438 5257 Transite,
3491 5190 3580 5246 in-

1984 5273 2116 5344 quit.
2134 5274 2253 5328 Duo
2273 5280 2397 5327 sunt
2422 5287 2543 5342 quae
2570 5271 2772 5328 faciunt
2792 5289 2978 5328 muros
2998 5273 3138 5329 inter
3157 5291 3256 5331 nos
3279 5285 3333 5333 et
3354 5278 3528 5335 Deum
3565 5296 3578 5335 :

1984 5369 2295 5441 Superﬂuus
2321 5384 2476 5424 amor
2502 5369 2686 5435 nostri,
2727 5375 2780 5423 et
2802 5385 2972 5426 vanus
2999 5385 3154 5426 amor
3208 5374 3415 5433 saeculi.
3481 5376 3585 5432 De-

1985 5461 2088 5515 hoc
2115 5474 2268 5513 muro
2296 5457 2424 5514 dicit
2452 5459 2726 5527 Propheta
2760 5473 2772 5510 :
2810 5481 2832 5506 α
2866 5460 2929 5513 In
2975 5460 3087 5515 Deo
3136 5477 3262 5518 meo
3325 5470 3569 5537 transgre

1984 5556 2103 5612 diar
2128 5572 2339 5611 murum
2368 5553 2559 5626 (Psal.
2593 5554 2754 5623 XVII).
2792 5578 2815 5605 »ι
2850 5556 3126 5613 Transiliri
3175 5566 3353 5631 potest
3400 5578 3585 5616 murus

1984 5652 2074 5708 hic
2099 5652 2154 5706 in
2183 5652 2452 5724 presenti,
2484 5652 2684 5708 destrui
2715 5667 2825 5708 non
2867 5659 3045 5723 potest
3086 5655 3331 5725 penitus.
3394 5657 3590 5713 Tribus

1987 5750 2166 5809 modis
2194 5749 2482 5807 destraitur
2509 5757 2791 5824 peccatum
2822 5758 2882 5807 ut
2934 5766 3046 5809 non
3095 5762 3307 5826 regnet,
3367 5761 3426 5810 ut
3481 5769 3592 5811 non

3188 5849 3266 5912 35
