3986 6070
486 218 626 273 1099
1617 221 1959 280 WEBNEBJ
1994 225 2060 281 ΑΙ

2207 228 2283 284 ,'lS
2320 229 2383 285 S.
2432 232 2658 289 BLASH
2974 238 2979 239 ί
3658 253 3781 305 ίίοθ

485 337 573 408 sit,
605 346 698 394 aut
725 354 841 394 esse
869 353 979 396 non
1003 340 1197 413 possit.
1230 342 1298 397 At
1333 358 1442 399 non
1495 353 1704 419 regnet,
1761 355 1938 420 potest
1990 350 2077 408 hic
2101 355 2161 419 Α
2190 353 2247 408 in
2276 362 2452 412 vestro
2481 358 2695 416 mortali
2725 376 2952 432 corpore
2979 367 3160 435 (Rom.
3194 372 3292 438 vr),
3329 394 3353 421 ι
3384 372 3493 430 duo
3540 375 3656 432 alia
3697 376 3785 431 sci-

480 447 624 495 ‘esse.
656 436 808 495 Unde
828 439 1102 511 apostolus
1127 439 1257 496 dicit
1288 460 1300 497 :
1337 462 1362 494 ι
1394 443 1519 498 Νοιι
1562 452 1755 518 regnet
1792 455 2072 519 peccatum
2179 449 2303 507 licet
2331 459 2391 507 ut
2416 469 2524 508 non
2552 455 2618 511 sit
2647 473 2747 513 nec
2773 474 2893 515 esse
2919 462 3105 531 possit,
3137 436 3294 522 erunt
3318 468 3373 523 in
3404 469 3609 527 intimo.

1444 807 1844 915 DOMIN
1857 812 2061 917 [CA
2169 817 2803 929 UNDECIMA

1774 1046 2173 1116 Secundum
2214 1054 2489 1122 Lucam.

563 1251 585 1276 α
619 1227 766 1284 Dixit
794 1228 1058 1285 Dominus
1082 1228 1233 1284 Jesus
1256 1227 1323 1285 ad
1345 1230 1627 1331 quosdam,
1658 1233 1747 1302 qui
1771 1234 1822 1288 in
1848 1251 1903 1288 se
1938 1251 2073 1291 cou-
2183 1242 2373 1316 telligi,
2404 1245 2539 1331 sicut
2567 1256 2618 1303 et
2656 1247 2786 1305 illud
2818 1251 2961 1322 quod
2992 1254 3121 1310 alibi
3150 1256 3384 1331 legimus
3415 1280 3428 1316 :
3470 1286 3492 1312 ιι
3526 1265 3667 1321 Ante
3685 1268 3776 1321 nii-

489 1315 727 1372 ﬁdebant
759 1327 1011 1388 tanquam
1038 1318 1190 1387 justi,
1248 1325 1299 1373 et
1353 1318 1777 1389 aspernabantur
1829 1332 2070 1394 caeteros,
2181 1315 2317 1382 nam
2365 1330 2691 1387 exaltabitur
2742 1315 2853 1405 cor,
2904 1345 2956 1393 et
3011 1346 3133 1394 ante
3187 1315 3422 1414 gloriam

482 1406 797 1477 parabolam
831 1408 985 1461 istam
1012 1426 1024 1462 :
1050 1407 1167 1462 Duo
1189 1407 1436 1463 homines
1463 1409 1815 1465 ascenderunt
1842 1412 1895 1466 in
1929 1421 2069 1467 tem-
2181 1424 2263 1470 tur
2290 1419 2473 1485 (Prov.
2498 1424 2639 1491 xw).
2673 1442 2695 1472 ι
2740 1421 3142 1497 Quapropteret
3172 1406 3240 1486 de
3258 1433 3439 1489 verbis
3458 1436 3587 1492 elati
3602 1438 3777 1495 Phari-

474 1496 627 1565 plum
657 1503 716 1550 ut
743 1503 974 1565 orarent,
1023 1512 1160 1550 unus
1202 1496 1501 1552 Pharisaeus
1546 1506 1597 1552 et
1642 1499 1775 1554 alter
1819 1501 2069 1571 publica-
2176 1506 2269 1559 seei
2303 1507 2498 1576 quibus
2552 1510 2823 1567 humiliari
2856 1516 3069 1585 meruit,
3128 1534 3416 1588 possumus
3444 1541 3511 1580 ex
3569 1527 3777 1586 diverso

475 1600 595 1652 nus,
630 1591 738 1640 etc.
778 1586 934 1654 (Luc.
967 1588 1152 1654 xvm).
1195 1607 1216 1633 ιι
1265 1586 1649 1654 Ascenderunt,
1700 1588 1889 1658 inquit,
1943 1591 2068 1660 quia
2176 1594 2409 1649 formam
2444 1597 2778 1663 humilitatis,
2824 1619 2930 1673 qua
2957 1586 3331 1677 sublimemur,
3379 1629 3676 1686 assumere,
3724 1627 3777 1674 ut

476 1695 725 1734 ascensus
753 1680 939 1749 templi
970 1697 1040 1734 xv
1069 1682 1333 1753 graduum
1366 1689 1497 1736 erat.
1546 1683 1851 1757 Diligenter
1895 1697 2071 1742 osten-
2096 1690 2148 1751 Β
2180 1682 2313 1737 sicut
2342 1684 2451 1751 ille,
2510 1687 2861 1744 consideratis
2890 1698 2941 1747 et
2967 1694 3214 1764 pejorum
3262 1699 3405 1755 vitiis
3435 1710 3487 1758 et
3513 1705 3628 1760 suis
3662 1680 3777 1761 Ivir-

474 1768 553 1823 dit
581 1784 688 1823 non
717 1785 782 1823 ex
817 1769 1071 1839 operibus
1103 1786 1217 1825 esse
1246 1771 1612 1841 gloriandum,
1658 1774 1751 1828 sed
1799 1775 2073 1832 humiliter
2179 1772 2394 1839 lulibUS,
2443 1782 2521 1828 est
2549 1775 2719 1831 elatus
2747 1779 2815 1833 ad
2845 1780 3075 1851 ruinam,
3124 1784 3197 1840 ita
3228 1803 3344 1857 nos,
3389 1797 3447 1845 ut
3466 1802 3650 1849 nostra
3683 1812 3776 1851 so-

471 1857 528 1912 in
557 1858 731 1931 gratia
760 1857 1166 1914 conﬁdendum.
1218 1859 1539 1915 Publicanus
1575 1863 1806 1933 pertinet
1850 1865 1916 1919 ad
1973 1867 2044 1921 hu

2202 1878 2283 1915 um
2316 1861 2552 1934 pigritia,
2612 1865 2705 1920 sed
2736 1876 2789 1921 et
2844 1870 3127 1926 meliorum
3185 1874 3471 1934 virtutibus
3522 1882 3776 1955 inspectis

470 1946 751 2003 militatem
812 1948 1086 2017 Ecclesite,
1151 1949 1454 2005 Pharisaus
1509 1950 1576 2005 ad
1632 1953 1925 2023 nequitiam
1982 1972 2068 2010 su-
2174 1950 2521 2040 humiliemur
2564 1954 2631 2008 ad
2659 1955 2910 2027 gloriam,
2960 1969 3220 2029 quatenus
3247 1946 3630 2040 unusquisque.
3659 1974 3775 2029 hac

469 2036 693 2109 perbie.
2172 2039 2315 2109 apud
2346 2056 2401 2094 se
2431 2042 2659 2112 supplex
2704 2061 2767 2100 ac
2795 2046 3089 2104 submissus
3134 2036 3416 2111 obsecret;
3439 2036 3587 2114 Deus
3605 2063 3775 2117 omni-

544 2154 566 2183 »
601 2133 916 2190 Pherisaeus
943 2142 1089 2191 stans
1136 2136 1242 2192 hoc
1295 2136 1439 2208 apud
1493 2155 1549 2192 se
1605 2137 1838 2194 orabat:
1898 2140 2059 2209 Deus,

2196 2135 2381 2197 totens,
2441 2131 2695 2187 miserere
2750 2136 2979 2206 supplici
3027 2144 3135 2207 tuo,
3170 2142 3296 2211 quia
3323 2159 3434 2199 non
3485 2164 3607 2203 sum
3636 2150 3770 2207 sicut

466 2222 668 2295 gratias
699 2222 793 2276 tibi
823 2238 929 2295 ago
958 2224 1083 2293 quia
1113 2240 1221 2279 non
1251 2241 1368 2279 sum
1398 2226 1534 2281 sicut
1561 2226 1738 2281 caeteri
1762 2228 2036 2283 hominum

2194 2219 2437 2272 nnumeri
2467 2221 2609 2275 servi
2643 2222 2713 2276 tui
2746 2232 3059 2297 contemptu
3087 2230 3266 2285 saeculi
3295 2232 3575 2307 sublimes,
3613 2238 3768 2308 justi-

469 2318 734 2381 raptores,
767 2311 971 2380 injusti,
1006 2312 1251 2379 adulteri,
1285 2314 1431 2369 velut
1460 2322 1512 2369 et
1542 2315 1628 2371 hic
1666 2315 2002 2386 publicanus.
2031 2341 2054 2367 ι
2171 2312 2258 2368 tiae
2284 2316 2475 2371 merito
2505 2318 2747 2389 gloriosi,
2806 2322 3066 2378 castitatis
3096 2325 3253 2382 laude
3290 2332 3536 2402 angelica
3592 2336 3764 2405 nitidi,

465 2398 708 2467 Quatuor
724 2406 847 2453 sunt
865 2400 1072 2470 species
1104 2401 1299 2470 quibus
1343 2404 1521 2457 omnis
1576 2410 1752 2459 tumor
1803 2420 2062 2477 arrOgan-
2166 2403 2312 2458 velut
2340 2404 2502 2459 etiam
2533 2408 2911 2464 multiillorum
2944 2414 3033 2482 qui
3057 2398 3399 2490 postﬂagitia
3428 2398 3769 2496 publica

464 2487 599 2542 tium
629 2487 1041 2543 demonstratur.
1077 2491 1209 2544 Cum
1240 2498 1417 2545 autem
1447 2492 1648 2547 bonum
1681 2508 1713 2548 a
1758 2494 2059 2565 semetipsis
2166 2493 2385 2548 nitendo
2418 2493 2509 2549 tibi
2540 2506 2846 2553 meruerunt
2868 2516 2983 2555 esse
3013 2500 3213 2559 devoti.
3237 2487 3343 2576 Qui
3375 2487 3537 2566 etiam
3573 2487 3765 2584 siquid

460 2576 661 2632 habere
690 2575 1016 2645 existimant,
1047 2586 1140 2633 aut
1167 2579 1210 2633 si
1240 2579 1474 2650 desuper
1497 2580 1678 2637 datum
1710 2582 1931 2637 credant
1957 2600 2056 2655 pro
2163 2580 2293 2636 boni
2324 2591 2413 2638 tua
2468 2586 2642 2656 gratia
2670 2586 2937 2659 largiente
2992 2590 3191 2659 fecero,
3253 2575 3359 2665 quo
3389 2597 3494 2654 fine
3523 2575 3670 2658 haec-
3692 2604 3765 2659 fa-

457 2664 665 2722 meritis
682 2666 794 2720 suis
814 2665 996 2721 datum
1022 2667 1145 2732 sibi,
1171 2675 1405 2723 autcum
1430 2670 1638 2740 jactant
1674 2671 1872 2727 habere
1909 2673 2053 2743 quod
2161 2670 2323 2737 ciam,
2357 2688 2532 2742 quave
2560 2690 2592 2729 a
2623 2682 2673 2729 te
2702 2676 3032 2734 districtione
3059 2664 3354 2750 praesenter
3398 2688 3618 2757 ignoro.
3653 2691 3762 2749 Sed

455 2770 564 2810 non
586 2753 804 2820 habent,
830 2763 921 2810 aut
956 2756 1221 2827 despectis
1255 2757 1464 2813 caeteris
1499 2759 1841 2831 singulariter
1867 2762 2055 2850 volunt
2161 2762 2589 2850 praetereundum
2647 2779 2754 2818 non
2784 2774 2862 2821 est
2908 2768 3035 2837 quid
3065 2770 3132 2824 sit
3188 2773 3333 2842 quod
3362 2753 3577 2849 legitur,
3635 2781 3763 2850 quia

454 2842 626 2900 videri
657 2842 857 2901 habere
886 2844 1030 2913 quod
1060 2844 1278 2913 habent,
1311 2853 1367 2901 ut
1407 2846 1506 2902 iste
1539 2849 1856 2904 Pharisaeus.
1898 2849 2053 2906 Unde
2159 2847 2417 2904 Salomon
2446 2851 2514 2905 ad
2544 2852 2802 2908 honorem
2833 2854 3052 2911 Domini
3085 2861 3346 2931 templum
3388 2842 3755 2936 aediﬁcaverit,

452 2930 656 3002 absque
676 2931 823 2987 bona
848 2933 1057 2989 actione
1076 2934 1145 2988 de
1169 2934 1369 3006 templo
1389 2935 1650 3003 discessit,
1702 2938 1827 3007 quia
1872 2938 2045 3010 publi-
2154 2938 2220 2991 ad
2251 2938 2395 3007 quod
2424 2954 2496 2994 xv
2522 2940 2780 3012 gradibus
2806 2930 3211 3003 ascendebaturi
3228 2958 3281 3005 et
3308 2951 3412 3009 hoc
3436 2969 3544 3010 non
3602 2930 3755 3016 vacat

452 3035 588 3076 cano
616 3021 954 3090 sejactanter
979 3022 1237 3093 praetulit.
2072 3047 2121 3109 Ο
2154 3042 2186 3079 a
2215 3027 2490 3097 mysterio.
2523 3029 2806 3100 Templum
2855 3033 3000 3088 enim
3031 3035 3161 3091 illud
3192 3038 3576 3113 pmﬁgurabat
3626 3054 3755 3102 tem-

525 3143 547 3168 α
577 3120 773 3191 Jejuno
797 3119 952 3175 bisin
973 3119 1211 3176 Sabbato
1236 3135 1249 3191 ;
1273 3121 1514 3177 decimas
1540 3122 1611 3179 do
1649 3125 1892 3181 omnium
1923 3143 2045 3198 quae
2154 3114 2301 3184 Pium
2333 3115 2463 3169 “111d
2494 3118 2636 3186 Ψιοά
2666 3117 2723 3172 in
2772 3120 2975 3176 003103“
3002 3122 3339 3182 Hierusalem
3369 3130 3603 3188 ωᾶὶᾶαιι
3646 3136 3754 3192 Do-

440 3208 719 3280 possideo.
782 3231 804 3256 υ
871 3208 1119 3264 Ezechiel
1175 3209 1305 3264 dicit
1360 3211 1617 3268 animalia
1673 3213 1775 3268 sibi
1834 3223 2013 3270 ostens

2180 3203 2336 3257 uinus
2362 3220 2430 3259 ex
2458 3206 2597 3261 vivis
2653 3206 2924 3277 lapidibus
2955 3229 2968 3266 :
3001 3212 3069 3267 ad
3088 3215 3234 3283 quod
3263 3219 3415 3286 quasi
3443 3235 3516 3276 xv
3571 3225 3754 3294 gradi-

446 3296 608 3354 fuisse
636 3297 807 3354 oculis
834 3298 995 3368 plena
1024 3298 1247 3367 (Ezech.
1282 3301 1343 3369 ι),
1378 3300 1505 3370 quia
1551 3311 1854 3358 sanctorum
1902 3305 2044 3361 actio
2152 3290 2255 3346 bus
2309 3292 2631 3348 αεεθυάίῑυΐο
2679 3294 2997 3363 QUiDdecim
3055 3302 3200 3357 enim
3262 3320 3516 3363 numerus
3697 3324 3753 3369 at

443 3386 681 3457 undique
712 3384 875 3441 debet
905 3402 1019 3440 esse
1082 3386 1493 3457 circumspecta.
1559 3390 1667 3445 Sed
1723 3407 1822 3446 nos
1873 3409 2017 3463 saepe

2175 3388 2359 3434 :onstat
2386 3396 2451 3435 ex
2481 3385 2784 3453 septenario
2814 3393 2868 3440 et
2900 3390 3195 3445 octonario.
3228 3392 3575 3464 Septenarius
3620 3418 3749 3458 vero

441 3473 571 3529 dum
602 3475 722 3529 aliis
750 3474 909 3527 rebus
938 3474 1284 3543 intendimus,
1318 3476 1450 3530 alias
1478 3478 1825 3550 negligimus.
1861 3482 2015 3537 Phari

2173 3483 2269 3523 imo
2291 3476 2499 3525 terrena
2534 3470 2818 3543 signiﬁcat.
2845 3491 2965 3545 que
2997 3477 3285 3535 volvuntur
3310 3488 3616 3554 septenario
3643 3506 3747 3544 nu-

441 3559 581 3617 seeus
609 3561 677 3616 ad
702 3560 1102 3629 abstinentiam,
1136 3563 1204 3617 ad
1236 3564 1658 3621 misericordiam
1691 3569 1907 3624 oculum
1946 3572 2015 3626 ha

2174 3574 2325 3612 nero.
2360 3556 2568 3627 Quibus
2595 3562 2791 3632 spretis
2838 3571 2890 3618 et
2945 3569 3269 3639 contemptis
3322 3574 3633 3630 ascenditur
3679 3578 3748 3632 ad

438 3649 651 3719 buerat,
683 3649 778 3704 sed
805 3648 871 3704 ad
904 3650 1224 3704 humilitatis
1269 3653 1565 3707 custodiam
1617 3670 1722 3710 non
1782 3658 2012 3714 habebat

2170 3646 2410 3717 emplum
2444 3648 2664 3703 Domini
2694 3666 2792 3722 per
2819 3656 3225 3726 octogenarium
3255 3676 3562 3731 numerum,
3585 3665 3643 3720 id
3669 3683 3744 3729 es;

441 3738 509 3793 Et
536 3738 663 3808 quid
688 3737 903 3810 prodest
921 3737 1191 3793 civitatem
1227 3739 1499 3808 custodiri,
1531 3742 1575 3796 si
1606 3759 1769 3799 unum
1795 3745 2015 3803 foramen

2168 3751 2244 3791 ier
2270 3736 2527 3805 coelestia,
2560 3755 2679 3808 qua:
2737 3757 2835 3811 per
2882 3751 3000 3798 octo
3046 3743 3404 3805 beatitudines
3447 3754 3742 3823 acquirun-

436 3827 787 3898 relinquatur,
822 3825 964 3881 unde
996 3826 1065 3882 ab
1097 3827 1337 3883 hostibus
1367 3829 1607 3886 intretur.
2144 3832 2251 3879 tur.
2284 3825 2378 3881 Vel
2409 3826 2533 3897 Quia
2565 3836 2687 3882 sunt
2713 3837 2919 3901 septem
2964 3832 3264 3892 criminalia
3316 3838 3465 3907 vitia,
3521 3852 3745 3912 possunt

513 3949 535 3974 ιι
570 3925 640 3980 Ει
664 3923 985 3996 publicanus
1014 3941 1044 3980 a
1076 3925 1239 3998 longe
1267 3932 1414 3980 stans
1444 3927 1663 3983 nolebat
1707 3945 1809 3985 nec
1854 3931 2038 3988 oculos

2170 3914 2369 3987 ntelligi
2393 3931 2491 3987 per
2511 3918 2874 3986 scptcnarium
2898 3936 3177 3978 numerum
3207 3940 3220 3991 ;
3244 3942 3363 3996 que
3385 3929 3616 4000 quisque
3652 3932 3744 3988 de-

436 4014 505 4073 ad
534 4014 729 4071 cwlum
760 4014 961 4082 levare,
995 4014 1091 4069 sed
1120 4013 1453 4086 percutiebat
1508 4025 1694 4089 pectus
1746 4036 1902 4074 suum
1958 4021 2038 4076 di-
2141 4003 2233 4059 δεῖ
2262 4011 2607 4060 contemnere
2636 4006 2725 4076 ίῐυί
2757 4007 2825 4063 ad
2855 4010 3115 4081 templum
3146 4012 3365 4070 Domini
3394 4017 3513 4072 τυιι
3555 4035 3743 4076 ascen-

433 4119 562 4161 cens
585 4123 596 4160 :
619 4104 785 4171 Deus,
802 4104 1068 4173 propitius
1089 4112 1201 4160 esto
1235 4104 1368 4159 mihi
1404 4107 1691 4175 peccatori.
1721 4129 1743 4156 ι»
1781 4109 1914 4165 Dico
1942 4126 2007 4168 vo

2168 4092 2285 4159 lere,
2330 4092 2604 4162 quomodo
2634 4094 2794 4150 debet
2820 4097 3108 4155 ascendere
3136 4117 3233 4172 per
3284 4111 3406 4160 octo
3458 4105 3742 4165 beatitudi.

430 4192 534 4261 bis,
558 4191 833 4247 descendit
851 4191 939 4247 hic
953 4190 1274 4262 justiﬁcatus
1295 4193 1348 4247 in
1380 4193 1599 4250 domum
1623 4213 1774 4252 suam
1813 4197 1882 4253 ab
1914 4198 2004 4254 illo

1977 4214 2029 4269 ο²
2138 4197 2253 4252 nes,
2289 4197 2395 4252 qua
2424 4181 2800 4256 intelliguntur
2826 4202 2929 4258 per
2956 4195 3207 4246 octavum
3238 4207 3551 4253 numerum.

428 4280 485 4337 id
516 4280 683 4338 estad
710 4282 1173 4352 comparationem
1221 4281 1381 4353 illius,
1430 4284 1518 4339 vel
1569 4285 1855 4357 plusquam
1914 4287 2024 4358 ille,
2616 4286 2909 4360 Expositio
2938 4288 3007 4347 de
3035 4292 3247 4349 eodem.

430 4369 558 4440 quia
587 4369 675 4424 ille
706 4368 850 4439 apud
878 4386 934 4424 se
966 4369 1031 4424 de
1062 4370 1335 4441 operibus,
1370 4370 1455 4426 hic
1483 4388 1612 4428 vero
1660 4374 1803 4444 apud
1850 4376 2022 4431 Deum
2056 4406 2116 4470 Β
2233 4397 2255 4422 α
2288 4374 2480 4430 Beatus
2508 4374 2607 4443 vir,
2625 4376 2721 4470 cui
2742 4392 2849 4470 non
2869 4376 3153 4449 imputavit
3169 4382 3434 4441 Dominus
3450 4396 3730 4458 peccatum

427 4475 495 4516 ex
523 4456 628 4512 ﬁde
651 4455 970 4527 justiﬁcatus
998 4467 1096 4513 est.
1130 4461 1172 4513 A
1202 4459 1365 4532 longe
1389 4467 1528 4515 stare
1560 4477 1661 4517 nec
1719 4465 1906 4520 oculos
1951 4465 2025 4521 le-
2056 4455 2111 4470 ”
2134 4463 2315 4531 (Psal.
2347 4468 2521 4534 xxxi).
2559 4488 2581 4514 υ
2617 4463 2720 4535 Qui
2750 4465 2836 4522 hic
2862 4476 3083 4538 peccata
3112 4486 3209 4527 sua
3236 4455 3488 4545 lacrymis
3540 4478 3729 4549 abluit,

427 4561 555 4603 vare
583 4545 781 4601 indicia
808 4553 929 4600 sunt
957 4546 1270 4602 humilitatis
1316 4565 1475 4618 quam
1536 4549 1681 4605 Deus
1736 4550 1801 4606 de
1855 4568 2025 4625 prope
2135 4551 2489 4625 eleemosynis
2532 4552 2765 4625 redimit,
2815 4556 2938 4613 huic
2977 4558 3245 4615 Dominus
3311 4578 3376 4619 ea
3436 4564 3495 4620 in
3551 4545 3728 4625 futuro

427 4634 637 4706 aspicit.
671 4636 775 4689 Iste
809 4634 1191 4690 conscientiam
1221 4637 1437 4706 premit,
1496 4638 1590 4693 sed
1642 4656 1793 4711 spem
1850 4642 2027 4698 suble-
2134 4657 2241 4697 non
2269 4642 2575 4714 imputabit,
2608 4643 2734 4714 quia
2789 4644 3017 4715 ipsemet
3071 4664 3136 4704 ea
3191 4649 3278 4707 hic
3305 4653 3539 4723 puniens
3574 4657 3733 4714 dam-

425 4732 519 4782 vat
549 4738 562 4793 ;
595 4731 783 4794 pectus
828 4723 1054 4794 percutit
1107 4739 1295 4795 poenas
1321 4726 1389 4781 de
1418 4743 1474 4782 se
1504 4726 1747 4800 exigens,
1780 4736 1838 4784 ut
1881 4731 2026 4786 Deus
2133 4731 2299 4787 navit.
2330 4730 2432 4801 Qui
2462 4739 2639 4788 autem
2670 4749 2778 4789 non
2807 4735 3008 4808 cogitat
3036 4736 3164 4807 quid
3204 4739 3321 4811 jam
3370 4741 3582 4813 fecerit,
3633 4748 3729 4804 sed

426 4824 654 4887 parcat;
688 4810 970 4869 conﬁtetur
997 4820 1056 4867 ut
1084 4814 1227 4869 Deus
1276 4814 1566 4888 ignoscat;
1618 4817 1834 4890 ignorat
1881 4820 2025 4876 Deus
2132 4828 2261 4901 quid
2289 4829 2465 4886 adhuc
2502 4829 2678 4886 facere
2727 4831 2912 4903 possit.
2957 4832 3046 4890 hic
3090 4844 3348 4906 provocat
3393 4840 3495 4896 Dei
3543 4810 3730 4900 vindi-

425 4902 569 4974 quod
599 4902 695 4957 iste
726 4901 993 4975 agnoscit.
1036 4902 1281 4958 Fundere
1309 4911 1486 4959 autem
1534 4913 1721 4976 pectus
1759 4908 1888 4978 quid
1919 4916 2017 4978 est,
2129 4925 2291 4984 ctam,
2326 4918 2452 4990 quia
2484 4940 2506 4968 ι
2560 4920 2649 4991 qui
2700 4901 2877 4991 diligit
2922 4901 3280 4994 iniquitatem,
3330 4927 3443 4984 odit
3484 4934 3729 4990 animam

421 4992 524 5047 nisi
540 5007 767 5064 arguere
787 4992 931 5061 quod
954 4991 1081 5046 latet
1103 4991 1155 5045 in
1181 5000 1418 5063 pectore,
1467 5001 1520 5048 et
1560 4995 1810 5051 evidente
1866 4998 2021 5069 pulsu
2128 5023 2280 5062 suam
2312 5009 2486 5077 (Psal.
2517 5008 2592 5078 x).
2631 5032 2653 5059 ιι
2686 5008 2756 5065 Ει
2783 5009 2873 5081 qui
2903 4991 3139 5068 animam
3167 4991 3319 5070 suam
3368 5017 3502 5088 odit,
3551 5022 3726 5077 Deum

421 5081 688 5136 occultum
717 5081 979 5152 castigare
1010 5087 1289 5151 peccatum
1314 5082 1343 5134 ‘?
1364 5081 1562 5170 Typice
1604 5083 1904 5140 Pharisaaus
1931 5087 2022 5142 Ju-
2128 5096 2311 5167 utique
2354 5096 2466 5153 odit
2498 5112 2511 5165 ;
2546 5097 2706 5168 hujus
2735 5097 2987 5170 iniquitas
3036 5101 3341 5160 invenietur
3399 5081 3725 5169 adrodium.

422 5167 661 5223 decorum
681 5176 769 5224 est
798 5170 1049 5239 populus,
1100 5170 1190 5239 qui
1238 5185 1319 5266 ex.
1356 5169 1856 5266 justiﬁcationibus-
1883 5175 2020 5266 legis
2130 5185 2265 5241 sunt
2294 5186 2534 5257 plerique
2565 5167 2626 5241 in
2666 5167 2900 5259 peccatis
2938 5190 3140 5246 sordidi
3188 5192 3281 5262 qui
3322 5210 3382 5250 se
3422 5196 3601 5266 justos

422 5256 631 5310 extollit
659 5256 851 5311 merita
880 5273 995 5325 sua,
1030 5265 1085 5311 et
1105 5258 1468 5326 superbiendo
1497 5261 1722 5316 recedit.
1764 5262 2017 5319 Publica-
2126 5256 2331 5345 ρυιω,
2365 5281 2417 5329 et
2463 5274 2597 5330 alios
2641 5256 2789 5331 velut
2843 5287 3149 5348 peccatores
3192 5256 3471 5340 damnant.
3518 5288 3723 5344 Horum

420 5360 523 5399 nus
552 5359 679 5398 vero
707 5345 941 5415 gentilis,
975 5346 1065 5415 qui
1096 5346 1368 5402 humiliter
1396 5356 1619 5417 peccata
1663 5366 1761 5406 sua
1805 5352 2016 5408 confes-
2124 5359 2481 5430 pervicaciam
2507 5360 2771 5415 Dominus
2814 5345 3076 5419 hodierno
3122 5367 3408 5438 evangelio
3453 5370 3719 5443 reprimit,

418 5443 527 5497 sus,
561 5427 955 5498 appropinquat
979 5429 1094 5484 Deo
1126 5436 1178 5485 et
1207 5431 1489 5487 exaltatur.

2147 5447 2192 5502 ὼ
2220 5447 2298 5502 eis
2326 5454 2505 5503 autem
2534 5449 2816 5518 despectos
2844 5451 2913 5505 ad
2957 5466 3111 5523 spem
3156 5427 3333 5511 veniae

491 5548 515 5573 α
550 5522 690 5592 Quia
717 5522 893 5578 omnis
920 5525 1011 5592 qui
1047 5541 1105 5581 se
1131 5528 1332 5584 exaltat
1358 5530 1745 5601 bumiliabitur,
1803 5541 1859 5589 et
1919 5536 2011 5606 qui
2118 5544 2201 5591 rat
2228 5536 2428 5608 quippe
2455 5536 2591 5593 duos
2613 5537 2669 5592 in
2701 5539 2957 5610 templum
2988 5522 3379 5614 Hierosolymis
3402 5522 3571 5604 causa
3597 5565 3719 5605 ora-

417 5629 475 5669 se
505 5611 749 5669 humiliat
778 5609 1115 5699 excitabitur.
1152 5635 1176 5661 ι
1212 5615 1278 5670 Ει
1304 5616 1373 5671 de
1400 5625 1626 5689 utroque
1651 5623 1853 5692 populo
1873 5639 2010 5693 prie-
2117 5624 2277 5681 tionis
2304 5625 2606 5682 ascendisse
2637 5645 2651 5681 :
2684 5609 2850 5682 unum
2879 5609 3470 5699 Pharisieumfscilicet
3508 5636 3721 5696 Iudaeo-

416 5702 529 5762 fato
551 5708 603 5761 et
631 5699 700 5758 de
727 5697 875 5755 omni
901 5699 1132 5774 superbo
1164 5702 1246 5757 vel
1283 5704 1473 5760 humili
1499 5715 1646 5765 recte
1687 5718 1865 5785 potest
1913 5711 2004 5766 in-
2115 5729 2234 5769 rum
2261 5713 2536 5785 clericum,
2566 5714 2732 5772 alium
2776 5716 3124 5790 publicanum
3152 5697 3315 5778 fuisse
3341 5723 3504 5796 (Luc.
3553 5730 3715 5803 xm)
