4042 6080
237 322 370 375 HO!

1169 314 1751 373 DEFLORATIONES
1791 313 1895 368 SS.
1944 313 2257 370 PATRUM.
2300 346 2366 355 —
2407 314 2534 370 LIB.
2578 316 2625 369 ll

3401 318 3535 373 110?.

238 443 543 497 Pharisznus
563 441 729 496 altare
784 440 1241 513 apprOpinquans,
1302 456 1492 495 manus
1549 447 1601 495 et
1645 439 1829 495 oculos
1858 445 1912 498 A
1945 455 2060 493 mas
2122 441 2213 495 dat
2242 440 2483 495 omnium
2515 454 2636 508 quae
2665 441 2902 510 possidet
2932 441 3021 512 qui
3054 442 3375 514 decalogum
3406 443 3543 515 legis

234 531 302 586 ad
331 530 528 587 coelum
560 529 796 599 elevans,
821 528 941 585 Deo
970 538 1151 603 grates
1178 528 1374 596 retulit,
1408 528 1552 598 quod
1582 528 1700 582 aliis
1728 529 1834 582 ho-

233 620 471 675 minibus
500 618 775 674 dissimilis
804 618 980 685 fuerit,
1015 619 1105 689 qui
1154 627 1414 690 raptores,
1449 616 1650 686 injusti,
1685 615 1834 669 adul-

229 718 326 772 teri
359 716 554 781 forent,
586 724 643 771 ut
669 716 757 770 ille
780 716 1096 788 publicanus
1125 716 1215 786 qui
1244 724 1384 771 retro
1415 722 1645 783 astaret;
1676 713 1760 767 bis
1780 712 1835 766 in

234 805 579 862 hebdomada
604 805 891 876 jejunaret,
942 806 1181 860 decimas
1226 803 1465 859 omnium
1496 818 1672 857 rerum
1702 816 1832 855 sua-

228 911 349 949 rum
382 893 558 950 daret.
594 893 918 949 Publicanus
946 900 1123 949 autem
1155 894 1209 947 in
1240 892 1438 965 angulo
1469 891 1701 961 quodam
1758 890 1834 944 la—

234 990 401 1058 tebat,
441 997 493 1046 et
521 990 706 1046 oculos
734 990 802 1045 ad
836 990 1032 1046 caelum
1064 990 1244 1045 levare
1271 1005 1380 1044 non
1410 988 1644 1044 audebat
1674 1004 1687 1058 ;
1731 1005 1830 1060 pc-

227 1087 345 1136 ctus
373 1086 577 1134 tantum
608 1078 960 1148 percutiebat,
1005 1080 1177 1133 Deum
1228 1077 1331 1132 sibi
1387 1078 1679 1149 propitium
1718 1077 1832 1132 ﬁeri

229 1168 471 1240 petebat.
518 1167 726 1223 Deinde
756 1166 884 1223 dicit
912 1168 1174 1222 Dominus
1222 1167 1365 1237 quod
1420 1174 1641 1235 peccata
1695 1182 1831 1221 con-

228 1262 385 1320 ﬁtens
438 1263 773 1320 descenderit
790 1263 1127 1334 justiﬁcatus,
1190 1263 1328 1319 facta
1357 1271 1534 1318 autem
1593 1280 1689 1317 sua
1737 1263 1831 1333 ja-

227 1358 379 1405 ctans
433 1347 627 1404 abierit
690 1348 1028 1420 reprobatus,
1079 1348 1204 1418 quia
1259 1348 1437 1403 omnis
1492 1364 1548 1403 se
1591 1348 1832 1402 exultans

228 1436 617 1505 humiliabitur,
658 1444 709 1493 et
741 1454 796 1491 se
827 1437 1117 1493 humilians
1164 1436 1513 1491 exaltabitur.
1563 1435 1711 1503 Ideo,
1742 1435 1829 1489 di-

229 1534 525 1603 lectissimi,
568 1551 689 1589 cum
719 1533 788 1590 ad
825 1535 1127 1590 orationem
1183 1534 1497 1599 convenitis,
1532 1548 1639 1587 non
1692 1532 1830 1587 bene

236 1624 379 1679 facta
422 1630 600 1680 vestra
650 1623 876 1693 jactare,
936 1639 1033 1678 nec
1076 1622 1210 1678 alios
1261 1623 1539 1688 damnare,
1579 1620 1671 1677 sed
1702 1636 1829 1676 vos-

233 1714 381 1784 ipsos
411 1729 682 1778 accusare,
715 1712 850 1769 alios
878 1728 1069 1768 omnes
1116 1712 1285 1782 iustos
1313 1719 1559 1782 reputare
1590 1710 1820 1766 debetis.

1944 543 2043 597 per
2069 527 2254 583 decem
2287 544 2474 582 sensus
2503 528 2745 597 corporis
2774 529 2980 600 implet.
3015 529 3264 600 Quinque
3306 546 3541 600 namque

1942 615 2213 687 duplicata
2241 615 2427 672 decem
2460 615 2680 682 faciunt,
2736 625 2796 672 ut
2849 617 2955 673 duo
3004 618 3165 687 oculi,
3214 619 3336 675 dum
3365 635 3539 690 aures,

1943 721 2043 768 etc.
2103 713 2210 769 Sed
2260 713 2429 793 Judaei
2487 714 2687 769 malum
2747 722 2867 770 actu
2924 723 2975 771 et
3006 724 3129 772 voto
3160 716 3536 788 operabantur,

1940 810 2210 874 praecepta
2266 803 2361 857 Dei
2436 804 2640 859 cunctis
2702 804 2948 860 sensibus
2995 805 3537 879 transgrediebantur.
3622 851 3630 859 .

1942 890 2265 949 Publicanus
2294 891 2383 961 qui
2413 907 2445 946 a
2475 892 2637 965 longe
2665 892 2858 963 stabat,
2892 902 2972 951 est
3016 894 3234 967 gentilis
3285 895 3537 965 populus,

1940 986 2091 1056 quia
2120 987 2265 1042 cultu
2295 986 2511 1042 Domini
2546 988 2731 1058 procul
2776 997 2908 1045 erat.
2959 989 3160 1046 Oculos
3215 989 3283 1044 ad
3339 990 3537 1046 caelum

1939 1091 2048 1131 non
2076 1076 2311 1144 levabat,
2346 1076 2472 1147 quia
2501 1078 2724 1131 terrenis
2772 1086 2973 1135 tantum
3020 1078 3286 1135 inhiabat.
3354 1080 3542 1135 Pectus

1939 1166 2286 1235 percutiebat,
2341 1165 2468 1219 dum
2528 1180 2761 1220 errorem
2809 1183 2963 1222 suum
3020 1184 3117 1239 per
3169 1168 3539 1239 paenitentiam

1943 1261 2197 1317 deﬂebat.
2232 1263 2293 1316 Et
2347 1260 2473 1332 quia
2527 1278 2584 1317 se
2612 1279 2710 1334 per
2755 1263 3147 1321 confessionem
3199 1266 3535 1335 humiliabat,

1939 1351 2082 1405 Deus
2110 1351 2259 1405 illum
2280 1367 2378 1420 per
2405 1350 2621 1406 veniam
2653 1352 2955 1409 exultabat.

2010 1439 2074 1493 Et
2104 1456 2199 1494 nos
2243 1455 2394 1511 ergo,
2427 1440 2744 1509 charissimi,
2808 1441 3032 1513 alonge
3078 1450 3296 1510 stemus,
3328 1451 3387 1498 ut
3440 1461 3539 1500 nos

1938 1535 2235 1590 Dominicis
2289 1537 2636 1592 sacramentis
2690 1545 2743 1592 et
2803 1546 3108 1594 sanctorum
3163 1541 3431 1597 consortio
3460 1541 3542 1597 in-

1937 1624 2132 1696 dignos
2155 1624 2488 1694 judicemus.
2529 1624 2728 1681 Oculos
2774 1626 2843 1682 ad
2874 1628 3069 1684 calum
3126 1645 3237 1685 non
3281 1629 3540 1699 levemus,

1939 1720 1995 1767 ut
2024 1729 2122 1768 nos
2150 1712 2401 1786 indignos
2431 1713 2571 1769 coelo
2631 1721 2960 1786 reputemus.
3019 1718 3208 1773 Pectus
3236 1718 3541 1787 tundamus,

233 1810 455 1866 Animas
482 1818 685 1866 vestras
723 1810 776 1863 in
827 1816 1113 1881 conspectu
1167 1808 1265 1865 Dei
1295 1809 1615 1877 humilitate,
1658 1808 1832 1879 ipsum
1862 1795 1915 1858 Β
1947 1817 2003 1865 ut
2030 1811 2317 1867 commissa
2348 1810 2560 1867 ﬂetibus
2589 1812 2896 1884 puniamus.
2956 1815 3089 1869 Ante
3139 1816 3309 1870 Deum
3358 1816 3543 1889 proci-

234 1915 329 1956 ore
358 1907 411 1954 et
436 1899 598 1954 corde
619 1898 882 1963 invocata,
918 1906 970 1953 et
998 1897 1052 1951 in
1106 1898 1194 1952 die
1228 1897 1583 1952 tribulationis
1637 1913 1735 1952 vos
1763 1896 1836 1951 li-

231 1987 446 2044 berabit
472 1995 526 2043 et
575 2004 739 2059 super
784 1987 1031 2043 inimicos
1064 1994 1270 2043 vestros
1307 1986 1582 2043 exaltabit.
1644 1986 1835 2042 Prohi-

232 2086 358 2142 bete
383 2086 625 2159 linguam
654 2094 885 2142 vestram
917 2101 949 2141 a
977 2084 1142 2152 malo,
1174 2090 1227 2139 et
1254 2082 1397 2139 labia
1426 2091 1600 2139 vestra
1629 2101 1660 2139 a
1690 2083 1835 2153 dolo,

234 2174 363 2246 quia
417 2191 484 2230 ex
540 2173 719 2230 verbis
771 2174 881 2229 suis
937 2174 1159 2244 quisque
1210 2172 1608 2243 justiﬁcabitur,
1666 2180 1719 2228 et
1772 2190 1839 2229 ex

239 2262 422 2320 verbis
450 2263 559 2318 suis
578 2261 1044 2318 condemnabitur.
1113 2260 1218 2331 Qui
1277 2260 1350 2316 ita
1389 2269 1506 2317 orat
1531 2261 1668 2316 sicut
1720 2262 1836 2316 Do-

238 2361 418 2416 minus
455 2360 656 2428 docuit,
734 2361 874 2415 hunc
912 2359 1178 2416 Dominus
1233 2359 1485 2415 exaudiet
1517 2375 1530 2428 ;
1568 2359 1659 2430 qui
1711 2376 1839 2415 vero

238 2450 394 2505 aliter
421 2456 555 2513 orat,
599 2449 758 2519 hujus
795 2448 964 2503 oratio
1012 2448 1067 2502 in
1098 2455 1374 2519 peccatum
1413 2447 1526 2503 ﬁet.
1568 2448 1700 2503 Vitae
1740 2465 1839 2503 ne-

232 2538 465 2594 cessaria
494 2546 545 2593 et
574 2538 774 2610 gaudia
802 2545 1003 2592 aeterna
1050 2537 1233 2608 petite,
1289 2545 1341 2592 et
1368 2536 1515 2592 dabit
1542 2537 1699 2592 vobis
1732 2537 1841 2592 Pa-

235 2646 317 2693 ter
356 2645 605 2707 utraque.
654 2635 805 2691 Multi
851 2643 1024 2702 orant,
1083 2643 1137 2690 et
1193 2650 1299 2690 non
1351 2617 1641 2707 impetrant
1694 2651 1706 2706 ;
1750 2637 1845 2692 sed

239 2728 413 2782 oratio
470 2742 653 2781 eorum
695 2725 795 2779 erit
851 2724 1216 2793 exsecrabilis,
1273 2724 1399 2795 quia
1449 2742 1633 2781 aurem
1690 2742 1843 2781 suam

236 2822 487 2872 avertunt
515 2830 546 2870 a
575 2815 810 2870 clamore
838 2813 1109 2886 pauperis.
1169 2836 1191 2863 ιε
1224 2814 1348 2868 Non
1377 2814 1518 2867 enim
1551 2815 1727 2869 omnis
1755 2811 1845 2885 qui

234 2913 367 2968 dicit
394 2912 443 2967 ei
477 2932 489 2967 :
523 2912 774 2980 Domine,
810 2912 1067 2978 Domine,
1099 2909 1321 2965 intrabit
1347 2909 1402 2976 in
1432 2927 1659 2984 regnum
1682 2913 1847 2969 caelo-

234 3018 357 3058 rum
387 3015 401 3070 ;
434 3000 529 3056 sed
584 3002 675 3072 qui
708 3000 835 3056 facit
871 3000 1203 3055 voluntatem
1234 2999 1404 3055 Patris
1432 3001 1570 3070 ejus,
1604 3001 1718 3073 ipse
1758 3002 1845 3057 in-

238 3089 401 3147 trahit
428 3089 481 3144 in
529 3105 757 3162 regnum
805 3088 1065 3144 caelorum
1125 3088 1352 3156 (Matth.
1401 3090 1554 3160 vn)»:
1593 3089 1848 3148 Voluntas

1944 1899 2152 1966 damus,
2186 1916 2366 1955 coram
2399 1900 2628 1956 Domino
2685 1901 2777 1972 qui
2818 1901 2945 1958 fecit
2999 1919 3097 1959 nos
3141 1903 3433 1975 ploremus,
3490 1913 3547 1962 ut

1945 1988 2059 2058 ipse
2117 1989 2389 2060 planctum
2442 1997 2681 2045 nostrum
2735 1990 2792 2044 in
2837 1991 3096 2065 gaudium
3144 2001 3438 2064 convertat,
3496 2001 3550 2050 et

1943 2081 2108 2137 scisso
2138 2098 2294 2138 sacco
2354 2081 2601 2151 tristitiae,
2660 2083 2845 2139 laetitia
2903 2100 3003 2141 nos
3050 2085 3252 2142 induat.
3285 2087 3409 2142 Non
3463 2087 3544 2142 si-

1946 2188 2066 2226 mus
2116 2179 2377 2242 raptores,
2411 2172 2536 2243 quia
2564 2188 2792 2245 rapaces
2826 2189 3056 2245 regnum
3098 2174 3195 2230 Dei
3249 2191 3357 2230 non
3387 2176 3549 2248 possi-

1946 2259 2149 2315 debunt
2196 2260 2244 2331 (1
2300 2260 2427 2318 Cor.
2493 2261 2591 2332 γι).
2650 2262 2861 2317 Nullius
2915 2278 3029 2318 rem
3086 2262 3543 2335 concupiscamus,

1946 2358 2143 2413 nullius
2198 2359 2413 2415 laudem
2493 2359 2698 2415 meritis
2757 2360 2953 2416 nostris
3035 2361 3331 2418 indebitam
3391 2363 3551 2419 nobis

1947 2448 2298 2517 ascribamus,
2376 2448 2503 2519 quia
2559 2450 2677 2504 haec
2724 2448 2982 2505 facientes
3038 2459 3194 2506 emat
3270 2459 3546 2524 raptorum

1947 2544 2246 2593 consortes.
2287 2536 2405 2592 Non
2465 2538 2633 2592 simus
2661 2537 2865 2606 injusti,
2927 2538 3051 2609 quia
3098 2538 3265 2610 iniqui
3321 2557 3549 2614 regnum

1951 2636 2048 2692 Dei
2076 2652 2185 2690 non
2215 2641 2631 2704 consequentur.
2697 2636 2871 2691 Deum
2922 2635 3230 2709 diligamus,
3289 2640 3553 2710 proximis

1952 2724 2143 2780 nostris
2170 2724 2470 2779 necessaria
2497 2723 2894 2795 impendamus.
2952 2725 3074 2781 Non
3103 2725 3271 2780 simus
3307 2726 3554 2797 adulteri,

1955 2814 2081 2888 quia
2113 2812 2481 2867 formicatores
2500 2820 2553 2867 et
2609 2813 2880 2868 adulteros
2929 2812 3196 2883 judicabit
3247 2814 3413 2871 Deus.
3452 2815 3554 2872 Re-

1954 2917 2095 2966 ctam
2145 2906 2306 2963 ﬁdem
2362 2925 2658 2978 servemus,
2690 2909 2758 2965 ad
2796 2909 2997 2966 nullam
3047 2910 3294 2967 haeresim
3320 2911 3555 2969 decline-

1955 3016 2094 3069 mus,
2145 2997 2270 3069 quia
2343 2999 2445 3053 hoc
2502 2998 2755 3070 spiritalis
2810 2999 3091 3057 fornicatio
3135 3001 3455 3072 appellatur,
3505 3011 3558 3059 et

1958 3089 2102 3143 Deus
2148 3086 2334 3159 perdet
2362 3102 2579 3143 omnem
2610 3087 2702 3158 qui
2757 3088 2827 3143 ab
2877 3103 2942 3143 eo
2999 3088 3315 3146 fornicatur.
3369 3091 3459 3147 Bis
3501 3091 3558 3146 in

242 3186 419 3243 Patris
465 3193 543 3242 est
571 3153 631 3241 ut
683 3187 737 3240 in
794 3186 952 3240 nobis
1009 3153 1355 3257 peccantibus
1382 3153 1734 3254 dimittamus,
1793 3174 1850 3242 et
1879 3153 1928 3218 Ο
1960 3153 2321 3241 Ῑιθῢάοίηᾶἀδν
2352 3174 2554 3231 Some“
2581 3191 2638 3230 ιν
2669 3183 2720 3232 εἴ
2749 3192 2805 3231 νῐ
2862 3176 2996 3232 feria
3045 3176 3374 3248 jejunemus’
3427 3179 3554 3251 quia

234 3276 402 3331 rebus
429 3274 627 3331 nostris
658 3290 817 3346 Opem
848 3274 1215 3346 indigentibus
1270 3275 1532 3330 feramus.
1597 3276 1704 3330 Per
1729 3278 1845 3332 haec

234 3365 531 3435 petitiones
560 3363 737 3419 cordis
765 3363 931 3418 nostri
978 3363 1389 3434 impetrabimus
1420 3378 1434 3434 ;
1484 3380 1583 3433 per
1611 3365 1727 3419 haec
1753 3380 1844 3419 re-

235 3477 408 3534 gnum
441 3461 700 3517 caelorum
776 3460 1111 3515 intrabimus.

307 3568 410 3623 Per
437 3567 573 3623 duos
625 3567 873 3623 homines
902 3568 993 3639 qui
1023 3567 1077 3621 in
1109 3568 1368 3640 templum
1400 3569 1704 3626 ascendisse
1761 3572 1844 3628 le-

236 3665 460 3730 guntur,
508 3656 615 3713 duo
671 3657 878 3728 populi,
928 3656 1180 3712 Judaicus
1235 3657 1439 3713 scilicet
1498 3666 1549 3714 et
1604 3660 1843 3741 gentilis,

234 3754 623 3827 intelliguntur.
685 3753 982 3809 Pharisaeus
1027 3754 1117 3824 qui
1175 3754 1244 3809 ad
1293 3750 1458 3810 altare
1516 3756 1833 3825 accedebat,

236 3851 318 3899 est
370 3841 621 3897 Iudaicus
678 3842 927 3914 populus,
988 3842 1078 3912 qui
1135 3842 1495 3898 sanctuarium
1552 3853 1607 3900 et
1661 3863 1843 3902 aream

233 3930 490 3987 habebat.
548 3930 648 3985 Hic
686 3930 876 3986 merita
925 3931 1107 3986 suain
1158 3933 1358 4003 templo
1414 3934 1655 4006 replicat,
1719 3936 1844 4007 quia

231 4027 300 4084 de
350 4028 691 4087 observantia
720 4028 857 4101 legis
912 4028 968 4083 in
997 4028 1200 4084 mundo
1251 4046 1307 4084 se
1361 4029 1548 4101 jactat.
1576 4034 1699 4088 Non
1731 4042 1844 4090 erat

238 4117 377 4172 sicut
403 4116 582 4172 caeteri
639 4116 941 4186 hominum,
974 4115 1100 4187 quia
1155 4117 1559 4175 circumcisione
1586 4120 1845 4178 discretus

236 4214 413 4261 erata
474 4204 690 4278 populis
746 4206 1043 4261 nationum.
1101 4205 1343 4262 Gentiles
1397 4216 1641 4281 raptores
1670 4219 1838 4280 erant,

242 4303 369 4374 quia
394 4303 537 4360 bona
564 4302 783 4359 Domini
810 4303 961 4373 quasi
1010 4320 1107 4376 per
1132 4304 1243 4358 vim
1272 4305 1575 4376 rapiebant,
1608 4305 1736 4362 dum
1792 4308 1843 4363 ei

243 4391 313 4447 de
343 4391 552 4449 collatis
577 4391 853 4448 beneﬁciis
912 4392 1153 4448 debitum
1184 4393 1462 4448 sorvitium
1511 4411 1620 4451 non
1645 4395 1842 4452 redde-

1953 3273 1997 3327 si
2026 3276 2129 3328 hoc
2159 3272 2287 3327 fecit
2315 3272 2632 3337 Pharisaeus,
2663 3273 2834 3328 multo
2864 3272 3040 3346 magis
3093 3291 3193 3330 nos
3239 3273 3417 3332 facere
3464 3275 3557 3333 de-

1955 3363 2162 3418 bemus.
2188 3361 2319 3416 Etsi
2351 3361 2486 3416 cibis
2515 3360 2736 3416 minime
2765 3360 3153 3433 abstineamus,
3208 3380 3303 3420 cor
3327 3381 3361 3420 a
3409 3365 3555 3422 mala

1953 3452 2246 3516 voluntate,
2279 3466 2472 3504 manus
2501 3465 2532 3505 a
2572 3465 2739 3522 prava
2768 3450 2976 3506 actione
3006 3452 3394 3510 contineamus.
3452 3454 3557 3511 De-

1952 3549 2121 3605 cimas
2151 3546 2394 3603 omnium
2425 3563 2604 3602 rerum
2656 3554 2958 3604 nostrarum
3014 3548 3128 3605 Deo
3185 3548 3396 3619 domus,
3428 3551 3556 3622 quia

1953 3639 1997 3693 si
2027 3640 2129 3693 hoc
2160 3637 2287 3693 fecit
2313 3636 2550 3707 Judaeus,
2609 3636 2778 3692 multo
2833 3636 3010 3710 magis
3060 3637 3226 3694 debet
3249 3640 3351 3696 hoc
3381 3638 3555 3696 facere

1955 3727 2303 3785 Christianus.

2022 3880 2147 3935 Non
2220 3878 2417 3945 solum,
2476 3875 2801 3943 charissimi,
2860 3877 2997 3933 sacri
3045 3877 3226 3949 apices
3277 3876 3346 3933 ad
3386 3880 3554 3936 vitam

1952 3976 2209 4023 aeternam
2257 3982 2357 4022 nos
2411 3966 2630 4031 ducunt,
2680 3964 2776 4021 sed
2805 3965 2967 4020 etiam
3021 3966 3305 4038 gentilium
3362 3967 3552 4024 litterae

1952 4072 2049 4113 nos
2102 4056 2405 4111 instruunt:
2461 4054 2528 4111 de
2559 4053 2754 4125 quibus
2808 4053 3055 4124 quaedam
3111 4053 3181 4109 ad
3234 4052 3554 4113 aediﬁcatio-

1951 4168 2074 4208 nem
2105 4149 2442 4224 praeferenda
2467 4157 2609 4204 sunt.
2637 4149 2704 4204 Et
2753 4155 2811 4203 ut
2868 4164 3027 4204 nemo
3056 4148 3183 4205 inde
3218 4150 3554 4209 scandalize-

1952 4249 2051 4306 tur,
2107 4255 2258 4295 sacra
2313 4237 2627 4294 auctoritate
2692 4234 3142 4308 exempliﬁcetur.
3198 4237 3318 4293 Filii
3347 4239 3548 4313 quippe

1947 4328 2113 4384 Israel
2168 4326 2447 4399 Egyptios
2502 4325 2887 4396 spoliaverunt,
2964 4341 3173 4396 aurum,
3242 4336 3546 4401 argentum,

1946 4440 2212 4500 gemmas,
2245 4431 2420 4480 vestes
2472 4423 2734 4494 pretiosas
2789 4422 3025 4479 tulerunt
3052 4424 3252 4495 (Exod.
3284 4428 3341 4498 v)
3375 4447 3390 4485 :
3423 4445 3545 4500 quae

243 4481 395 4537 bam‘
450 4479 650 4587 Ill-iusti.
688 4479 1052 4587 ,θχδωῗξθῐξίν
1095 4480 1277 4587 _dum’
1338 4483 1588 4539 creatore
1641 4492 1840 4555 sprem’
1869 4511 1920 4572 Π
1948 4479 2219 4587 Epetateain
2248 4479 2491 4568 donaria.
2528 4512 2625 4567 Dei
2678 4511 2745 4567 ad
2802 4479 3552 4574 conﬁciendum-tabernacu-

235 4586 540 4635 creaturam
572 4577 839 4634 colebant.
871 4578 1109 4634 Adulteri
1157 4588 1325 4650 erant,
1353 4582 1481 4637 dum
1512 4598 1641 4638 vero
1669 4599 1837 4655 spon-

234 4683 300 4724 so
374 4668 488 4723 Deo
546 4667 777 4737 deserto,
833 4684 955 4724 cum
1002 4669 1340 4726 dmmonibus
1391 4688 1447 4726 se
1507 4671 1837 4743 polluebant.

233 4754 408 4812 Judaei
438 4771 652 4828 quoque
682 4764 923 4828 raptores
953 4764 1124 4826 erant,
1176 4758 1265 4828 qui
1294 4759 1397 4813 sibi
1447 4760 1636 4815 merita
1659 4762 1839 4831 justo-

232 4870 356 4910 rum
386 4854 738 4926 usurpabant.
802 4854 1012 4924 Rapina
1043 4872 1274 4925 namque
1327 4865 1405 4911 est
1459 4857 1672 4913 laudem
1703 4859 1841 4914 velle

228 4942 363 5014 justi
391 4943 608 5010 habere,
643 4951 694 5000 et
723 4944 1055 4999 sanctitatem
1081 4943 1211 5015 justi
1268 4945 1462 5000 imitari
1494 4946 1654 5002 nolle.
1686 4946 1840 5004 Unde

242 5032 501 5102 scriptum
559 5040 680 5088 est:
721 5056 743 5083 α
799 5032 923 5087 Non
987 5032 1232 5104 rapinam
1287 5034 1572 5090 arbitratus
1599 5042 1677 5091 est
1726 5053 1840 5091 esse

236 5145 297 5184 se
330 5127 595 5198 aequalem
654 5127 770 5183 Deo
801 5127 1071 5201 (Philipp.
1106 5130 1188 5199 ιι).
1224 5152 1246 5179 ν
1285 5128 1458 5199 Quam
1479 5132 1841 5201 equalitatem

237 5215 367 5273 dum
401 5216 606 5289 primus
633 5218 799 5272 homo
828 5232 1016 5288 rapere
1044 5217 1231 5288 voluit,
1291 5234 1323 5273 a
1365 5218 1697 5278 beatitudine
1725 5238 1843 5278 cor-

237 5305 367 5362 ruit.
399 5305 587 5375 Injusti
628 5306 960 5373 exstiterant,
993 5305 1120 5360 dum
1164 5322 1262 5362 nec
1291 5307 1406 5363 Deo
1434 5326 1549 5378 sua,
1609 5327 1709 5368 nec
1738 5314 1844 5368 ho-

238 5404 375 5460 mini
409 5420 503 5459 sua
530 5404 828 5460 solvebant.
868 5403 1105 5459 Adulteri
1133 5404 1367 5470 fuerant,
1399 5407 1527 5462 dum
1568 5409 1709 5482 lege,
1742 5427 1846 5466 no-

240 5493 339 5549 bili
398 5507 597 5563 sponsa
652 5492 882 5563 abjecta,
952 5509 1073 5548 cum
1103 5492 1410 5551 idololatria
1454 5514 1511 5552 se
1542 5514 1850 5555 commacu-

240 5590 458 5657 labant.
493 5590 595 5646 Per
647 5590 1001 5662 septimanam
1056 5605 1216 5647 omne
1280 5600 1488 5665 tempus
1517 5596 1850 5670 intelligitur,

247 5692 394 5765 quod
422 5698 630 5765 septem
658 5691 850 5749 diebus
891 5692 1144 5750 volvitur.
1176 5695 1265 5751 Bis
1316 5695 1372 5751 in
1401 5697 1743 5757 hebdomada
1766 5702 1858 5773 je-

240 5791 406 5864 junat
436 5789 528 5863 qui
556 5805 724 5864 opera
753 5798 808 5849 et
868 5789 1148 5848 voluntate
1178 5793 1381 5851 malum
1412 5794 1662 5854 declinat.
1695 5796 1858 5858 Deci-

1948 4605 2058 4659 lum
2088 4603 2411 4659 obtulerunt.
2444 4602 2585 4657 Dum
2614 4616 2744 4657 vero
2774 4600 2874 4672 ipsi
2930 4601 2996 4656 de
3025 4602 3254 4675 (Egypto
3284 4606 3548 4677 exierunt,

1948 4701 2131 4757 omnia
2189 4699 2388 4772 templa
2442 4698 2709 4754 idolorum
2782 4706 3120 4754 corruerunt.
3183 4700 3263 4756 De
3317 4702 3548 4774 Egypto

1949 4797 2165 4859 exeunt,
2208 4796 2257 4844 et
2313 4788 2381 4843 ad
2446 4794 2641 4842 terram
2708 4787 3140 4857 repromissionis
3195 4788 3420 4846 tendunt
3456 4791 3548 4861 qui

1948 4881 2051 4935 hoc
2109 4877 2361 4933 saeculum
2392 4875 2660 4943 deserunt,
2720 4882 2772 4929 et
2798 4890 2856 4929 se
2903 4873 2972 4930 ad
3001 4882 3238 4931 sanctam
3270 4892 3553 4934 conversa-

1951 4978 2152 5032 tionem
2211 4973 2557 5030 transferunt.
2604 4971 2753 5027 Tunc
2800 4988 3036 5042 namque
3085 4971 3311 5030 delubra
3362 4974 3553 5032 dissol-

1948 5072 2162 5130 vuntur,
2195 5063 2321 5133 quia
2349 5061 2451 5133 ipsi
2481 5060 2574 5131 qui
2633 5060 2835 5130 templa
2867 5059 3117 5116 vitiorum
3147 5070 3314 5120 erant.
3349 5079 3382 5119 a
3432 5080 3554 5134 pec-

1951 5153 2082 5209 catis
2110 5153 2470 5207 destruuntur.
2503 5150 2622 5204 Jam
2664 5149 2808 5205 enim
2864 5148 2963 5203 Dei
3020 5149 3385 5206 habitaculum
3435 5169 3553 5209 esse

1952 5250 2233 5323 incipiunt,
2264 5257 2318 5305 et
2373 5247 2495 5304 ideo
2523 5248 2795 5321 malignus
2853 5247 3069 5318 spiritus
3105 5247 3161 5302 in
3190 5248 3270 5304 eis
3296 5250 3552 5307 manendi

1953 5341 2131 5397 locum
2158 5337 2358 5393 diutius
2383 5337 2583 5393 habere
2612 5353 2721 5393 non
2749 5335 2964 5406 poterit.
3023 5334 3127 5404 Qui
3154 5336 3433 5409 Egyptios
3460 5339 3555 5396 de.

1954 5428 2209 5500 spoliunt,
2241 5426 2370 5481 dum
2401 5426 2679 5481 saecularia
2734 5424 2909 5479 studia
2962 5423 3018 5477 in
3046 5423 3285 5495 spiritale
3341 5430 3555 5486 exerci-

1957 5519 2090 5573 tium
2146 5522 2498 5572 commutant.
2562 5514 2646 5569 Ad
2687 5512 2990 5568 faciendum
3052 5512 3453 5572 tabernaculum
3493 5534 3558 5574 ea

1961 5613 2209 5678 offerunt,
2251 5612 2378 5667 dum
2422 5611 2796 5683 philosophica
2849 5619 3170 5682 argumenta
3206 5611 3275 5668 ad
3316 5613 3558 5671 aediﬁca-

1966 5705 2165 5761 tionem
2194 5700 2452 5758 Ecclesia;
2481 5697 2779 5773 proferunt.
2831 5701 3031 5755 Aurum
3076 5699 3446 5774 Egyptiorum
3475 5701 3564 5759 do-

1970 5810 2120 5873 nant,
2151 5800 2280 5858 dum
2308 5816 2406 5873 per
2458 5797 2771 5858 sacularem
2801 5796 3125 5872 sapientiam
3156 5798 3449 5873 spiritalem
3477 5795 3567 5856 di-
