3986 6070
519 258 655 312 1103

1654 253 1994 310 WERNERI
2032 255 2317 312 ABBATIS
2355 257 2418 312 S.
2467 257 2684 312 BLASII

3682 259 3792 314 “Ol

516 378 801 449 sciplinam
835 384 1051 433 ornant.
1088 377 1398 450 Argentum
1449 379 1826 451 Egyptiorum
1851 379 2106 446 offerunt,
2139 381 2195 440 Α
2221 397 2343 436 cum
2383 399 2577 452 magna
2613 382 2928 439 diﬁicultate
2957 382 3269 456 dignitates,
3301 383 3392 440 vel
3420 383 3682 456 quaslibet
3727 403 3800 440 cn-

516 467 645 522 dum
676 465 988 523 saecularem
1021 465 1383 539 eloquentiam
1438 469 1507 523 ad
1539 469 1820 524 utilitatem
1851 469 2114 525 Ecclesia:

517 562 864 611 convertunt.
905 555 1165 611 Gemmas
1194 555 1407 612 illorum
1456 557 1681 621 donant.
1722 558 1848 613 dum
1889 568 2112 614 senten-

516 651 619 706 tias
641 651 779 706 bene
799 649 1037 722 prolatas
1061 649 1132 706 ad
1152 651 1583 708 exhortationem
1607 653 1974 724 proximorum
1996 671 2115 710 nar-

515 747 668 795 rant.
714 740 907 795 Vestes
946 755 1133 795 eorum
1180 738 1432 806 offerunt,
1476 741 1599 796 dum
1641 742 1891 814 exempla
1928 745 2112 816 genti-

516 828 646 884 lium
677 828 745 883 ad
795 827 1152 884 imitationem
1191 828 1440 884 fratribus
1476 831 1749 885 reforunt.
1798 833 1856 885 In
1915 847 2112 905 magna

515 927 660 984 enim
693 927 857 983 domo
894 943 1000 983 non
1033 926 1208 982 solum
1247 943 1380 983 vasa
1417 944 1581 984 aurea
1605 937 1658 983 et
1685 937 1967 1000 argentea,
2012 931 2112 986 sed

515 1017 678 1073 etiam
713 1015 894 1072 ferrea
922 1023 975 1071 et
1005 1015 1189 1071 ﬁctilia
1222 1025 1348 1071 sunt
1375 1017 1685 1072 necessaria
1742 1019 1816 1088 (If
1846 1021 1981 1073 Tim.
2025 1022 2106 1090 ιι).

512 1105 720 1160 Domus
747 1120 947 1177 magna
975 1112 1057 1159 est
1087 1104 1354 1160 Ecclesia.
1376 1106 1518 1160 Vasa
1546 1121 1712 1161 aurea
1743 1115 1797 1161 et
1825 1116 2104 1180 argentea,

509 1209 645 1258 sunt
680 1217 847 1259 sacrae
910 1202 1248 1258 auctoritatis
1287 1202 1591 1258 volumina.
1640 1203 1790 1258 Vasa
1829 1203 2008 1259 ferrea
2057 1213 2110 1260 et

512 1291 701 1347 ﬁctilia
732 1295 856 1346 sunt
886 1291 1236 1346 ssecularium
1267 1291 1470 1362 scripta
1502 1293 1569 1346 ad
1601 1293 1879 1348 exteriora
1909 1310 2106 1348 neces-

510 1381 675 1435 saria.
710 1380 858 1435 Sicut
889 1380 1033 1434 enim
1064 1394 1257 1434 aurum
1289 1395 1387 1450 per
1417 1379 1619 1435 ferrum
1649 1381 1998 1451 splendescit,
2027 1383 2107 1438 sic

509 1494 666 1534 sacra
698 1477 975 1547 Scriptura
1006 1493 1103 1547 per
1141 1477 1438 1532 saeculares
1468 1477 1789 1549 disciplinas
1819 1479 2096 1551 fulgescit.

504 1567 757 1620 Traditur
785 1565 944 1620 etiam
977 1565 1120 1636 quod
1162 1565 1369 1620 reversi
1409 1581 1441 1620 a
1472 1567 1786 1636 captivitate
1845 1569 2104 1638 templum

509 1655 611 1709 Dei
643 1651 1093 1709 retediﬁcaverint
1125 1671 1221 1725 per
1250 1654 1537 1725 pecuniam
1571 1673 1727 1726 quam
1760 1658 1903 1726 apud
1934 1658 2104 1728 Baby-

2221 469 2334 540 pita
2363 470 2690 541 assequitur,
2726 479 2776 525 et
2806 487 2906 541 per
2925 471 3115 526 eadem
3149 472 3219 526 ad
3249 471 3358 525 ima
3389 471 3596 526 inferni
3625 472 3800 527 dimer-

2223 557 2390 628 gitur.
2432 559 2598 624 Cujus
2649 575 2784 614 vero
2806 559 2966 629 jecur
2995 559 3174 616 vultur
3201 560 3465 626 vescitur,
3526 570 3585 616 et
3643 560 3800 618 denuo

2222 656 2562 712 revirescere
2611 656 2797 726 fertur,
2829 666 2911 712 est
2941 658 2988 713 is
3046 658 3116 713 de
3169 659 3324 727 cujus
3380 658 3574 713 cordis
3604 658 3802 714 luxuria

2222 743 2483 813 pascitur,
2547 755 2596 800 et
2644 745 2853 816 expleta
2911 746 3370 818 concupiscentia,
3433 746 3638 802 iterum
3676 747 3801 802 foeda

2219 831 2388 888 libido
2406 832 2732 889 renascitur.
2767 836 2824 888 In
2842 834 3033 904 jecore
3053 835 3196 890 enim
3227 843 3310 891 est
3331 836 3797 907 concupiscentia;

2220 931 2401 986 vultur
2455 948 2586 987 vero
2635 941 2774 987 amat
2805 942 3142 990 mortuorum
3198 937 3494 990 cadavera.
3565 935 3648 990 De
3719 937 3802 991 hac

2217 1027 2370 1090 peste
2409 1021 2604 1075 iterum
2653 1020 2839 1078 dicunt
2878 1023 3020 1094 quod
3094 1023 3321 1078 Medusa
3371 1024 3610 1096 egregia
3648 1023 3801 1080 forma

2217 1107 2481 1178 plurimos
2510 1108 2577 1163 ad
2602 1125 2849 1166 amorem
2877 1111 2961 1165 sui
2991 1111 3293 1167 incitaverit
3317 1127 3328 1165 :
3379 1129 3503 1183 que
3533 1127 3726 1168 omnes
3751 1129 3798 1168 se

2215 1204 2484 1261 intuentes
2511 1207 2564 1260 in
2595 1222 2728 1262 saxa
2755 1209 3186 1265 commutaverit.
3236 1209 3316 1264 De
3361 1211 3521 1278 hujus
3585 1210 3723 1266 facie
3750 1227 3799 1266 se

2216 1293 2448 1348 Perseus
2477 1296 2798 1366 crystallino
2827 1297 3022 1368 clypeo
3051 1297 3304 1370 protexit,
3349 1314 3591 1370 eamque
3621 1299 3798 1355 falcato

2216 1398 2346 1437 ense
2376 1383 2668 1439 interemit.
2709 1386 2838 1440 Haec
2867 1386 3066 1440 femina
3097 1396 3178 1442 est
3207 1387 3418 1442 luxuria
3448 1405 3579 1459 quae
3612 1405 3673 1443 se
3701 1387 3798 1443 for-

2213 1495 2421 1534 mosam
2455 1479 2609 1552 ﬁngit
2663 1499 2764 1552 per
2794 1484 3071 1539 hominum
3103 1493 3348 1555 pectora.
3406 1485 3512 1541 Sed
3549 1502 3613 1541 se
3643 1485 3801 1556 inspi-

2213 1568 2417 1624 cientes
2446 1569 2498 1623 in
2529 1570 2741 1641 lapides
2770 1581 3084 1637 commutat,
3115 1575 3241 1645 quia
3283 1575 3453 1630 corda
3482 1574 3801 1630 libidinoso-

2213 1670 2331 1707 rum
2364 1671 2457 1724 per
2496 1654 2849 1711 dilectionem
2907 1659 3148 1713 indurat.
3205 1659 3288 1714 Ab
3324 1660 3428 1716 hac
3465 1677 3526 1715 se
3572 1661 3799 1715 Perseus

506 1753 707 1809 Ioniam
743 1753 1122 1823 acquisierint.
1152 1753 1309 1823 Apud
1333 1753 1658 1824 Babylonios
1682 1755 1883 1825 captivi
1915 1764 2100 1810 tenen-
2127 1733 2179 1792 Β
2210 1752 2523 1820 crystallin
2554 1753 2748 1824 clypeo
2777 1756 3038 1828 protegit,
3067 1756 3190 1825 quia
3224 1757 3308 1810 vir
3340 1756 3494 1812 fortis
3523 1758 3796 1828 speculum

504 1851 591 1898 tur
620 1845 731 1914 qui,
761 1857 794 1896 a
825 1841 928 1895 ﬁde
960 1842 1238 1897 Catholica
1291 1841 1594 1911 deviantes,
1626 1843 1768 1912 apud
1812 1845 2098 1900 haereticos

499 1932 588 1987 vel
616 1947 646 1985 a
677 1941 865 1987 sancto
905 1931 1180 2002 proposito
1209 1936 1609 2001 apostatantes,
1639 1933 1780 2002 apud
1804 1934 2097 1988 saeculares

497 2030 551 2085 in
582 2030 834 2100 captione
864 2029 1169 2084 daemonum
1195 2029 1491 2084 habentur.
1558 2028 1661 2097 Qui
1693 2031 1736 2084 si
1771 2031 1882 2085 Deo
1912 2032 2097 2102 propi-

496 2119 570 2173 tio
600 2118 667 2173 ad
699 2117 1067 2182 Hierusalem,
1101 2117 1312 2172 scilicet
1341 2118 1408 2171 ad
1433 2125 1656 2172 matrem
1683 2119 1985 2174 Ecclesiam
2012 2136 2090 2174 re-

494 2207 638 2263 versi
669 2206 888 2270 fuerint,
921 2214 971 2260 et
1002 2206 1157 2260 utilia
1186 2223 1305 2277 quae
1335 2205 1465 2260 foris
1496 2206 1800 2274 didicerint,
1825 2207 1894 2261 ad
1924 2206 2094 2262 aediﬁ-

496 2304 770 2360 cationem
802 2302 1175 2374 proximorum
1197 2302 1544 2374 protulerint,
1567 2303 1812 2373 profecto
1833 2305 2092 2377 templum

493 2393 612 2447 Deo
641 2409 708 2446 ex
738 2390 972 2462 pecunia
1001 2399 1338 2458 construunt,
1376 2408 1534 2460 quam
1589 2392 1734 2462 apud
1763 2393 2094 2465 Babylonios

492 2479 692 2536 lucrati
725 2487 870 2534 sunt.
904 2481 965 2533 In
996 2477 1121 2552 lege
1175 2495 1390 2551 quoque
1446 2480 1758 2551 praecipitur
1784 2482 1828 2536 si
1860 2483 2091 2554 populus

491 2578 766 2635 civitatem
823 2576 1119 2643 obsideret,
1178 2585 1230 2632 et
1259 2577 1455 2648 aliquis
1519 2578 1753 2648 puellam
1809 2581 2088 2650 pulchram

489 2668 631 2738 apud
663 2669 848 2722 hostes
876 2665 1240 2737 conspiceret,
1269 2681 1482 2736 ungues
1513 2667 1758 2722 etcrines
1785 2668 1905 2737 ejus
1953 2687 2089 2740 prae-

487 2756 723 2813 scideret
756 2775 767 2810 :
800 2762 993 2826 postea
1023 2769 1245 2809 uxorem
1275 2753 1500 2810 duceret
1530 2756 1715 2826 (Deut.
1755 2758 1896 2828 χχι).
1939 2758 2085 2812 Civi-

484 2861 653 2908 tatem
681 2851 997 2907 ohsidemus
1053 2850 1181 2905 dum
1237 2850 1476 2922 aliquam
1535 2867 1635 2922 per
1692 2853 1937 2908 heresim
1999 2856 2083 2911 vel

482 2956 728 2998 errorem
757 2939 1039 3014 gentilium
1080 2939 1294 3010 scriptis
1354 2940 1440 2994 vel
1497 2940 1863 3012 disputatione
1901 2942 2081 3015 impu-

483 3045 744 3104 gnamus.
781 3029 1019 3084 Puellam
1051 3028 1336 3100 pulchram
1366 3029 1509 3100 apud
1569 3046 1665 3085 eos
1692 3031 2078 3102 conspicimus,

483 3144 610 3184 cum
639 3127 878 3199 aliquam
909 3126 1230 3182 sententiam
1258 3126 1400 3182 bene
1429 3127 1496 3180 ab
1527 3126 1605 3182 eis
1634 3128 1908 3199 prolatam
1940 3129 2085 3185 inve~

485 3217 684 3272 nimus.
719 3217 817 3271 Cui
837 3216 1102 3270 debemus
1123 3233 1334 3288 ungues
1355 3224 1409 3270 et
1424 3215 1606 3271 crines
1624 3217 2008 3286 praescindere,
2030 3227 2082 3274 et

487 3305 568 3362 sic
606 3304 768 3360 nobis
805 3304 1170 3376 conjungere,
1214 3304 1336 3376 quia
1375 3303 1656 3376 superflua
1687 3313 1738 3360 et
1798 3317 1984 3362 contra
2017 3305 2082 3360 ﬁ-

486 3403 611 3458 dem
644 3404 824 3474 posita
857 3401 1120 3455 debemus
1151 3417 1443 3470 spernere;
1475 3401 1614 3456 bene
1635 3411 1812 3457 autem
1842 3403 2004 3467 dicta,
2030 3412 2083 3459 et

487 3487 615 3544 ﬁdei
643 3499 842 3544 nostrae
883 3489 1103 3543 minime
1143 3491 1416 3544 contraria
1446 3491 1512 3544 ad
1555 3491 1970 3548 instructionem
2011 3493 2083 3547 ﬁ-

486 3578 691 3634 delium
726 3577 881 3631 libris
912 3577 1119 3632 nostris
1146 3577 1414 3634 intexere.

558 3709 826 3766 Scribunt
863 3707 1045 3780 itaque
1081 3709 1395 3780 philosophi
1435 3712 1579 3781 quod
1610 3712 1805 3768 mulier
1834 3722 1964 3769 rota:
1992 3715 2083 3770 in-

485 3816 622 3856 nexa
655 3799 862 3871 jugiter
899 3797 1334 3865 circumferatur,
1376 3802 1535 3870 cujus
1611 3811 1770 3872 caput
1811 3819 1955 3860 nunc
2027 3805 2082 3859 in

485 3889 596 3944 alta
624 3887 890 3959 erigatur,
956 3902 1101 3942 nunc
1139 3887 1194 3940 in
1236 3887 1344 3942 ima
1385 3888 1762 3960 demergatur.
1804 3893 1938 3946 Rota
1968 3894 2084 3950 haec

488 4004 608 4060 qua-
636 3985 869 4042 volvitur
919 3993 1002 4040 est
1028 3985 1201 4058 gloria
1260 3987 1419 4056 hujus
1457 3989 1666 4054 mundi,
1710 4007 1831 4061 quae
1878 3991 2083 4064 jugiter

484 4073 883 4134 circumfertur.
917 4075 1111 4129 Mulier
1143 4083 1274 4130 rotae
1295 4077 1487 4132 innexa
1519 4086 1619 4147 est,
1655 4077 1869 4135 fortuna
1897 4081 2084 4151 gloriae

488 4165 720 4220 intexta.
759 4165 930 4234 Hujus
962 4172 1122 4236 caput
1177 4165 1470 4237 aliquando
1501 4183 1737 4235 sursum,
1792 4170 2083 4242 aliquando

487 4263 658 4319 fertur
684 4262 960 4324 deorsum,
993 4262 1118 4332 quia
1149 4261 1395 4335 plerique
1443 4265 1717 4321 multoties
1761 4269 2001 4338 potentia
2029 4277 2084 4326 et

489 4351 694 4406 divitiis
724 4350 1028 4405 exaltantur
1061 4367 1074 4404 :
1109 4367 1254 4420 saepe
1284 4353 1447 4407 etiam
1486 4358 1733 4424 egestate
1765 4364 1817 4411 et
1846 4358 2081 4414 miseriis

2206 1839 2460 1894 virtutum
2512 1842 2804 1898 intendens
2871 1845 2942 1898 ab
2971 1845 3130 1914 hujus
3159 1845 3352 1900 intuitu
3384 1845 3595 1900 vultum
3627 1847 3797 1902 cordis

2205 1929 2415 1984 avertit.
2476 1930 2692 1986 Falcato
2749 1949 2880 1988 ense
2935 1949 3052 1988 eam
3111 1934 3386 2002 interimit,
3441 1935 3570 2006 quia
3614 1936 3795 1991 timore

2204 2027 2389 2082 aeterni
2420 2027 2562 2099 ignis
2592 2044 2709 2082 eam
2759 2045 2791 2082 a
2829 2046 2886 2083 se
2929 2029 3191 2085 abscidit.
3238 2032 3392 2086 Unde
3422 2031 3633 2104 legitur
3663 2035 3792 2105 quod

2205 2115 2426 2187 quidam
2458 2117 2670 2170 Patrum
2701 2119 2982 2188 parvulum
3015 2117 3180 2173 ﬁlium
3208 2119 3263 2173 in
3314 2137 3498 2176 eremo
3528 2121 3790 2188 nutrierit,

2204 2221 2364 2275 quem
2396 2204 2636 2259 adultum
2668 2205 2877 2260 luxuria
2909 2207 3229 2262 titillaverit.
3291 2209 3445 2264 Pater
3473 2219 3664 2265 autem
3687 2213 3792 2281 jus-

2203 2303 2269 2355 sit
2297 2319 2418 2356 eum
2459 2303 2512 2356 in
2550 2319 2798 2357 eremum
2837 2305 3099 2360 secedere
3129 2314 3179 2360 et
3209 2305 3387 2361 solum
3417 2307 3654 2376 jejuniis
3682 2324 3792 2362 ora-

2200 2390 2437 2446 tionibus
2467 2407 2535 2445 xt.
2561 2391 2754 2447 diebus
2778 2408 3006 2448 vacare.
3047 2394 3288 2465 Expletis
3319 2411 3454 2451 vero
3501 2414 3575 2451 xx
3609 2397 3792 2453 diebus

2201 2480 2334 2534 vidit
2365 2489 2560 2535 tetram
2579 2488 2633 2535 et
2662 2481 2822 2535 nimis
2843 2481 3080 2536 {tetidem
3103 2483 3386 2540 mulierem
3405 2485 3616 2540 nudam
3639 2502 3792 2557 super

2205 2595 2263 2632 se
2293 2578 2521 2641 irruere,
2567 2579 2718 2646 cujus
2759 2577 2984 2634 fetorem
3020 2581 3167 2635 ferre
3199 2597 3307 2636 non
3346 2583 3540 2637 valens
3573 2584 3735 2655 cmpit
3762 2599 3791 2638 a

2198 2683 2257 2720 se
2287 2667 2582 2738 repellere.
2611 2668 2682 2720 At
2710 2667 2796 2721 illa
2823 2685 2835 2722 :
2865 2691 2884 2716 α
2913 2668 3038 2736 Cur,
3060 2669 3586 2740 inquit,meinterim
3607 2673 3788 2728 exhor-

2194 2757 2384 2821 rescis,
2427 2755 2581 2825 cujus
2621 2772 2806 2811 amore
2844 2765 3048 2813 tantum
3089 2759 3390 2817 inardescis
3421 2760 3450 2814 ?
3493 2761 3622 2834 Ego
3654 2762 3788 2816 enim

2195 2870 2313 2907 sum
2344 2853 2568 2910 luxuriae
2598 2853 2801 2925 imago,
2844 2871 2968 2925 qua
3005 2855 3179 2911 dulcis
3215 2856 3270 2911 in
3302 2859 3584 2913 hominum
3615 2859 3790 2915 cordi~

2194 2942 2296 2997 bus
2334 2959 2594 3014 appareo.
2637 2943 2705 2997 Et
2741 2943 2844 2998 nisi
2873 2944 3009 3014 patri
3048 2953 3139 3000 tuo
3176 2946 3480 3012 obedisses,
3539 2947 3687 3004 sicut
3740 2955 3786 3003 et

2193 3031 2304 3098 alii,
2347 3047 2380 3086 a
2424 3048 2509 3086 me
2540 3040 2839 3102 prostratus
2877 3049 3055 3089 esses.
3095 3057 3117 3082 η
3151 3034 3248 3090 llle
3278 3051 3412 3109 ergo
3460 3046 3652 3109 grates
3683 3039 3787 3092 Deo

2193 3129 2390 3193 retulit,
2435 3129 2528 3201 qui
2557 3146 2679 3184 eum
2711 3147 2740 3184 a
2770 3131 2958 3202 spiritu
2986 3131 3359 3189 fornicationis
3381 3133 3603 3205 eripuit.
3631 3135 3788 3190 Multa

2191 3217 2300 3273 alia
2329 3218 2584 3289 exempla
2613 3219 2887 3276 deducunt
2907 3236 3008 3276 nos
3037 3221 3105 3275 ad
3137 3221 3258 3276 vita:
3288 3221 3508 3278 itinera.

2263 3320 2486 3392 Legitur
2547 3321 2692 3392 quod
2733 3321 2948 3392 quidam
3027 3323 3241 3377 Patrum
3299 3339 3586 3396 egressus,
3667 3323 3790 3378 vidit

2193 3411 2484 3480 quemdam
2515 3409 2819 3479 EthiOpem
2869 3411 2923 3464 in
2954 3411 3090 3465 silva
3119 3411 3270 3484 ligna
3302 3411 3698 3480 succidentem,
3728 3427 3789 3466 ac

2193 3496 2362 3570 ligata
2391 3499 2572 3552 levare
2602 3507 2918 3554 tentantem.
2943 3499 3212 3567 Quaedam
3234 3500 3548 3555 viderentur
3575 3501 3785 3574 gravia,

2192 3597 2500 3652 dissolvens
2518 3597 2663 3652 auxit
2680 3613 2872 3652 onera.
2890 3598 2957 3652 Et
2978 3614 3100 3654 cum
3123 3606 3249 3656 tunc
3267 3600 3442 3671 magis
3463 3610 3654 3656 essent
3672 3617 3786 3657 one-

2191 3701 2340 3753 rosa,
2368 3686 2576 3740 addens
2607 3685 2732 3740 fecit
2762 3702 2827 3741 ea
2859 3687 3242 3757 importabilia.
3283 3686 3415 3757 Quae
3442 3689 3573 3743 dum
3604 3690 3782 3746 tollere

2191 3774 2391 3839 nititur,
2431 3789 2462 3828 a
2493 3774 2736 3845 pondere
2765 3775 3113 3846 opprimitur.
3153 3776 3250 3831 Ille
3307 3785 3488 3832 autem
3520 3795 3780 3852 progres-

2191 3887 2286 3927 sus
2319 3872 2450 3927 vidit
2481 3872 2573 3926 ubi
2604 3872 2818 3942 quidam
2850 3889 3045 3945 aquam
3082 3873 3138 3927 in
3197 3890 3292 3928 vas
3322 3874 3590 3932 fundebat
3623 3895 3636 3930 :
3673 3893 3780 3950 qua:

2191 3960 2369 4015 infusa
2398 3961 2587 4015 subtus
2615 3960 2882 4026 etiluebat,
2927 3961 3054 4034 quia
3083 3978 3180 4018 vas
3213 3962 3436 4018 fundum
3465 3980 3578 4020 non
3621 3967 3780 4020 habe-

2191 4049 2300 4104 bat.
2334 4050 2568 4104 Alterius
2600 4051 2968 4124 progreditur,
3003 4059 3056 4106 et
3113 4067 3244 4108 ecce
3299 4052 3410 4109 duo
3461 4055 3566 4108 viri
3622 4063 3780 4127 porta

2192 4148 2426 4204 civitatis
2453 4147 2980 4221 appropinquabant,
3022 4149 3114 4221 qui
3171 4149 3380 4222 lignum
3413 4160 3778 4209 transversum

2190 4245 2316 4293 ante
2348 4254 2407 4293 se
2438 4238 2702 4304 ferebant,
2735 4246 2788 4293 et
2809 4245 3003 4293 neuter
3015 4237 3167 4293 alteri
3194 4239 3386 4295 volens
3405 4242 3609 4297 cedere
3631 4245 3778 4297 ambo

2188 4326 2338 4382 foras
2370 4326 3001 4398 remanebant.£thiops
3031 4327 3122 4400 qui
3151 4337 3319 4400 auget
3346 4345 3488 4386 onus
3517 4330 3776 4404 lignorum

486 4438 859 4494 humiliantur.
899 4439 1095 4493 Dicunt
1124 4440 1284 4494 etiam
1317 4441 1459 4512 quod
1500 4443 1720 4513 quidam
1768 4446 1914 4515 apud
1942 4446 2080 4504 infe-

2200 4432 2278 4480 est
2309 4427 2355 4479 is
2412 4425 2500 4497 qui
2541 4441 2758 4496 semper
2787 4425 3020 4481 cumulat
3073 4425 3291 4497 pondus
3319 4435 3693 4498 peccatorum.
3722 4430 3780 4484 Et

489 4554 582 4594 ros
611 4537 899 4592 damnatus
929 4553 1026 4607 per
1057 4538 1238 4593 radios
1265 4547 1398 4595 rotae
1429 4540 1498 4594 sit
1545 4541 1876 4598 divaricatus
1915 4563 1928 4610 ;
1962 4563 2084 4618 qua:

484 4635 606 4683 rota
637 4625 754 4680 sine
783 4625 1187 4681 intermissione
1217 4627 1285 4681 ab
1316 4627 1426 4683 alto
1455 4629 1662 4685 montis
1703 4630 1758 4686 in
1789 4631 1892 4687 ima
1925 4634 2084 4689 vallis

487 4717 710 4782 feratur,
744 4722 796 4770 et
825 4712 1018 4768 iterum
1051 4713 1159 4767 alta
1185 4723 1437 4786 repetens
1467 4717 1648 4773 denuo
1679 4719 1971 4777 relabatur.
1993 4723 2090 4778 Fe-

483 4821 611 4871 runt
640 4812 800 4869 etiam
832 4810 979 4884 quod
1008 4810 1227 4883 quidam
1257 4812 1332 4867 ibi
1362 4829 1556 4869 saxum
1588 4815 1642 4870 in
1687 4816 1852 4873 altum
1883 4822 2083 4876 montis

483 4904 688 4968 evolat,
729 4917 794 4958 ac
824 4901 1037 4972 pondus
1077 4901 1194 4956 saxi
1225 4901 1536 4958 volventem
1566 4905 1635 4960 de
1682 4907 1890 4963 vertice
1919 4925 2085 4965 mon-

485 4993 558 5048 tis
596 4990 926 5062 praecipitem
983 4989 1168 5060 pellat,
1229 5007 1556 5063 rursumque
1612 4994 1778 5049 miser
1805 5012 1997 5052 saxum
2028 4998 2081 5053 in

486 5089 656 5144 altum
686 5087 948 5143 revolvat.
1008 5087 1250 5141 Tradunt
1280 5087 1479 5143 iterum
1510 5091 1651 5163 quod
1682 5092 1965 5162 cujusdam
1990 5096 2080 5165 je-

486 5195 581 5232 cur
613 5177 685 5230 ibi
715 5177 896 5230 vultur
925 5177 1173 5234 excedat.
1237 5177 1383 5247 quod
1409 5179 1521 5246 jam
1569 5191 1950 5252 consumptum
1984 5185 2081 5240 ite-

487 5283 606 5320 rum
636 5265 1002 5319 recrudescat.
1028 5265 1156 5319 Haec
1181 5265 1307 5335 quia
1337 5267 1555 5336 sapiens
1587 5271 1722 5325 ratio
1751 5274 2076 5342 composuit,

485 5363 651 5418 debet
677 5362 814 5416 scire
844 5370 1026 5416 vestra
1048 5360 1266 5416 dilectio
1298 5364 1427 5434 quid
1461 5365 1642 5421 velint.
1670 5367 1721 5420 Is
1752 5369 1840 5439 qui
1871 5370 1922 5424 in
1948 5380 2080 5426 rota:

484 5450 757 5519 vestigtne
787 5449 860 5501 de
887 5457 1068 5502 monte
1100 5449 1152 5502 in
1204 5451 1307 5503 ima
1343 5453 1734 5522 praecipitatur.
1752 5468 1834 5511 est
1866 5459 1953 5513 ille
1984 5461 2081 5532 qui

485 5541 553 5595 de
584 5535 870 5591 altitudine
902 5537 1182 5604 potestatis
1212 5538 1297 5592 vel
1327 5539 1639 5596 divitiarum
1674 5543 1726 5597 in
1755 5547 2075 5615 profundum

480 5633 687 5692 baratri
717 5647 964 5702 praeceps
992 5638 1222 5686 rotatur.
1263 5633 1366 5700 Qui
1395 5643 1581 5693 autem
1615 5655 1802 5697 saxum
1834 5643 1887 5700 in
1915 5662 2075 5702 mon-

478 5733 586 5784 tem
619 5719 840 5791 evolvit,
873 5715 1016 5790 quod
1047 5717 1223 5789 ipsum
1280 5736 1403 5777 mox
1434 5725 1684 5798 revolvit,
1740 5739 1824 5787 est
1879 5734 1926 5789 is
1984 5735 2076 5808 qui

2188 4531 2312 4570 cum
2343 4513 2429 4569 vix
2461 4513 2735 4569 sufficeret
2772 4521 2987 4586 tempus
3014 4513 3080 4568 ad
3111 4515 3457 4571 emendanda
3490 4522 3778 4584 transacta,

2190 4619 2407 4674 semper
2436 4600 2620 4658 infelix
2652 4619 2764 4659 non
2787 4610 2968 4659 cessat
2997 4603 3200 4660 addere
3229 4604 3554 4673 recentiora,
3613 4623 3778 4681 usque

2191 4701 2320 4755 dum
2350 4699 2793 4772 desperationem
2811 4700 3062 4758 incidens
3091 4702 3474 4773 pmnitentiam
3525 4719 3637 4760 non
3666 4721 3778 4761 me-

2188 4797 2361 4856 retur,
2421 4789 2519 4845 sed
2549 4790 2692 4845 mole
2719 4790 3009 4845 criminum
3067 4790 3122 4845 in
3179 4796 3411 4848 mortem
3439 4792 3776 4866 deprimitur.

2187 4877 2284 4934 Ille
2315 4885 2492 4933 autem
2524 4878 2615 4950 qui
2643 4895 2842 4951 aquam
2897 4879 3012 4935 vasi
3067 4878 3233 4937 fundo
3289 4881 3494 4937 carenti
3522 4883 3776 4951 immittit,

2189 4983 2271 5030 est
2300 4974 2347 5029 is
2394 4975 2486 5047 qui
2517 4975 2896 5048 eleemosynas
2927 4977 3010 5032 vel
3026 4977 3136 5032 alia
3163 4978 3344 5050 aliqua
3369 4978 3514 5034 bona
3533 4982 3780 5036 commit-

2187 5063 2267 5129 tit,
2302 5065 2402 5120 sed
2431 5080 2497 5120 ea
2533 5081 2633 5136 per
2686 5064 3083 5120 immunditiam
3128 5066 3216 5122 vel
3243 5067 3348 5121 alia
3396 5067 3525 5123 vitia
3571 5070 3777 5125 amittit.

2189 5162 2343 5218 Unde
2382 5162 2643 5233 scriptum
2675 5171 2804 5218 est:
2867 5186 2889 5212 α
2939 5164 3316 5236 Congregavit
3366 5167 3679 5237 pecuniam,
3733 5174 3781 5222 et

2187 5251 2330 5305 misit
2363 5268 2485 5306 eam
2513 5251 2568 5306 in
2597 5268 2811 5308 saccum
2847 5261 3128 5324 pertusum
3161 5255 3315 5326 (Agg.
3341 5255 3402 5320 ι).
3436 5277 3459 5304 ι
3497 5256 3780 5313 Pecuniam

2184 5347 2239 5402 in
2272 5349 2548 5405 sacculum
2585 5363 2866 5421 pertusum
2897 5359 3201 5423 congregat
3248 5351 3338 5422 qui
3370 5351 3514 5408 bona
3568 5355 3778 5426 quidem

2183 5454 2474 5518 perpetrat,
2531 5448 2634 5503 sed
2665 5463 2733 5503 ea
2762 5447 2942 5520 pravis
2972 5449 3233 5520 Operibus
3278 5449 3618 5522 coinquinat.
3681 5450 3778 5520 Qui

2183 5559 2318 5600 vero
2349 5545 2496 5616 ligna
2523 5545 2772 5602 ferebant
2797 5555 3197 5612 transversum,
3229 5555 3354 5602 sunt
3385 5547 3441 5602 hi
3470 5548 3567 5620 qui
3608 5548 3776 5605 ferunt

2181 5657 2350 5713 grave
2374 5641 2574 5716 jugum
2604 5644 2899 5716 superbiae.
2923 5642 3028 5713 Qui
3056 5645 3187 5700 dum
3232 5643 3560 5702 alterutrum
3587 5646 3775 5704 cedere

2181 5736 2391 5809 nolunt,
2448 5749 2661 5812 partam
2691 5740 2931 5800 scelestis
2958 5742 3194 5801 civitatis
3223 5743 3438 5818 ingredi
3466 5759 3581 5803 non
3616 5751 3774 5820 pote-
