4042 6080
227 281 367 336 1105

1159 267 1739 331 DEFLORATIONES
1776 265 1875 323 SS.
1915 265 2212 322 PATRUM.
2244 295 2316 306 —
2352 264 2477 319 LIB.
2521 265 2592 319 Ῑῐ.

3392 259 3530 313 “06

226 410 371 460 runt.
405 401 509 472 Qui
547 408 726 458 autem
775 418 941 458 suave
989 401 1189 473 jugum
1245 396 1464 455 Domini
1511 393 1820 453 cervicibus
1849 390 1908 454 Α
1935 391 2102 464 poris,
2133 389 2523 463 gastrimargia
2543 395 2598 444 et
2636 384 2871 442 luxuria.
2921 385 3051 440 Haec
3113 382 3290 440 omnia
3323 381 3528 454 praci-

224 500 338 556 suis
376 499 678 570 imponunt,
713 507 765 554 et
795 499 913 555 leve
944 514 1082 554 onus
1142 495 1358 562 tollunt,
1391 493 1446 548 hi
1490 500 1705 564 portam
1739 507 1830 545 su-

231 614 421 670 perna
452 596 604 650 urbis
634 597 933 651 intrabunt.
969 595 1051 650 Ad
1103 595 1264 659 hanc,
1326 589 1662 654 charissimi,
1717 596 1829 643 toto

235 687 400 744 corde
421 685 782 756 suspiremus,
841 685 965 740 tolis
1000 683 1208 738 viribus
1253 695 1628 752 properemus,
1688 693 1828 747 qua-

233 784 392 831 tenus
422 784 642 846 puteum
674 790 781 830 non
814 773 1108 829 habentem
1126 772 1447 832 evadamus,
1508 774 1560 822 et
1591 766 1829 821 hostiam

231 874 412 930 laudis
443 874 673 929 Domino
701 874 755 928 in
784 874 936 929 atriis
964 871 1303 928 Hierusalem
1321 866 1630 926 sacriﬁcare
1662 865 1830 922 valea-

234 981 374 1020 mus.
407 964 505 1021 Ubi
536 963 726 1018 oculus
756 978 865 1018 non
883 962 1010 1018 vidit
1042 961 1097 1028 (I
1129 960 1250 1017 Cor.
1284 959 1370 1024 ιι).

372 1073 446 1127 De
467 1071 641 1126 verbis
676 1071 850 1126 David
883 1086 895 1123 :
935 1091 957 1117 «
979 1069 1346 1124 Ascensiones
1371 1066 1436 1120 in
1463 1062 1647 1121 corde.
1668 1081 1690 1110 »

305 1185 949 1243 Ascensionesincorde
978 1199 1079 1239 suo
1139 1180 1429 1252 disposuit,
1489 1186 1595 1234 etc.
1651 1175 1829 1246 (Psai.

237 1278 506 1345 Lxxxm.)
543 1298 565 1323 ι
600 1274 774 1328 Homo
804 1280 918 1328 tres
973 1270 1358 1327 descensorios
1407 1267 1610 1340 gradus
1665 1263 1834 1319 ruinae

237 1371 491 1429 incurrit.
521 1371 727 1427 Primus
747 1378 830 1426 est
859 1369 1095 1441 proprias
1121 1367 1415 1424 voluntatis
1442 1361 1834 1437 praesumpsio;

239 1469 535 1535 secundus,
567 1469 867 1526 carnalium
897 1467 1276 1524 illecebrarum
1311 1463 1507 1519 abusio
1539 1481 1554 1530 ;
1614 1460 1831 1529 tertius,

241 1557 406 1615 fallax
435 1557 826 1629 temporalium
883 1554 1175 1612 affectatio.
1224 1555 1428 1610 Eadem
1459 1553 1552 1607 via
1596 1565 1705 1622 qua
1732 1549 1836 1603 de-

241 1657 477 1725 scendit,
511 1656 810 1712 ascendere
839 1654 1004 1710 debet
1033 1652 1336 1724 reciprocis
1375 1648 1658 1723 gressibus
1690 1666 1702 1711 ;
1739 1645 1835 1700 sed

1936 487 2157 557 piuntur
2187 484 2499 542 mortificari
2534 483 2838 540 volentibus
2868 481 3069 536 intrare
3129 487 3182 535 et
3239 478 3530 552 pervenire

1936 589 2005 642 ad
2037 599 2239 645 terram
2263 581 2749 655 repromissionis;
2812 595 2915 635 nec
2972 579 3192 632 intrabit
3250 577 3370 648 quis
3425 575 3532 632 nisi

1941 682 2182 735 transeat
2209 674 2427 730 Jericho
2468 687 2570 742 per
2612 669 2796 726 locum
2846 668 2950 722 sibi
3001 670 3311 737 oppositum
3349 665 3535 738 ingre-

1937 771 2117 834 diens,
2161 765 2287 836 quia
2317 763 2596 816 destructa
2624 758 2881 828 superbia
2929 755 3218 810 humilitati
3239 753 3296 808 fit
3316 755 3536 827 ingres-

1939 875 2053 912 sus.
2087 853 2309 909 Invidiae
2340 849 2600 913 charitas,
2641 847 2732 902 irae
2765 846 3046 916 patientia,
3081 844 3307 898 luxuriae
3362 842 3534 898 casti-

1939 955 2043 1012 tas,
2078 943 2322 1000 avaritiae
2352 939 2598 1010 largitas,
2631 935 3031 1008 gastrimargia
3070 931 3402 988 abstinentia
3429 946 3533 1002 op-

1939 1035 2118 1108 posita
2174 1039 2281 1086 est.
2322 1029 2449 1083 Hmc
2481 1041 2612 1097 ergo
2637 1025 2720 1080 via
2746 1029 2848 1092 est,
2875 1039 2982 1095 qua
3003 1023 3073 1077 ad
3105 1022 3387 1078 caelestem
3430 1035 3534 1090 pa-

1939 1133 2098 1188 triam
2131 1127 2423 1184 tendimus.
2504 1121 2767 1177 Viaticum
2825 1129 2908 1175 est
2953 1134 3155 1190 corpus
3201 1124 3256 1173 et
3310 1115 3536 1187 sanguis

1943 1227 2182 1286 Domini.
2221 1225 2343 1294 Quo
2359 1220 2450 1294 qui
2481 1227 2649 1286 caret,
2681 1219 2748 1273 ad
2793 1217 3126 1273 destinatum
3183 1214 3367 1271 locum
3423 1227 3536 1269 non

1942 1317 2208 1392 pervenit,
2233 1322 2323 1368 aut
2353 1310 2530 1381 magis
2587 1308 2716 1363 inde
2771 1305 3029 1362 discedit.

2013 1407 2120 1464 Sed
2151 1403 2272 1476 quia
2331 1399 2553 1474 quidam
2587 1395 2899 1452 mendicant
2947 1393 3141 1466 quibus
3188 1408 3299 1448 non
3355 1392 3533 1460 datur,

1941 1496 2016 1552 ait
2045 1493 2314 1549 Salomon
2347 1507 2408 1544 :«
2433 1488 2666 1558 PrOpter
2705 1483 2880 1556 frigus
2937 1483 3097 1556 piger
3117 1497 3274 1536 arare
3329 1479 3534 1548 noluit;

1943 1588 2273 1648 mendicabit
2299 1601 2434 1657 ergo
2501 1590 2715 1648 aestate,
2748 1588 2800 1636 et
2856 1595 2964 1634 non
3004 1578 3219 1633 dabitur
3247 1576 3299 1632 ei
3354 1579 3536 1648 (Prov.

1945 1681 2072 1754 xx).
2107 1703 2128 1727 υ
2157 1676 2315 1747 Quod
2329 1682 2410 1730 est
2439 1672 2622 1728 dicere
2647 1691 2658 1725 :
2697 1672 2924 1739 Propter
2954 1668 3056 1724 hoc
3077 1665 3335 1722 saeculum
3353 1678 3542 1734 repro-

241 1760 516 1841 concyrsg
546 1745 756 1841 (πῶμ’
791 1751 848 1799 ω
877 1743 1088 1841 Primus
1144 1741 1350 1841 “ad.”
1399 1740 1472 1794 sit
1499 1735 1835 1841 ascensionis
1861 1747 1916 1812 B
1947 1735 2049 1827 bus
2073 1735 2302 1841 quisque
2323 1761 2479 1818 bonis
2497 1759 2708 1817 actibus
2750 1735 2994 1814 exerceri
3017 1753 3188 1811 noluit
3213 1770 3226 1824 ;
3258 1751 3545 1808 mendica-

243 1834 603 1891 saacularibus
631 1832 1020 1888 abrenuntiare
1045 1849 1058 1894 ;
1092 1831 1390 1894 secundus,
1414 1841 1632 1884 carnem
1655 1823 1840 1880 morti-

243 1923 413 1980 ﬁcare
446 1939 460 1993 ;
489 1923 702 1991 tertius,
735 1921 1009 1994 propriam
1040 1919 1369 1974 voluntatem
1401 1915 1667 1986 ahjicere.
1720 1916 1841 1969 Ista:

245 2019 375 2067 sunt
403 2019 520 2066 tres
541 2011 735 2077 diaetae,
757 2010 956 2082 quibus
978 2009 1047 2064 ad
1069 2009 1346 2066 Christum
1377 2006 1646 2061 redimus.
1685 2001 1841 2060 Unde

245 2103 516 2172 Moyses:
552 2123 574 2148 ι
611 2100 786 2165 Viam,
844 2098 1036 2169 inquit,
1085 2098 1248 2152 trium
1302 2096 1516 2151 dierum
1561 2093 1761 2148 ibimus
1786 2091 1842 2146 in

247 2200 626 2264 descrtum,ut
650 2196 1025 2253 sacrificemus
1043 2194 1274 2251 Domino
1302 2194 1506 2264 (Exod.
1530 2194 1633 2261 ιιι).
1670 2213 1690 2240 η
1733 2189 1843 2245 Sed

256 2295 766 2354 abrenuntiantibus
796 2294 1019 2358 saculo,
1051 2297 1105 2349 et
1153 2293 1222 2347 ad
1253 2292 1532 2348 Christum
1559 2288 1844 2346 redeunti-

249 2388 376 2452 bus,
408 2385 683 2442 confessio
704 2399 842 2455 pura
873 2391 926 2439 et
956 2382 1132 2438 fidelis
1154 2381 1369 2454 agenda
1392 2387 1492 2436 est.
1517 2379 1672 2435 Unde
1695 2381 1846 2447 Apo-

251 2475 425 2531 stolus
455 2493 467 2529 :
494 2474 736 2529 «Fidelis
766 2488 950 2527 sermo
980 2479 1032 2526 et
1061 2471 1210 2526 omni
1261 2469 1586 2540 acceptione
1616 2467 1842 2539 dignus,

255 2563 383 2637 quia
412 2564 654 2620 Christus
691 2564 850 2618 Jesus
881 2561 1028 2617 venit
1056 2561 1111 2614 in
1140 2561 1287 2615 hunc
1342 2558 1601 2613 mundum
1643 2571 1845 2627 pecca-

253 2671 409 2718 tores
429 2662 612 2717 salvos
639 2660 819 2716 facere
869 2659 957 2730 (II
977 2661 1120 2714 Tim.
1145 2660 1204 2726 1).
1235 2680 1256 2705 υ
1284 2658 1544 2712 Peccator
1563 2655 1699 2709 alius
1718 2669 1846 2707 vero

251 2751 422 2808 corde
472 2749 616 2804 ﬁdeli
662 2764 914 2804 sermone
970 2755 1194 2818 peccata
1252 2744 1558 2802 confitetur.
1605 2745 1683 2798 De
1740 2756 1848 2813 quo

251 2841 450 2896 dicitur
483 2857 497 2894 :
528 2863 549 2888 α
585 2838 735 2893 Beati
766 2853 998 2909 quorum
1058 2836 1306 2890 remissas
1364 2842 1489 2888 sunt
1535 2831 1849 2903 iniquitates

253 2931 428 3001 (Paul.
456 2930 636 2997 xxxx).
676 2947 699 2977 »
733 2927 837 2981 Alii
868 2929 993 2980 sunt
1014 2925 1106 2995 qui
1138 2941 1198 2978 se
1228 2931 1511 2979 excusant.
1547 2923 1624 2976 De
1653 2920 1850 2992 quibus

253 3017 518 3074 Dominus
546 3032 646 3087 per
674 3017 996 3086 prophetam
1029 3033 1040 3069 :
1079 3037 1100 3061 ιι
1137 3013 1268 3067 Plui.
1298 3012 1489 3083 inquit,
1538 3025 1701 3080 super
1719 3008 1852 3064 civi-

1948 1867 2027 1922 bit
2062 1879 2197 1936 ergo
2228 1861 2281 1916 in
2315 1859 2517 1916 ultima:
2533 1856 2641 1912 diei
2662 1854 2915 1912 claritate
2935 1853 3132 1924 stipem
3167 1849 3364 1906 salutis
3388 1857 3546 1906 aster-

1949 1971 2055 2020 nae,
2084 1962 2137 2008 et
2166 1968 2273 2006 non
2295 1948 2514 2004 dabitur
2539 1946 2607 2001 ei.
2632 1945 2822 2000 Hiems
2841 1942 2984 1998 enim
3014 1956 3257 2012 praesens
3279 1938 3544 1995 saeculum

1951 2041 2293 2116 intelligitur,
2325 2038 2436 2104 ubi,
2471 2035 2595 2108 quia
2622 2032 2859 2088 abundat
2887 2029 3172 2102 iniquitas,
3238 2027 3549 2101 refrigescit

1952 2115 2188 2190 Charitas
2216 2129 2446 2200 (Matth.
2507 2125 2699 2194 xxxv);
2732 2129 2895 2178 aestas
2926 2127 3107 2176 autem
3163 2118 3283 2174 dies
3331 2115 3546 2187 judicii,

1953 2231 2045 2288 ubl
2077 2227 2265 2286 electis
2294 2224 2451 2298 quasi
2479 2223 2636 2279 bonis
2657 2219 2921 2293 operariis
2951 2219 3020 2274 de
3064 2216 3400 2290 agricultura
3448 2229 3550 2270 sua

1952 2319 2149 2377 messis
2181 2323 2454 2389 perpetua
2487 2311 2678 2368 salutis
2710 2309 2980 2365 redditur.

2539 2421 2617 2477 De
2645 2418 2962 2486 jactantia.

2033 2545 2164 2598 Tam
2193 2541 2249 2595 in
2277 2537 2436 2594 dictis
2465 2551 2626 2607 quam
2670 2534 2727 2588 in
2757 2531 2912 2588 factis
2943 2538 3027 2588 est
3052 2529 3296 2587 cavenda
3331 2530 3554 2599 jactan-

1958 2633 2062 2688 tia:
2106 2629 2290 2685 flenda
2323 2634 2406 2682 est
2434 2634 2617 2680 tamen
2648 2621 2805 2678 ruina
2858 2619 2999 2677 velle
3056 2618 3160 2673 sibi
3217 2633 3556 2690 quemquam

1956 2721 2136 2793 magis
2167 2733 2329 2790 quam
2361 2717 2476 2770 Deo
2504 2712 2742 2784 placere,
2769 2718 2822 2764 et
2864 2708 3085 2764 laudem
3139 2705 3207 2762 ab
3245 2705 3556 2762 hominibus

1959 2831 2300 2887 comparare.
2350 2813 2535 2867 Vanus
2591 2817 2647 2864 et
2699 2807 2901 2863 erroris
2961 2812 3044 2860 est
3094 2804 3308 2858 animus
3362 2802 3558 2872 plenus

1961 2907 2163 2963 famam
2189 2910 2472 2974 appetere,
2504 2906 2559 2954 et
2586 2897 2654 2952 ad
2687 2895 3009 2966 capiendam
3037 2901 3316 2948 terrenam
3339 2890 3557 2945 laudem

1961 2995 2195 3050 studium
2228 2992 2383 3046 dare.
2425 2985 2794 3056 Circumspice
2841 2981 3207 3053 temetipsum,
3258 2996 3290 3036 o
3345 2979 3557 3034 homo!

254 3113 427 3161 tatem
452 3081 612 3159 unam
645 3081 735 3159 :‘et
767 3081 931 3173 super
947 3102 1172 3156 alteram
1195 3116 1304 3155 non
1325 3081 1436 3171 plui
1465 3101 1671 3167 (Amos.
1705 3100 1841 3164 IV).»
1875 3100 1921 3165 Ο
1959 3091 2200 3162 nihilque
2222 3088 2319 3143 tibi
2351 3100 2584 3173 arroges
2605 3099 2722 3173 quae
2749 3081 2879 3136 inte
2937 3087 3062 3134 sunt
3115 3086 3321 3173 praeter
3365 3091 3562 3148 pecca-

256 3195 376 3250 Hoc
396 3202 477 3248 est
502 3193 757 3248 devotam
789 3191 1028 3246 animam
1046 3207 1146 3261 per
1167 3191 1396 3244 verbum
1426 3189 1684 3243 doctrinae
1700 3202 1850 3242 com-

262 3298 518 3364 punctum
549 3288 798 3361 irrigari,
832 3289 1022 3343 duram
1054 3296 1106 3342 et
1135 3287 1463 3341 obstinatam
1518 3284 1573 3338 in
1622 3291 1852 3354 peccato

256 3387 479 3459 reliqui.
517 3385 628 3441 Alii
656 3396 859 3458 partem
892 3388 961 3441 de
989 3388 1228 3457 peccatis
1259 3383 1372 3438 suis
1415 3381 1758 3447 contitentur,
1783 3380 1853 3435 de

262 3477 463 3550 quibus
484 3493 611 3547 pars
658 3473 1161 3546 quamconﬁtentur
1215 3473 1488 3543 compluta
1525 3479 1610 3526 est
1665 3469 1854 3526 verbis

257 3566 523 3622 doctrinae
553 3565 640 3620 vel
683 3563 1070 3628 confessionis,
1090 3571 1143 3618 et
1174 3579 1298 3634 pars
1319 3561 1648 3631 incomplnta
1680 3573 1856 3614 rema-

257 3664 370 3711 net.
405 3653 664 3723 Pracepit
694 3655 841 3709 Deus
866 3653 988 3707 filiis
1019 3653 1208 3718 Israel,
1241 3660 1297 3706 ut
1335 3649 1710 3722 ingredientes
1741 3656 1855 3702 ter-

259 3769 372 3808 ram
456 3751 916 3822 repromissionis,
996 3751 1186 3806 hostes
1244 3765 1436 3805 omnes
1489 3745 1857 3802 interficerent

257 3843 450 3914 (Iosue
481 3843 660 3910 xxvr).
706 3864 726 3889 «ι
759 3840 814 3896 Si
839 3841 927 3912 qui
946 3839 1332 3904 remanserint,
1366 3836 1640 3910 inquiens,
1699 3840 1857 3890 erunt

258 3931 418 3986 vobis
448 3930 602 4000 quasi
633 3929 771 3986 clavi
801 3931 855 3983 in
895 3930 1086 3997 oculis,
1144 3937 1197 3984 et
1219 3927 1372 4000 quasi
1403 3927 1608 3982 lancem
1639 3923 1692 3978 in
1721 3923 1858 3979 late-

262 4020 416 4074 ribus
449 4018 536 4073 vel
555 4017 606 4072 in
632 4019 1003 4087 costis(Num.
1040 4019 1256 4087 xxxiii).
1288 4041 1308 4065 ιι
1338 4015 1855 4071 Perconfessionem

261 4109 409 4165 enim
431 4107 498 4162 de
526 4108 786 4178 Egypto,
820 4107 874 4161 id
905 4115 987 4162 est
1016 4107 1085 4162 de
1113 4107 1314 4161 mundo
1334 4106 1708 4178 egredientes,
1746 4111 1858 4158 ter-

266 4213 382 4252 ram
412 4195 858 4265 repromissionis
916 4195 1292 4266 ingredimini,
1343 4195 1398 4250 id
1455 4204 1537 4248 est
1577 4193 1858 4249 cmlestem

263 4285 492 4357 patriam
525 4303 539 4350 ;
573 4285 620 4338 si
639 4283 764 4340 vitia
809 4301 981 4356 usque
1010 4285 1080 4339 ad
1139 4300 1302 4339 unum
1359 4283 1678 4346 occidimus,
1742 4295 1861 4350 quae

263 4373 656 4446 superfuerint,
688 4381 859 4428 erumt
882 4373 1039 4428 nobis
1071 4372 1223 4446 quasi
1279 4372 1422 4428 clavi
1453 4371 1506 4426 in
1554 4370 1746 4435 oculis,
1807 4377 1860 4424 et

1960 3190 2092 3237 tum.
2118 3181 2235 3234 Non
2257 3175 2497 3232 declinat
2524 3172 2592 3228 ad
2631 3172 2915 3226 dexteram
2975 3169 3066 3239 qui
3109 3183 3219 3222 non
3275 3166 3405 3233 sibi,
3461 3165 3560 3221 sed

1958 3272 2074 3326 Deo
2104 3266 2286 3322 tribuit
2317 3265 2458 3318 bona
2489 3277 2610 3334 qua)
2652 3259 2786 3333 agit,
2837 3273 3017 3330 neque
3061 3257 3130 3312 ad
3189 3255 3460 3310 sinistram
3499 3270 3560 3310 se

1959 3357 2116 3416 vertit
2137 3355 2228 3428 qui
2257 3355 2326 3410 de
2356 3351 2538 3407 divina
2593 3346 2932 3421 indulgentia
2991 3343 3254 3416 peccandi
3281 3343 3564 3400 licentiam

1960 3473 2069 3512 non
2100 3451 2400 3527 praesumit.
2443 3450 2558 3504 Hoc
2579 3455 2662 3503 est
2690 3445 2835 3519 quod
2864 3444 3148 3515 Prophaeta
3180 3442 3255 3497 ait
3291 3457 3305 3494 :
3341 3465 3363 3490 «ι
3431 3440 3561 3495 Haec

1960 3546 2050 3604 via
2092 3564 2104 3599 :
2137 3539 2410 3597 ambulate
2439 3538 2494 3592 in
2525 3552 2606 3603 ea,
2640 3551 2819 3607 neque
2849 3533 2918 3589 ad
2938 3532 3245 3598 dexteram,
3280 3545 3458 3600 neque
3489 3527 3563 3584 ad

1962 3634 2242 3690 sinistram
2263 3630 2398 3698 (Isa.
2429 3626 2579 3696 xxx).
2616 3648 2638 3674 ι
2677 3626 2876 3680 Verum
2907 3630 2990 3678 est
3019 3620 3165 3693 quod
3197 3626 3390 3674 natura
3449 3633 3558 3673 ex-

1963 3739 2173 3803 spectat
2211 3725 2474 3784 delectari
2504 3725 2558 3779 in
2587 3721 2860 3787 laudibus,
2893 3719 2990 3776 sed
3022 3727 3148 3774 tunc
3175 3725 3344 3782 recte,
3404 3715 3450 3771 si
3508 3715 3565 3770 in

1965 3824 2100 3886 Deo,
2135 3835 2245 3874 non
2267 3817 2320 3870 in
2348 3832 2427 3881 se,
2451 3813 2681 3886 quisque
2699 3810 2971 3867 laudetur.
3005 3809 3153 3866 Sicut
3172 3807 3431 3877 scriptum
3444 3811 3527 3860 est
3547 3823 3568 3860 :

1969 3933 1991 3962 ι
2027 3913 2086 3964 In
2119 3905 2350 3963 Domino
2375 3902 2690 3959 laudabitur
2718 3899 2896 3954 anima
2929 3913 3052 3952 mea
3084 3897 3258 3953 (Psal.
3281 3893 3496 3963 χχχιιι).
3534 3914 3556 3940 »

1967 4010 2124 4078 Saepe
2148 4019 2337 4060 vanam
2363 4001 2594 4073 gloriam
2615 3994 3083 4056 contemnendoin
3102 3992 3245 4047 aliud
3263 4008 3440 4063 genus
3463 3989 3567 4045 ela-

1966 4096 2128 4153 tionis
2156 4092 2438 4156 inciditur,
2471 4090 2598 4144 dum
2629 4087 2682 4141 in
2723 4102 2782 4140 se
2822 4085 3054 4156 quisque
3071 4082 3337 4153 gloriatur
3365 4095 3461 4150 pro
3495 4094 3562 4134 eo

1968 4185 2113 4259 quod
2152 4178 2543 4252 comptenserit
2572 4177 2642 4231 ab
2670 4173 2983 4229 hominibus
3027 4170 3265 4226 laudem.
3320 4168 3564 4237 Quibus-

1966 4283 2094 4339 dam
2123 4292 2450 4336 coneessum
2472 4281 2554 4330 est
2592 4279 2797 4327 tantum
2826 4271 2968 4326 bene
2999 4284 3184 4342 agere,
3221 4275 3276 4323 et
3329 4265 3566 4322 fructum

1969 4371 2096 4428 boni
2127 4369 2308 4439 operis
2339 4380 2445 4420 non
2473 4363 2696 4430 habere,
2732 4376 2895 4432 quem
2925 4357 3030 4429 ipsi
3060 4356 3163 4413 sibi
3192 4354 3443 4412 auferunt
3469 4371 3569 4425 per

263 4471 419 4546 quasi
448 4471 655 4526 lanceae
683 4469 736 4524 in
759 4471 952 4527 costis.
993 4443 1114 4527 Hoc
1144 4479 1226 4526 est
1255 4469 1644 4540 impedimenta
1699 4467 1860 4522 bonae
1889 4460 1940 4519 D
1972 4459 2208 4516 studium
2239 4458 2490 4511 humanae
2521 4449 2811 4521 jactantiae.
2844 4448 3072 4518 Semper
3109 4461 3266 4501 suam
3303 4443 3572 4522 aspiciant

261 4559 582 4619 intentionis
612 4560 730 4614 sive
770 4568 1096 4615 tormentum
1128 4561 1182 4614 in
1240 4558 1595 4622 conscientia,
1646 4563 1704 4610 ut
1758 4571 1859 4626 per

263 4652 383 4706 haec
402 4659 455 4705 et
503 4647 663 4704 fortia
708 4647 965 4703 virtutum
1027 4649 1362 4718 dissipentur
1409 4661 1601 4718 Opera,
1663 4644 1858 4716 quibus

263 4747 566 4805 inﬁrmiora
633 4752 815 4802 nostra
877 4745 1034 4818 quasi
1082 4745 1249 4801 costis
1302 4744 1555 4800 interiora
1609 4747 1861 4798 contecta

263 4837 599 4892 muniuntur.
634 4835 741 4891 Sed
768 4842 982 4904 oportet
1001 4834 1142 4890 scire
1174 4833 1300 4906 quia
1333 4833 1420 4888 via
1478 4841 1531 4888 et
1585 4847 1692 4905 quo
1741 4830 1860 4884 via-

267 4927 377 4982 tico
408 4924 668 4980 utendum
690 4923 777 4979 sit.
809 4923 1220 4979 Transeundum
1252 4923 1418 4994 igitur
1447 4929 1530 4978 est
1585 4937 1685 4992 per
1717 4918 1861 4975 Jeri-

267 5024 391 5090 cho,
423 5022 477 5077 id
505 5029 587 5077 est
618 5037 717 5092 per
735 5020 1010 5076 defectum
1037 5019 1196 5090 hujus
1227 5019 1377 5074 vitae.
1443 5019 1658 5074 Jericho
1717 5016 1861 5072 enim

266 5112 398 5168 luna
422 5111 825 5181 interpretatur.
848 5111 916 5164 Et
938 5109 1076 5164 sicut
1119 5109 1249 5164 luna
1306 5123 1450 5164 nunc
1505 5122 1657 5169 cava,
1711 5120 1862 5161 nunc

266 5201 430 5273 plena
477 5198 848 5256 cerniturzita
878 5199 965 5254 hic
993 5197 1086 5254 alii
1139 5213 1429 5269 pauperes,
1498 5195 1590 5250 alii
1633 5195 1854 5251 divites.

264 5300 396 5355 Haec
452 5297 688 5370 mystica
747 5296 966 5352 Jericho
1023 5303 1233 5367 septem
1292 5294 1460 5349 muris
1516 5294 1723 5349 munita
1779 5301 1863 5349 est

266 5390 454 5459 (Iosue
484 5388 584 5456 vi).
623 5385 862 5455 Quorum
895 5384 1100 5455 primus
1131 5391 1213 5440 est
1240 5382 1509 5456 superbia,
1543 5382 1751 5450 acedia,
1811 5390 1864 5438 et

267 5482 466 5532 caetera
495 5474 621 5530 vitia
649 5473 754 5529 sibi
773 5473 1128 5542 cohaerentia,
1157 5473 1436 5528 secundus
1464 5472 1690 5537 invidia,
1753 5479 1863 5526 ter-

267 5575 374 5631 tius
401 5572 502 5639 ira,
535 5578 762 5644 quartus
791 5571 1033 5639 tristitia,
1054 5572 1279 5645 quintus
1327 5569 1551 5626 avaritia
1586 5589 1599 5625 :
1633 5570 1864 5641 singulas

270 5679 396 5722 cum
424 5660 829 5718 cohaerentibus
872 5660 977 5716 sibi
1021 5660 1161 5717 vitiis
1204 5669 1258 5717 ct
1302 5658 1566 5733 peccatis.
1625 5659 1690 5714 Et
1745 5659 1865 5714 haec

271 5759 493 5833 quidem
523 5756 654 5814 vitia
670 5765 794 5813 sunt
820 5757 1023 5814 animae
1056 5777 1068 5823 ;
1103 5758 1213 5815 alia
1237 5774 1369 5815 vero
1424 5758 1532 5814 duo
1581 5763 1703 5813 sunt
1742 5772 1862 5812 cor-

1967 4557 2267 4614 foeditatem
2299 4553 2391 4624 qui
2419 4565 2570 4606 vana
2601 4547 2792 4621 glorise
2821 4546 3036 4602 favores
3065 4544 3319 4617 diligunt,
3351 4550 3404 4598 et
3444 4557 3570 4614 per-

1967 4646 2172 4704 didisse
2202 4644 2402 4698 bonum
2433 4657 2494 4696 se
2523 4654 2661 4710 opus
2701 4635 2938 4703 doleant,
2996 4633 3140 4706 quod
3178 4648 3275 4703 pro
3329 4633 3570 4686 humana

1966 4733 2329 4792 ostentatione
2349 4730 2618 4786 fecerunt.
2651 4729 2875 4782 Amator
2895 4719 3248 4792 vanaaglorias
3275 4720 3421 4776 unde
3449 4729 3576 4789 pos'

1969 4835 2039 4890 sit
2059 4847 2276 4902 semper
2339 4827 2556 4883 laudari
2609 4839 2779 4896 agere
2807 4837 2916 4880 non
2972 4820 3225 4894 quiescit,
3257 4826 3308 4875 et
3337 4815 3566 4872 subinde

1970 4923 2046 4978 illi
2104 4921 2251 4976 vires
2301 4915 2550 4972 vanitatis
2599 4929 2802 4985 pravus
2857 4911 3132 4982 appetitus
3188 4914 3373 4980 auget.
3432 4904 3567 4961 Boni

1970 5010 2156 5082 operis
2180 5006 2450 5063 inchoatio
2480 5020 2587 5060 non
2610 5003 2776 5058 debet
2798 5001 2976 5072 palam
3009 4997 3165 5055 citius
3195 4996 3263 5051 ad
3283 4994 3563 5051 hominum

1971 5106 2338 5179 cognitionem
2366 5101 2575 5171 venire,
2609 5115 2678 5155 ne
2707 5099 2833 5154 dum
2866 5096 2994 5152 boni
3026 5094 3297 5150 inchoatio
3311 5091 3564 5148 humanis

1970 5203 2146 5260 oculis
2175 5207 2462 5265 reseratur,
2497 5213 2530 5252 a
2559 5196 2753 5253 virtute
2766 5191 3122 5266 perfectionis
3143 5191 3423 5246 insuescat
3453 5203 3564 5244 ca:-

1971 5293 2082 5365 ptio
2112 5287 2434 5345 sanctitatis.
2469 5290 2609 5342 Ante
2638 5281 2962 5339 maturitatis
3005 5281 3149 5338 enim
3181 5287 3394 5351 tempus
3419 5294 3568 5334 mes-

1972 5406 2065 5446 ses
2096 5385 2476 5444 florentescito
2506 5389 2756 5456 pereunt,
2822 5379 3040 5437 semina
3091 5393 3304 5450 quoque
3353 5375 3568 5432 inutilia

1971 5479 2122 5536 fiunt.
2169 5477 2404 5532 Virtutes
2434 5480 2746 5529 sanctorum
2799 5486 2899 5542 per
2927 5465 3300 5524 ostentationis
3354 5463 3568 5538 appeti-

1972 5577 2086 5625 tum
2140 5565 2381 5622 dominio
2437 5559 2840 5618 immundorum
2890 5558 3171 5630 spirituum
3203 5554 3560 5625 subjciuntur.

1973 5665 2120 5722 Sicut
2149 5661 2410 5719 Ezechias
2441 5674 2558 5725 rex,
2593 5655 2688 5731 qui
2736 5655 2952 5712 divitias
2981 5670 3108 5710 suas
3137 5652 3416 5711 Chaldaeis
3469 5666 3568 5724 per

1969 5751 2285 5826 jactantiam
2324 5747 2584 5824 prodidit,
2616 5755 2669 5804 et
2697 5754 2984 5820 propterea
3009 5745 3286 5817 perituras
3317 5756 3419 5813 per
3447 5754 3573 5811 pro-
