3986 6070
450 180 591 236 1107

1586 181 1927 237 \VERNERI
1969 181 2248 237 ABBATIS
2287 181 2350 238 S.
2401 183 2620 237 BLASII

3632 178 3768 233 1108

451 305 670 376 phetam
699 304 922 371 audivit,
957 312 1012 360 ut
1070 303 1399 378 signiﬁcaret
1429 305 1528 361 Dei
1560 321 1778 361 servum
1828 306 2054 361 virtutes
2083 305 2138 368 Α
2166 305 2290 360 vitae
2338 305 2599 376 suspirat.
2660 306 2902 376 Quatuor
2966 323 3088 362 esse
3145 304 3432 378 qualitates
3511 303 3766 360 affectio-

453 408 606 459 suas,
638 393 768 448 dum
789 410 886 465 per
917 409 1069 450 vanae
1097 394 1284 466 gloriae
1314 394 1550 449 studium
1601 395 1908 466 prodiderit
1939 411 2057 466 per-

452 490 602 557 dere,
644 499 698 545 et
727 492 904 546 statim
939 492 1219 546 daemones
1272 507 1491 546 suorum
1532 508 1756 562 Operum
1806 493 2056 547 dominos

453 580 652 646 facere,
687 580 825 635 sicut
846 581 936 635 ille
976 597 1074 651 per
1103 582 1523 636 ostentationem
1566 581 1846 636 Chaldaeos
1878 598 2055 636 rerum

454 685 682 723 suarum
716 669 966 724 dominos
997 668 1120 724 fecit
1152 669 1281 739 (13a.
1315 671 1528 739 xxxix).
1583 669 1781 741 Optina
1837 679 1918 724 est
1969 671 2056 724 illa

455 764 739 832 discretio,
770 774 827 821 ut
860 775 912 821 et
940 775 1065 821 nota
1087 766 1190 821 sint
1224 783 1386 837 opera
1415 773 1602 823 nostra
1635 768 1701 822 ad
1733 768 2055 823 audiendam

455 855 554 910 Dei
578 855 832 926 gloriam,
865 864 917 909 et
946 855 1153 910 occulta
1183 871 1280 925 pro
1303 856 1521 911 vitanda
1568 856 1728 910 laude
1785 857 2049 912 humana.

453 943 550 998 llle
576 944 718 997 enim
751 945 910 998 debet
939 943 1214 1014 publicare
1273 944 1415 999 bona
1445 961 1564 1016 quae
1612 945 1744 1016 agit,
1803 945 1893 1017 qui
1951 954 2056 999 tam

454 1039 695 1112 perfecta
737 1041 1035 1097 humilitale
1059 1041 1312 1097 fondatus
1333 1051 1431 1106 est,
1498 1051 1555 1096 ut
1598 1041 1743 1096 nulla
1771 1043 1890 1113 jam
1945 1043 2058 1097 ela-

453 1129 600 1186 tione
632 1130 998 1202 contingatur.
1023 1132 1160 1185 Nam
1226 1131 1273 1186 is
1318 1130 1408 1202 qui
1456 1147 1515 1186 se
1559 1130 1810 1202 intelligit
1875 1131 2060 1186 adhuc

454 1219 837 1276 amorelaudis
895 1219 1118 1290 pulsari,
1181 1219 1322 1274 facta
1378 1235 1477 1273 sua
1537 1219 1676 1274 bona
1735 1221 1786 1272 in
1844 1221 2058 1276 occulto

453 1325 604 1393 agat,
635 1333 702 1372 ne
744 1316 878 1372 forte
909 1317 1054 1388 quod
1109 1318 1282 1387 egerit
1337 1318 1558 1388 perdat.
1613 1318 1892 1373 Interdum
1961 1319 2059 1373 viri

453 1405 627 1462 sancti
691 1405 817 1460 dum
872 1405 1094 1476 cupiunt
1154 1405 1393 1461 funditus
1433 1423 1589 1462 suam
1645 1407 2057 1462 mutabilitatem

453 1495 750 1566 corrigere,
816 1493 1108 1564 aliquando
1173 1503 1466 1566 tanguntur
1524 1504 1729 1550 tumore
1807 1496 2057 1551 elationis

453 1609 592 1661 suae,
622 1590 827 1646 conscii
855 1590 1081 1646 actionis
1121 1607 1254 1659 suae,
1277 1591 1376 1646 sed
1404 1591 1470 1645 ab
1513 1593 1683 1662 hujus
1730 1593 2058 1662 abreptionis

2164 411 2315 456 num,
2348 396 2546 466 quibus
2577 412 2731 451 mens
2759 396 2889 466 justi
2926 396 3084 451 taedio
3115 395 3320 450 salubri
3348 394 3767 467 compungitur,

2164 483 2268 538 hoc
2298 493 2378 537 est
2407 486 2666 540 memoria
2713 485 3114 555 praateritorum
3146 484 3454 539 facinorum
3501 483 3770 538 recorda-

2164 580 2310 634 tione
2355 580 2652 636 futurarum
2701 597 3008 652 pmnarum,
3041 581 3474 636 consideratione
3507 580 3770 650 peregri-

2166 669 2402 722 nationis
2432 686 2545 724 sum
2576 670 2631 723 in
2691 671 2850 738 hujus
2883 672 3004 725 vitae
3032 670 3448 741 longinquitate,
3485 669 3768 724 desiderio

2166 773 2416 827 superum
2445 759 2660 828 patriae,
2687 768 2953 830 quatenus
2983 760 3052 813 ad
3084 775 3203 813 eam
3236 759 3564 829 quantocius
3592 758 3772 812 valeat

2167 854 2482 924 pervenire.
2523 853 2783 926 Quisquis
2816 863 3162 925 peccatorum
3188 855 3446 910 memoria
3502 872 3768 924 compun-

2167 942 2313 1013 gitur
2363 943 2432 996 ad
2463 943 2720 1009 lamenta,
2761 952 2891 998 tunc
2919 943 3018 998 Dei
3073 960 3266 998 servus
3295 960 3355 999 sc
3388 943 3603 998 visitari
3636 944 3768 999 sciat

2167 1046 2266 1100 per
2296 1031 2601 1100 praesentia,
2648 1032 2862 1102 quando
2920 1033 2974 1086 id
3005 1033 3146 1104 quod
3179 1049 3240 1087 se
3269 1031 3527 1086 amisisse
3549 1033 3764 1099 recolit,

2166 1127 2393 1182 interius
2441 1129 2735 1194 erubescit,
2779 1145 2990 1201 suoque
3051 1129 3260 1199 judicio
3307 1129 3628 1199 paenitendo
3657 1131 3768 1197 jam

2169 1217 2340 1286 punit.
2381 1218 2520 1271 Nam
2552 1227 2676 1272 tunc
2708 1219 2901 1272 Petrus
2929 1218 3096 1282 ﬂevit,
3130 1219 3349 1289 quando
3382 1219 3436 1270 in
3466 1234 3594 1273 eum
3627 1217 3774 1272 Chri-

2168 1314 2282 1359 stus
2314 1314 2578 1375 respexit.
2627 1307 2783 1362 Unde
2829 1316 2882 1362 et
2930 1307 3210 1361 Psalmista
3246 1326 3257 1361 :
3297 1329 3318 1354 ιι
3354 1308 3640 1377 Respexit,
3684 1308 3771 1360 in-

2169 1403 2302 1474 quit,
2365 1412 2417 1457 et
2475 1413 2744 1459 commota
2799 1412 2900 1469 est,
2936 1413 2989 1460 et
3017 1405 3338 1460 contremuit
3370 1413 3524 1459 terra
3575 1406 3762 1460 (Pacti.

2167 1494 2322 1551 λνιι).
2360 1515 2382 1540 n
2421 1493 2664 1547 Gressus
2720 1493 2820 1548 Dei
2851 1502 2975 1548 sunt
2999 1493 3052 1547 in
3091 1493 3259 1548 corde
3287 1493 3526 1548 hominis
3555 1493 3778 1548 interit»

2168 1581 2266 1647 ris,
2301 1597 2408 1652 qua
2448 1582 2594 1636 bona
2624 1582 2896 1638 desideria
2927 1591 3176 1655 surgunt,
3211 1591 3268 1638 ut
3297 1582 3580 1638 calcentur
3609 1582 3771 1636 mala.

454 1648 603 1738 malo
659 1679 977 1734 humilitatis
1055 1648 1474 1750 compunctione
1557 1648 1878 1753 purgantur:
1946 1681 2052 1734 Viri
2089 1648 2141 1711 B
2171 1676 2401 1745 Quando
2423 1695 2561 1750 ergo
2591 1679 2694 1733 ista
2723 1679 2778 1734 in
2810 1681 2980 1736 corde
3022 1680 3256 1735 hominis
3284 1679 3439 1744 ﬁunt,
3481 1679 3774 1735 sciendum

454 1769 628 1827 sancti
674 1784 1064 1840 nonnunquam
1123 1769 1391 1840 quosdam
1423 1769 1490 1825 de
1549 1787 1608 1826 se
1650 1771 1930 1826 audientes
1968 1770 2054 1824 in-

449 1873 687 1934 struunt,
746 1873 800 1920 et
856 1873 1036 1920 tamen
1103 1863 1155 1919 in
1213 1865 1298 1921 his
1351 1865 1459 1921 alta
1516 1867 1958 1923 consideratione
1997 1883 2056 1921 se

454 1955 782 2020 custodiunt,
817 1969 919 2011 nec
948 1954 1078 2010 dum
1100 1954 1238 2010 alios
1266 1971 1299 2010 a
1343 1963 1560 2011 terrena
1623 1957 1923 2011 intentione
1953 1955 2057 2010 eri-

455 2053 608 2118 gunt,
644 2045 748 2117 ipsi
774 2044 830 2098 in
860 2054 1096 2099 terrena:
1125 2044 1303 2099 laudis
1349 2045 1591 2116 appetitu
1656 2046 2050 2117 dimergantur.

456 2139 687 2211 Quidam
718 2158 816 2213 per
843 2141 1110 2197 incautam
1131 2141 1385 2198 virtutum
1429 2143 1748 2211 jactantiam
1789 2142 2056 2197 relabun-

454 2238 544 2285 tur
573 2232 642 2286 ad
673 2229 822 2295 vitia,
857 2239 910 2285 et
991 2230 1236 2301 quidam,
1295 2231 1425 2284 dum
1478 2232 1727 2286 vitiorum
1788 2231 2056 2301 inpulsum

456 2320 771 2390 frequenter
800 2318 1088 2390 plangunt,
1118 2317 1504 2374 deinﬁrmitate
1535 2319 1763 2375 validius
1803 2337 1900 2390 per
1955 2322 2056 2375 bu-

456 2415 738 2469 militatem
769 2413 1181 2470 convalescunt.
1207 2415 1530 2486 Plerumque
1575 2418 1704 2472 utile
1761 2427 1841 2472 est
1898 2434 2059 2473 arro-

455 2502 714 2574 gantibus
753 2503 988 2557 deseris
1046 2504 1182 2567 Deo,
1241 2511 1508 2574 quatenus
1558 2522 1670 2560 suta
1734 2505 2061 2561 inﬁrmitatis

455 2591 661 2647 conscii
697 2591 766 2647 ad
812 2591 1169 2646 humilitatem
1246 2593 1488 2660 redeant,
1562 2603 1616 2650 et
1671 2595 1900 2652 humiles
1942 2609 2063 2666 post

456 2704 647 2745 casum
689 2689 949 2744 existant.
985 2689 1246 2745 Nonnulli
1263 2690 1395 2745 falsa
1435 2691 1690 2762 opinione
1732 2696 2064 2765 arrogantiae

455 2803 516 2843 se
545 2802 669 2843 esse
697 2787 971 2859 perfectos
1019 2789 1343 2858 existimant,
1403 2789 1530 2844 dum
1589 2807 1696 2846 non
1754 2793 1882 2854 sint,
1931 2793 2065 2864 quia

457 2877 664 2932 obortis
693 2877 1083 2932 tentationibus
1142 2877 1513 2935 innotescunt.
1558 2879 1773 2949 Quanto
1834 2882 2065 2954 quisque

2170 1775 2252 1821 est
2285 1775 2413 1822 tunc
2442 1784 2565 1823 esse
2588 1770 2762 1823 Deum
2795 1785 2890 1838 per
2917 1769 3164 1840 gratiam
3195 1769 3347 1824 cordi
3372 1770 3618 1824 humano
3649 1785 3780 1839 pra-

2169 1867 2409 1910 sentem.
2460 1857 2617 1913 Unde
2691 1874 2750 1912 se
2789 1865 2919 1913 tunc
2993 1857 3171 1930 magis
3232 1859 3394 1914 homo
3467 1873 3678 1914 acuere
3714 1857 3782 1911 ad

2170 1953 2646 2021 compunctionem
2686 1955 2866 2019 debet,
2907 1956 3126 2024 quando
3185 1954 3350 2008 sentit
3389 1963 3443 2009 et
3481 1955 3666 2008 Deum
3699 1954 3784 2007 in-

2171 2041 2337 2094 terius
2367 2052 2718 2110 operantem.
2759 2043 2879 2110 Quo
2909 2059 3063 2097 mens
3094 2043 3328 2098 hominis
3367 2043 3507 2112 justi
3548 2059 3615 2097 ex
3650 2058 3785 2097 vera

2164 2130 2581 2199 compunctione
2619 2130 2848 2200 rapitur,
2880 2141 2929 2186 et
2969 2131 3201 2200 qualiter
3237 2130 3513 2186 inﬁrmata
3573 2148 3776 2187 rever-

2166 2233 2322 2282 tatur.
2358 2227 2659 2294 Degustata
2686 2229 2829 2283 lucis
2847 2230 3218 2301 magnitudine
3247 2229 3400 2283 illum
3429 2245 3601 2285 nosse
3619 2244 3786 2299 posse

2169 2315 2260 2385 qui
2291 2316 2397 2384 jam
2429 2315 2630 2386 aliquid
2661 2317 2861 2372 exinde
2923 2317 3188 2390 gustavit.
3227 2319 3363 2373 Sunt
3401 2318 3496 2390 qui
3557 2333 3665 2373 nec
3719 2334 3784 2372 ex

2169 2419 2302 2458 vera
2325 2404 2512 2459 cordis
2540 2406 2962 2476 compunctione
2992 2407 3078 2460 sui
3108 2416 3457 2463 accusatores
3488 2405 3653 2472 ﬁunt,
3686 2406 3783 2461 sed

2169 2509 2379 2555 tantum
2405 2502 2472 2556 ad
2513 2503 2616 2558 hoc
2643 2519 2702 2558 se
2733 2519 2856 2558 esse
2923 2513 3244 2574 peccatores
3274 2504 3588 2576 assignant,
3618 2512 3681 2558 ut
3710 2520 3780 2559 ex

2171 2588 2292 2644 ﬁcta
2323 2590 2618 2646 humilitate
2661 2591 3047 2658 confessionis,
3105 2593 3284 2648 locum
3325 2593 3608 2648 inveniant
3643 2607 3781 2647 san-

2171 2679 2390 2735 ctitatis.
2441 2679 2521 2733 Ex
2550 2696 2618 2734 eo
2647 2681 3021 2752 unUsquisque
3081 2683 3257 2749 justus
3281 2697 3405 2737 esse
3458 2682 3674 2752 incipit,
3718 2696 3783 2736 ex

2173 2791 2282 2846 quo
2313 2776 2397 2830 sui
2428 2785 2712 2832 accusator
2756 2779 3042 2833 exstiterit.
3077 2779 3227 2834 Multi
3263 2787 3441 2834 autem
3469 2786 3670 2833 contra
3699 2795 3785 2833 se-

2173 2866 2438 2935 metipsos
2468 2875 2786 2934 peccatores
2827 2867 3089 2933 fatentur,
3149 2876 3204 2922 et
3231 2876 3410 2922 tamen
3445 2868 3782 2938 semetipsos

460 2971 518 3030 ﬁt
548 2974 757 3030 veritati
787 2973 1034 3041 vicinior,
1067 2975 1449 3048 tantolongius
1479 2993 1539 3032 se
1570 2994 1692 3034 esse
1723 2979 1789 3032 ab
1829 2995 1894 3034 ea
1937 2979 2063 3033 arhi.

2175 2967 2209 3008 a
2240 2963 2464 3023 peccato
2496 2970 2603 3008 non
2655 2955 2997 3010 subtrahunt.
3030 2959 3230 3028 Magna
3262 2957 3488 3025 justitia:
3528 2971 3661 3025 pars
3700 2965 3783 3010 est

464 3070 656 3118 trt-tur.
690 3063 805 3118 Hoc
835 3064 981 3118 enim
1002 3064 1318 3119 humilitatis
1347 3073 1451 3131 est,
1491 3083 1615 3138 quae
1647 3068 1762 3122 Deo
1793 3069 2067 3123 hominem

461 3151 671 3224 jungit.
712 3151 1248 3222 Caaterumjactantia
1278 3154 1469 3210 oculos
1487 3155 1684 3226 quibus
1706 3157 1853 3210 Deus
1897 3157 2070 3212 videri

464 3249 659 3321 poterit
689 3249 900 3304 dividit.
933 3251 1081 3306 Sicut
1117 3251 1250 3306 solis
1298 3253 1478 3308 radius
1529 3254 1657 3308 dum
1714 3255 2068 3326 conspicitur,

469 3338 619 3394 acies
652 3338 793 3394 oculi
810 3338 1111 3405 hebetatur,
1139 3340 1218 3395 sic
1247 3348 1299 3395 et
1345 3342 1436 3411 qui
1471 3341 1826 3397 immoderate
1883 3344 2072 3398 altiora

475 3427 582 3481 sibi
615 3436 903 3494 scrutatur,
945 3427 1014 3481 ab
1045 3427 1341 3484 intentione
1363 3429 1477 3486 veri
1528 3431 1864 3486 obtunditur.
1923 3432 2072 3487 Sicut

470 3521 654 3593 aquila
718 3538 782 3577 ex
813 3523 925 3578 alto
953 3525 1024 3578 ad
1065 3540 1222 3581 escas
1251 3526 1551 3592 collabitur,
1577 3527 1657 3583 sic
1677 3529 1840 3582 homo
1863 3530 1931 3583 de
1961 3529 2071 3584 alto

473 3613 634 3666 bona
665 3612 1103 3667 conversationis
1132 3629 1232 3683 per
1270 3614 1544 3670 carnalem
1577 3617 1872 3687 appetitum
1906 3620 1976 3672 ad
1999 3619 2074 3673 in-

473 3698 672 3754 feriora
701 3699 1059 3771 demergitur.

993 3826 1070 3882 De
1113 3827 1566 3899 compunctione.

549 3947 911 4021 Compunctio
939 3951 1124 4007 cordis
1151 3961 1232 4008 est
1279 3953 1554 4010 humilitas
1583 3958 1780 4012 mentis
1825 3975 1946 4014 cum
1993 3960 2077 4015 la—

479 4038 700 4109 crymis,
735 4039 985 4095 exoriens
1013 4040 1081 4096 de
1121 4042 1494 4099 recordatione
1523 4046 1730 4114 peccati
1777 4056 1828 4104 et
1882 4049 1950 4105 de
2005 4050 2074 4103 ti-

480 4143 633 4183 more
657 4126 873 4199 judicii.
919 4129 1022 4184 llia
1068 4139 1152 4187 est
1197 4133 1477 4188 conversis
1524 4136 1770 4204 perfecta
1813 4153 2076 4210 compun-

483 4216 678 4273 ctionis
707 4215 944 4284 aﬁ‘ectio,
979 4236 1101 4290 quae
1138 4235 1329 4277 omnes
1358 4239 1392 4277 a
1440 4239 1499 4279 se
1529 4225 1825 4281 carnalium
1853 4227 2078 4283 deside-

482 4304 694 4361 riorum
737 4304 966 4362 affectus
998 4307 1208 4376 refellit,
1255 4318 1307 4366 et
1360 4310 1716 4370 intentionem
1759 4332 1912 4371 suam
1962 4328 2072 4373 toto

481 4395 674 4449 mentis
706 4395 887 4451 studio
925 4395 982 4450 in
1029 4397 1130 4452 Dei
1168 4401 1674 4471 contemplationem
1715 4404 1924 4478 deﬁgit.
1967 4409 2071 4463 Ge-

481 4491 684 4547 minam
716 4508 838 4550 esse
868 4496 1360 4567 compunctionem,
1389 4515 1492 4571 qua
1523 4511 1744 4573 propter
1775 4504 1944 4560 Deum
1966 4507 2073 4562 ani-

480 4597 566 4636 ma
597 4581 860 4655 cujusque
891 4583 1052 4642 electi
1080 4585 1308 4643 aﬁicitur
1339 4587 1432 4645 :id
1461 4598 1543 4645 est
1573 4592 1658 4647 vel
1687 4593 1814 4648 dum
1845 4611 2070 4666 Operum

473 4687 696 4728 auorum
723 4671 870 4728 mala
907 4674 1239 4745 considerat,
1269 4677 1356 4734 vel
1398 4677 1527 4736 dum
1557 4679 1833 4740 desiderio
1852 4693 2069 4741 aeternae

2178 3050 2419 3121 seipsum
2457 3067 2620 3106 nosse
2660 3053 2956 3118 hominem,
3009 3053 3135 3125 quia
3191 3069 3392 3124 parvus
3422 3061 3528 3118 est,
3590 3060 3652 3107 ut
3711 3068 3783 3108 ex

2180 3154 2245 3194 eo
2286 3139 2483 3195 divina-3
2513 3141 2697 3194 virtuti
2739 3142 3014 3196 subdatur
3070 3142 3324 3196 humilius
3354 3156 3424 3196 ex
3458 3156 3568 3211 quo
3624 3156 3781 3196 suam

2178 3235 2538 3292 inﬁrmitatem
2570 3238 2842 3309 agnoscit.
2890 3240 3032 3294 Bene
3053 3255 3111 3294 se
3135 3239 3342 3308 judicat
3365 3241 3545 3307 justus
3573 3239 3629 3293 in
3678 3240 3782 3296 hac

2180 3335 2308 3404 vita,
2344 3353 2412 3391 ne
2436 3336 2717 3406 judicetur
2745 3353 2774 3390 a
2805 3337 2922 3392 Deo
2951 3336 3298 3392 damnatione
3327 3338 3781 3407 perpetua.Tunc

2179 3442 2359 3488 autem
2383 3433 2651 3503 judicium
2690 3435 2758 3490 de
2797 3451 2856 3490 se
2895 3436 3124 3508 quisque
3187 3435 3370 3499 sumit,
3403 3435 3629 3507 quando
3681 3451 3781 3506 per

2181 3522 2404 3595 dignam
2455 3524 2820 3594 pmnitentiam
2879 3541 2975 3580 sua
3030 3539 3199 3596 prava
3241 3525 3374 3579 facta
3413 3527 3771 3581 condemnat.

2182 3621 2508 3676 Amaritudo
2561 3621 2892 3692 paenitentiae
2931 3621 3051 3678 facit
3093 3623 3332 3676 animum
3379 3631 3432 3677 et
3494 3639 3593 3677 sua
3641 3623 3777 3678 facta

2182 3718 2434 3773 subtilius
2491 3719 2780 3786 discutere,
2837 3725 2894 3775 et
2938 3720 3088 3775 dona
3149 3721 3247 3776 Dei
3287 3737 3408 3793 quae
3445 3721 3776 3792 contempsit

2182 3816 2363 3871 ﬂendo
2393 3832 2848 3872 commemorare.
2899 3817 3043 3872 Nihil
3063 3825 3243 3873 autem
3283 3819 3446 3890 pejus
3473 3828 3579 3886 est,
3614 3835 3775 3889 quam

2181 3915 2390 3985 culpam
2422 3930 2723 3987 agnoscere
2754 3931 2853 3970 nec
2883 3916 3103 3971 deﬂere.
3137 3917 3420 3987 Duplicem
3453 3917 3621 3973 debet
3675 3919 3774 3971 ha-

2187 4017 2322 4072 bere
2355 4015 2536 4071 ﬂetum
2567 4017 2621 4071 in
2644 4017 2962 4088 poenitentia
2993 4017 3168 4073 omnis
3197 4028 3469 4090 peccator,
3504 4020 3624 4074 sive
3653 4020 3776 4091 quia

2183 4131 2281 4186 per
2308 4113 2698 4186 negligentiam
2740 4115 2936 4170 bonum
2975 4132 3082 4172 non
3116 4115 3257 4181 fecit,
3291 4133 3388 4172 seu
3409 4119 3536 4188 quia
3576 4117 3778 4172 malum

2184 4227 2284 4281 per
2311 4211 2596 4267 audaciam
2625 4214 2978 4283 perpetravit.
3040 4212 3198 4282 Quod
3225 4214 3372 4268 enim
3399 4215 3644 4285 oportuit
3670 4231 3778 4269 non

2184 4301 2378 4369 gessit,
2413 4308 2466 4355 et
2495 4301 2669 4370 gessit
2697 4302 2844 4370 quod
2872 4318 3039 4373 agere
3068 4318 3175 4358 non
3205 4304 3464 4373 oportuit.
3495 4305 3593 4360 Ille
3610 4305 3776 4376 ptent-

2185 4402 2411 4456 tentiam
2471 4403 2640 4474 digne
2692 4403 2806 4473 agit
2835 4405 2928 4475 qui
2975 4412 3179 4458 reatum
3219 4421 3374 4459 suum
3404 4406 3778 4462 satisfactione

2179 4498 2421 4572 legitima
2476 4499 2704 4570 plangit,
2764 4500 3163 4556 contemnendo
3219 4501 3427 4558 scilicet
3485 4503 3604 4558 hac
3657 4519 3778 4574 qua:

2179 4597 2428 4653 deﬂendo
2451 4597 2643 4670 gessit.

1392 5012 2010 5120 DOMINICA
2087 5019 2880 5125 DUODECIMA.

1745 5180 2130 5246 Secundum
2161 5185 2488 5250 Marcum.

551 5327 573 5351 ιι
606 5303 810 5359 Exiens
840 5307 998 5361 Jesus
1027 5305 1096 5362 de
1153 5305 1355 5363 ﬁnibus
1382 5309 1531 5382 Tyri,
1592 5313 1742 5368 venit
1775 5330 1872 5384 per
1903 5315 2069 5371 Sido-

476 5406 601 5445 nem
623 5392 689 5446 ad
723 5408 866 5447 mare
889 5392 1154 5473 Galilmse,
1196 5397 1340 5468 quod
1370 5407 1450 5452 est
1497 5398 1637 5454 inter
1667 5401 1878 5456 medios
1935 5401 2070 5460 ﬁnes

471 5479 834 5549 Decapoleos,
870 5488 977 5534 etc.
1013 5503 1033 5528 η
1092 5484 1284 5552 (Marc.
1327 5485 1445 5555 vti.)
1475 5485 1770 5556 Decapolis
1797 5496 1884 5545 est
1914 5491 2066 5562 regio

468 5566 660 5621 decem
692 5564 910 5620 urbium
961 5575 1114 5621 trans
1161 5570 1458 5627 Jordanem
1497 5576 1563 5628 ad
1610 5577 1873 5632 orientem
1917 5579 2068 5636 circa

469 5654 705 5729 Hippum
738 5661 791 5708 et
832 5652 1032 5708 Pellam
1089 5663 1142 5709 et
1195 5656 1470 5715 Gadaram
1517 5671 1701 5718 contra
1743 5664 2054 5725 Galilaeam.

2175 5315 2333 5386 Quod
2367 5333 2502 5390 ergo
2532 5318 2748 5386 dicitur,
2784 5319 2909 5389 quia
2940 5321 3210 5378 Dominus
3236 5323 3386 5380 venit
3404 5325 3472 5380 ad
3506 5342 3659 5383 mare
3679 5328 3776 5384 Ga-

2170 5403 2327 5461 lilaeae
2357 5406 2502 5461 inter
2529 5407 2740 5463 medios
2771 5406 2907 5463 ﬁnes
2935 5409 3294 5481 Decapoleos,
3319 5428 3429 5468 non
3459 5413 3616 5485 ipsos
3640 5416 3775 5472 ﬁnes

2170 5493 2464 5567 Decapolis
2494 5512 2618 5552 eum
2645 5497 2877 5553 intrasse
2908 5497 3195 5571 signiﬁcat.
3227 5501 3420 5574 Neque
3441 5504 3592 5560 enim
3626 5521 3772 5562 mare

2169 5585 2610 5656 transnavigasse
2661 5586 2878 5657 dicitur,
2920 5589 3021 5642 sed
3077 5589 3255 5659 potius
3295 5608 3471 5664 usque
3510 5593 3578 5648 ad
3619 5611 3770 5650 mare

2168 5673 2402 5740 venisse,
2445 5677 2500 5730 et
2545 5674 2610 5731 ad
2644 5675 2821 5748 ipsum
2850 5677 3175 5749 provenisse
3205 5678 3385 5738 locum
3437 5682 3531 5755 qui
3559 5684 3771 5742 medios
