4042 6080
259 284 398 337 1109

250 502 349 562 ter,
385 494 439 549 id
471 502 554 549 est
584 501 801 548 contra.
843 493 939 548 Vel
971 493 1209 549 Galilaem
1230 511 1350 566 quae
1365 494 1609 550 estinter
1637 495 1846 552 medios

253 582 393 640 ﬁnes
422 582 792 654 Decapoleos.

327 729 348 754 η
373 708 443 761 Et
466 706 738 761 adducunt
760 705 809 761 ei
830 705 1052 760 surdum
1075 712 1127 760 et
1146 712 1372 773 mutum,
1399 713 1452 762 et
1472 705 1847 776 deprecaban-

249 803 334 851 tur
371 813 496 851 eum
528 805 583 848 ut
615 795 859 866 imponat
909 794 987 848 illi
1019 810 1262 849 manum.
1299 797 1364 849 Et
1416 796 1836 867 apprehendens

254 901 381 940 eum
413 885 480 939 de
510 884 666 938 turba
731 899 1002 949 seorsum,
1036 883 1181 938 misit
1209 884 1411 955 digitos
1469 884 1522 938 in
1568 884 1848 940 auriculas

256 974 397 1043 ejus,
429 981 482 1029 et
521 989 769 1044 expuens
800 972 973 1044 tetigit
1002 973 1240 1043 linguam
1272 974 1416 1043 ejus.
1451 973 1518 1027 Et
1545 973 1848 1044 suspiciens

253 1069 308 1125 in
343 1069 545 1125 caelum
577 1068 862 1139 ingemuit,
897 1077 951 1123 et
979 1069 1051 1122 ait
1083 1068 1194 1124 illi:
1228 1069 1568 1140 Ephphetha,
1592 1069 1738 1141 quod
1767 1075 1850 1124 est

253 1159 572 1229 adaperire.
611 1159 676 1213 Et
700 1158 880 1213 statim
913 1166 1118 1228 apertae
1147 1165 1272 1212 sunt
1301 1174 1465 1214 aures
1495 1159 1637 1228 ejus,
1671 1165 1725 1214 et
1751 1173 1847 1213 so-

258 1249 435 1303 lutum
495 1255 579 1302 est
641 1246 918 1302 vinculum
972 1245 1173 1318 lingua:
1226 1248 1366 1317 ejus,
1424 1255 1477 1302 et
1530 1247 1851 1318 loquebatur

259 1351 435 1400 recte.
489 1365 510 1392 η
558 1343 764 1398 Surdus
802 1351 858 1397 et
895 1351 1072 1397 mutus
1102 1351 1184 1397 est
1214 1344 1305 1415 qui
1337 1358 1438 1398 nec
1465 1358 1632 1398 aures
1659 1358 1761 1398 nec
1789 1357 1852 1398 os

263 1432 442 1503 aperit
472 1432 542 1487 ad
572 1431 848 1486 audienda
879 1433 1053 1486 verba
1083 1432 1182 1486 Dei
1212 1441 1264 1486 et
1292 1431 1709 1503 pronuntianda.
1731 1430 1842 1486 Pri-

268 1537 358 1576 ma
389 1521 584 1576 salutis
633 1520 804 1590 janua
851 1528 954 1588 est,
1013 1519 1282 1576 inﬁrmum
1340 1521 1409 1576 de
1466 1521 1620 1574 turba
1644 1519 1849 1576 seduci.

264 1618 424 1688 Quod
456 1617 513 1673 ﬁt
541 1635 660 1673 cum
693 1618 1113 1688 apprehendens
1140 1617 1404 1672 Dominus
1448 1625 1685 1673 mentem
1715 1633 1850 1688 pec-

258 1708 397 1765 catis
427 1707 759 1781 languidam,
793 1716 1001 1774 evocat,
1024 1724 1054 1762 a
1072 1708 1348 1764 consuetis
1376 1707 1636 1774 moribus,
1661 1715 1711 1762 et
1732 1721 1853 1778 pro-

261 1805 426 1853 vocat
457 1797 530 1852 ad
561 1811 657 1850 sua
688 1805 991 1866 prmeepta.
1048 1795 1204 1850 Mittit
1224 1796 1427 1868 digitos
1479 1796 1531 1850 in
1562 1795 1851 1864 auriculas,

256 1900 384 1942 cum
413 1899 512 1956 per
567 1885 708 1940 dona
737 1885 913 1940 sancti
963 1884 1196 1955 Spiritus
1253 1901 1412 1940 aures
1445 1883 1626 1940 cordis
1681 1883 1854 1955 aperit

256 1975 328 2030 ad
360 1973 808 2045 intelligentiam.
842 1975 1128 2044 Exspuens
1157 1973 1427 2028 Deminus
1459 1973 1697 2046 linguam
1728 1980 1854 2028 tan-

256 2063 338 2134 git
364 2061 578 2136 egroti,
615 2077 740 2117 cum
770 2062 834 2115 ad
867 2062 1271 2117 confessionem
1301 2060 1427 2116 fidei
1457 2077 1555 2117 ora
1607 2061 1853 2118 catecbi—

263 2169 510 2215 zatorum
544 2159 791 2214 instruit.
847 2158 1077 2230 Sputum
1134 2175 1372 2230 namque
1401 2174 1568 2230 sapor
1622 2162 1705 2213 est
1761 2174 1854 2212 sa-

263 2247 511 2320 pientiae.
556 2247 713 2304 Unde
743 2247 875 2302 illud
901 2263 912 2303 :
945 2271 963 2297 ι
994 2249 1112 2319 Ego
1132 2264 1196 2304 ex
1219 2264 1316 2304 ore
1333 2247 1607 2302 Altissimi
1642 2247 1855 2318 prodivi

261 2349 458 2416 (Eccli.
492 2352 668 2413 xxiv).
713 2369 734 2398 ι
772 2346 1026 2418 Suspexit
1059 2347 1324 2402 Dominus
1355 2347 1408 2400 in
1439 2346 1657 2415 cmlum,
1689 2353 1745 2400 ut
1768 2345 1853 2399 in-

260 2444 332 2500 de
365 2445 534 2500 mutis
592 2443 884 2514 loquelam,
918 2443 1099 2499 surdis
1149 2443 1412 2508 auditum,
1446 2443 1655 2499 cunctis
1708 2440 1858 2496 inﬁr-

260 2532 366 2587 mis
396 2532 664 2588 medelam
695 2532 915 2587 doceret
945 2547 1068 2587 esse
1100 2531 1470 2603 quaerendam.
1507 2529 1779 2603 Ingemuit
1801 2537 1858 2584 ut

261 2630 414 2686 daret
441 2629 601 2686 nobis
632 2629 940 2700 exemplum
973 2629 1230 2700 gemendi
1255 2636 1307 2684 et
1336 2644 1432 2700 pro
1463 2628 1640 2694 nobis,
1683 2635 1735 2683 et
1755 2643 1856 2698 pro

261 2719 548 2790 proximis.
605 2718 932 2789 Ephphetha
990 2718 1216 2788 pr0prie
1274 2717 1507 2787 pertinet
1533 2716 1602 2771 ad
1660 2732 1849 2770 aures.

265 2808 420 2864 Unde
453 2816 506 2862 et
554 2807 810 2862 subditur
844 2825 858 2863 :
895 2830 916 2854 ε
952 2807 1020 2861 Et
1050 2807 1230 2861 statim
1287 2814 1490 2877 apertae
1519 2813 1644 2860 sunt
1699 2821 1857 2860 aures

257 2899 403 2968 ejus.
460 2919 482 2945 ι
519 2896 620 2952 Hic
648 2904 863 2951 notatur
906 2903 1138 2966 utraque
1195 2895 1579 2966 Redemptoris
1629 2903 1846 2948 natura.

262 2993 479 3050 Caelum
509 2992 747 3064 suscepit
779 3001 836 3047 ut
893 2991 1079 3058 homo,
1111 3001 1262 3047 curat
1319 3000 1375 3046 ut
1405 2992 1576 3046 Deus.
1615 2989 1719 3059 Qui
1777 2989 1857 3045 sic

258 3090 508 3149 curatur,
570 3083 711 3137 bene
739 3085 920 3152 potest
966 3081 1152 3136 dicere
1190 3099 1201 3135 :
1236 3081 1486 3146 Domine,
1540 3079 1685 3135 labia
1737 3095 1856 3135 mea

257 3179 498 3250 aperies,
568 3186 622 3233 et
685 3193 750 3233 os
816 3192 1000 3232 meum
1041 3175 1386 3231 annuntiabit
1441 3174 1654 3229 laudem
1712 3181 1856 3229 tuam

258 3268 438 3340 (Psal.
469 3266 550 3339 L).
595 3289 616 3314 ιι

331 3391 534 3447 Aliter.
584 3391 776 3446 Genus
840 3390 1133 3444 humanum
1201 3397 1457 3461 tanquam
1515 3404 1654 3443 unus
1691 3387 1854 3443 homo

261 3482 415 3539 varia
473 3488 627 3551 peste
691 3487 1010 3549 assumptus
1075 3478 1128 3532 in
1187 3477 1526 3549 protoplasto
1587 3484 1850 3542 caecatur,

260 3569 394 3624 dum
435 3568 579 3624 videt
622 3586 635 3631 ;
678 3568 877 3622 surdus
944 3565 1020 3636 ﬁt,
1081 3567 1206 3621 dum
1274 3567 1425 3623 audit
1491 3585 1504 3633 ;
1569 3566 1696 3620 dum
1724 3565 1856 3620 odo-

261 3675 368 3734 rat,
403 3665 716 3737 emungitur
746 3683 760 3728 ;
785 3663 1132 3732 obmutescit,
1167 3664 1295 3719 dum
1327 3663 1598 3736 loquitur;
1626 3679 1854 3718 mancus

260 3753 339 3821 fit,
376 3755 504 3809 dum
537 3770 756 3808 manum
787 3752 944 3825 erigit
979 3772 992 3819 ;
1025 3752 1357 3817 incurvatur,
1409 3753 1538 3806 dum
1577 3752 1806 3823 erigitur
1839 3769 1852 3816 ;

258 3843 590 3914 hydmpicus
618 3841 694 3908 ﬁt,
727 3841 854 3896 dum
877 3841 1216 3911 concupiscit
1249 3856 1260 3909 ;
1289 3841 1540 3906 claudus,
1575 3841 1702 3895 dum
1731 3856 1858 3910 pro-

257 3931 508 4005 greditur
538 3949 553 3997 ;
585 3931 738 4001 lepra
769 3929 1118 3996 suffunditur,
1147 3930 1275 3984 dum
1310 3930 1581 3986 nudatur:
1609 3929 1854 3985 daemone

258 4028 532 4098 impletur,
573 4028 702 4082 dum
743 4027 1075 4083 divinitatem
1115 4027 1358 4098 appetit;
1394 4028 1619 4082 moritur
1658 4033 1850 4093 morte,

259 4118 384 4172 dum
443 4117 708 4172 audacter
764 4125 977 4172 exusat.
1036 4117 1374 4172 Patriarchae
1403 4125 1584 4171 autem
1617 4124 1669 4170 et
1725 4131 1854 4187 pro-

257 4207 435 4277 pheta:
490 4205 916 4261 incarnationem
1000 4205 1379 4260 desiderantes
1463 4204 1853 4259 misericordiae

260 4319 480 4357 manum
528 4310 825 4374 precantur
880 4301 1108 4373 imponi.
1169 4302 1396 4371 Semper
1443 4316 1474 4355 a
1529 4300 1854 4356 turbulentis

260 4391 678 4464 cogitationibus
733 4399 786 4446 et
846 4392 980 4447 actis
1026 4389 1347 4445 inordinatis
1402 4390 1854 4461 sermonibusque

1161 279 1743 337 DEFLORATIONES
1782 281 1886 340 SS.
1931 283 2232 342 PATRUM.
2273 317 2341 328 —
2381 287 2508 342 LIB.
2533 288 2602 342 II.

249 404 389 462 ﬁnes
406 404 745 475 Deoapoleos
761 403 924 475 longe
937 411 1089 459 trans
1109 419 1260 460 mare
1273 404 1481 476 positos
1503 406 1743 476 respicit.
1760 408 1843 462 [n-
1871 409 1926 470 Λ
1955 427 2075 466 sum
2136 431 2150 478 ;

3403 293 3543 346 1110

2185 412 2303 571 )sed
2351 413 2581 469 verbum
2635 413 2736 470 Dei
2801 431 2909 472 non
2984 424 3064 473 est
3130 415 3411 491 alligatum
3475 417 3552 488 (11

1960 501 2102 556 Tim.
2143 501 2229 556 nl.
2276 525 2296 549 ι

2033 639 2053 664 η
2088 617 2154 671 Et
2183 618 2449 688 praecepit
2487 618 2566 674 eis
2587 636 2656 675 ne
2701 620 2788 676 cui
2821 621 3078 677 dicerent.
3115 620 3331 690 Quanto
3361 629 3542 678 autem

1956 704 2034 759 eis
2062 705 2425 775 pracipiebat,
2461 715 2605 764 tanto
2635 709 2813 781 magis
2843 709 2963 780 plus
2985 710 3365 781 praedicabant,
3396 718 3449 766 et
3476 726 3544 766 eo

1957 803 2189 873 amplius
2219 805 2642 876 admirabantur,
2696 807 2941 862 dicentes
2976 822 2988 861 :
3019 809 3162 863 Bene
3215 808 3405 863 omnia
3460 805 3544 863 fe-

1956 891 2028 948 cit
2061 909 2075 957 ;
2107 900 2160 946 et
2189 893 2384 948 surdos
2415 895 2542 949 fecit
2598 896 2790 950 audire
2819 905 2871 951 et
2897 904 3077 952 mutos
3107 896 3275 969 loqui.
3337 919 3358 944 »
3420 897 3546 952 Non

1958 979 2013 1034 in
2043 979 2334 1036 virtutibus
2363 983 2707 1054 gloriandum
2739 1001 2862 1041 esse
2891 986 3090 1053 docuit,
3127 986 3227 1041 sed
3271 986 3328 1040 in
3381 1002 3546 1042 cruce

1958 1077 2012 1125 et
2076 1069 2474 1127 humiliatione.
2542 1073 2831 1128 Humilitas
2908 1075 3052 1130 enim
3129 1073 3391 1146 prazcedit
3446 1091 3544 1130 su-

1957 1174 2056 1228 per
2083 1158 2334 1230 gloriam.
2368 1159 2517 1215 Ordo
2549 1163 2839 1217 verborum
2872 1164 3211 1232 estzQuanto
3240 1171 3421 1218 autem
3467 1162 3549 1219 eis

1958 1247 2331 1318 praecipiebat,
2365 1257 2511 1304 tanto
2545 1249 2666 1320 plus
2696 1251 3085 1320 praedicabant.
3144 1252 3349 1307 Civitas
3401 1251 3545 1307 enim

1960 1349 2014 1404 in
2045 1354 2230 1404 monte
2261 1350 2434 1421 posita
2457 1350 2694 1422 undique
2723 1351 3120 1422 circumspecta
3147 1351 3411 1408 abscondi
3441 1367 3551 1408 non

1961 1445 2138 1510 potest
2171 1439 2394 1507 (Matth.
2450 1439 2534 1510 v).
2572 1438 2790 1495 Sciebat
2819 1439 2986 1512 igitur
3023 1441 3112 1512 qui
3167 1439 3347 1496 omnia
3401 1439 3554 1495 novit

1962 1542 2086 1588 ante
2109 1550 2270 1605 quam
2289 1532 2420 1589 fiant
2449 1534 2576 1606 quia
2594 1535 2768 1608 magis
2797 1535 3172 1606 praedicarent,
3191 1535 3285 1591 scd
3299 1535 3402 1591 hoc
3418 1551 3554 1605 prae-

1961 1622 2213 1694 cipiendo
2243 1623 2410 1679 voluit
2439 1623 2612 1694 pigris
2650 1624 2961 1691 ostendere,
2996 1627 3202 1696 quanto
3257 1622 3554 1678 studiosius

1965 1720 2276 1784 quantoque
2336 1711 2675 1783 frequentius
2704 1711 3010 1782 prmdicare
3066 1712 3302 1769 debeant
3356 1711 3555 1784 quibus

1961 1801 2183 1872 jubetur
2211 1807 2265 1856 ut
2295 1800 2610 1872 prmdicent,
2634 1801 2850 1873 quando
2882 1801 3100 1873 quidem
3140 1800 3217 1856 illi
3247 1799 3340 1872 qui
3370 1797 3556 1872 prohi-

1965 1889 2247 1956 bebantur,
2283 1897 2462 1945 tacere
2493 1905 2605 1944 non
2634 1897 2910 1961 poterant.

2300 2007 2596 2078 Expositio
2632 2007 2879 2078 Gregorii
2908 2004 2974 2061 de
3004 2005 3214 2062 eodem.

2039 2120 2371 2176 Gnaoomus
2405 2136 2418 2176 :
2457 2144 2478 2169 «
2513 2121 2831 2176 Audivimus
2865 2120 3032 2176 verba
3063 2119 3180 2174 Dei.
3217 2119 3272 2174 Si
3311 2117 3556 2186 facimus,

1964 2219 2014 2266 et
2045 2218 2173 2265 tunc
2202 2226 2264 2265 ea
2301 2219 2447 2266 recte
2478 2209 2743 2280 proximis
2769 2208 3070 2280 loquimur,
3095 2223 3218 2264 cum
3275 2208 3426 2278 prius
3456 2207 3560 2278 ipsi

1966 2299 2277 2354 fecerimus.
2315 2320 2337 2347 υ
2374 2297 2534 2366 Quod
2566 2298 2705 2354 bene
2739 2299 2954 2353 Marcus
2985 2296 3322 2370 evangelista
3351 2296 3559 2353 conﬁr-

1966 2405 2076 2451 mat
2104 2412 2226 2452 cum
2259 2395 2452 2452 factum
2487 2394 2704 2450 Domini
2736 2394 3065 2450 miraculum
3087 2403 3288 2460 narrat,
3319 2393 3510 2450 dicens
3542 2411 3556 2447 :

1969 2509 1990 2533 α
2029 2485 2315 2540 Adducunt
2373 2484 2519 2540 enim
2567 2482 2795 2540 surdum
2839 2491 2891 2538 et
2919 2490 3146 2549 mutum,
3180 2491 3232 2538 et
3287 2483 3561 2554 depreca-

1971 2597 1991 2622 α
2029 2574 2228 2628 bantur
2256 2589 2379 2628 eum
2410 2579 2473 2627 ut
2505 2572 2748 2643 imponat
2776 2571 2850 2626 illi
2880 2587 3104 2626 manum
3151 2571 3340 2641 (Marc.
3375 2571 3494 2642 vn).
3534 2594 3554 2618 η

1966 2663 2130 2732 Cujus
2162 2661 2411 2716 ordinem
2435 2660 2732 2716 curationis
2788 2660 3042 2723 insinuat,
3078 2675 3198 2715 cum
3259 2659 3441 2714 subdit
3471 2659 3562 2714 di-

1967 2768 2098 2807 cens
2127 2769 2139 2805 :
2175 2774 2195 2798 υ
2233 2750 2378 2804 Misit
2410 2750 2613 2821 digitos
2669 2764 2798 2804 suos
2827 2748 2882 2802 in
2920 2748 3219 2815 auriculas,
3279 2764 3560 2820 exspuens

1971 2865 1992 2888 α
2024 2839 2204 2912 tetigit
2232 2839 2479 2912 linguam
2508 2838 2650 2908 ejus,
2702 2845 2752 2893 et
2784 2836 3090 2906 suspiciens
3120 2836 3172 2890 in
3207 2838 3408 2892 coelum
3467 2836 3559 2890 in-

1970 2953 1990 2977 α
2029 2928 2253 3000 gemuit,
2289 2935 2342 2982 et
2371 2927 2442 2981 ait
2471 2926 2547 2981 illi
2583 2941 2594 2980 :
2630 2925 2972 2997 Ephpbetha,
3035 2925 3182 2996 quod
3213 2933 3295 2980 est
3349 2925 3561 2996 adape-

1970 3042 1992 3066 α
2027 3017 2132 3072 rire
2167 3036 2179 3071 :
2214 3025 2265 3072 et
2283 3016 2460 3071 statim
2483 3023 2682 3086 aperta:
2738 3021 2863 3069 sunt
2883 3030 3040 3069 aures
3071 3015 3186 3082 ejus
3233 3020 3286 3069 et
3341 3013 3559 3068 resolu-

1889 3121 1938 3184 ί]
1972 3139 1993 3164 ι.
2030 3123 2140 3170 tum
2198 3122 2280 3169 est
2337 3112 2612 3169 vinculum
2668 3111 2870 3182 linguae
2930 3111 3091 3180 ejus:
3127 3117 3181 3166 et
3235 3110 3561 3183 loquebatur

1968 3229 1991 3253 σι
2027 3211 2175 3260 recte
2205 3203 2388 3273 (ibid).
2427 3226 2448 3250 η
2484 3201 2625 3272 Quid
2675 3208 2756 3256 est
2789 3199 2934 3255 enim
2993 3199 3138 3272 quod
3169 3201 3388 3256 Creator
3443 3215 3559 3255 om-

1963 3301 2108 3356 nium
2135 3301 2301 3364 Deus,
2335 3315 2457 3354 cum
2487 3299 2712 3353 surdum
2736 3305 2788 3352 et
2817 3305 3023 3352 mutum
3056 3311 3248 3352 sanare
3271 3283 3555 3365 voluisset,

1964 3390 2016 3444 in
2048 3405 2208 3444 aures
2238 3387 2382 3442 illius
2438 3386 2640 3459 digitos
2671 3402 2805 3442 suos
2836 3385 3000 3448 misit,
3036 3393 3088 3441 et
3115 3401 3392 3456 exspuens
3449 3375 3558 3439 lin-

1963 3495 2125 3551 gnam
2158 3477 2278 3547 ejus
2326 3475 2555 3548 tetigit?
2587 3474 2730 3544 Quid
2767 3491 2866 3546 per
2917 3474 3289 3545 Redemptoris
3334 3473 3555 3546 digitos,

1964 3567 2067 3621 nisi
2099 3567 2239 3621 dona
2272 3564 2446 3621 sancti
2470 3564 2700 3635 Spiritus
2720 3563 3079 3635 designantur
3106 3565 3135 3617 εἲ
3165 3563 3320 3619 Unde
3340 3578 3463 3619 cum
3500 3562 3556 3617 in

1963 3663 2068 3717 alio
2097 3662 2220 3717 loco
2249 3661 2502 3732 ejecisset
2525 3660 2872 3726 daemonium,
2919 3659 3051 3715 dixit
3086 3677 3099 3716 :
3137 3683 3159 3708 α
3194 3659 3248 3715 Si
3278 3659 3331 3713 in
3380 3659 3556 3732 digito

1968 3775 1990 3799 α
2025 3751 2126 3807 Dei
2155 3749 2312 3820 ejicio
2342 3750 2630 3816 daemonia,
2663 3749 2909 3821 profecto
2940 3748 3184 3821 pervenit
3239 3749 3296 3802 in
3329 3765 3426 3805 vos
3459 3765 3555 3804 re—

1968 3872 1989 3896 «
2027 3865 2190 3922 gnum
2217 3847 2319 3903 Dei
2350 3847 2515 3919 (Luc.
2555 3853 2650 3915 x1).
2690 3868 2712 3893 η
2734 3843 2853 3914 Qua
2869 3845 2938 3900 de
2968 3862 3026 3899 re
3045 3860 3142 3916 per
3159 3844 3554 3916 evangelistam

1963 3939 2128 3993 alium
2161 3936 2370 3991 dixisse
2401 3934 2725 3990 describitur
2760 3951 2771 3986 :
2810 3957 2830 3981 «ι
2867 3933 2923 3988 Si
2954 3949 3058 4006 ego
3080 3933 3132 3987 in
3165 3932 3365 4003 Spiritu
3397 3931 3554 4003 ejicio

1968 4060 1990 4084 α
2028 4036 2325 4100 daemones,
2387 4033 2554 4105 igitur
2601 4031 2844 4102 pervenit
2893 4030 2947 4084 in
3006 4045 3108 4085 vos
3163 4045 3397 4100 regnum
3451 4029 3553 4085 Dei

1965 4147 1987 4172 α
2025 4124 2243 4192 (Matth.
2306 4122 2427 4190 xu).
2465 4143 2486 4168 ιι
2520 4122 2600 4175 Ex
2655 4134 2762 4190 quo
2807 4126 3038 4190 utroque
3091 4117 3211 4173 loco
3263 4116 3552 4190 colligitur,

1962 4212 2105 4286 quod
2131 4210 2334 4282 digitus
2362 4209 2459 4264 Dei
2493 4208 2728 4280 Spiritus
2771 4215 2989 4262 sanctus
3047 4214 3290 4262 vocatur.
3339 4207 3555 4278 Digitos

1963 4325 2102 4381 ergo
2131 4307 2185 4362 in
2216 4307 2490 4362 auriculas
2519 4306 2734 4360 mittere
2758 4312 2841 4360 est
2873 4321 2974 4376 per
3002 4304 3142 4360 dona
3172 4304 3348 4360 sancti
3375 4303 3554 4376 Spiri~

1962 4407 2046 4454 tus
2079 4404 2312 4452 mentem
2353 4395 2502 4449 surdi
2533 4394 2601 4450 ad
2631 4394 2962 4449 audiendum
2991 4393 3235 4464 aperire.
3273 4391 3414 4463 Quid
3472 4399 3556 4449 est

262 4489 635 4560 incompositis
692 4488 844 4560 quasi
906 4488 973 4543 de
1013 4489 1170 4543 turba
1206 4487 1491 4543 deducitur
1529 4487 1622 4559 qui
1678 4485 1858 4541 sanari
1886 4481 1937 4541 D
1969 4503 2098 4542 vero
2129 4485 2277 4558 quod
2307 4501 2576 4555 exspuens
2603 4483 2842 4553 linguam
2861 4483 2980 4554 ejus
3010 4482 3234 4555 tetigit?
3264 4481 3556 4538 Salivano-
3584 4493 3588 4496 ‘

264 4597 527 4645 meretur.
604 4587 772 4660 Digiti
814 4586 903 4659 qui
942 4587 997 4641 in
1035 4603 1193 4642 aures
1230 4585 1513 4640 mittuntur
1544 4586 1856 4641 suntverba

267 4685 502 4758 Spiritus
534 4684 728 4750 sancti,
780 4684 847 4739 de
877 4699 986 4756 quo
1015 4683 1212 4738 dicitur
1242 4701 1256 4737 :
1294 4710 1314 4730 ι
1350 4683 1563 4754 Digitus
1618 4683 1717 4738 Dei
1775 4692 1857 4739 est

265 4775 354 4831 hic
385 4774 589 4846 (Exod.
632 4777 768 4843 vm),
807 4796 828 4822 ι
863 4781 915 4826 et
947 4791 960 4827 :
1001 4794 1022 4820 ιι
1058 4771 1239 4842 Opera
1293 4771 1587 4842 digitorum
1641 4779 1856 4828 tuorum

265 4881 389 4927 sunt
419 4870 547 4927 cceli
578 4871 753 4940 (Psal.
787 4869 934 4938 vm).
980 4893 1001 4918 ιι
1028 4868 1256 4939 Sputum
1301 4868 1370 4923 de
1398 4868 1576 4940 capite
1633 4869 1860 4924 descen-

265 4961 402 5017 dens
425 4969 507 5016 est
537 4958 807 5029 sapientia
845 4975 910 5013 ex
944 4959 1113 5026 Patre,
1149 4974 1272 5029 quae
1309 4957 1471 5012 solvit
1500 4957 1646 5012 labia
1661 4958 1856 5012 huma-

264 5049 320 5105 ni
351 5049 594 5122 generis,
632 5053 692 5103 ut
720 5047 864 5104 dicat
895 5065 908 5101 :
949 5070 970 5096 α
1005 5046 1181 5102 Credo
1236 5046 1289 5100 in
1322 5047 1494 5101 Deum
1559 5047 1796 5112 Patrem,
1833 5070 1854 5095 η

268 5146 378 5194 etc.
416 5160 437 5184 η
471 5136 790 5209 Suspiciens
805 5135 858 5191 in
873 5135 1076 5192 coelum
1107 5135 1371 5206 ingemuit
1395 5155 1442 5203 ι,
1467 5134 1521 5189 id
1548 5144 1630 5190 est
1643 5151 1862 5207 gemere

270 5241 374 5283 nos
403 5225 606 5292 docuit,
631 5234 684 5282 et
712 5225 768 5279 in
824 5223 1025 5280 caelum
1082 5224 1390 5279 thesaurum
1448 5222 1625 5280 nostri
1681 5224 1864 5281 cordis

270 5322 511 5394 erigere,
543 5321 690 5394 quod
721 5327 845 5392 post
886 5319 1360 5391 compunctionem
1389 5335 1419 5373 a
1450 5318 1638 5375 frivola
1686 5319 1865 5375 laetitia

272 5416 454 5475 carnis
485 5425 770 5488 purgatur,
822 5423 880 5472 ut
907 5415 1106 5472 dicitur
1140 5432 1152 5469 :
1183 5437 1205 5462 σι
1242 5415 1551 5489 Rugiebam
1583 5433 1611 5470 a
1657 5416 1866 5489 gemitu

274 5506 460 5564 cordis
489 5506 592 5561 mei
639 5507 821 5572 (Paul.
869 5506 1105 5575 xxxvu).
1151 5523 1170 5556 ι
1207 5505 1540 5577 Aperiuntur
1590 5522 1752 5561 aures
1801 5506 1869 5562 ad

275 5597 510 5667 hymnos
539 5601 593 5650 et
620 5594 852 5660 cantica,
886 5601 936 5649 et
965 5593 1226 5664 psalmos.
1277 5593 1518 5650 Solvitur
1572 5595 1780 5668 lingua,
1813 5603 1872 5651 ut

279 5690 480 5740 eructet
540 5682 767 5738 verbum
820 5682 1043 5750 bonum,
1085 5683 1233 5756 quod
1271 5698 1378 5738 non
1435 5691 1665 5754 possunt
1712 5685 1872 5741 minae

279 5791 383 5838 nec
419 5782 584 5839 verba
622 5782 903 5839 cohibere.
934 5783 1054 5839 Une
1083 5781 1280 5838 Paulus
1336 5799 1350 5836 :
1415 5803 1437 5830 «
1480 5783 1599 5854 Ego
1661 5782 1871 5838 vinctus

1962 4575 2047 4630 bis
2104 4583 2187 4629 est
2242 4591 2306 4628 ex
2339 4589 2435 4629 ore
2491 4573 2873 4643 Redemptoris
2922 4579 3148 4643 accepta
3181 4569 3440 4642 sapientia
3496 4569 3553 4626 in

1964 4664 2181 4736 eloquio
2211 4663 2418 4718 divino.
2454 4661 2641 4716 Saliva
2670 4661 2870 4733 quippe
2927 4676 2992 4717 ex
3048 4660 3224 4731 capite
3269 4659 3456 4714 deﬂuit
3497 4657 3556 4715 in

1965 4777 2082 4817 ore.
2113 4761 2246 4816 Cum
2277 4775 2412 4831 ergo
2433 4757 2721 4831 sapientia,
2756 4773 2873 4830 qua:
2901 4757 3018 4828 ipse
3049 4765 3150 4824 est,
3183 4757 3313 4811 dum
3366 4755 3556 4827 lingua

1965 4859 2143 4906 nostra
2175 4849 2431 4922 tangitur,
2466 4863 2587 4903 mox
2619 4847 2688 4903 ad
2721 4845 3124 4917 praedicationis
3154 4844 3317 4901 verba
3343 4843 3554 4898 forma-

1968 4947 2081 4994 tur.
2120 4937 2224 5008 Qui
2248 4937 2553 5008 suspiciens
2610 4937 2663 4990 in
2694 4935 2889 4991 coelum
2921 4933 3205 5006 ingemuit,
3239 4947 3352 4987 non
3408 4931 3557 5004 quod

1969 5037 2089 5108 ipse
2120 5033 2494 5090 necessarium
2524 5018 2794 5105 gemitum
2825 5029 3048 5085 haberet
3076 5029 3164 5100 qui
3211 5027 3376 5083 dabat
3405 5027 3558 5100 quod

1969 5124 2362 5198 postulabatur,
2394 5121 2492 5177 sed
2535 5136 2636 5176 nos
2665 5120 2735 5174 ad
2793 5121 2967 5175 Deum
3017 5133 3244 5190 gemere
3273 5117 3367 5189 qui
3421 5115 3559 5174 coelo

1970 5213 2224 5287 praesidet
2251 5211 2456 5276 docuit,
2485 5218 2544 5265 ut
2567 5217 2620 5266 et
2649 5225 2811 5264 aures
2840 5216 3038 5264 nostra;
3064 5223 3162 5279 per
3190 5207 3331 5262 bona
3378 5204 3562 5277 Spiris-

1973 5319 2060 5367 tus
2090 5309 2309 5382 aperiri,
2334 5317 2387 5364 et
2415 5308 2653 5380 linguam
2683 5323 2781 5377 per
2809 5305 3034 5364 salivam
3063 5304 3194 5371 oris,
3253 5303 3308 5359 id
3363 5311 3446 5359 est
3465 5318 3564 5376 per

1975 5408 2257 5465 scientiam
2289 5405 2488 5461 divina:
2544 5403 2835 5461 locutionis
2877 5402 3013 5460 solvi
3068 5402 3266 5458 debeat
3295 5401 3361 5456 ad
3392 5400 3565 5456 verba

1976 5495 2393 5570 praedicationis.
2427 5493 2524 5548 Cui
2553 5510 2677 5549 mox
2713 5517 2736 5540 α
2770 5492 3114 5564 Ephphetha,
3146 5491 3201 5547 id
3240 5497 3319 5546 est
3361 5490 3566 5562 adape-

1978 5587 2089 5643 rire
2123 5608 2146 5634 ιν
2171 5583 2384 5649 dicitur,
2417 5608 2439 5632 «
2476 5591 2528 5639 et
2557 5581 2739 5638 statim
2771 5589 2972 5653 apertae
2992 5587 3120 5636 sunt
3149 5596 3313 5636 aures
3343 5580 3484 5650 ejus,
3515 5585 3570 5633 et

1979 5683 2212 5740 solutum
2244 5689 2324 5737 est
2354 5679 2628 5737 vinculum
2659 5679 2866 5754 lingua;
2895 5678 3036 5752 ejus.
3072 5703 3092 5727 ιι
3128 5678 3249 5749 Qua
3280 5676 3334 5731 in
3375 5693 3434 5731 re
3465 5689 3570 5731 no-

1981 5781 2206 5838 tandum
2239 5780 2470 5852 estquia
2524 5786 2747 5852 propter
2774 5777 2991 5835 clausas
3047 5791 3206 5832 aures
3226 5774 3430 5831 dictum
3490 5780 3574 5829 est
