3986 6070
441 239 570 294 ΗΗ

1571 227 1908 284 \VERNEIU
1947 227 2229 284 ABBATIS
2271 229 2327 286 S.
2369 227 2588 284 BLASll

3613 223 3743 279 illi

443 385 464 410 α
502 357 812 429 adaperire.
854 378 876 402 ι»
904 353 1012 410 Sed
1025 351 1184 421 cujus
1197 366 1356 406 aures
1379 349 1562 405 cordis
1581 349 1649 403 ad
1666 348 2033 404 obediendum
2067 349 2122 410 Α
2149 366 2256 406 non
2293 359 2414 423 post
2463 351 2598 408 deos
2638 349 2802 407 falsos
2851 349 2935 408 vel
2965 350 3171 407 alienos
3199 350 3534 406 oberrantes
3591 361 3750 404 occu-

438 457 640 519 apcrtae
671 443 890 509 fuerint,
923 459 994 497 ex
1029 439 1386 512 subsequenti
1443 438 1636 508 procul
1661 438 1828 492 dubio
1877 437 2040 492 etiam

439 537 648 608 linguae
673 535 792 603 ejus
825 529 1097 586 vinculum
1130 530 1386 594 solvitur,
1420 537 1476 582 ut
1507 527 1652 582 bona
1682 543 1802 598 quae
1834 525 2040 592 fecerit,

443 635 606 690 etiam
635 629 882 686 facienda
915 628 1038 682 aliis
1087 626 1353 697 loquatur.
1411 624 1566 681 Unde.
1599 632 1653 678 et
1709 625 1854 679 bene
1884 622 2042 676 addi-

443 732 552 788 tur,
612 743 634 768 ‹‹
660 729 709 775 et
741 717 1067 790 loquebatur
1101 724 1264 770 recte.
1305 738 1326 761 η
1359 714 1460 768 Ille
1489 713 1636 767 enim
1685 722 1831 767 recte
1862 711 2043 782 loqui-

442 819 534 865 tur
564 809 655 880 qui
685 808 834 879 prius
855 804 1163 861 obediendo
1201 803 1408 869 fecerit,
1441 819 1561 873 quae
1614 801 1885 873 loquendo
1941 799 2044 854 ad-

446 905 633 953 monet
689 896 852 950 etiam
904 892 1172 948 facienda.
1205 891 1399 945 Aliter.
1423 891 1654 944 Humani
1683 888 1910 960 generis
1938 887 2046 943 for-

446 1002 594 1041 mam
625 984 824 1039 surdus
846 982 938 1037 ille
969 990 1019 1036 et
1049 979 1442 1043 mutushabuit,
1469 977 1685 1049 quando
1709 977 1972 1032 Dominus
1990 984 2045 1030 ut

449 1090 675 1139 sanaret
707 1097 804 1151 per
831 1078 968 1133 fines
982 1077 1320 1148 Decapoleos
1363 1075 1628 1129 transivit.
1650 1073 1936 1144 Decupolis
1965 1081 2050 1128 est

449 1180 610 1253 regio
679 1179 870 1233 decem
902 1176 1203 1239 civitatum,
1257 1182 1310 1229 et
1339 1172 1609 1244 significat
1647 1173 1826 1245 legem
1858 1172 2046 1228 decem

451 1275 882 1341 praeceptorum.
917 1265 1020 1319 Per
1039 1263 1349 1333 Decapolim
1391 1261 1658 1316 Dominus
1685 1262 1897 1326 transit,
1922 1277 2045 1316 cum

451 1359 555 1414 sub
580 1355 846 1426 decalogo
882 1353 1025 1425 legis
1056 1351 1211 1406 nasci
1240 1349 1429 1406 voluit.
1460 1350 1694 1406 Surdum
1743 1359 1795 1404 et
1832 1358 2043 1404 mutum

447 1455 499 1512 ei
527 1454 822 1520 adducunt,
853 1467 978 1506 cum
997 1449 1394 1521 praedicatores
1430 1465 1606 1520 genus
1636 1449 1930 1502 humanum
1978 1448 2048 1502 ad

454 1544 618 1600 ﬁdem
649 1548 994 1605 convertunt,
1027 1538 1172 1610 quod
1202 1537 1430 1592 surdum
1463 1546 1595 1603 erat,
1638 1537 1765 1608 quia
1794 1537 2049 1592 mandata

451 1634 553 1688 Dei
584 1631 770 1686 audire
800 1628 1044 1683 nolebat.
1083 1629 1287 1682 Mutum
1311 1635 1449 1693 erat,
1503 1625 1682 1698 quiaa
1711 1625 1870 1681 laude
1900 1625 2048 1681 Con-

454 1721 652 1776 ditoris
710 1718 939 1774 tacebat.
1010 1717 1103 1772 Cui
1162 1716 1428 1770 Dominus
1489 1715 1732 1770 auditum
1791 1714 2045 1782 reddidit,
2078 1705 2130 1765 Β

454 1812 589 1866 dum
665 1807 714 1864 ei
752 1806 822 1863 ad
887 1805 1272 1879 intelligendas
1313 1804 1624 1876 Scripturas
1671 1819 1888 1859 sensum
1917 1817 2047 1875 ape-

454 1898 578 1956 ruit.
625 1921 647 1948 ιι

623 2080 698 2135 De
729 2075 1110 2133 sacerdotibus
1139 2078 1194 2130 et
1224 2088 1328 2130 rex
1356 2071 1620 2129 wtatibu:
1648 2072 1868 2128 saeculi.

526 2255 762 2328 Populus
791 2255 860 2308 ad
892 2253 1058 2308 fidem
1087 2259 1314 2308 vocatus
1357 2249 1664 2305 visibilibus
1699 2249 2051 2306 sacramentis

456 2353 574 2400 erat
637 2341 1016 2408 instruendus,
1057 2348 1112 2395 ut
1175 2355 1273 2411 per
1303 2339 1695 2394 exhibitionem
1754 2337 2049 2393 visibilium

459 2439 652 2504 posset
707 2430 896 2487 venire
935 2429 1004 2483 ad
1069 2427 1402 2483 intellectum
1461 2426 1836 2482 invisibilium.
1875 2427 2052 2482 Nosse

458 2527 670 2592 Oportet
728 2517 945 2574 Domini
987 2516 1322 2582 sacerdotes,
1379 2515 1468 2588 qni
1500 2517 1602 2572 hoc
1658 2525 2050 2572 sacramentum

458 2615 816 2674 contractant,
849 2607 1072 2662 modum
1110 2614 1163 2660 et
1193 2604 1445 2660 ordinem
1479 2612 1966 2670 sacramentorum,
2005 2614 2059 2660 et

465 2697 750 2755 veritatem
794 2712 974 2752 rerum
1006 2693 1459 2768 signiﬁcatarum.
1518 2693 1772 2765 Alioquin
1827 2694 2056 2765 dispen-

461 2795 674 2842 satores
721 2792 845 2840 sunt
875 2788 1080 2840 tantum
1137 2783 1525 2855 mysteriorum
1571 2782 1622 2851 (1
1652 2783 1778 2838 Cor.
1806 2782 1889 2851 iv)
1947 2791 2060 2836 tan-

461 2891 625 2946 quam
658 2873 790 2931 czeci
821 2873 988 2929 duces
1046 2887 1340 2937 cmcorum,
1372 2871 1620 2926 utilitatis
1664 2878 1871 2926 tantum
1930 2871 2058 2928 inde

463 2963 703 3020 habituri
753 2970 1010 3036 quantum
1069 2960 1286 3032 capiunt
1335 2959 1604 3030 jumenta,
1658 2977 1779 3032 qua:
1837 2968 2057 3031 portant

469 3077 644 3134 panes
671 3060 738 3115 ad
770 3076 902 3115 usus
931 3058 1182 3123 aliorum,
1217 3057 1342 3113 licet
1389 3057 1574 3112 divina
1605 3058 1780 3130 gratia
1812 3073 1918 3113 non
1969 3057 2058 3113 de-
2089 3066 2137 3128 ί]

469 3154 1054 3213 seratsacramentum,
1098 3145 1241 3218 quod
1273 3161 1373 3216 per
1400 3161 1500 3200 eos
1537 3145 1606 3200 ad
1637 3145 1865 3200 salutem
1923 3145 2060 3201 alio-

461 3255 586 3294 rum
632 3237 1050 3293 administratur.
1106 3235 1404 3290 Attendant
1459 3251 1592 3307 ergo
1653 3233 2061 3290 Dominicorum

471 3345 943 3394 sacramentorum
972 3333 1404 3404 dispensatores,
1437 3331 1827 3404 quiaEcclesia
1857 3332 2062 3387 Christi

471 3425 714 3497 quotidie
737 3441 802 3481 ex
832 3422 1109 3496 gentibus,
1135 3421 1496 3492 operantibus
1525 3420 1715 3476 iisdem
1747 3436 2061 3477 sacramen-

468 3513 559 3582 tis,
582 3520 917 3584 aggregatur
970 3510 1203 3582 populus
1251 3509 1646 3580 acquisitionis,
1703 3510 1857 3577 cuius
1904 3516 2066 3580 caput

476 3609 820 3666 estChristus
853 3625 869 3678 ;
902 3623 998 3678 per
1033 3607 1198 3660 fidem
1247 3614 1560 3676 generatur,
1592 3622 1693 3677 per
1745 3607 2063 3662 charitatem

473 3698 531 3755 in
562 3699 737 3754 virum
767 3695 1073 3769 perfectum
1098 3694 1356 3759 nutritur,
1389 3711 1485 3766 spe
1517 3695 1836 3750 aeternitatis
1864 3696 1918 3750 in
1975 3711 2066 3751 ea-

479 3798 604 3852 dem
637 3794 746 3850 tide
775 3803 831 3850 et
858 3792 1119 3850 charitate
1150 3791 1428 3857 solidatur,
1470 3801 1524 3848 et
1552 3792 1790 3847 omnium
1839 3799 2066 3850 sancto-

479 3903 598 3942 rum
632 3882 1100 3940 administratione
1130 3881 1196 3935 ad
1224 3881 1369 3937 hunc
1398 3879 1558 3936 finem
1608 3880 1863 3947 refertur,
1894 3891 1951 3937 ut
1979 3882 2068 3937 in-

479 3975 686 4047 telligat
719 3971 1017 4030 Ecclesiam
1047 3971 1146 4026 Dei
1179 3979 1430 4044 tanquam
1461 3970 1684 4026 domum
1715 3971 1767 4024 in
1806 3969 1911 4026 fide
1943 3971 2067 4026 fun-

475 4077 593 4133 dari
624 4075 915 4132 dilectione
936 4071 1040 4128 Dei
1057 4078 1103 4128 et
1131 4071 1385 4144 proximi,
1406 4079 1658 4143 tanquam
1680 4071 1914 4143 parietes
1931 4072 2070 4127 bene

474 4174 582 4230 sibi
617 4175 958 4230 cohwrentes
987 4169 1432 4242 superaedificari,
1452 4169 1702 4239 ejusdem
1731 4169 2069 4225 altitudinem

473 4280 571 4334 spe
602 4261 921 4318 aeternitatis
951 4259 1364 4332 gloriosissima:
1399 4258 1690 4315 cumulari.
1726 4259 1846 4315 Hoc
1872 4275 2071 4330 corpus

474 4361 676 4417 Christi
695 4360 822 4415 licet
843 4357 1114 4412 nativitate
1144 4356 1342 4427 capitis
1371 4356 1455 4410 sui
1485 4364 1748 4412 consueto
1806 4356 2070 4412 nascendi

475 4448 667 4504 ordine
695 4447 1046 4504 subsecutum
1076 4453 1179 4510 est,
1231 4453 1411 4500 tamen
1442 4445 1602 4513 hujus
1658 4445 1849 4516 capitis
1882 4445 2069 4499 nativi-

479 4553 587 4601 tem
611 4545 666 4600 in
695 4545 898 4600 unitate
913 4541 1536 4612 subsecuturi,corporis
1563 4542 1812 4612 quaedam
1833 4543 2076 4596 membra

474 4640 896 4706 praecesserunt,
931 4631 1258 4702 patriarchae
1289 4629 1499 4686 scilicet
1553 4637 1607 4684 et
1663 4629 1961 4700 prophetae,
2021 4638 2074 4686 et

474 4721 779 4792 multijusti
809 4721 906 4792 qui
938 4719 1210 4792 prodigiis
1242 4727 1297 4775 et
1321 4719 1614 4790 praeconiis
1644 4718 1829 4773 multis
1872 4718 2073 4774 nativi-

475 4821 641 4869 tatem
703 4809 898 4883 capitis
955 4815 1008 4864 et
1045 4807 1279 4864 secuturi
1309 4807 1557 4879 corporis
1614 4815 2073 4878 praemonstrave-

475 4910 626 4958 runt.
657 4900 815 4971 Quod
845 4900 986 4955 bene
1015 4906 1293 4954 ostensum
1346 4904 1429 4952 est
1484 4897 1541 4951 in
1570 4895 1742 4952 Jacob
1798 4895 2073 4951 interioris

476 4990 662 5062 populi
708 4997 896 5060 typum
951 4985 1250 5041 habentem
1284 5000 1297 5040 :
1332 4984 1423 5056 qui
1477 4984 1544 5038 ad
1581 4992 1756 5039 ortum
1811 4983 2074 5040 festinans

475 5110 698 5150 manum
753 5089 1040 5164 praemisit,
1100 5088 1340 5160 plantam
1394 5087 1576 5141 fratris
1659 5087 1888 5156 majoris
1944 5097 2072 5143 natu

475 5199 642 5239 manu
670 5191 864 5238 tenens
897 5179 1065 5250 (Gen.
1100 5176 1248 5245 xxv),
1281 5177 1386 5232 hoc
1411 5175 1554 5231 facto
1584 5175 1905 5248 signiﬁcans
1949 5177 2074 5246 quia

475 5271 768 5342 reprobato
798 5269 977 5340 priori
1002 5264 1392 5339 populo,cujus
1435 5272 1620 5335 typum
1675 5265 1899 5336 gerebat
1928 5266 2071 5320 Esau

475 5366 652 5433 (llam.
681 5363 783 5431 Ix),
806 5361 1118 5418 nasciturus
1138 5366 1286 5414 esset
1306 5358 1485 5414 minor
1504 5357 1758 5429 populus,
1803 5359 2070 5413 Christia-

477 5477 580 5516 nus
601 5459 875 5524 videlicet,
910 5457 1003 5530 qui
1034 5455 1470 5512 benedictionem
1503 5455 1607 5510 Dei
1639 5455 1818 5510 Patris
1866 5465 2071 5512 aeterna

473 5555 794 5614 haereditate
812 5553 1140 5625 possideret.
1162 5553 1306 5608 Illius
1318 5554 1518 5624 quippe
1533 5553 1705 5608 Patris
1723 5563 2070 5610 sacramenta

474 5655 600 5704 sunt
658 5650 849 5700 nostra
902 5641 1252 5706 documenta,
1284 5641 1484 5712 quibus
1512 5641 1604 5697 ille
1636 5651 1887 5715 tanquam
1935 5659 2070 5714 par-

472 5737 630 5794 vulus
687 5739 771 5791 est
799 5730 1048 5798 laetatus,
1100 5736 1151 5785 et
1180 5727 1324 5786 circa
1348 5729 1508 5787 unius
1537 5731 1651 5788 veri
1682 5731 1782 5789 Dei
1835 5732 2060 5802 cultum,

2151 449 2304 510 palus
2317 481 2331 496 .

2225 575 2386 630 Unde
2436 575 2504 629 ab
2561 574 2714 631 initio
2769 574 2952 630 saeculi
2995 574 3145 630 omni
3188 582 3346 630 astate
3404 580 3756 629 sacramenta

2154 663 2351 718 Christi
2397 674 2449 718 et
2507 665 2774 720 Ecclesiae
2801 664 3076 720 celebrata
3108 671 3250 729 sunt,
3285 664 3488 734 quibus
3530 662 3626 716 ille
3657 676 3753 732 po-

2154 752 2317 822 pulus
2351 753 2668 819 nutriretur,
2705 761 2758 808 et
2788 762 2989 809 nostrae
3020 752 3414 822 redemptionis
3434 751 3641 806 modus
3673 750 3754 803 in-

2155 850 2488 905 sinuaretur.
2528 851 2668 905 Nam
2701 852 2880 922 prima
2900 859 3056 906 atate
3087 851 3264 905 Adam
3295 850 3362 904 de
3393 858 3545 903 terra
3583 857 3753 902 matre

2153 938 2272 993 sine
2303 940 2558 994 terrendo
2589 948 2742 1010 patre
2771 940 2935 994 homo
2967 940 3037 994 ad
3066 939 3363 1010 imaginem
3419 938 3527 993 Dei
3575 953 3607 991 ι
3639 937 3751 991 Deo

2155 1035 2301 1082 sexta
2356 1027 2445 1083 die
2495 1027 2796 1098 plasmatus
2827 1037 2908 1083 est
2949 1028 3108 1096 (Gen.
3143 1032 3205 1096 ι),
3257 1036 3310 1082 et
3337 1027 3394 1081 in
3448 1026 3751 1081 novissima

2155 1134 2313 1180 aetate
2363 1127 2546 1182 saeculi
2570 1144 2668 1198 per
2696 1127 2966 1182 Christum
2996 1127 3065 1181 de
3095 1136 3308 1181 terrena
3338 1134 3511 1180 matre
3540 1132 3745 1188 natum,

2157 1214 2273 1269 sine
2304 1223 2522 1270 terreno
2572 1224 2721 1286 patre
2751 1217 2914 1270 homo
2945 1215 3012 1270 ad
3053 1215 3301 1270 eamdem
3328 1214 3633 1286 imaginem
3657 1213 3749 1266 Dei

2159 1301 2482 1358 reformatus
2541 1313 2639 1360 est.
2674 1305 2755 1360 Ad
2787 1306 2946 1375 cujus
2975 1304 3054 1359 rei
3085 1303 3503 1360 consonantiam
3563 1303 3749 1358 eadem

2154 1400 2314 1447 aetate
2360 1393 2428 1447 de
2475 1394 2647 1448 latere
2676 1393 2828 1458 Adin,
2888 1393 2980 1464 qui
3009 1401 3129 1448 erat
3180 1394 3350 1446 forma
3403 1391 3592 1455 futuri,
3642 1392 3753 1445 Eva

2158 1479 2386 1536 formata
2433 1491 2534 1547 est,
2583 1491 2633 1536 et
2664 1499 2762 1552 per
2790 1482 3108 1553 sanguinem
3139 1481 3207 1536 de
3229 1481 3423 1536 Christi
3446 1480 3620 1534 latere
3643 1495 3754 1534 ma-

2155 1579 2373 1624 nantem
2424 1587 2546 1625 cum
2575 1585 2718 1642 aqua
2739 1569 3177 1627 sanctiﬁcationis
3198 1569 3443 1626 Ecclesia
3491 1569 3754 1624 fabricata

2161 1674 2266 1720 est.
2308 1667 2560 1722 Secunda
2582 1683 2709 1723 vero
2747 1676 2905 1723 aetate
2933 1668 3122 1722 mundi
3154 1684 3253 1738 per
3281 1677 3405 1722 octo
3457 1666 3678 1721 animas
3726 1681 3757 1719 ι

2163 1755 2542 1812 submersione
2572 1756 2781 1824 diluvii,
2818 1756 2870 1811 id
2898 1764 2980 1811 est
3001 1773 3101 1828 per
3129 1772 3311 1811 arcam
3352 1756 3618 1811 liberatas
3659 1771 3754 1810 ea-

2158 1845 2281 1899 dem
2315 1845 2567 1900 Ecclesia
2597 1843 2832 1917 ﬁgurata
2858 1853 2959 1910 est,
2980 1862 3102 1916 qum
3132 1845 3184 1898 in
3210 1861 3306 1915 spe
3337 1853 3566 1910 octava,
3598 1844 3656 1898 id
3676 1853 3756 1899 est

2157 1941 2576 1997 resurrectionis
2625 1958 2723 2012 per
2751 1957 2922 2012 aquas
2951 1942 3205 2013 baptismi
3233 1958 3342 1998 non
3387 1943 3509 1998 sine
3548 1942 3756 1996 auxilio

2160 2028 2296 2101 ligni
2327 2029 2578 2084 salutaris
2608 2045 2642 2084 a
2683 2031 3058 2086 submersione
3105 2031 3524 2086 exuberantiam
3575 2038 3757 2085 tenta-

2163 2117 2366 2173 tionum
2400 2118 2618 2174 liberata
2651 2127 2751 2174 est.
2807 2120 2988 2174 Tertia
3031 2119 3272 2191 denique
3320 2125 3476 2175 aetate
3520 2119 3760 2190 papulas

2167 2215 2266 2270 Dei
2323 2217 2393 2272 ab
2440 2217 2756 2288 Egyptiaca
2787 2218 3042 2273 servitute
3090 2218 3354 2274 liberatus
3375 2227 3474 2287 est,
3538 2219 3760 2273 transiit

2161 2329 2310 2367 mare
2341 2314 2606 2380 Rubrum,
2637 2315 2778 2369 cedit
2801 2331 2953 2370 mare
2975 2317 3126 2387 viJga
3147 2331 3467 2386 percussum
3485 2332 3515 2368 a
3547 2317 3758 2386 Moyse.

2163 2402 2367 2473 praebet
2396 2403 2537 2458 viam
2575 2403 2776 2473 populo
2798 2403 2926 2458 Dei.
2979 2405 3223 2460 Hostesa
3254 2410 3413 2474 tergo
3457 2413 3766 2476 sequuntur

2163 2499 2217 2544 et
2247 2491 2692 2562 submerguntur,
2744 2500 2797 2547 et
2819 2492 2904 2547 hic
2959 2493 3188 2562 repetita
3240 2501 3323 2548 est
3345 2492 3608 2563 baptismi
3667 2508 3768 2562 per

2165 2578 2374 2649 lignum
2432 2579 2771 2634 salutifer-um
2803 2582 3083 2636 consecuti
3112 2581 3652 2636 sanctificatio.Nam
3674 2598 3763 2634 ru-

2169 2667 2257 2722 bet
2285 2683 2438 2722 mare
2458 2668 2722 2733 Rubrum,
2767 2669 2925 2723 rubet
2953 2677 3005 2722 et
3060 2668 3362 2739 baptismus
3382 2669 3585 2723 Christi
3628 2684 3768 2722 san-

2168 2756 2335 2827 guine
2381 2765 2754 2812 consecratus.
2802 2759 3002 2812 Hostes
3033 2773 3064 2812 a
3094 2767 3251 2829 tergo
3310 2767 3610 2827 sequentes
3638 2773 3769 2812 mo-

2169 2844 2401 2910 riuntur,
2435 2845 2558 2917 quia
2616 2853 2848 2915 peccata
2891 2846 3164 2915 praeterita
3219 2854 3273 2900 et
3320 2845 3614 2916 praesentia
3668 2862 3773 2916 per

2171 2933 2497 3004 baptismum
2527 2933 2803 2988 delentur.
2835 2935 3044 2990 Dehinc
3073 2935 3127 2988 in
3159 2945 3350 3005 quarta
3378 2943 3536 2989 aetate
3586 2934 3643 2988 in
3675 2935 3774 2990 illa

2172 3039 2394 3087 terrena
2423 3040 2628 3086 aeterna
2657 3031 2992 3086 Hierusalem
3050 3032 3244 3088 claruit
3276 3049 3500 3102 regnum
3560 3033 3768 3099 David,

2169 3117 2372 3174 Christi
2405 3131 2454 3174 et
2479 3120 2738 3176 Ecclesiae
2769 3137 2996 3192 regnum
3028 3119 3390 3192 praeﬁgurans
3417 3138 3430 3174 :
3475 3121 3547 3174 de
3605 3122 3773 3189 cujus

2169 3209 2376 3264 semine
2405 3209 2546 3263 idem
2578 3209 2823 3264 Christus
2878 3219 3038 3263 natus
3094 3218 3195 3275 est,
3251 3209 3306 3264 in
3364 3208 3615 3264 Ecclesia
3674 3226 3774 3264 sua

2171 3306 2490 3376 spiritaliter
2520 3323 2760 3378 regnans
2791 3317 2842 3362 et
2872 3322 2992 3361 eam
3015 3307 3120 3360 sibi
3148 3310 3619 3377 obtemperantem
3643 3315 3776 3378 post

2171 3403 2419 3464 tempora
2449 3395 2688 3467 gloriose
2717 3411 3008 3452 coronans.
3048 3395 3178 3450 lude
3224 3403 3305 3449 est
3361 3394 3507 3466 quod
3565 3397 3659 3467 qui
3718 3397 3776 3450 in

2173 3483 2416 3538 Sabbato
2447 3491 2636 3540 sancto
2668 3493 2790 3538 sunt
2811 3484 3136 3554 baptizandi,
3185 3493 3380 3555 quarta
3426 3484 3782 3540 hebdomade.

2175 3581 2662 3653 quadragesimalis
2693 3583 3070 3648 observantiae,
3109 3599 3230 3652 quae
3273 3583 3625 3638 continentia
3671 3599 3782 3638 no-

2175 3671 2259 3725 bis
2289 3687 2432 3724 arma
2465 3671 2756 3736 ministrat,
2789 3680 2842 3726 et
2872 3680 3067 3742 quarta
3110 3671 3451 3727 hebdomade
3500 3671 3640 3726 feria
3683 3688 3784 3727 ca-

2175 3759 2477 3815 techizandi
2509 3768 2561 3814 et
2583 3760 2925 3816 exorcizandi
2951 3759 3271 3815 deferuntur
3295 3759 3365 3814 ad
3415 3759 3733 3816 Ecclesiam
3767 3776 3781 3814 :

2175 3857 2246 3912 ibi
2277 3857 2513 3912 audituri
2577 3867 2628 3912 et
2660 3857 2958 3913 instruendi
3000 3858 3230 3928 qualiter
3271 3865 3464 3913 contra
3509 3858 3786 3928 spiritales

2177 3947 2446 4018 nequitias
2477 3949 2582 4001 sint
2613 3948 2920 4017 pugnaturi,
2955 3948 3050 4001 sed
3100 3956 3275 4002 tamen
3325 3963 3498 4018 usque
3535 3947 3595 4000 in
3642 3948 3783 4001 Sab-

2178 4036 2361 4090 batum
2385 4036 2643 4106 paschale
2674 4037 2977 4107 baptismus
3007 4051 3194 4090 eorum
3227 4035 3492 4102 differtur,
3537 4036 3650 4092 hoc
3688 4046 3785 4090 at-

2180 4133 2447 4187 tendente
2479 4131 2747 4199 Ecclesia,
2782 4133 2906 4204 quia
2937 4133 3028 4204 qui
3059 4132 3128 4187 ad
3157 4148 3394 4204 agonem
3423 4133 3479 4187 in
3519 4132 3786 4203 praesenti

2181 4221 2284 4275 vita
2329 4231 2605 4287 vocantur,
2648 4222 2702 4275 in
2753 4237 2851 4291 spe
2909 4220 3105 4276 futura:
3149 4221 3352 4291 quietis
3401 4221 3774 4292 baptizantnr.

2181 4309 2322 4364 Sicut
2375 4312 2519 4364 enim
2549 4319 2736 4365 contra
2783 4309 3024 4364 visibiles
3082 4310 3264 4363 hostes
3318 4310 3634 4380 pugnaturi,
3675 4325 3786 4363 non

2100 4427 2152 4486 D
2184 4415 2474 4478 antequam
2522 4417 2730 4479 quarta,
2773 4407 2827 4462 id
2859 4416 2941 4463 est
2973 4407 3202 4476 juvenili
3253 4415 3408 4461 aetate
3456 4407 3738 4478 eliguntur
3775 4426 3789 4458 :

2186 4495 2264 4552 sic
2295 4496 2346 4550 in
2379 4497 2479 4552 hac
2515 4505 2670 4552 aetate
2701 4496 2987 4568 pugnaturi
3018 4495 3310 4551 validiores
3359 4495 3429 4550 ad
3484 4495 3790 4549 invisibiles

2183 4585 2372 4640 hostes
2404 4586 2774 4656 rrpellendos,
2804 4585 2994 4657 sicque
3026 4584 3094 4639 ad
3127 4584 3494 4639 Christianam
3537 4583 3786 4638 militiam

2183 4683 2284 4737 sub
2325 4691 2453 4754 typo
2501 4683 2662 4753 hujus
2711 4682 2924 4738 numeri
2973 4682 3131 4737 electi
3170 4681 3538 4737 Christianum
3581 4697 3788 4737 nomen

2183 4771 2419 4828 viriliter
2451 4780 2772 4838 exerceant,
2793 4780 2846 4827 et
2864 4781 2917 4826 ut
2940 4770 3184 4827 coronari
3207 4779 3545 4842 mereantur,
3576 4771 3648 4826 ab
3660 4770 3786 4827 acie

2182 4876 2289 4916 non
2320 4861 2576 4916 recedant
2591 4903 2604 4916 .

2257 5005 2380 5061 Post
2406 5012 2654 5074 tempora
2686 5019 2817 5058 vero
2849 5001 3002 5075 regni
3036 5003 3206 5058 Israel
3265 5000 3450 5072 quinta
3477 5009 3642 5058 astate
3671 5001 3756 5057 in-

2181 5093 2419 5149 choante
2450 5101 2676 5162 propter
2705 5092 3110 5162 perversitatem
3140 5092 3426 5160 praetenti
3456 5090 3651 5162 populi
3681 5105 3783 5146 ca-

2182 5182 2422 5252 ptivante
2454 5179 2771 5253 Babyloniae
2801 5196 2930 5252 rege
2949 5179 3361 5252 transmigravit
3381 5179 3532 5234 idem
3549 5179 3790 5250 populus

2180 5278 2233 5332 in
2268 5277 2645 5348 Babyloniam,
2677 5286 2731 5332 et
2761 5277 2858 5348 qui
2889 5277 3194 5333 confusioni
3226 5275 3494 5331 servierat
3523 5276 3788 5330 volunta-

2181 5367 2288 5421 rius
2330 5366 2448 5438 regi
2507 5366 2818 5438 Babylonis,
2877 5366 3020 5437 quod
3073 5365 3458 5435 interpretatur
3502 5368 3786 5435 confusio.

2180 5455 2402 5511 servivit
2434 5455 2658 5510 invitus.
2703 5457 2828 5512 Post
2868 5469 2973 5509 Lxx
3029 5469 3204 5510 annos
3259 5452 3496 5509 faciente
3566 5453 3786 5508 Christo

2177 5553 2320 5624 Cyro
2361 5567 2616 5607 reversus
2655 5559 2740 5608 est
2777 5551 2919 5606 idem
2951 5551 3208 5621 populus,
3260 5549 3400 5605 sicut
3455 5549 3784 5621 predixerat

2175 5641 2355 5713 primo
2377 5640 2552 5711 Isaac,
2584 5641 2783 5698 deinde
2812 5640 3096 5697 Jeremias.
3129 5639 3290 5710 Quod
3312 5639 3454 5694 bene
3469 5638 3544 5694 ad
3579 5646 3778 5694 statum

2174 5730 2409 5804 pertinet
2440 5731 2724 5803 Ecclesiae,
2754 5748 2875 5805 quae
2903 5738 3026 5805 post
3057 5730 3216 5800 hujus
3243 5728 3434 5786 saeculi
3462 5727 3632 5786 finem
3653 5744 3774 5802 quae
