4042 6080
406 169 549 225 1115

1545 173 1886 230 WERNEBI
1927 173 2211 230 ABBATIS
2251 173 2312 228 S.
2351 173 2570 228 BLASII

3570 169 3707 223 1116

410 308 512 350 nec
541 309 575 350 a
605 294 751 352 malo
779 295 934 368 pejus
965 297 1229 370 accipitur
1247 297 1572 370 baptismus.
1623 299 1780 355 Unde
1819 301 1998 370 Augu—
2029 299 2087 362 Α
2113 299 2384 355 bulemus.
2419 299 2473 356 Si
2504 299 2650 354 enim
2677 296 3029 370 complantati
3058 297 3185 354 facti
3214 311 3401 352 sumus
3445 295 3708 350 similitu-

410 382 585 437 stinus
614 384 664 437 in
696 384 833 439 libro
865 387 1022 442 tertio
1053 389 1133 443 De
1162 389 1324 442 unico
1352 388 1625 459 baptismo
1657 405 1669 444 :
1709 412 1731 437 ιι
1766 389 1890 444 Non
1922 396 2004 443 est

411 486 550 543 aqua
580 472 827 542 profana,
861 492 964 531 nec
995 477 1244 531 adultera
1275 494 1440 547 super
1471 494 1636 548 quam
1669 494 1864 532 nomen
1907 478 2005 532 Dei

412 559 720 628 invocatur,
752 563 853 617 etsi
883 579 915 618 a
945 566 1192 635 profanis
1223 573 1276 620 et
1305 567 1372 620 ab
1400 566 1662 620 adulteris
1703 567 2004 635 invocetur,

414 648 541 722 quia
579 665 682 706 nec
717 650 836 720 ipsa
867 662 1140 720 creatura,
1180 670 1282 709 nec
1327 655 1501 724 ipsum
1551 671 1748 708 nomen
1799 656 2007 709 adulte—

415 753 536 791 rum
565 747 671 793 est.
708 761 727 787 η
778 740 1032 796 Traditur
1082 743 1244 797 etiam
1290 759 1446 798 novas
1492 743 1621 797 vitae
1669 744 2009 799 auditoribus

414 825 722 898 symbolum
755 828 880 884 fidei
915 847 928 883 :
961 832 1103 902 quod
1136 847 1234 901 per
1264 831 1549 886 duodecim
1581 833 1860 902 apostolos
1912 848 2006 887 or-

417 914 662 970 dinatum
695 925 797 984 est,
832 926 884 972 et
915 919 1135 974 totidem
1187 920 1470 975 sententiis
1516 922 1999 991 comprehensum.

412 1004 695 1060 Postremo
749 1007 1009 1076 parvulus
1055 1009 1122 1063 ad
1173 1009 1504 1078 baptismum
1550 1011 1927 1081 interrogatur
1978 1027 2009 1064 a

416 1093 705 1149 sacerdote
740 1114 750 1148 :
793 1117 814 1142 «
839 1096 1219 1151 Abrenuntias
1249 1097 1465 1153 Satanae
1486 1106 1539 1153 et
1559 1099 2010 1170 omnibuSOperi-

417 1180 518 1235 bus
548 1182 693 1252 ejus,
723 1190 773 1238 et
800 1184 1052 1239 omnibus
1083 1186 1306 1257 pompis
1329 1187 1496 1255 ejus?
1524 1210 1544 1233 ιι
1578 1195 1632 1241 ut
1664 1187 1897 1258 primum
1921 1204 2008 1241 re-

415 1278 572 1340 spuat
603 1286 868 1338 errorem,
903 1282 953 1326 et
983 1275 1325 1344 approximet
1355 1276 1419 1329 ad
1456 1276 1752 1340 veritatem,
1791 1284 1848 1330 ut
1876 1293 2008 1346 pos-

415 1357 503 1426 sit,
531 1358 696 1428 juxta
725 1362 1067 1431 Apostolum,
1113 1362 1390 1433 deponere.
1443 1372 1683 1420 veterem
1730 1365 2010 1420 hominem

415 1461 537 1501 cum
568 1447 776 1502 actibus
806 1449 942 1512 suis,
971 1450 1175 1506 scilicet
1205 1452 1492 1520 pristinam
1516 1453 2008 1520 conversationem,

415 1534 698 1606 abnegans
726 1536 1056 1607 impietatem
1087 1548 1139 1593 et
1169 1541 1455 1596 saecularia
1483 1541 1753 1596 desideria
1787 1543 2007 1614 (Ephes.

2111 390 2222 444 dini
2264 389 2454 444 mortis
2495 389 2636 458 ejus,
2679 387 2837 442 simul
2896 396 2948 442 et
3013 385 3431 441 resurrectionis
3494 385 3704 439 erimus

2114 482 2295 548 (Rom.
2338 481 2438 548 vt).
2484 503 2504 524 ιι
2540 479 2676 532 Hinc
2705 477 2862 533 etiam
2897 477 3087 532 beatus
3128 475 3447 530 Ambrosius
3476 474 3607 529 dicit
3650 473 3710 528 in

2113 569 2252 624 libro
2293 569 2370 623 De
2413 567 2773 623 sacramentis
2808 583 2822 620 :
2877 590 2898 613 υ
2936 567 3305 636 Interrogatus
3338 580 3350 615 :
3396 563 3590 618 Credis
3649 563 3707 616 in

2114 659 2284 712 Deum
2319 658 2534 710 Patrem
2582 656 3009 726 omnipotentem
3040 654 3067 707 τ
3113 651 3341 708 dixisti:
3394 652 3595 715 Credo,
3649 659 3707 705 et

2114 763 2330 800 mersus
2355 762 2434 811 es,
2468 745 2521 800 id
2552 753 2634 799 est
2662 744 2910 812 sepultus
2959 759 3041 798 es.
3089 745 3288 796 Iterum
3335 741 3710 812 interrogatus

2114 852 2175 891 es
2207 853 2220 890 :
2255 835 2442 891 Credis
2470 843 2524 890 et
2551 835 2604 888 in
2637 833 2822 888 Jesum
2869 822 3142 887 Christum
3186 830 3475 886 Dominum
3520 837 3709 883 natum

2115 933 2169 980 et
2199 940 2420 996 passum
2448 924 2476 977 ξ)
2505 923 2684 977 dixisti
2717 940 2728 976 :
2763 921 2940 976 Credo
2975 940 2988 986 ;
3021 931 3072 975 et
3104 936 3321 974 mersus
3371 935 3451 985 es,
3513 918 3567 972 id
3625 925 3712 972 est

2118 1014 2335 1069 Christo
2365 1012 2719 1082 consepultus
2750 1027 2834 1066 es.
2874 1009 2978 1079 Qui
3026 1017 3206 1064 autem
3253 1007 3468 1062 Christo
3508 1021 3709 1061 conse-

2115 1102 2330 1174 pelitur,
2363 1117 2488 1156 cum
2521 1101 2737 1156 Christo
2781 1106 3054 1169 resurget.
3103 1096 3287 1152 Tertio
3333 1096 3712 1165 interrogatus

2116 1209 2175 1246 es
2211 1212 2221 1246 :
2255 1191 2446 1246 Credis
2477 1199 2527 1246 et
2555 1190 2609 1244 in
2641 1188 2901 1260 Spiritum
2931 1194 3178 1242 sanctum
3198 1188 3225 1239 ‘?
3246 1184 3426 1238 dixisti
3451 1201 3464 1238 :
3489 1183 3708 1242 Credo:

2116 1287 2174 1335 et.
2208 1297 2427 1336 mersus
2460 1296 2519 1334 es
2552 1278 2732 1344 tertio,
2764 1285 2820 1332 ut
2849 1274 3202 1345 multiplicem
3233 1273 3442 1344 lapsum
3490 1272 3711 1342 cogita-

2115 1370 2294 1436 tionis,
2328 1368 2637 1430 locutionis,
2674 1364 3011 1436 operationis
3043 1364 3287 1419 aboleret
3318 1361 3455 1416 trina
3486 1360 3713 1416 confes-

2117 1459 2224 1513 sio.
2268 1481 2286 1506 ιε
2325 1459 2476 1512 Hanc
2505 1456 2649 1511 sacri
2683 1453 3026 1523 baptismatis
3055 1451 3495 1508 emundationem
3525 1450 3580 1503 in
3630 1449 3712 1503 si-

2117 1546 2476 1601 militudinem
2509 1543 2700 1598 mortis
2729 1543 2933 1598 Christi
2961 1540 3300 1596 celebratam
3323 1537 3716 1609 praefigurabat

413 1621 512 1692 tv).
545 1623 858 1716 Respondet
889 1627 1152 1697 parvulus
1173 1645 1272 1698 per
1291 1645 1388 1684 ora
1405 1630 1750 1702 gestantium.
1781 1653 1801 1677 ιι
1829 1632 2007 1685 Abre—
2039 1658 2091 1716 Β
2120 1652 2259 1706 aqua
2301 1631 2633 1703 aspersionis
2670 1631 2725 1685 in
2765 1629 2935 1685 veteri
2974 1629 3116 1700 lege,
3159 1643 3264 1698 qua
3315 1626 3717 1682 emundabatur

416 1712 628 1768 nuntio.
667 1734 689 1761 ι
723 1714 880 1769 Unde
909 1717 1246 1787 Augustinus
1275 1728 1462 1773 contra
1489 1719 1764 1774 Julianum
1797 1720 1849 1774 in
1901 1719 2000 1772 lib.

417 1815 474 1855 tv
507 1819 519 1855 :
559 1823 582 1849 α
617 1800 878 1874 Quisquis
909 1814 1076 1876 negat
1106 1821 1204 1876 per
1233 1822 1332 1861 ora
1377 1809 1709 1880 gestantium
1754 1807 2012 1880 parvulos

417 1888 800 1947 abrenuntiare
821 1900 875 1947 et
904 1897 1150 1962 credere,
1186 1903 1238 1950 et
1268 1905 1434 1967 neget
1457 1913 1550 1951 eos
1574 1897 1823 1967 accipere
1846 1896 2014 1966 bapti-

419 1993 618 2045 smum,
651 1979 779 2050 quia
807 1980 862 2035 in
908 1983 1158 2037 manibus
1205 1986 1536 2054 gestantium
1585 1987 1941 2041 reluctantur.
1984 2007 2006 2033 ι

417 2063 554 2122 Item
583 2065 638 2120 in
666 2066 806 2122 libro
835 2069 915 2123 De
945 2070 1262 2140 pmnitentia
1295 2089 1307 2124 :
1346 2095 1366 2117 ι·
1406 2073 1648 2126 Parvulis
1691 2073 1758 2126 ad
1807 2088 2010 2128 conse-

420 2154 716 2209 crationem
758 2164 814 2211 et
852 2158 1233 2214 remissionem
1274 2160 1564 2232 originalis
1618 2163 1828 2230 peccati
1879 2177 2011 2232 pro-

421 2241 544 2298 dest
580 2259 766 2298 eorum
798 2243 934 2300 fides
961 2262 990 2299 a
1022 2248 1218 2318 quibus
1247 2247 1570 2316 offeruntur,
1623 2258 1680 2304 ut
1732 2265 2011 2320 quascun-

423 2346 529 2402 que
568 2332 811 2388 maculas
851 2333 1174 2390 delictorum
1214 2353 1318 2406 per
1355 2336 1516 2404 alios,
1557 2353 1591 2392 a
1629 2339 1827 2409 quibus
1900 2339 2013 2392 nati

422 2426 558 2474 sunt
595 2429 1009 2489 contraxerunt,
1040 2424 1276 2479 aliorum
1309 2425 1467 2480 etiam
1497 2425 1919 2498 interrogatione
1960 2434 2013 2482 et

421 2508 781 2578 responsione
811 2520 1136 2584 purgentur.
1167 2535 1188 2560 ι
1219 2514 1345 2569 Post
1366 2514 1891 2571 abrenuntiationem
1913 2533 2010 2571 un-

421 2594 573 2668 gitur
601 2597 1024 2654 catechumenus
1053 2600 1175 2656 oleo
1205 2618 1365 2658 sacro
1396 2603 1447 2657 in
1479 2614 1721 2674 pectore,
1753 2613 2010 2676 tanquam

422 2683 703 2739 muniatur
731 2686 999 2742 adversus
1033 2689 1244 2745 hostem
1293 2691 1641 2758 invisibilem,
1693 2709 1760 2747 ne
1809 2694 1856 2748 ei
1906 2693 2009 2747 im-

421 2772 626 2826 munda
665 2782 719 2828 et
783 2776 942 2832 noxia
1008 2779 1334 2848 persuadeat
1402 2781 1703 2836 desideria.
1778 2782 2012 2854 Ungitur

420 2869 474 2916 et
504 2861 645 2916 inter
674 2863 944 2934 scapulas,
977 2865 1068 2920 ubi
1099 2876 1182 2921 est
1214 2868 1372 2940 vigor
1403 2871 1652 2940 portandi
1698 2871 1903 2936 oneris,
1955 2881 2012 2926 ut

422 2947 802 3007 fortitudinem
828 2953 1060 3024 accipiat
1090 2956 1156 3009 ad
1189 2958 1514 3024 portandum
1545 2959 1758 3030 pondus
1805 2959 1912 3014 diei
1959 2968 2012 3015 et

421 3047 606 3104 estus,
640 3038 778 3095 sicut
809 3041 984 3096 bonus
1013 3043 1240 3100 athleta.

487 3153 694 3211 Exinde
719 3157 1024 3230 exquiritur
1055 3160 1123 3214 ab
1153 3176 1220 3216 eo
1251 3162 1297 3216 si
1336 3163 1525 3219 credat
1571 3162 1628 3218 in
1679 3165 1853 3220 Deum
1905 3167 2012 3221 Pa-

421 3249 562 3298 trem
600 3245 1053 3316 omnipotentem,
1096 3257 1150 3304 et
1188 3250 1241 3304 in
1275 3252 1457 3306 Jesum
1513 3253 1782 3308 Christum
1824 3255 2014 3310 Filium

423 3329 546 3400 ejus
579 3334 800 3390 unicum
839 3335 1132 3392 Dominum
1185 3347 1432 3394 nostrum
1466 3383 1480 3407 ,
1539 3351 1589 3397 et
1644 3342 1697 3396 in
1758 3343 2014 3414 Spiritum

423 3429 672 3476 sanctum
707 3465 720 3486 ,
772 3440 935 3478 unum
969 3426 1141 3481 Deum
1173 3428 1225 3481 in
1267 3429 1530 3486 Trinitate
1559 3473 1577 3496 ,
1631 3440 1684 3486 et
1722 3433 1924 3487 trinum
1961 3433 2015 3488 in

421 3508 628 3563 unitate
661 3528 675 3576 ;
709 3511 759 3565 si
788 3513 1115 3569 confiteatur
1150 3532 1313 3571 unam
1353 3535 1478 3573 esse
1517 3529 1760 3576 sanctam
1818 3522 2014 3578 Eccle-

423 3595 562 3651 siam
593 3597 946 3666 Catholicam,
980 3609 1037 3656 et
1066 3603 1112 3657 si
1144 3605 1332 3660 credat
1381 3607 1762 3664 remissionem
1813 3626 2015 3680 pecca-

423 3690 603 3738 torum
633 3693 689 3740 et
719 3686 883 3742 vitam
900 3697 1183 3746 aeternam.
1228 3694 1355 3749 Hac
1375 3695 1558 3750 omnia
1600 3685 1669 3750 si.
1697 3699 2016 3768 profiteatur

425 3788 485 3828 se
513 3774 754 3840 credere,
781 3776 894 3845 jam
925 3777 1112 3849 incipit
1140 3778 1194 3834 in
1228 3797 1296 3836 eo
1327 3783 1463 3837 mori
1494 3793 1650 3839 vetus
1698 3787 1879 3856 homo,
1923 3789 2012 3860 qui

425 3862 722 3918 secundum
753 3865 925 3920 Deum
955 3876 1166 3922 creatus
1195 3880 1274 3924 est
1303 3870 1354 3924 in
1381 3872 1584 3937 justitia
1632 3882 1682 3928 et
1730 3876 2015 3931 sanctitate

425 3950 671 4007 veritatis
698 3953 902 4024 (ibid.).
930 3956 986 4010 In
1037 3957 1505 4015 abrenuntiatione
1557 3961 1754 4032 prioris
1801 3980 2018 4034 posses-

425 4039 586 4107 soris,
615 4042 879 4097 suadente
911 4045 1195 4115 charitate,
1220 4046 1334 4116 jam
1387 4049 1498 4104 vult
1545 4050 1597 4104 in
1643 4052 1732 4121 jus
1781 4052 2016 4124 legitimi

422 4129 764 4198 possessoris
804 4132 1077 4188 transire:
1135 4135 1189 4188 in
1247 4153 1407 4207 quem
1455 4137 1569 4208 jam
1627 4139 1907 4210 profitetur
1954 4160 2014 4198 se

423 4215 650 4272 credere
690 4226 742 4273 et
779 4219 849 4273 ab
888 4236 954 4276 eo
992 4230 1198 4278 aeterna
1235 4227 1458 4294 prmmia
1497 4241 1843 4299 exspectare.
1892 4232 2014 4286 1am

424 4313 780 4377 expurgatum
819 4316 907 4362 est
945 4319 1098 4364 vetus
1137 4311 1480 4380 fermentum,
1525 4319 1620 4371 sed
1661 4319 1900 4374 nondum
1931 4329 2016 4376 cst

429 4406 569 4445 nova
600 4398 943 4464 conspersio,
984 4399 1076 4452 ubi
1114 4401 1253 4455 sacri
1295 4375 1478 4458 fontis—
1505 4416 1765 4476 sequatur
1811 4375 2012 4464 ablutio
2043 4375 2093 4434 D

430 4478 480 4545 (1
508 4480 634 4536 Cor.
675 4481 756 4550 v).
797 4483 914 4539 Sub
951 4488 1309 4556 responsione
1363 4492 1516 4547 trinae
1575 4494 2014 4566 interrogationis

429 4566 569 4623 trina
608 4571 883 4628 mersione
920 4578 1343 4633 catechumenus
1383 4595 1415 4633 a
1474 4581 1727 4638 sordibus
1783 4586 2015 4640 vetustis

428 4655 687 4728 abluitur,
755 4668 810 4715 et
863 4677 1064 4718 novum
1121 4665 1396 4722 hominem
1457 4668 1696 4737 indutus,
1753 4671 2014 4729 triduana:

427 4746 645 4802 Domini
683 4749 973 4820 sepulturas
1036 4755 1430 4824 consepelitur.
1504 4759 1658 4815 Unde
1724 4763 2015 4832 Apostolus

429 4833 547 4890 ait:
591 4859 613 4885 α
657 4837 971 4910 Consepulti
1013 4842 1153 4898 enim
1194 4859 1384 4899 sumus
1422 4863 1523 4916 per
1577 4848 1904 4920 baptismum
1961 4851 2014 4905 in

435 4932 684 4992 mortem,
717 4934 774 4982 ut
802 4930 1078 4998 quomodo
1127 4933 1375 4988 surrexit
1423 4935 1670 4992 Christus
1714 4955 1742 4992 a
1791 4939 2015 4995 mortuis

431 5029 533 5084 per
559 5014 794 5088 gloriam
825 5017 1022 5086 Patris,
1052 5019 1126 5074 ita
1156 5029 1210 5076 et
1239 5037 1340 5077 nos
1382 5023 1434 5076 in
1464 5025 1702 5082 novitate
1733 5027 1855 5084 vitae
1894 5044 2015 5083 am-

2123 1723 2212 1794 qui
2245 1730 2514 1777 mortuum
2547 1720 2824 1791 tetigerat,
2857 1727 2912 1773 ut
2966 1718 3020 1771 in
3065 1724 3244 1772 castra
3300 1723 3708 1770 reverteretur:

2121 1813 2209 1867 cui
2238 1810 2507 1865 immistus
2556 1817 2671 1864 erat
2721 1808 2861 1862 cinis
2911 1805 3092 1861 vitula:
3141 1803 3275 1860 rufa:
3320 1815 3470 1860 extra
3526 1811 3714 1859 castra.

2121 1897 2439 1961 combustae,
2472 1895 2741 1964 hyssopus
2772 1907 2988 1963 quoque
3011 1905 3208 1945 coccus
3239 1894 3293 1943 et
3326 1889 3551 1944 cedrus.
3615 1887 3715 1941 Vi-

2121 1986 2233 2042 tula
2263 1985 2463 2056 quippe
2483 1983 2569 2036 illa
2592 1999 2715 2052 quae
2733 1979 2996 2034 femineus
3018 1987 3100 2033 est
3134 1993 3296 2032 sexus
3333 1976 3708 2050 fragilitatem,

2120 2075 2175 2129 id
2207 2083 2288 2129 est
2318 2071 2733 2144 passibilitatem
2768 2067 2952 2123 carnis
2999 2066 3200 2122 Christi
3248 2064 3538 2137 significat,
3589 2063 3712 2118 rufa

2121 2171 2342 2234 propter
2373 2159 2656 2231 sanguinis
2691 2156 3040 2211 effusionem.
3079 2154 3214 2224 Quae
3242 2155 3402 2210 etiam
3433 2161 3583 2207 extra
3616 2168 3713 2208 ca-

2121 2261 2232 2307 stra
2262 2251 2440 2320 ejecta
2472 2257 2572 2303 est.
2610 2248 2666 2302 In
2695 2261 2802 2317 quo
2836 2244 3180 2316 figurabatur
3208 2243 3352 2314 quod
3375 2250 3425 2296 et
3449 2241 3712 2296 Dominus

2121 2355 2381 2411 passurus
2411 2347 2563 2393 extra
2601 2335 2871 2391 civitatem
2920 2332 3115 2388 ductus
3173 2340 3274 2386 est.
3336 2329 3492 2400 Quod
3548 2329 3713 2384 etiam

2121 2428 2382 2501 sanguine
2430 2426 2675 2495 ejusdem
2722 2423 2902 2478 vitulae
2943 2421 3336 2492 aspergebatur
3383 2419 3586 2491 septies
3635 2428 3711 2472 ta-

2120 2518 2493 2582 bernaculum,
2528 2523 2580 2570 et
2609 2513 2800 2569 omnia
2833 2527 2961 2566 vasa
2991 2508 3350 2573 tabernaculi,
3385 2508 3602 2579 plenam
3635 2507 3713 2560 si-

2119 2607 2336 2680 gnificat
2368 2603 2807 2661 emundationem
2839 2616 3004 2672 quam
3037 2599 3188 2654 intus
3208 2607 3262 2654 et
3290 2605 3439 2653 extra
3489 2595 3712 2652 contulit

2121 2695 2350 2767 sanguis
2379 2693 2599 2750 Christi.
2632 2690 2824 2746 Anima
2846 2690 2990 2744 enim
3011 2695 3225 2743 constat
3251 2686 3445 2758 triplici
3491 2685 3711 2750 virtute,

2119 2802 2315 2857 corpus
2359 2799 2488 2839 vero
2541 2787 2806 2852 quaterna
2858 2778 3251 2832 elementorum
3315 2773 3712 2841 complexione,

2119 2874 2246 2946 quia
2285 2881 2512 2944 uterque
2552 2869 2808 2924 mundata
2849 2873 2933 2921 est
2982 2865 3182 2921 Christi
3238 2862 3518 2935 sanguinis
3569 2859 3714 2916 επη-

2119 2964 2272 3018 sione
2286 3003 2299 3017 .

2195 3076 2350 3146 Quod
2390 3091 2520 3132 vero
2558 3090 2752 3132 carnes
2791 3070 3041 3144 ejusdem
3081 3065 3267 3122 vitulaa
3304 3073 3357 3121 et
3393 3064 3602 3122 corium
3657 3070 3715 3118 et

2123 3175 2366 3222 stercora
2397 3164 2851 3222 comburebantur
2880 3161 2986 3215 hoc
3034 3155 3401 3229 signiﬁcatum
3443 3161 3524 3208 est
3580 3151 3716 3224 quia

2127 3265 2232 3311 tota
2270 3254 2546 3308 humilitas
2586 3261 2637 3308 et
2673 3248 2975 3322 ignominia
3012 3245 3284 3318 passionis
3322 3258 3481 3298 versa
3529 3249 3612 3296 est
3657 3240 3711 3294 in

2123 3344 2356 3418 gloriam
2389 3339 2824 3396 resurrectionis.
2857 3337 3016 3403 Quod
3068 3335 3209 3389 bene
3255 3331 3398 3404 ignis
3445 3328 3717 3417 significat

2125 3417 2223 3504 qui
2255 3448 2475 3502 semper
2506 3430 2574 3484 ad
2603 3428 2887 3499 superiora
2918 3424 3111 3490 tendit,
3145 3431 3197 3477 et
3228 3420 3371 3491 quod
3400 3418 3634 3474 absumit
3657 3417 3717 3472 in

2125 3539 2184 3578 se
2213 3520 2506 3578 convertit.
2545 3518 2701 3587 Quod
2735 3526 2912 3571 autem
2948 3517 3219 3586 hyssopus
3250 3511 3373 3565 huic
3410 3507 3716 3580 aspersioni

2123 3611 2479 3675 admiscetur,
2504 3608 2610 3664 hoc
2633 3603 2902 3679 significat
2923 3602 3066 3676 quod
3087 3603 3139 3656 in
3173 3600 3287 3654 ﬁde
3325 3598 3518 3653 mortis
3551 3596 3715 3651 Chri-

2124 3700 2195 3754 sti
2225 3707 2451 3770 peccata
2477 3695 2828 3751 mundantur.
2861 3692 3017 3749 Unde
3045 3691 3120 3746 ait
3148 3687 3441 3760 Apostolus
3467 3703 3479 3743 :
3533 3709 3556 3734 α
3583 3685 3715 3740 Fide

2123 3788 2391 3842 mundans
2429 3785 2599 3842 corda
2640 3799 2833 3839 eorum
2898 3780 3118 3854 (Ephes.
3187 3779 3268 3849 v).
3345 3797 3369 3823 -
3430 3775 3718 3846 Hyssopus

2125 3876 2323 3948 quippe
2355 3876 2477 3930 ideo
2512 3873 2673 3928 fidem
2711 3868 3000 3942 significat,
3034 3868 3178 3940 quod
3223 3881 3350 3922 cum
3410 3863 3483 3919 ait
3539 3863 3716 3918 herba

2125 3964 2364 4027 humilis,
2395 3962 2622 4018 ﬁrmiter
2653 3963 2820 4016 haeret
2873 3959 2929 4014 in
2984 3966 3159 4029 petra.
3227 3955 3438 4011 Coccus
3495 3967 3714 4025 quoque

2124 4053 2250 4109 huic
2279 4053 2575 4107 adhibetur
2603 4047 2999 4112 emundationi,
3051 4062 3170 4118 quas
3217 4044 3473 4098 ﬂammeo
3529 4040 3713 4096 colore

2123 4144 2436 4199 charitatem
2469 4139 2739 4212 significat
2770 4138 2887 4192 sine
2917 4151 3026 4209 qua
3080 4143 3354 4190 mortuum
3411 4139 3495 4187 est
3552 4129 3711 4202 quid-

2123 4232 2252 4304 quid
2283 4230 2418 4285 fides
2448 4238 2727 4300 operatur.
2778 4226 2988 4282 Cedrus
3033 4223 3198 4279 etiam
3245 4221 3369 4276 huic
3422 4219 3711 4292 Opitulatur

2123 4318 2481 4384 mundationi,
2511 4333 2629 4389 quae
2660 4314 3010 4386 imputribilis
3056 4313 3224 4367 arbor
3278 4309 3492 4376 dicitur,
3547 4316 3598 4362 et
3657 4308 3709 4360 in

2124 4407 2356 4464 excelsis
2386 4405 2660 4461 montibus
2692 4404 2918 4470 radicat,
2951 4409 3006 4456 et
3033 4399 3156 4456 ideo
3177 4414 3329 4468 spem
3351 4395 3712 4466 incorruptio-

2125 4497 2210 4552 nis
2241 4504 2292 4551 et
2319 4510 2572 4564 superna:
2601 4493 2793 4566 gloria:
2851 4489 3144 4561 significat.
3203 4489 3412 4542 Horum
3468 4483 3707 4541 omnium

2125 4584 2505 4654 conjunctione
2535 4597 2676 4652 aqua
2708 4579 3047 4651 aspersionis
3094 4582 3465 4640 consecratur,
3518 4581 3572 4629 et
3617 4572 3713 4644 qui

2123 4680 2395 4729 mortuum
2435 4671 2707 4742 tetigerat,
2765 4677 2821 4724 ut
2877 4669 3078 4723 dictum
3129 4673 3233 4732 est,
3293 4662 3710 4729 emundahatur,

2124 4761 2249 4834 quia
2279 4760 2371 4832 qui
2399 4759 2659 4830 operibus
2690 4757 2940 4822 mortuis,
2973 4755 3031 4811 id
3062 4763 3146 4809 est
3175 4752 3413 4824 peccatis
3461 4750 3710 4824 origina-

2123 4850 2266 4905 libus
2299 4847 2699 4920 coinquinatur,
2758 4845 3022 4901 liberatur
3075 4842 3401 4914 baptismate
3440 4854 3600 4896 sacro
3656 4838 3714 4893 in

2124 4938 2230 4994 fide
2260 4938 2451 4993 mortis
2476 4935 2677 4993 Christi
2706 4945 2762 4990 et
2791 4933 3199 4990 resurrectionis
3246 4946 3371 4988 cum
3415 4927 3713 5002 sponsione

2124 5027 2400 5084 charitatis
2429 5034 2484 5082 et
2512 5025 2632 5097 spei
2663 5023 3068 5096 baptizabatur.

1203 5275 1815 5381 DOMINICA
1892 5278 2364 5381 DECIMA
2437 5210 2944 5381 TERTIA.

1708 5480 2106 5547 Secundum
2160 5482 2437 5546 Lucam.

511 5659 662 5717 Beati
694 5660 857 5728 oculi,
922 5661 1014 5734 qui
1054 5660 1241 5718 vident
1282 5678 1403 5734 quae
1456 5678 1558 5720 vos
1612 5664 1834 5722 videtis.
1895 5665 2029 5724 Dico

2139 5673 2319 5723 autem
2340 5666 2515 5734 vobis,
2529 5665 2676 5739 quod
2695 5664 2847 5724 multi
2869 5680 3028 5739 reges
3050 5671 3104 5720 et
3124 5661 3407 5736 pr0phetae
3425 5658 3612 5715 videre
3633 5671 3727 5712 vo-
