4042 6080
306 202 443 257 1117

1359 202 1955 261 DEFLOBATIONES
2012 201 2108 259 SS.
2155 201 2462 259 PATRUM.
2505 234 2571 243 —-
2610 204 2737 259 LIB.
2780 203 2849 258 II.

3465 197 3600 255 HIS

302 323 514 380 luerunt
550 342 678 398 quae
697 325 909 396 videtis,
941 336 994 386 et
1024 341 1133 384 non
1165 326 1436 395 viderunt,
1471 335 1525 384 et
1553 328 1748 384 audire
1777 345 1897 398 qua)
1925 328 1979 394 Α
2009 327 2062 382 in
2097 329 2271 384 Deum
2303 335 2385 383 est
2413 327 2573 400 origo
2601 326 2905 385 dilectionis
2937 327 2988 382 in
3019 326 3348 397 proximum,
3389 332 3442 380 et
3471 324 3603 380 dile-

302 414 522 482 auditis,
565 422 619 468 et
657 432 764 470 non
796 418 1083 472 audierunt
1113 418 1270 486 (Luc.
1301 420 1447 486 xm).
1477 441 1499 465 ιι
1557 417 1681 472 Illos
1711 417 1898 472 oculos

301 501 430 558 dicit
496 506 687 558 beatos
725 505 818 576 qui
858 515 1205 562 sacramenta
1271 506 1472 560 Christi
1525 514 1888 576 cognoscunt.

301 601 588 670 Propheta
625 610 678 658 et
711 602 846 672 justi
891 606 1027 660 sicut
1057 604 1224 659 Isaias
1266 614 1317 659 et
1339 604 1614 658 Abraham
1643 604 1899 658 viderunt

300 689 358 743 in
393 689 682 762 aenigmate
722 701 775 746 et
814 707 919 746 non
961 693 1014 746 in
1059 693 1262 763 specie.
1296 692 1590 747 Abraham
1613 693 1896 749 exsultavit

301 787 361 832 ut
399 778 614 834 videret
652 780 797 836 diem
837 781 1077 837 Christi:
1121 791 1174 837 et
1238 782 1370 837 vidit
1421 790 1473 836 et
1502 782 1726 852 gavisus
1791 789 1892 836 est.

301 876 473 931 Isaias
513 885 567 931 et
607 877 701 932 alii
740 879 1017 950 prophetae
1059 881 1309 935 viderunt
1346 880 1578 952 gloriam
1619 880 1837 934 Domini
1879 900 1891 934 :

302 965 446 1020 unde
475 974 530 1020 et
563 967 811 1023 videntes
841 977 969 1022 sunt
997 969 1252 1040 appellati
1278 988 1293 1036 ;
1329 970 1421 1024 sed
1439 969 1728 1040 aenigmate
1753 970 1897 1024 vide-

298 1061 441 1120 runt,
476 1069 580 1109 non
613 1055 663 1109 in
696 1057 1134 1126 praesentiarum,
1168 1066 1223 1112 ut
1253 1057 1507 1128 apostoli,
1550 1059 1641 1129 qui
1682 1074 1896 1128 nequa-

301 1166 465 1221 quam
495 1168 593 1223 per
620 1154 848 1225 angelos
878 1163 936 1209 ut
993 1156 1174 1210 varias
1203 1156 1472 1213 visionum
1505 1157 1717 1226 species
1756 1173 1894 1226 opus

299 1240 574 1296 habebant
603 1242 806 1298 doceri.
844 1241 994 1312 Quos
1025 1245 1195 1299 Lucas
1243 1261 1405 1316 reges
1432 1245 1581 1312 dicit,
1613 1247 1895 1301 Matthmus

297 1328 480 1398 justos
503 1330 726 1400 (Matth.
759 1341 880 1402 xm)
908 1333 1166 1403 appellat,
1201 1334 1326 1405 quia
1359 1334 1548 1404 magni
1579 1350 1738 1404 reges
1769 1342 1893 1388 sunt

301 1426 391 1497 qui
423 1428 778 1483 tentationum
809 1445 1033 1485 suarum
1075 1432 1312 1486 motibus
1351 1433 1593 1503 regendo
1655 1449 1892 1503 praesse

298 1525 586 1584 noverunt,
629 1533 736 1572 non
769 1520 1150 1575 succumbere.
1185 1521 1326 1576 Nota
1370 1521 1497 1591 quia
1528 1521 1701 1576 minor
1721 1521 1892 1592 gratia

299 1605 588 1676 minorque
653 1617 1123 1664 sacramentorum
1200 1609 1400 1664 Christi
1440 1610 1627 1664 notitia
1699 1609 1798 1664 fuit
1836 1610 1890 1664 in

2006 417 2112 472 ctio
2142 418 2193 470 in
2226 417 2534 488 proximum
2566 418 2807 489 cognitio
2839 426 2920 472 est
2967 417 3273 472 dilectionis
3303 416 3356 469 in
3389 415 3590 468 Deum.

2005 508 2066 560 In
2098 507 2274 561 tribus
2312 507 2479 560 rebus
2535 507 2754 562 dilectio
2823 506 2922 561 Dei
2963 506 3301 576 exprimitur,
3370 511 3428 558 ut
3465 503 3600 557 nihil

2005 613 2284 659 remaneat
2312 605 2364 658 in
2392 605 2610 660 homine
2641 605 2781 676 quod
2814 621 2920 659 non
2946 604 3141 658 divinae
3171 601 3446 658 dilectioni
3479 601 3601 654 sub-

2003 692 2184 746 datur.
2222 695 2356 748 Nam
2398 694 2525 748 dum
2565 694 2759 749 dicitur
2821 710 2834 746 :
2886 717 2906 740 ιι
2945 692 3126 762 Dilige
3185 693 3352 746 Deum
3388 707 3453 745 ex
3487 697 3599 744 toto

2001 783 2168 837 corde
2198 790 2308 847 tuo,
2348 805 2370 830 π
2417 799 2610 838 omnes
2661 782 3016 854 cogitationes
3055 781 3110 834 in
3143 783 3310 835 Deum
3347 779 3598 834 referen-

2003 879 2100 933 das
2140 881 2424 950 praecepit.
2469 882 2604 936 Dum
2636 897 2768 936 vero
2798 881 2996 937 dicitur
3034 904 3055 929 α
3085 897 3148 935 ex
3184 888 3294 935 tota
3324 878 3523 943 anima,
3571 900 3592 926 ιι

2002 984 2194 1024 omnes
2252 968 2568 1024 affectiones
2608 971 2805 1026 animae
2843 971 2909 1024 ad
2962 971 3135 1024 Deum
3188 968 3382 1024 referri
3416 966 3597 1036 jussit.

2003 1057 2142 1112 Dum
2182 1074 2314 1114 vero
2344 1059 2540 1127 adjecit
2576 1083 2598 1107 υ
2635 1076 2697 1113 ex
2740 1068 2851 1114 tota
2893 1068 3072 1115 mente
3107 1082 3128 1106 η
3173 1074 3389 1113 omnem
3429 1057 3598 1111 ratio-

2003 1168 2126 1207 nem
2157 1152 2362 1209 indicat
2399 1154 2714 1219 humanam,
2749 1170 2856 1224 qua
2917 1153 3270 1224 intelligimus
3299 1160 3354 1207 et
3387 1152 3600 1207 discer-

2003 1243 2182 1295 nimus
2211 1243 2264 1295 in
2298 1242 2464 1297 rebus
2495 1242 2693 1296 divinis
2716 1259 2838 1297 esse
2860 1241 3264 1313 occupandam.
3297 1241 3399 1298 Ubi
3421 1249 3598 1294 autem

2003 1331 2130 1386 dicit
2168 1355 2189 1380 «
2225 1349 2297 1385 ex
2328 1339 2431 1386 tota
2485 1331 2682 1387 virtute
2735 1355 2756 1378 ι
2795 1331 2990 1386 bonum
3051 1330 3482 1402 perseverantiae
3512 1329 3601 1382 in-

1995 1427 2202 1501 jungit.
2247 1431 2377 1485 Item
2421 1430 2529 1483 duo
2581 1439 2703 1483 sunt
2762 1446 2894 1502 erga
2954 1428 3186 1500 proximi
3253 1426 3600 1483 dilectionem

2001 1519 2291 1585 servanda,
2337 1527 2392 1572 ut
2451 1526 2503 1572 et
2538 1517 2786 1573 beneﬁcii
2835 1519 3176 1589 impensione
3208 1517 3470 1579 foveatur,
3549 1521 3603 1570 et

2000 1607 2145 1662 nulla
2177 1607 2384 1662 malitia
2413 1607 2672 1662 lazdatur.
2712 1609 2824 1662 Hoc
2850 1616 2933 1662 est
2967 1623 2978 1662 :
3020 1630 3040 1654 α
3071 1606 3225 1675 Quod
3257 1605 3354 1658 tibi
3385 1619 3494 1659 non
3520 1601 3601 1658 vis

296 1703 582 1773 prophetis
624 1721 781 1775 quam
813 1705 866 1758 in
899 1707 1184 1776 apostolis,
1219 1707 1308 1776 qui
1338 1707 1638 1777 praesertim
1669 1715 1895 1777 accepto
1923 1687 1975 1747 Β
2004 1702 2143 1770 ﬁeri,
2164 1703 2286 1757 aliis
2317 1720 2386 1759 ne
2418 1703 2614 1758 feceris
2637 1705 2900 1773 (Tob.1v),
2932 1727 2952 1750 ι»
2978 1712 3066 1758 et:
3096 1727 3117 1750 u
3147 1701 3338 1758 Omnia
3359 1715 3604 1772 quaecun-

300 1791 498 1861 Spiritu
537 1800 734 1848 sancto
773 1795 1032 1849 mundum
1076 1796 1249 1850 etiam
1302 1796 1732 1851 illustraverunt.
1781 1797 1892 1852 Ve-

298 1887 608 1935 rumtamen
648 1880 817 1952 aliqui
849 1884 1262 1954 prophetarum,
1295 1891 1351 1939 et
1406 1885 1699 1957 aliquando
1728 1901 1894 1954 supra

295 1977 570 2033 hominem
604 1979 764 2049 rapti,
799 1980 916 2036 sine
946 1981 1237 2053 enigmata
1267 1983 1619 2053 contemplati
1649 1992 1776 2038 sunt
1801 1983 1890 2038 in-

294 2067 590 2122 tellectuali
623 2067 851 2134 visione,
886 2078 940 2124 ut
971 2071 1269 2140 Apostolus
1299 2073 1371 2142 (ll
1406 2074 1531 2129 Cor.
1571 2076 1688 2141 xu).
1739 2073 1893 2128 Unde

296 2156 562 2211 Dominus
592 2156 645 2209 in
668 2156 812 2212 libro
841 2159 1067 2214 Numeri
1103 2179 1114 2214 :
1156 2183 1177 2207 α
1197 2160 1253 2215 Si
1283 2161 1402 2231 quis
1433 2161 1594 2215 fuerit
1624 2145 1764 2216 inter
1795 2177 1891 2216 vos

295 2254 567 2324 propheta
603 2254 843 2321 Domini,
876 2256 931 2310 in
972 2256 1180 2312 visione
1219 2259 1502 2329 apparebo
1541 2259 1612 2324 ei,
1652 2258 1739 2313 vel
1791 2275 1892 2329 per

299 2343 576 2397 somnium
608 2343 802 2414 loquar
829 2346 898 2398 ad
927 2345 1101 2400 illum.
1143 2349 1212 2401 At
1240 2362 1349 2402 non
1381 2347 1500 2401 talis
1527 2364 1717 2402 servus
1739 2363 1892 2402 meus

296 2431 534 2502 Moyses.
576 2431 688 2488 Ore
730 2433 874 2488 enim
929 2434 996 2488 ad
1035 2450 1098 2490 os
1134 2425 1413 2507 loquor’ei
1452 2445 1505 2491 et
1544 2451 1649 2491 non
1688 2437 1888 2507 palam,

297 2544 406 2584 non
436 2546 536 2600 per
563 2530 858 2602 aenigmata
890 2539 940 2586 et
969 2531 1178 2604 ﬁguras
1207 2535 1493 2589 Dominum
1525 2534 1670 2590 videt
1701 2534 1885 2603 (Num.

297 2621 429 2688 xu).
471 2641 494 2668 ι
530 2619 783 2690 Sequitur
811 2635 823 2674 :
861 2643 883 2667 ιι
915 2621 978 2674 Et
1007 2635 1136 2678 ecce
1167 2623 1384 2693 quidam
1408 2623 1756 2694 legisperitus
1779 2640 1892 2677 sur-

297 2707 434 2762 rexit
463 2715 687 2763 tentans
715 2708 890 2775 illum,
921 2709 1112 2765 dicens
1146 2729 1157 2765 :
1194 2711 1469 2784 Magister,
1494 2712 1619 2782 quid
1640 2711 1891 2766 faciendo

294 2796 461 2852 vitam
489 2804 751 2852 aeternam
781 2799 1082 2868 possidebo
1110 2799 1137 2852 ?
1170 2800 1428 2855 Pharisaei
1461 2800 1714 2855 videntes
1768 2800 1892 2871 quia

295 2893 564 2948 silentium
620 2893 974 2963 imposuisset
1015 2896 1352 2967 Sadducaeis,
1393 2906 1766 2952 convenerunt
1838 2898 1891 2950 in

294 2998 492 3038 unum.
521 2983 586 3038 Et
612 2983 844 3040 accessit
866 3001 1005 3040 unus
1025 2985 1094 3040 de
1124 2986 1350 3053 Scribis,
1374 2986 1517 3058 legis
1538 2987 1744 3055 doctor,
1781 2994 1891 3040 ten-

295 3084 416 3135 tans
445 3096 590 3149 eum,
627 3088 681 3136 et
709 3082 902 3138 dicens
936 3100 948 3136 :
982 3084 1258 3155 Magister,
1293 3085 1436 3156 quod
1470 3093 1550 3140 est
1578 3085 1887 3138 mandatum

293 3185 558 3242 magnum
588 3169 645 3224 in
678 3170 803 3242 lege
831 3171 858 3225 ‘l
895 3196 917 3218 ι»
953 3172 1217 3229 Videlicet
1245 3173 1505 3228 Pharisaei
1527 3182 1580 3229 et
1601 3173 1889 3229 Sadducaei

293 3258 440 3314 inter
465 3274 529 3314 se
556 3259 820 3314 contrarii
852 3269 1054 3330 essent,
1090 3269 1272 3316 tamen
1304 3263 1422 3332 pari
1455 3272 1633 3318 mente
1665 3278 1890 3317 consen-

293 3363 484 3410 serunt
511 3355 581 3410 ad
609 3355 902 3411 Dominum
933 3359 1276 3413 tentandum.
1327 3358 1483 3428 Quod
1539 3358 1774 3432 legimus
1805 3358 1888 3413 fe-

293 3443 436 3501 cisse
467 3444 754 3500 Hzerodem
794 3452 848 3499 et
887 3445 1115 3501 Pilatum
1155 3448 1206 3500 in
1249 3464 1385 3504 nece
1424 3448 1666 3503 Domini.
1705 3449 1892 3502 Phari-

294 3532 425 3588 saeis
453 3549 600 3604 saepe
640 3534 949 3602 confutatis,
1013 3535 1214 3591 malitia
1246 3545 1297 3592 et
1350 3537 1486 3592 livor
1515 3536 1674 3590 nutrit
1705 3536 1887 3608 impu-

294 3630 558 3687 dentiam.
593 3631 786 3703 Itaque
817 3633 946 3686 nudi
975 3649 1005 3686 a
1027 3633 1252 3689 veritate
1275 3633 1622 3690 multitudine
1645 3650 1704 3688 se
1721 3649 1890 3688 arma-

293 3727 491 3775 verunt
547 3720 793 3775 dicentes
858 3721 1004 3792 apud
1041 3738 1150 3778 se:
1215 3723 1419 3778 Omnes
1471 3723 1757 3795 loquamur
1793 3739 1891 3794 per

294 3825 482 3876 unum,
524 3816 581 3864 ut
619 3809 663 3863 si
699 3809 862 3864 fuerit
889 3810 1082 3878 victus,
1126 3811 1375 3867 videatur
1400 3811 1678 3868 confusus.
1714 3813 1886 3884 Magi-

293 3913 464 3960 strum
510 3915 682 3974 vocat,
725 3908 879 3976 cujus
919 3924 1024 3964 non
1057 3907 1169 3965 vult
1216 3925 1341 3965 esse
1369 3909 1692 3980 discipulus.
1741 3909 1886 3963 Sini-

293 3993 622 4064 plicissimus
651 3995 1014 4068 interrogator
1043 4005 1093 4052 et
1140 3998 1565 4069 malignissimus
1594 3998 1888 4053 insidiator

293 4083 362 4138 de
394 4098 595 4156 magno
625 4086 884 4140 mandato
909 4086 1207 4157 interrogat
1237 4094 1326 4159 qui
1358 4104 1458 4143 nec
1486 4088 1766 4142 minimum
1790 4088 1887 4142 ob-

296 4188 499 4235 servat.
538 4180 631 4235 llle
661 4182 803 4236 enim
836 4183 1350 4255 debetinterrogare
1371 4185 1439 4240 de
1470 4185 1890 4256 majorijustitia

296 4269 385 4340 qui
417 4269 674 4324 minorem
697 4270 1017 4341 complevit.

373 4417 394 4439 υ
433 4393 522 4447 Ait
552 4393 629 4448 illi
652 4395 815 4450 Jesus
842 4413 854 4449 :
885 4396 1122 4450 Primum
1153 4397 1390 4452 omnium
1423 4398 1734 4452 mandatum
1764 4407 1842 4452 est
1870 4415 1882 4452 :
1913 4399 1966 4459 D

293 4483 456 4548 Audi,
491 4483 682 4545 Israel,
715 4485 976 4539 Dominus
1007 4487 1155 4540 Deus
1185 4493 1309 4540 tuus
1340 4487 1486 4541 Deus
1519 4503 1657 4541 unus
1684 4495 1788 4542 est.
1826 4488 1890 4541 Et

292 4571 492 4644 diliges
533 4573 827 4627 Dominum
860 4574 1036 4628 Deum
1080 4582 1227 4629 tuum
1259 4591 1323 4630 ex
1355 4583 1466 4631 toto
1495 4576 1661 4631 corde
1691 4585 1799 4641 tuo,
1837 4588 1891 4635 et

291 4677 359 4718 ex
386 4669 499 4716 tota
537 4661 723 4717 anima
753 4669 858 4728 tua,
903 4671 956 4718 et
985 4679 1048 4719 ex
1081 4672 1190 4718 tota
1222 4673 1407 4720 mente
1447 4673 1554 4732 tua,
1587 4674 1639 4720 et
1677 4682 1740 4720 ex
1781 4674 1888 4720 tota

291 4751 491 4806 virtute
524 4757 638 4806 tua.
677 4752 795 4808 Hoc
824 4761 906 4807 est
960 4751 1190 4823 primum
1240 4761 1293 4808 et
1321 4754 1618 4808 maximum
1657 4755 1888 4810 manda-

289 4855 424 4902 tum.
459 4848 768 4904 Secundum
798 4858 977 4906 autem
1007 4850 1183 4906 simile
1213 4858 1298 4906 est
1324 4851 1452 4906 huic
1478 4869 1490 4905 :
1513 4851 1724 4922 Diliges
1761 4868 1887 4923 pro-

292 4936 498 4992 ximum
527 4944 676 4994 tuum
714 4938 855 4994 sicut
887 4939 1140 5011 teipsum.
1185 4943 1246 4994 In
1296 4940 1380 4994 bis
1409 4941 1624 4996 duobus
1651 4941 1885 4996 manda—

291 5025 365 5080 tis
404 5026 660 5082 universa
695 5027 787 5083 lex
815 5028 1020 5098 pendet
1049 5037 1101 5084 et
1153 5029 1458 5100 prophetae.
1503 5052 1524 5076 η
1559 5028 1795 5084 Primum
1829 5038 1882 5085 et

288 5123 582 5179 maximum
614 5131 697 5180 est
727 5125 1045 5181 mandatum
1100 5143 1265 5181 unum
1304 5128 1477 5182 Deum
1508 5143 1674 5197 super
1701 5128 1890 5184 omnia

290 5211 542 5284 diligere,
575 5222 628 5268 et
661 5216 764 5270 hoc
789 5222 914 5270 ante
953 5215 1133 5270 omnia
1163 5216 1427 5270 debemus
1479 5216 1633 5287 quasi
1663 5216 1883 5273 unicum

287 5300 506 5372 pietatis
539 5301 946 5358 fundamentum
980 5303 1185 5360 locare.
1218 5305 1346 5360 Ideo
1377 5320 1484 5361 non
1512 5305 1646 5360 dixit
1677 5321 1884 5379 cogno-

289 5413 433 5465 sces,
477 5399 574 5454 sed
647 5399 866 5471 diliges,
943 5401 1070 5472 quia
1107 5418 1446 5475 cognoscere
1484 5420 1650 5459 unum
1709 5406 1882 5461 Deum

289 5503 432 5558 pene
461 5487 743 5558 pr0prium
763 5496 848 5544 est
877 5490 1130 5546 humana:
1148 5500 1383 5558 natum;
1416 5492 1647 5564 diligere
1676 5501 1878 5561 autem,

288 5576 530 5649 religiosi
587 5577 770 5632 corJis
810 5585 863 5632 et
901 5578 1062 5634 recti.
1109 5580 1246 5636 Huic
1284 5581 1465 5637 simile
1503 5591 1583 5636 est
1638 5583 1706 5638 de
1737 5583 1877 5639 dile-

289 5674 468 5736 ctione
496 5674 750 5748 proximi,
781 5674 906 5749 quia
937 5675 1120 5750 imago
1149 5677 1247 5736 Dei
1271 5687 1352 5736 est
1404 5677 1591 5737 homo.
1649 5680 1877 5738 Dilectio

1921 3044 1971 3108 Ο

2001 1808 2108 1862 que
2140 1792 2461 1862 approbatis
2489 1800 2546 1846 ut
2581 1792 2777 1847 faciant
2805 1792 2961 1847 vobis
2979 1791 3247 1857 homines,
3280 1791 3395 1844 ha-c
3423 1796 3474 1843 et
3500 1803 3599 1843 vos

2002 1879 2166 1936 facite
2207 1881 2314 1935 illis
2355 1883 2584 1952 (Matth.
2631 1885 2748 1940 vn).
2788 1908 2809 1929 ιι
2853 1881 3000 1936 Licet
3039 1880 3204 1952 igitur
3234 1878 3460 1934 diversa
3488 1876 3600 1931 sint

2000 1983 2297 2048 praecepta,
2338 1979 2534 2050 quibus
2575 1986 2669 2033 aut
2724 1977 2930 2032 utiliter
2958 1995 3080 2048 quae
3128 1985 3250 2031 sunt
3288 1975 3598 2046 appetenda.

1999 2068 2274 2136 cupimus,
2316 2077 2405 2122 aut
2444 2084 2563 2137 qum
2601 2067 2825 2122 vitanda
2861 2075 2986 2121 sunt
3022 2065 3225 2120 utiliter
3289 2079 3597 2135 praecavea-

1999 2171 2140 2221 mus,
2184 2173 2349 2210 unum
2396 2164 2578 2210 tamen
2619 2164 2745 2210 sunt
2804 2156 2856 2208 in
2897 2155 3084 2210 radice
3127 2152 3422 2215 charitatis,
3469 2153 3598 2222 quia

1998 2253 2052 2308 in
2083 2255 2374 2310 dilectione
2405 2255 2501 2309 Dei
2529 2264 2579 2310 et
2609 2255 2843 2326 proximi
2873 2255 3054 2310 facere
3093 2253 3380 2308 debemus.
3428 2252 3596 2307 Recte

1999 2344 2176 2415 itaque
2208 2344 2335 2397 dicit
2365 2343 2544 2414 legem
2577 2351 2629 2398 et
2660 2344 2957 2414 prophetas
2987 2342 3174 2397 referri
3205 2342 3272 2396 ad
3302 2341 3410 2396 duo
3442 2354 3594 2393 man-

1999 2432 2127 2487 data
2176 2432 2475 2496 charitatis,
2518 2432 2640 2503 quia
2681 2440 2820 2486 totus
2878 2429 3190 2502 Decalogus
3277 2437 3330 2484 et
3382 2425 3595 2484 monita

1998 2530 2388 2600 prophetarum
2420 2528 2494 2582 ibi
2525 2528 2725 2584 habent
2754 2527 2942 2582 ﬁnem.

2075 2659 2095 2683 u
2132 2636 2200 2689 Et
2229 2635 2302 2689 ait
2331 2635 2408 2688 illi
2440 2635 2630 2690 Scriba
2665 2651 2676 2690 :
2719 2635 2884 2701 Bene,
2945 2633 3223 2706 magister,
3275 2633 3328 2686 in
3365 2631 3595 2687 veritate

1999 2724 2204 2792 dixisti,
2285 2723 2411 2794 quia
2449 2739 2590 2777 unus
2629 2731 2711 2777 est
2753 2725 2922 2788 Deus,
2965 2728 3021 2776 et
3069 2737 3177 2778 non
3220 2720 3364 2776 alius
3396 2727 3595 2790 preter

1999 2837 2143 2886 eum,
2178 2827 2233 2875 et
2261 2829 2318 2874 ut
2365 2820 2623 2892 diligatur
2651 2837 2715 2874 ex
2748 2828 2859 2875 toto
2889 2819 3074 2885 corde,
3106 2827 3158 2873 et
3189 2834 3258 2872 ex
3292 2825 3401 2872 toto
3428 2815 3593 2870 intel-

1996 2909 2158 2973 lectu,
2215 2917 2268 2963 et
2321 2925 2385 2964 ex
2429 2917 2536 2964 tota
2575 2908 2778 2976 anima,
2812 2916 2864 2962 et
2895 2924 2967 2962 ex
3002 2915 3112 2962 tota
3142 2905 3458 2962 fortitudine
3492 2923 3504 2957 :
3538 2911 3599 2958 et

1998 2999 2230 3069 diligere
2277 2997 2578 3069 proximum
2636 3007 2888 3070 tanquam
2957 2996 3219 3067 seipsum,
3260 2995 3436 3062 majus
3508 3001 3596 3048 est

1998 3095 2253 3152 omnibus
2285 3095 2812 3151 holocautomatibus
2840 3102 2894 3150 et
2922 3093 3226 3150 sacriﬁciis.
3278 3116 3300 3142 ιι
3345 3090 3596 3147 Ostendit

1998 3200 2063 3238 ex
2093 3185 2194 3240 hac
2223 3184 2576 3254 responsione
2608 3184 2806 3239 Scriba
2831 3199 3053 3252 gravem
3101 3198 3248 3252 saepe
3277 3181 3420 3234 inter
3445 3179 3594 3234 Scri-

1997 3271 2096 3326 has
2132 3281 2183 3326 et
2215 3272 2519 3326 Pharisaeos
2556 3272 2726 3328 fuisse
2802 3272 3168 3344 quaestionem
3234 3269 3378 3342 quod
3441 3274 3593 3324 esset

1997 3370 2314 3425 mandatum
2365 3370 2684 3436 maximum,
2746 3370 3072 3440 quibusdam
3103 3369 3309 3424 hostias
3339 3375 3393 3422 et
3421 3365 3595 3422 sacri-

1997 3457 2118 3514 ﬁcia
2149 3458 2517 3525 laudantibus,
2551 3459 2672 3513 aliis
2704 3459 2832 3514 ﬁdei
2850 3468 2903 3514 et
2923 3457 3238 3514 dilectionis
3255 3471 3421 3526 opera
3449 3471 3594 3526 prae-

1997 3547 2316 3612 ferentibus,
2350 3564 2418 3604 eo
2450 3549 2592 3618 quod
2623 3548 2810 3618 plures
2833 3550 3020 3604 Patres
3041 3556 3166 3602 ante
3186 3546 3366 3618 legem
3383 3545 3595 3617 absque

1995 3647 2143 3701 omni
2173 3646 2519 3701 victimarum
2569 3653 2622 3700 et
2653 3645 3045 3702 sacriﬁciorum
3095 3643 3488 3700 consuetudine
3527 3658 3594 3697 ex

1997 3733 2103 3790 fide
2134 3741 2360 3801 tantum,
2395 3750 2514 3806 quae
2541 3751 2641 3806 per
2670 3735 3014 3791 dilectionem
3045 3742 3306 3804 operatur
3335 3732 3495 3800 (Gal.
3537 3737 3595 3802 v)

1995 3824 2352 3894 placuissent,
2413 3840 2574 3879 nemo
2603 3833 2784 3879 autem
2843 3824 3051 3895 absque
3084 3823 3192 3878 fide
3225 3831 3277 3877 et
3299 3821 3592 3877 dilectione

1993 3937 2090 3991 per
2119 3921 2414 3976 sacriﬁcia.
2456 3920 2575 3975 Nos
2605 3929 2781 3975 autem
2815 3937 3071 3991 magnum
3096 3928 3144 3974 et
3177 3918 3408 3989 primum
3441 3932 3596 3971 man-

1993 4010 2178 4064 datum
2234 4011 2464 4065 dicimus
2503 4019 2758 4079 quantum
2811 4009 2880 4062 ad
2935 4007 3277 4080 dignitatem.
3328 4005 3589 4075 Alioquin

1994 4099 2197 4153 utilitas
2253 4099 2635 4152 mandatorum
2690 4096 2787 4151 Dei
2845 4113 2948 4150 una
3005 4104 3107 4164 est,
3151 4104 3203 4151 et
3255 4094 3335 4149 sic
3407 4093 3592 4148 omnia

1995 4195 2100 4250 sibi
2139 4195 2439 4258 cohaerent,
2492 4201 2548 4246 ut
2571 4193 2806 4247 alterum
2862 4209 2984 4248 esse
3015 4208 3122 4246 non
3160 4192 3332 4263 possit
3360 4191 3477 4245 sine
3502 4189 3588 4244 al-

1995 4291 2129 4347 tero,
2164 4288 2220 4336 ut
2253 4282 2663 4337 fundamentum
2695 4281 2927 4336 dicimus
2956 4280 3153 4336 melius
3183 4296 3331 4349 esse,
3356 4295 3475 4335 cum
3503 4286 3588 4333 ta-

1997 4389 2123 4427 men
2161 4387 2264 4428 nec
2320 4372 2726 4426 fundamentum
2761 4371 2877 4425 sine
2925 4369 3303 4436 aediﬁcatione,
3362 4384 3460 4422 nec
3493 4368 3592 4422 ista

1998 4470 2115 4524 sine
2147 4469 2241 4525 illo
2290 4485 2417 4524 esse
2447 4469 2642 4539 possit.
2690 4471 2811 4524 Non
2852 4469 3019 4542 igitur
3059 4468 3468 4523 fundamentum
3509 4475 3594 4522 est

1998 4559 2183 4614 utilius
2203 4557 2581 4624 aediﬁcatione,
2616 4558 2713 4618 sed
2745 4559 2986 4631 dignius,
3017 4557 3156 4614 sicut
3184 4566 3348 4629 caput
3375 4557 3592 4630 dignius

1997 4656 2080 4704 est
2111 4649 2372 4704 membris
2405 4667 2418 4702 :

2074 4786 2094 4809 «
2128 4764 2288 4816 Jesus
2312 4768 2490 4816 autem
2522 4759 2713 4815 videns
2743 4760 2865 4833 quia
2898 4762 3174 4831 sapienter
3193 4758 3589 4830 respondisset,

1995 4850 2128 4906 dixit
2159 4850 2234 4904 illi
2270 4865 2282 4903 :
2322 4851 2441 4904 Non
2474 4865 2532 4904 es
2562 4849 2725 4922 longe
2757 4865 2788 4904 a
2819 4864 2989 4922 regno
3021 4849 3140 4905 Dei.
3174 4851 3339 4905 Recte
3363 4862 3592 4918 respon-

1995 4938 2120 4993 disti
2153 4955 2164 4994 :
2200 4939 2303 4993 hoc
2331 4938 2415 4993 fac
2444 4947 2496 4992 et
2527 4938 2698 4993 vives.
2723 4960 2744 4985 ι»
2775 4936 2916 5007 Quia
2947 4939 3097 4992 salus
3127 4947 3312 4992 nostra
3343 4936 3590 4993 consistit

1992 5035 2046 5090 in
2080 5035 2389 5107 cognitione
2421 5035 2662 5091 veritatis
2719 5044 2770 5091 et
2801 5051 2988 5090 amore
3021 5035 3258 5100 virtutis,
3302 5033 3590 5090 Sadducaei

1995 5125 2158 5196 longe
2180 5132 2304 5178 sunt
2335 5139 2367 5179 a
2399 5140 2569 5198 regno
2602 5124 2724 5191 Dei,
2776 5140 2899 5180 cum
2941 5141 3043 5180 nec
3072 5123 3459 5198 cognoscenda
3488 5139 3588 5180 co-

1993 5221 2280 5286 gnoscant,
2305 5229 2406 5268 nec
2433 5213 2710 5285 diligenda
2732 5213 2978 5285 diligant.
3003 5214 3104 5270 Hic
3124 5221 3304 5268 autem
3323 5212 3590 5285 superbus

1993 5322 2227 5370 tentator
2256 5313 2435 5367 mirus
2467 5313 2633 5384 longe
2687 5317 2802 5367 erat
2835 5319 2989 5367 extra
3044 5328 3294 5385 regnum,
3325 5313 3452 5385 quia
3477 5313 3588 5382 jam

1993 5419 2090 5474 per
2162 5400 2452 5457 scientiam
2511 5401 2846 5472 evangelicae
2918 5400 3239 5472 perfectioni
3275 5403 3578 5458 consensit.

1989 5493 2152 5547 Esset
2181 5500 2360 5547 autem
2418 5490 2469 5544 in
2504 5506 2676 5562 regno
2706 5489 2805 5545 Dei
2837 5489 2881 5544 si
2912 5498 3205 5562 augeretur
3235 5491 3284 5547 ei
3342 5491 3586 5562 cognitio

1988 5592 2100 5648 veri
2131 5600 2181 5647 et
2212 5591 2431 5648 dilectio
2454 5590 2599 5655 boni,
2624 5597 2683 5645 ut
2703 5589 2972 5646 Christum
3009 5600 3115 5647 tam
3143 5591 3195 5646 in
3227 5593 3401 5648 Deum
3424 5606 3585 5664 quam

1986 5682 2040 5737 in
2072 5681 2374 5754 proximum
2405 5680 2732 5754 susciperet.
