3986 6070
471 195 609 253 1119

1619 190 1954 246 WERNERI
1994 189 2286 248 ABBATIS
2326 190 2382 248 S.
2423 190 2640 247 BLASII

3625 195 3756 248 mo

529 342 553 369 ι
587 318 684 375 Ille
711 325 916 388 autem,
947 319 1141 378 volens
1167 317 1466 388 justiticare
1496 317 1760 387 seipsum.
1819 316 1953 373 dixit
1983 316 2052 371 ad
2081 315 2140 378 A
2241 339 2264 365 α
2300 317 2366 372 Εῑ
2390 316 2749 389 approprians
2768 316 3010 392 alligavit
3035 316 3259 373 vulnera
3289 316 3430 386 ejus,
3463 317 3756 376 infundens

456 409 641 464 Jesum
677 425 689 464 :
723 410 789 463 Et
819 410 943 480 quis
983 417 1064 463 est
1115 407 1400 479 proximus
1426 409 1455 462 εἰ
1489 428 1510 455 ι
1545 408 1728 462 Nemo
1757 407 2058 478 proximior

461 496 663 552 homini
695 513 856 568 quam
903 499 1072 564 Deus,
1105 497 1196 569 qui
1251 496 1584 552 intrinsecus
1615 504 1667 552 et
1706 496 2057 551 extrinsecus

454 586 623 652 novit,
659 593 709 639 et
740 585 929 641 omnia
959 601 1152 642 curare
1183 590 1388 657 potest.
1437 586 1543 640 Sed
1590 585 1770 640 omnis
1799 585 2056 641 incredu-

456 682 539 738 lus
570 682 652 738 vel
685 691 923 738 tentatm-
954 699 1058 738 nec
1111 685 1284 739 Deum
1317 698 1418 738 nec
1448 683 1720 737 hominem
1753 683 2055 753 proximum

457 768 640 822 habet.
686 768 1066 839 Legisperitus
1104 769 1175 822 ob
1215 768 1362 838 vulgi
1403 767 1647 822 favorem
1703 768 2054 835 captandam,

463 856 610 928 quod
671 857 949 927 sapienter
1004 856 1352 927 respondisse
1402 857 1725 926 jactaretur,
1769 859 2057 928 interrogat

458 955 749 1010 Dominum
783 955 908 1026 quid
943 955 1168 1010 faceret.
1202 955 1309 1009 Sed
1342 955 1468 1026 quia
1496 954 1732 1025 seipsum
1758 953 2058 1023 justificare

457 1051 750 1118 desiderat,
829 1052 1094 1107 Dominus
1153 1053 1480 1120 temperavit
1536 1067 1856 1122 responsum
1901 1067 2058 1106 suum

455 1140 772 1210 parabolice
797 1140 1026 1212 loquens
1057 1141 1126 1205 ei,
1149 1141 1221 1194 ita
1252 1149 1308 1193 ut
1338 1149 1392 1194 et
1420 1141 1600 1194 omnis
1629 1139 1717 1211 qui
1749 1140 2058 1195 misericor-

454 1228 607 1283 diam
642 1229 769 1286 facit
799 1230 1087 1300 proximus
1119 1229 1476 1301 intelligatur,
1521 1237 1574 1284 et
1603 1229 1918 1300 specialiter
1956 1229 2058 1286 Dei

452 1328 642 1394 Filius,
683 1330 776 1401 qui
821 1329 980 1385 nobis
1019 1345 1121 1400 per
1185 1329 1577 1384 humanitatem
1619 1329 1895 1400 proximus
1972 1330 2057 1385 fa-

457 1425 577 1473 ctus
608 1426 710 1484 est,
743 1419 1084 1490 designetur.

535 1528 556 1554 α
594 1507 911 1577 Suscipiens
934 1516 1113 1562 autem
1144 1509 1300 1562 .lesus
1330 1506 1462 1562 dixit
1487 1525 1499 1562 :
1525 1509 1698 1564 Homo
1727 1508 1942 1580 quidam
1966 1508 2060 1564 de-

459 1604 754 1660 scendebat
783 1604 853 1658 ab
885 1605 1228 1660 Hierusalem
1261 1605 1312 1659 in
1337 1605 1580 1672 Jericho,
1604 1613 1655 1660 et
1683 1605 1869 1661 incidit
1898 1606 1950 1660 in
1975 1607 2057 1660 la-

2156 405 2338 461 oleum
2369 414 2418 460 et
2449 405 2651 460 vinum.
2690 428 2712 454 η
2752 407 2981 462 Peccata
3027 406 3172 461 enim
3203 422 3325 477 quae
3353 405 3410 460 in
3444 406 3758 463 hominibus

2156 494 2360 549 invenit
2416 494 2795 564 redarguendo
2854 495 3111 561 cohibuit,
3154 510 3310 565 spem
3351 495 3528 550 veniae
3572 497 3757 566 ρωπί-

2157 593 2398 649 tentibus
2447 593 2793 662 prdmittens,
2836 601 3103 648 terrorem
3141 609 3318 663 pmnzr
3370 594 3626 664 peccanti
3666 595 3756 648 in—

2156 683 2382 738 cutiens.
2416 681 2614 752 Alligat
2645 697 2783 752 ergo
2813 681 3056 746 vulnera,
3086 681 3213 735 dum
3243 682 3528 752 praecipit:
3573 705 3596 731 α
3625 683 3758 738 Ρω-

2157 771 2436 826 nitentiam
2465 771 2609 842 agite
2641 770 2868 840 (Matth.
2907 772 3010 840 ιιι).
3061 794 3083 818 ι»
3118 770 3356 825 Infundit
3383 773 3588 838 oleum,
3629 771 3757 826 dum

2155 869 2304 923 addit
2337 887 2349 922 :
2388 892 2410 916 «ι
2445 868 2918 940 Appropinquabit
2951 885 3175 940 regnum
3205 869 3470 923 caelorum
3500 870 3700 939 (ἱὺὶά.)
3724 889 3749 918 ο

2157 953 2394 1008 Infundit
2424 962 2478 1008 et
2507 953 2710 1019 vinum,
2769 954 2894 1008 dum
2954 953 3085 1008 dicit
3117 972 3128 1008 :
3166 975 3188 1001 ι
3223 952 3418 1009 Omnis
3443 953 3610 1008 arbor
3637 969 3756 1025 quas

2157 1058 2266 1098 non
2299 1043 2424 1098 facit
2479 1043 2710 1098 fructum
2760 1043 2958 1096 bonum
3017 1041 3316 1109 exeidetur,
3377 1042 3512 1097 etin
3573 1043 3754 1114 ignem

2158 1142 2396 1197 mittetur
2449 1143 2586 1210 (ibid
2598 1144 2664 1210 .).
2702 1163 2723 1189 »
2759 1141 2856 1195 Vel
2884 1140 3075 1212 alligat
3103 1141 3328 1196 vulnera
3347 1140 3405 1196 in
3461 1141 3751 1210 baptismo,

2159 1232 2392 1287 infundit
2418 1232 2599 1286 oleum
2629 1238 2684 1285 et
2709 1230 2912 1297 vinum,
2955 1229 3010 1284 id
3048 1238 3130 1284 est
3159 1230 3398 1287 chrisma
3428 1231 3608 1287 sancti
3639 1231 3756 1303 Spi-

2159 1321 2296 1376 ritus
2327 1329 2381 1375 et
2409 1320 2633 1375 calicem
2665 1318 2935 1388 passionis
2956 1334 3088 1375 suae.

2233 1443 2256 1468 α
2290 1421 2350 1474 Et
2381 1434 2592 1490 ponens
2619 1417 2771 1472 illum
2827 1417 2880 1471 in
2933 1421 3240 1484 jumentum
3268 1433 3449 1484 suum,
3503 1417 3657 1473 duxit
3700 1417 3756 1472 in

2159 1509 2459 1575 stabulum,
2493 1515 2546 1562 et
2574 1523 2763 1563 curam
2789 1506 2914 1576 ejus
2944 1506 3080 1578 egit'.
3100 1530 3121 1555 ιι
3147 1508 3462 1562 Jumentum
3486 1521 3623 1563 caro
3641 1508 3757 1576 ejus

2157 1606 2240 1652 est
2269 1598 2322 1652 iu
2353 1613 2460 1669 qua
2489 1604 2707 1667 peccata
2737 1603 2922 1650 nostra
2952 1596 3185 1666 portavit
3213 1613 3382 1667 super
3408 1596 3642 1670 lignum,
3697 1603 3754 1652 et

457 1701 706 1748 trones.»
735 1693 908 1748 Homo
930 1694 1030 1748 iste
1052 1695 1220 1749 Adam
1243 1693 1589 1767 intelligitur;
1612 1693 1953 1750 Hierusalem
1973 1694 2047 1750 ci-
2076 1675 2130 1738 Β
2156 1698 2305 1766 juxta
2335 1696 2494 1750 aliam
2525 1695 2864 1767 parabolam,
2898 1710 3059 1750 ovem
3116 1711 3404 1751 erroneam
3457 1694 3756 1767 reportavit

457 1781 599 1837 vitas
632 1782 888 1850 caelestis,
919 1799 948 1838 a
979 1783 1130 1852 cujus
1160 1783 1688 1855 beatitudinelapsus
1710 1791 1791 1838 est
1824 1784 1878 1838 in
1907 1785 2052 1841 hanc

459 1878 625 1934 vitam
656 1879 1145 1950 mortalem.Quod
1163 1881 1300 1936 bene
1328 1881 1569 1947 Iericho,
1600 1897 1722 1952 quae
1742 1879 2051 1936 lunainter-

456 1975 720 2039 pretatur,
765 1968 1034 2040 significat
1064 1968 1231 2024 variis
1262 1967 1548 2025 effectibus
1585 1969 1821 2023 incerta.
1857 1971 2052 2024 Latro-

453 2072 552 2112 nes
583 2057 824 2129 intellige
863 2057 1137 2113 diabolum
1171 2066 1224 2113 et
1252 2058 1481 2130 angelos
1513 2058 1648 2127 ejus,
1692 2057 1744 2112 in
1777 2073 1917 2128 quos
1941 2074 2051 2113 non

452 2153 713 2211 incideret
745 2155 848 2209 nisi
883 2156 1033 2226 prius
1062 2155 1205 2210 vitiis
1235 2155 1538 2210 tumuisset.
1593 2155 1734 2210 Vera
1764 2163 1847 2210 est
1904 2156 2047 2211 enim

456 2245 723 2298 sententia
783 2244 1022 2299 dicens:
1070 2268 1090 2290 υ
1138 2246 1284 2298 Ante
1318 2243 1526 2298 ruinam
1569 2244 1892 2300 exaltabitur
1949 2261 2052 2301 cor

453 2333 639 2402 (Prov.
672 2333 811 2401 xu).
857 2354 878 2380 ι»

530 2451 551 2476 ι
589 2427 692 2498 Qui
723 2429 886 2484 etiam
917 2429 1358 2499 despoliaverunt
1385 2438 1600 2496 eum,et
1628 2430 1806 2504 plagis
1827 2429 2052 2502 imposi-

457 2517 547 2582 tis,
582 2516 857 2582 abieruut,
883 2519 1144 2573 semivivo
1175 2518 1426 2575 relicto.»
1455 2521 1902 2590 Despoliaverunt
1923 2537 2049 2576 eum

454 2603 630 2678 gloria
686 2605 1109 2662 immortalitatis
1163 2615 1216 2662 ct
1271 2617 1422 2663 veste
1463 2607 1808 2665 innocentiae.
1869 2610 2048 2681 Plagae

454 2710 678 2773 peccata
708 2711 834 2758 sunt
864 2703 1061 2775 quibus
1099 2713 1303 2760 natura;
1330 2705 1583 2761 humanae
1611 2705 1896 2778 integritas
1925 2708 2046 2763 vio-

453 2790 565 2845 lata
594 2791 719 2845 fuit.
771 2792 1038 2846 Abierant
1095 2801 1279 2848 autem
1310 2809 1417 2848 non
1449 2794 1520 2849 ab
1549 2795 1760 2850 insidiis
1780 2795 2047 2867 aliquate-

450 2895 553 2934 nus
592 2882 881 2944 cessando,
941 2880 1038 2936 sed
1086 2883 1402 2939 earumdem
1449 2884 1772 2939 insidiarum
1831 2884 2047 2940 fraudes

452 2977 799 3034 occultando.
847 2978 1177 3034 Semivivum
1210 2981 1568 3052 reliquerunt,
1601 2983 1724 3052 quia
1781 2983 2043 3038 rationem

451 3063 574 3133 ejus
601 3065 827 3120 abolere
857 3082 965 3121 non
995 3067 1292 3123 valuerunt.
1327 3069 1404 3123 Ex
1435 3085 1542 3141 qua
1572 3070 1714 3125 enim
1745 3080 1898 3140 parte
1947 3088 2041 3126 sa-

451 3161 654 3223 pereet
681 3170 1020 3226 cognoscere
1033 3156 1205 3211 Deum
1227 3166 1423 3228 potest,
1451 3158 1587 3214 vivit
1616 3160 1777 3214 homo
1803 3177 1816 3223 ;
1850 3177 1915 3215 ex
1937 3176 2044 3231 qua

448 3264 580 3306 vero
599 3252 846 3321 peccatis
866 3253 1111 3321 tabescit,
1132 3253 1386 3311 lethifero
1410 3255 1635 3312 vulnere
1653 3257 1884 3313 fmdatus
1898 3259 2043 3328 jacet

451 3338 605 3408 quasi
636 3348 903 3396 mortuus.

528 3468 550 3494 ι
586 3447 792 3501 Accidit
832 3457 1011 3504 autem
1042 3456 1100 3504 ut
1147 3449 1409 3506 sacerdos
1437 3451 1653 3522 quidam
1686 3453 2046 3510 descenderet

453 3541 647 3597 eadem
677 3544 787 3612 via,
818 3552 870 3599 et
902 3545 1020 3600 viso
1048 3545 1143 3601 illo
1177 3549 1492 3616 praeterivit.
1526 3549 1786 3606 Similiter
1806 3560 1858 3607 et
1886 3551 2044 3607 levita

451 3645 582 3686 cum
615 3640 758 3685 esset
790 3648 952 3686 secus
981 3633 1158 3688 locum
1177 3643 1228 3688 et
1258 3635 1469 3691 videret
1499 3653 1622 3691 eum
1645 3640 2040 3708 pertransivit..

456 3718 730 3774 Sacerdos
761 3729 809 3774 et
841 3719 1003 3775 levita
1033 3721 1124 3792 qui
1153 3723 1453 3778 sauciatum
1482 3727 1828 3794 transierunt,
1861 3744 2046 3786 sacer-

455 3815 662 3871 dotium
685 3824 737 3872 et
771 3816 1134 3874 ministerium
1191 3819 1404 3876 Veteris
1455 3823 1784 3879 Testamenti
1829 3825 2044 3897 signiﬁ-

458 3914 583 3960 cant
616 3906 705 3960 ubi
737 3907 925 3961 mundi
956 3907 1265 3980 languentis
1295 3908 1514 3965 vulnera
1575 3914 1863 3968 monstrari
1893 3922 2047 3986 pote-

458 4001 598 4059 rant,
636 4009 743 4050 non
775 4005 952 4051 autem
981 3997 1182 4052 curari.
1235 3997 1334 4052 Ait
1362 3999 1506 4054 enim
1565 4001 1881 4071 Apostolus,
1919 4003 2047 4076 quia

459 4090 840 4162 «impossibile
872 4103 986 4149 erat
1017 4095 1284 4169 sanguine
1313 4096 1598 4153 vitulorum
1626 4106 1678 4153 et
1707 4115 1972 4171 agnorum
1996 4111 2048 4158 et

454 4179 733 4236 hircorum
765 4181 964 4237 auferri
992 4193 1212 4255 peccata
1241 4185 1437 4256 (Hebr.
1466 4189 1549 4257 χ).
1591 4211 1613 4236 η
1649 4188 1836 4260 itaque
1866 4207 2047 4246 sacer-

454 4268 556 4324 dos
584 4269 708 4339 Dei,
739 4271 862 4342 lege
895 4271 948 4326 in
977 4274 1237 4328 mundum
1270 4276 1643 4333 descendente
1673 4294 1772 4348 per
1801 4280 2042 4351 Moysen,

457 4365 665 4418 nullam
697 4366 983 4422 sanitatem
1040 4370 1264 4425 contulit
1293 4371 1516 4426 homini.
1575 4373 1665 4429 Sic
1719 4383 1770 4429 et
1799 4375 2038 4431 descen-
2070 4386 2124 4446 D

457 4469 549 4506 sus
580 4452 755 4508 levita:
785 4455 875 4524 qui
904 4463 1089 4527 typum
1139 4458 1373 4514 ostendit
1403 4461 1809 4531 pmpbetarum,
1843 4465 2050 4520 nullum

456 4550 616 4596 sanat
647 4562 662 4608 ς
720 4543 814 4598 sed
847 4559 971 4599 cum
999 4555 1223 4616 peccata
1251 4548 1433 4620 arguit
1461 4551 1777 4621 pertransit,
1805 4552 1930 4624 quia
1959 4554 2048 4609 in-

455 4637 789 4712 dulgentiam
821 4657 928 4696 non
959 4641 1218 4715 largitur.

529 4787 550 4812 α
584 4765 954 4822 Samaritanus
1014 4775 1190 4822 autem
1233 4767 1450 4840 quidam
1509 4769 1613 4825 iter
1665 4770 1870 4828 faciens
1900 4774 2051 4829 venit

449 4869 610 4910 secus
649 4871 792 4921 eum,
827 4862 878 4911 et
907 4856 1096 4911 videns
1127 4872 1250 4912 eum
1283 4858 1659 4915 misericordia
1683 4870 1861 4916 motus
1892 4871 2000 4920 est.
2021 4884 2044 4916 ι

467 4952 845 5008 Samaritanus
885 4955 974 5024 qui
1014 4959 1204 5010 custos
1233 4955 1616 5028 interpretatur
1650 4959 1940 5014 Dominum
1970 4961 2050 5015 si-

456 5041 703 5113 gniﬁcat,
734 5044 819 5099 cui
851 5045 1120 5115 Propheta
1151 5052 1344 5099 contra
1374 5045 1614 5102 latrones
1645 5047 1780 5104 istos
1811 5048 1885 5103 ita
1914 5065 2049 5120 sup-

454 5129 645 5199 plicat.
698 5154 720 5178 α
799 5132 1020 5189 Custodi
1073 5149 1158 5188 me
1197 5149 1225 5188 a
1277 5133 1470 5206 laqueo
1527 5151 1686 5208 quem
1751 5144 2052 5193 statuerunt

458 5226 610 5292 mihi,
650 5236 701 5281 et
727 5244 757 5281 a
787 5229 1067 5284 scandulis
1097 5231 1442 5302 operantium
1476 5232 1815 5304 iniquitatem
1873 5237 2047 5304 (Psal.

454 5314 582 5386 cxx.)
643 5338 664 5362 ιι
701 5316 823 5386 Ipse
879 5318 1141 5373 Dominus
1172 5320 1336 5376 homo
1390 5321 1566 5376 factus
1607 5322 1730 5379 vita:
1759 5323 2049 5394 praesentis

452 5403 557 5458 iter
586 5403 826 5474 arripuit,
861 5414 913 5460 et
942 5408 1090 5461 venit
1119 5423 1277 5464 secus
1320 5409 1683 5476 vulneratum,
1720 5413 2052 5484 compassio-

449 5501 534 5579 nis
563 5511 765 5556 nostra:
796 5501 1054 5557 ﬁnitimus
1109 5514 1165 5561 et
1195 5505 1585 5564 misericordiae
1614 5509 1905 5567 collatione
1961 5511 2047 5567 vi-

448 5589 630 5648 cinus.
691 5589 801 5645 Lex
841 5596 1019 5644 autem
1094 5607 1202 5646 non
1233 5593 1423 5650 habuit
1462 5597 1917 5669 misericordiam,
1952 5600 2046 5656 sed

438 5678 701 5749 judicium
733 5686 788 5734 et
815 5677 1133 5733 vindictam.

2073 3027 2122 3089 C

2159 1786 2227 1841 ad
2279 1801 2532 1857 gregem.
2567 1787 2754 1856 Itaque
2780 1785 2986 1856 imponi
3010 1785 3256 1854 jumento
3285 1788 3370 1840 est
3415 1785 3756 1840 incarnatio-

2160 1891 2285 1930 nem
2319 1874 2520 1930 Christi
2557 1874 2802 1941 credere,
2870 1874 3098 1946 ejusque
3133 1873 3409 1946 mysteriis
3459 1873 3625 1928 tutari
3680 1874 3756 1928 ab

2159 1972 2347 2027 hostili
2377 1971 2706 2028 incursione.
2749 1971 3032 2028 Stabulum
3085 1978 3167 2027 est
3209 1971 3454 2027 Ecclesia
3484 1986 3751 2042 praesens,

2158 2062 2247 2118 ubi
2280 2062 2554 2132 sperando
2611 2060 2922 2116 reﬁciuntur
2966 2059 3217 2123 viatores,
3273 2068 3541 2115 aeternam
3589 2060 3753 2115 vitam

2159 2152 2475 2209 redeuntes.
2515 2150 2719 2205 Stabuli
2747 2149 2970 2205 nomine
2997 2149 3245 2205 miserias
3275 2157 3330 2204 et
3358 2148 3562 2204 fetores
3594 2149 3754 2219 hujus

2158 2249 2282 2305 vita:
2311 2248 2593 2320 signanter
2611 2247 2868 2310 insinuat,
2900 2263 2970 2300 ne
2999 2247 3163 2301 homo
3201 2245 3256 2299 in
3284 2246 3387 2302 hoc
3408 2245 3601 2301 exsilio
3630 2253 3753 2299 tan-

2158 2354 2326 2410 quam
2357 2338 2409 2392 in
2441 2336 2617 2408 patria
2647 2337 3122 2408 gaudeat.Curam
3152 2334 3284 2406 egit,
3307 2351 3378 2390 ne
3404 2351 3563 2404 eger
3591 2334 3646 2389 in
3661 2335 3757 2389 Ee-

2157 2427 2378 2484 clesiam
2410 2428 2630 2492 ductus,
2663 2433 2937 2496 precepts
2971 2441 3092 2498 quae
3120 2432 3410 2494 acceperat
3433 2423 3747 2479 dimitteret.

2232 2547 2254 2577 ε
2292 2527 2355 2581 Et
2387 2526 2557 2581 altera
2595 2525 2683 2580 die
2729 2524 2950 2595 protulit
3003 2524 3144 2579 duos
3171 2523 3448 2588 denarios,
3511 2531 3566 2579 et
3604 2521 3750 2578 dedit

2158 2614 2472 2671 stabellario
2502 2623 2554 2668 et
2583 2613 2694 2668 ait:
2730 2615 2920 2668 Curam
2951 2613 3093 2668 illius
3141 2613 3303 2677 habe,
3345 2619 3402 2666 et
3463 2611 3751 2682 quodcun-

2157 2721 2261 2777 que
2291 2701 2798 2774 supererOgaveris,
2841 2717 2967 2774 ego,
3043 2717 3166 2758 cum
3206 2701 3444 2764 rediero,
3522 2699 3752 2755 reddam

2155 2802 2276 2856 tibi.
2293 2825 2315 2849 ιι
2343 2802 2524 2855 Altera
2545 2800 2664 2855 dies
2676 2806 2759 2854 est
2773 2807 2893 2870 post
2908 2798 3124 2854 Domini
3137 2798 3618 2860 resurrectionem,
3635 2812 3752 2866 qua:

2155 2892 2338 2962 magis
2377 2888 2628 2959 splendet
2647 2904 2806 2957 quam
2840 2896 3054 2957 tempus
3092 2887 3440 2958 prmcedens.
3491 2885 3620 2940 Duo
3657 2885 3753 2940 de-

2155 2980 2291 3036 narii
2312 2979 2420 3034 duo
2453 2987 2576 3033 sunt
2604 2979 2975 3040 Testamenta,
3005 2976 3058 3031 in
3089 2976 3286 3048 quibus
3330 2975 3528 3032 interni
3579 2972 3750 3046 Regia

2150 3094 2346 3134 nomen
2380 3084 2433 3132 et
2461 3076 2645 3148 imago
2673 3075 3036 3131 continentur.
3060 3074 3406 3129 Stabularius
3436 3081 3522 3130 est
3545 3072 3751 3128 chorus

2149 3166 2560 3237 discipulorum,
2601 3164 2797 3235 quibus
2825 3163 3040 3234 aperuit
3087 3179 3310 3218 sensum
3357 3171 3415 3218 ut
3470 3161 3750 3234 intellige-

2149 3265 2272 3314 rent
2298 3255 2604 3326 Scripturas
2649 3269 2750 3325 per
2797 3254 3054 3325 Spiritum
3082 3261 3346 3309 sanctum.
3378 3253 3754 3326 Supercrogat

2151 3353 2512 3420 stabellarius,
2545 3353 2690 3424 quod
2720 3352 2772 3406 in
2832 3352 3044 3406 duobus
3102 3351 3344 3405 denariis
3375 3365 3486 3406 non
3516 3351 3746 3420 accepit,

2150 3461 2272 3501 cum
2295 3443 2493 3499 Paulus
2525 3442 2652 3497 dicit
2685 3459 2698 3495 :
2728 3463 2750 3488 ιι
2787 3442 2867 3496 De
2897 3439 3207 3511 virginibus
3255 3447 3592 3510 praeceptum
3638 3440 3751 3495 Do-

2153 3533 2283 3589 mini
2309 3549 2416 3589 non
2449 3532 2642 3595 habeo,
2672 3529 2956 3586 consilium
2985 3537 3167 3585 autem
3197 3528 3269 3584 do
3311 3528 3372 3599 (I
3396 3531 3522 3586 Cor.
3562 3534 3684 3596 vn).
3724 3552 3746 3576 -

2154 3633 2398 3701 Itemque
2429 3635 2796 3699 supererogat
2838 3642 2962 3682 cum
3010 3625 3140 3682 dicit
3176 3643 3188 3680 :
3239 3649 3262 3674 ι
3299 3624 3569 3680 Dominus
3595 3624 3751 3680 ordi-

2152 3717 2300 3775 navlt
2327 3719 2414 3773 his
2445 3717 2537 3788 qui
2559 3715 2919 3789 Evangelium
2949 3715 3276 3770 annuntiant
3311 3731 3325 3769 :
3357 3714 3428 3770 de
3449 3714 3752 3786 Evangelia

2155 3809 2358 3871 vivere,
2437 3806 2532 3861 sed
2572 3821 2672 3861 nos
2711 3819 2820 3859 non
2865 3804 2949 3858 usi
2998 3819 3188 3858 sumus
3230 3804 3335 3859 bac
3365 3810 3655 3874 potestate,
3685 3818 3753 3859 ne

2153 3922 2312 3979 quem
2355 3911 2598 3959 vestrum
2629 3917 2981 3974 gravaremus
3036 3902 3093 3970 (Ι
3135 3903 3262 3958 Cor.
3299 3917 3399 3965 ix;
3443 3901 3508 3957 II
3568 3900 3749 3957 Thess.

2154 3998 2255 4064 ιιι).
2298 4016 2320 4044 ν
2355 3993 2582 4049 Debitor
2632 3991 2854 4046 rediens
2899 3991 3089 4046 reddet
3129 3991 3276 4061 quod
3312 3989 3590 4060 promisit,
3628 4005 3750 4047 cum

2154 4083 2420 4140 Dominus
2449 4083 2504 4136 in
2531 4081 2738 4150 judicio
2768 4080 2908 4136 dicet
2941 4095 2952 4131 :
2990 4100 3012 4132 ε
3047 4079 3194 4150 Quia
3223 4094 3392 4149 super
3419 4077 3754 4150 paucafuisti

2157 4180 2351 4247 fidelis,
2386 4195 2557 4248 super
2586 4177 2752 4233 multa
2781 4185 2835 4233 te
2863 4177 3186 4234 constituam
3221 4191 3236 4248 ;
3265 4177 3409 4231 intra
3433 4177 3490 4232 in
3523 4193 3752 4249 regnum

2155 4269 2377 4326 Domini
2404 4269 2479 4323 tui
2511 4268 2734 4336 (Matth.
2767 4269 2925 4336 xxv).
2955 4290 2977 4316 ιι

2231 4381 2254 4410 ι
2289 4357 2424 4427 Quis
2455 4358 2648 4412 horum
2680 4357 2838 4411 trium
2895 4355 3110 4410 videtur
3138 4354 3236 4410 tibi
3263 4353 3555 4426 proximus
3583 4354 3751 4410 fuisse

2155 4456 2232 4513 illi
2263 4455 2351 4528 qui
2390 4455 2578 4510 incidit
2609 4453 2663 4509 in
2693 4453 2932 4509 latrones
2959 4453 2987 4508 ‘l
3017 4457 3082 4508 At
3121 4451 3218 4509 ille
3254 4452 3390 4507 dixit
3423 4467 3437 4506 :
3480 4451 3591 4522 Qui
3627 4451 3753 4508 fecit

2150 4551 2589 4607 misericordiam
2619 4550 2673 4604 in
2713 4548 2885 4604 illum.
2929 4549 2993 4604 Et
3021 4549 3094 4604 ait
3131 4547 3208 4603 illi
3238 4567 3258 4604 :
3296 4547 3470 4614 Vade,
3503 4555 3560 4602 et
3589 4556 3647 4602 tu
3670 4546 3753 4603 fac

2150 4641 2419 4696 similiter.
2461 4663 2482 4687 »δ
2511 4639 2688 4694 Nemo
2726 4637 2883 4694 nobis
2919 4636 3100 4711 magis
3145 4644 3230 4693 est
3277 4636 3561 4708 proximus
3587 4651 3750 4708 quam

2150 4735 2242 4808 qui
2268 4735 2494 4791 vulnera
2536 4741 2722 4790 nostra
2776 4733 3004 4799 curavit,
3045 4747 3210 4804 quam
3265 4738 3430 4802 caput
3484 4731 3751 4787 membris

2149 4833 2458 4906 Diligamus
2488 4847 2622 4903 ergo
2651 4847 2774 4886 eum
2799 4839 2858 4885 ut
2887 4831 3062 4885 Deum
3091 4837 3142 4884 et
3172 4829 3485 4895 Dominum,
3543 4828 3752 4902 diliga—

2149 4939 2279 4978 mus
2309 4921 2465 4993 quasi
2496 4920 2820 4991 proximum,
2853 4918 3154 4992 diligamus
3191 4925 3243 4974 et
3272 4934 3467 4973 omnes
3495 4917 3748 4974 imitato-

2148 5037 2240 5078 res
2261 5019 2485 5077 Christi.
2519 5017 2676 5088 Quod
2703 5017 2776 5074 ait
2827 5018 2995 5074 uFac
3015 5025 3069 5074 et
3101 5024 3156 5072 tu
3172 5016 3441 5081 similiter,
3465 5039 3489 5065 ιι
3515 5017 3628 5073 tale
3643 5025 3745 5072 est.

2149 5109 2426 5182 Quidquid
2445 5108 2598 5164 vales
2617 5107 2669 5163 in
2695 5106 2923 5177 proximi
2946 5106 3276 5162 necessitate
3296 5105 3642 5162 sublevanda
3660 5105 3748 5161 vel

2149 5197 2439 5270 corporali,
2456 5196 2545 5254 vel
2579 5195 2864 5267 spirituali,
2887 5195 3116 5251 devotus
3163 5209 3412 5266 operare,
3432 5202 3493 5250 ut
3513 5195 3748 5250 manife-

2149 5295 2309 5350 steris
2339 5309 2462 5350 esse
2491 5292 2791 5365 proximus.
2823 5294 2992 5350 Recte
3019 5292 3396 5349 misericordia
3435 5293 3745 5362 proximum

2149 5383 2300 5449 facit,
2331 5383 2455 5456 quia
2503 5390 2584 5438 est
2614 5381 2915 5438 secundum
2963 5391 3240 5437 naturam.
3293 5381 3444 5436 Nihil
3475 5382 3620 5437 enim
3651 5398 3745 5438 se-

2148 5472 2385 5530 cundum
2410 5479 2675 5538 naturam,
2706 5486 2867 5544 quam
2899 5479 3150 5526 naturam
3176 5472 3369 5541 juvare
3409 5479 3740 5528 consortem.

2537 5583 2680 5640 Item
2718 5580 2999 5656 expositio
3033 5582 3100 5640 de
3137 5583 3345 5640 eodem.

2224 5713 2244 5738 u
2280 5688 2482 5748 Beatus
2511 5690 2596 5747 vir
2622 5690 2716 5763 qui
2745 5707 2853 5748 non
2903 5690 3033 5747 abiit
3086 5689 3141 5747 in
3171 5689 3401 5749 consilio
3447 5689 3742 5763 impiorum
