4042 6080
251 286 384 343 Hii

249 409 404 466 Psal.
463 408 522 475 ι).
579 427 602 452 ι

249 497 381 554 lium
436 493 725 565 impiorum
781 490 849 544 de
904 489 1075 560 patria
1125 487 1360 558 paradisi
1418 485 1568 553 abiit,
1620 493 1672 539 et
1717 499 1840 540 om-

251 611 348 650 nes
402 598 645 665 posteros
683 603 808 643 suos
861 587 917 641 in
977 589 1078 642 hoc
1134 583 1381 641 exsilium
1439 582 1694 638 traduxit.
1732 582 1847 637 Nec

250 683 306 738 in
336 682 425 738 via
477 686 817 750 peccatorum
863 676 1024 742 stetit,
1081 675 1206 746 quia
1262 674 1316 728 in
1375 673 1606 744 peccatis
1644 671 1849 726 stabilis

252 773 474 828 mansit.
539 773 599 826 In
656 767 910 826 cathedra
967 763 1284 837 pestilentiae
1335 763 1493 830 sedit,
1544 762 1671 832 quia
1712 777 1848 830 pec-

253 869 374 918 cata
403 861 538 916 alios
567 875 664 930 per
692 858 836 913 mala
892 855 1143 925 exempla
1199 853 1399 908 docuit.
1459 852 1700 906 Christus
1746 866 1848 905 au-

255 959 364 1006 tem
392 947 582 1004 beatus
609 948 692 1002 vir
722 946 943 1011 exstitit,
1003 944 1093 1014 qui
1151 941 1377 998 consilio
1434 940 1602 995 Patris
1629 938 1698 994 de
1727 939 1850 993 aula

255 1039 377 1095 caeli
431 1037 488 1092 in
541 1051 810 1093 carcerem
861 1042 982 1104 post
1030 1032 1295 1103 perditum
1352 1046 1565 1085 servum
1606 1027 1757 1095 abiit,
1797 1029 1849 1081 in

254 1126 480 1184 consilio
523 1139 651 1181 vero
699 1123 987 1194 impiorum
1032 1136 1141 1176 non
1177 1119 1328 1186 abiit,
1363 1117 1576 1188 quando
1606 1116 1854 1172 diabolus

255 1216 440 1273 omnia
467 1231 636 1288 regna
679 1212 865 1268 mundi
893 1219 946 1266 et
990 1210 1221 1282 gloriam
1251 1224 1436 1265 eorum
1466 1208 1515 1262 ei
1545 1207 1850 1272 ostendens,

256 1322 316 1361 se
345 1304 572 1360 adorare
600 1302 864 1375 persuasit
913 1301 1129 1367 (Matth.
1179 1299 1282 1367 ιν).
1318 1299 1378 1352 ιιι
1398 1297 1486 1351 via
1513 1303 1854 1366 peccatorum

259 1417 366 1457 non
420 1401 582 1469 stetit,
633 1399 759 1469 quia
815 1405 1093 1469 peccatum
1157 1411 1264 1450 non
1312 1394 1458 1449 fecit.
1515 1395 1575 1447 In
1603 1391 1856 1447 cathedra

257 1498 578 1570 pestilentia
624 1512 732 1552 non
759 1496 915 1560 sedit,
948 1494 1075 1565 quia
1104 1509 1202 1548 nec
1234 1492 1399 1547 verbo
1431 1507 1529 1546 nec
1560 1490 1704 1544 facto
1731 1503 1854 1542 ma-

262 1589 373 1643 lum
401 1587 601 1643 docuit.
634 1586 700 1640 Et
728 1585 848 1640 ideo
879 1583 1017 1638 sicut
1048 1583 1137 1636 ille
1167 1581 1354 1636 infelix
1380 1595 1590 1636 ommes
1616 1577 1856 1633 carnales

261 1675 404 1733 ﬁlios
430 1676 484 1730 in
514 1683 742 1731 mortem
783 1673 1019 1739 attraxit,
1079 1671 1152 1726 ita
1177 1671 1275 1725 iste
1314 1669 1503 1724 beatus
1534 1669 1614 1722 vir
1637 1673 1857 1722 cunctos

1173 271 1752 332 DKVLORATIONES
1781 270 1878 326 SS.
1928 266 2244 326 PATRUM.
2281 299 2350 310 —
2379 269 2512 324 LIB.
2553 266 2622 324 ll.

664 402 834 458 Adam
887 399 1075 455 infelix
1129 400 1212 456 vir
1258 399 1377 464 fuit,
1419 397 1510 467 qui
1541 412 1639 466 per
1665 395 1847 451 consi-
1876 393 1934 454 Α
1961 393 2368 449 circumdatum.
2400 393 2574 462 Super
2618 409 2682 447 eo
2714 400 2960 448 movetur
3005 393 3395 462 misericordia,
3429 396 3554 464 quia

3413 270 3549 326 “2'2

1951 497 2140 538 omnes
2168 482 2381 537 dolores
2410 497 2506 552 pro
2536 497 2600 536 eo
2648 481 2926 553 experitur
2955 491 3006 537 et
3035 483 3390 554 approprians
3426 484 3551 538 vul-

1953 587 2083 626 nera
2111 571 2229 641 ejus
2257 571 2518 642 alligavit,
2550 570 2677 625 dum
2735 571 2896 625 vitam
2955 579 3211 626 aeternam
3244 571 3493 626 nuntians
3522 587 3554 626 a

1951 668 2186 738 peccatis
2217 683 2425 723 cessare
2453 666 2784 736 praedicavit.
2837 667 2937 721 Per
2963 666 3096 722 duas
3125 676 3304 739 partes
3333 668 3552 740 ligami-

1956 756 2038 810 nis
2065 757 2288 812 vulnera
2313 756 2648 821 constrinxit,
2709 755 2836 809 dum
2869 772 2964 826 per
3008 757 3142 812 duos
3172 757 3393 812 timores
3421 773 3556 828 pec-

1956 853 2075 900 cata
2103 845 2454 916 compescuit.
2493 844 2714 900 Servilis
2735 845 2879 899 enim
2913 845 3074 900 timor
3103 862 3290 916 pinnas
3337 863 3369 900 a
3417 862 3551 916 pec-

1955 942 2090 996 catis
2120 941 2372 1012 prohibet
2398 956 2412 1009 ;
2444 940 2620 998 ﬁlialis
2649 949 2828 996 autem
2875 950 3089 997 sanctus
3119 942 3188 997 ad
3216 944 3360 998 bona
3388 959 3557 1012 opera

1959 1037 2162 1086 monet.
2221 1029 2535 1084 lnferiorem
2592 1038 2800 1099 partem
2865 1031 3138 1102 ligaminis
3183 1032 3368 1099 traxit,
3427 1031 3556 1087 dum

1959 1121 2223 1192 gehenna:
2279 1119 2528 1174 timorem
2583 1119 2661 1173 sic
2715 1119 2966 1173 cordibus
2996 1120 3271 1175 hominum
3303 1120 3548 1176 incussit.

1965 1231 1989 1256 ε
2033 1207 2258 1274 Vermis,
2317 1207 2506 1276 inquit,
2565 1223 2750 1262 eorum
2808 1223 2914 1262 non
2945 1209 3170 1264 moritur
3198 1217 3252 1263 et
3280 1210 3421 1282 ignis
3450 1225 3558 1266 non

1962 1296 2334 1368 exstinguitur.
2373 1319 2396 1343 ι
2428 1294 2625 1368 (Marc.
2690 1295 2788 1366 ix).
2825 1297 3164 1368 Superiorem
3206 1307 3414 1367 partem
3447 1307 3557 1353 tra-

1964 1386 2060 1452 xit,
2093 1385 2220 1439 dum
2285 1385 2414 1439 boni
2464 1384 2621 1438 studii
2654 1385 2898 1439 timorem
2928 1385 3193 1439 instruxit.
3230 1410 3252 1434 ι
3304 1387 3423 1441 Filii
3479 1389 3562 1441 in-

1964 1474 2096 1544 quit,
2130 1473 2283 1544 regni
2313 1473 2595 1542 ejicientur
2623 1473 2676 1527 in
2709 1472 2954 1528 tenebras
2983 1475 3306 1543 exteriores;
3358 1474 3432 1529 ibi
3461 1477 3562 1531 erit

1966 1563 2120 1616 ﬂetus
2147 1570 2198 1616 et
2227 1561 2422 1616 stridor
2467 1562 2707 1617 dentium
2768 1561 2988 1630 (Matlh.
3023 1566 3160 1632 Vill).
3199 1585 3220 1609 ιι
3282 1564 3474 1618 Vinum
3509 1573 3562 1620 et

1964 1651 2142 1706 oleum
2174 1651 2385 1716 infudit,
2428 1650 2555 1704 dum
2603 1649 2970 1720 paenitentiam
3016 1659 3069 1706 et
3097 1651 3308 1706 veniam
3356 1652 3558 1709 docuit.

263 1773 406 1830 ﬁlios
456 1773 722 1845 spiritales
776 1771 830 1826 in
886 1771 1054 1826 vitam
1111 1768 1336 1824 revexit.
1390 1767 1539 1822 Sicut
1566 1765 1709 1820 enim
1741 1763 1855 1834 ipse
1885 1763 1938 1823 B
1969 1748 2070 1845 ξ’θι·
2097 1749 2282 1802 "illum
2313 1747 2515 1845 qUiPPe
2553 1747 2768 1845 Ρυιιξίειξι
2802 1755 3179 1845 εκριξτεαηιξιτ
3203 1764 3221 1845 _;
3256 1765 3353 1820 per
3382 1751 3560 1805 oleum

265 1863 436 1919 refert
480 1863 535 1917 in
584 1860 902 1933 Evangelio,
955 1861 1119 1914 homo
1176 1857 1396 1928 quidam
1453 1853 1730 1910 descendit
1790 1852 1859 1907 ab

266 1951 602 2023 Hierusalem
661 1950 716 2004 in
770 1949 1002 2015 Jericho,
1052 1947 1107 2000 in
1153 1962 1310 2016 quem
1341 1945 1575 1999 latrones
1602 1944 1861 1997 irruentes

267 2051 706 2115 vulneraverunt,
797 2063 860 2102 ac
941 2045 1304 2116 despoliantes
1375 2058 1520 2107 eum,
1580 2040 1850 2096 abierunt.

266 2140 434 2195 Porro
489 2137 738 2193 sacerdos
787 2134 1036 2190 eamdem
1069 2134 1210 2190 viam
1242 2147 1492 2204 pergens,
1541 2146 1604 2184 ac
1634 2128 1858 2183 semivi-

265 2243 394 2283 vum
452 2226 660 2291 videns,
717 2224 1040 2294 pertransiit.
1091 2222 1351 2278 Similiter
1404 2219 1565 2274 levita
1617 2218 1716 2272 iter
1772 2215 1862 2271 fa-

265 2316 432 2384 ciens,
488 2315 604 2370 viso
655 2329 719 2370 eo
777 2313 1086 2384 praeterivit.
1145 2310 1513 2366 Samaritanus
1559 2315 1736 2362 autem
1765 2320 1864 2376 per

265 2413 515 2470 eamdem
572 2411 916 2482 protendens,
977 2409 1158 2464 miseri
1206 2408 1506 2472 miseretur,
1565 2421 1628 2460 ac
1683 2403 1864 2476 ligatis

267 2501 600 2567 vulneribus,
661 2501 786 2555 vino
841 2508 893 2554 et
947 2499 1069 2554 oleo
1128 2496 1392 2562 medetur,
1443 2494 1863 2566 impositumque

262 2593 512 2663 jumento
531 2591 587 2645 in
615 2589 885 2644 stabulum
944 2587 1100 2641 duxit
1133 2601 1146 2656 ;
1180 2586 1346 2642 altera
1393 2584 1480 2638 die
1509 2583 1642 2638 duos
1687 2582 1860 2636 dena-

267 2690 378 2746 rios
433 2689 722 2744 stabulario
778 2687 1016 2759 protulit,
1066 2702 1250 2741 curam
1313 2684 1455 2738 illius
1491 2698 1678 2755 gerere
1710 2681 1859 2752 petit,

266 2778 312 2833 si
344 2778 472 2849 quid
519 2778 587 2834 de
615 2793 714 2832 suo
771 2775 1256 2847 supererogaverit,
1289 2774 1342 2827 in
1373 2771 1680 2828 reversione
1727 2786 1785 2825 se
1811 2768 1860 2824 ei

266 2867 596 2922 redditurum
654 2865 916 2938 promittit
961 2866 1118 2934 (Luc.
1177 2863 1258 2933 x).
1311 2863 1488 2917 Homo
1545 2860 1744 2930 quippe
1793 2857 1862 2913 ab

264 2965 598 3020 Hierusalem
647 2964 703 3018 in
751 2964 962 3019 Iericho
1011 2959 1305 3026 descendit,
1361 2957 1491 3013 dum
1521 2958 1730 3028 primus
1758 2971 1860 3026 pa-

265 3071 392 3109 rens
419 3054 486 3108 de
541 3052 754 3126 gaudiis
803 3051 1034 3122 paradisi
1067 3051 1134 3106 ad
1164 3048 1433 3104 defectum
1480 3046 1667 3102 mortis
1695 3045 1861 3102 venit.

1968 1837 2079 1892 fota
2108 1849 2376 1892 curantur.
2413 1837 2608 1890 Vinum
2667 1835 2862 1890 infudit
2916 1837 3044 1890 dum
3104 1837 3275 1892 dixit:
3315 1861 3334 1885 ι
3375 1839 3560 1894 Poeni-

1966 1935 2183 1990 tentiam
2217 1936 2359 2007 agite
2385 1934 2609 2004 (Matth.
2642 1937 2743 2004 ιιι).
2783 1955 2801 1984 ι
2855 1933 3048 1990 Oleum
3095 1935 3242 1990 addit
3270 1935 3396 1990 dum
3427 1938 3562 1992 sub-

1961 2024 2186 2093 junxit:
2252 2047 2268 2071 ι
2309 2023 2777 2094 ApprOpinquabit
2834 2023 2978 2078 enim
3026 2039 3252 2094 regnum
3301 2026 3562 2081 ccelorum

1967 2113 2170 2184 (ibid.),
2209 2136 2227 2160 ι
2265 2115 2327 2166 1n
2351 2113 2655 2182 jumentum
2688 2111 2884 2183 posuit,
2934 2111 3061 2166 dum
3110 2120 3330 2183 peccata
3359 2113 3415 2168 in
3443 2130 3562 2169 cor-

1966 2227 2097 2280 pore
2127 2227 2223 2265 suo
2253 2226 2413 2280 super
2463 2210 2668 2282 lignum
2727 2209 2898 2266 crucis
2926 2210 3160 2279 pertulit.
3194 2212 3254 2264 In
3293 2211 3561 2267 stabulum

1968 2300 2138 2367 duxit,
2168 2299 2296 2353 dum
2327 2316 2450 2354 eum
2477 2315 2724 2370 superna:
2757 2299 3009 2354 Ecclesiae
3036 2300 3334 2369 conjunxit.
3370 2300 3564 2356 Stabu-

1968 2389 2079 2442 lum
2109 2404 2215 2458 quo
2245 2388 2501 2442 animalia
2558 2388 2612 2442 in
2669 2395 2824 2443 nocte
2877 2396 3292 2460 congregantur,
3322 2397 3400 2444 est
3430 2405 3567 2460 prae-

1967 2503 2095 2541 sens
2121 2485 2358 2540 Ecclesia
2389 2485 2444 2539 in
2473 2501 2579 2555 qua
2603 2485 2728 2554 justi
2762 2485 2813 2538 in
2854 2484 3086 2556 caligine
3118 2484 3278 2554 hujus
3305 2486 3428 2542 vita:
3453 2495 3564 2541 sta-

1968 2576 2239 2640 bulantur,
2271 2575 2442 2629 donec
2471 2574 2671 2644 aspiret
2715 2573 2830 2628 dies
2875 2574 3188 2628 aeternitatis
3211 2582 3263 2628 et
3291 2575 3563 2630 inclinen-

1968 2671 2054 2718 tur
2074 2664 2280 2719 umbrze
2307 2662 2660 2717 mortalitatis.
2694 2663 2875 2717 Altera
2917 2662 3004 2716 die
3052 2663 3272 2731 protulit
3300 2663 3434 2718 duos
3463 2664 3564 2719 de-

1968 2762 2166 2818 narios.
2201 2762 2317 2816 Una
2337 2760 2451 2816 dies
2479 2767 2593 2815 erat
2621 2760 2827 2826 mortis,
2869 2760 3036 2814 altera
3080 2759 3223 2814 vitae.
3256 2760 3384 2814 Dies
3414 2777 3564 2816 mor-

1971 2851 2036 2906 tis
2063 2850 2228 2919 cmpit
2254 2849 2322 2903 ab
2351 2849 2520 2903 Adam
2568 2849 2622 2901 in
2681 2864 2786 2918 quo
2844 2863 3032 2903 omnes
3073 2847 3372 2903 moriuntur
3402 2864 3416 2918 ;
3449 2849 3564 2906 dies

1969 2940 2092 2994 vita
2123 2937 2394 2993 inchoavit
2422 2953 2454 2992 a
2485 2936 2692 2993 Christo
2725 2937 2778 2990 in
2837 2952 2942 3007 quo
2971 2952 3161 2992 omnes
3202 2935 3563 2993 viviﬁcabun-

1970 3037 2073 3082 tur.
2121 3030 2254 3082 Ante
2311 3026 2504 3082 Christi
2571 3025 3017 3081 resurrectionem
3075 3041 3264 3081 omnes
3318 3025 3567 3082 homines

266 3144 480 3198 Jericho
509 3114 742 3212 namque
800 3114 943 3212 quod
998 3141 1124 3195 luna
1164 3147 1337 3206 sonat,
1371 3137 1639 3193 defectum
1671 3143 1865 3191 nostra;
1896 3119 1944 3183 C
1976 3116 2042 3172 ad
2073 3123 2300 3171 mortem
2366 3114 2657 3170 tendebant
2687 3130 2699 3183 ἱ
2761 3122 2878 3186 P05t
2908 3131 3060 3169 suam
3116 3114 3565 3171 Γθευπθθῑίοηθηι

267 3241 606 3297 mortalitatis
633 3240 899 3312 designat.
933 3237 1037 3308 Qui
1090 3239 1323 3294 latrones
1379 3235 1584 3304 incidit,
1608 3234 1734 3305 quia
1763 3250 1864 3288 ex-

267 3331 439 3386 sulem
471 3330 712 3402 protinus
756 3329 912 3383 turba
966 3328 1274 3382 daemonum
1320 3325 1696 3381 circumdedit.
1763 3322 1866 3392 Qui

271 3428 435 3484 etiam
487 3445 610 3483 eum
657 3427 1109 3498 despoliaverunt,
1160 3425 1286 3496 quia
1323 3440 1432 3479 non
1459 3423 1631 3478 solum
1662 3421 1869 3476 deliciis

271 3517 528 3589 paradisi,
559 3515 653 3571 sed
701 3523 754 3570 et
792 3523 937 3570 veste
985 3513 1402 3569 immortalitatis
1429 3512 1858 3566 denudaverunt.

272 3607 469 3678 Plagas
526 3606 915 3676 imposuerunt,
974 3603 1099 3672 quia
1154 3603 1204 3656 ei
1262 3610 1482 3672 peccata
1525 3599 1857 3655 inflixerunt.

273 3703 610 3758 Semivivum
646 3702 1000 3770 reliquerunt,
1047 3699 1174 3770 quia
1203 3700 1256 3754 in
1287 3699 1467 3754 anima
1513 3706 1783 3753 mortuum
1812 3697 1868 3751 in

272 3807 498 3862 corpore
537 3807 665 3846 vero
716 3806 811 3861 per
858 3790 959 3844 Dei
983 3789 1236 3860 mysteria
1280 3788 1670 3843 circumdatum
1701 3786 1868 3840 dimi-

271 3888 474 3936 serunt.
511 3881 610 3935 Per
639 3879 888 3935 eamdem
943 3880 1089 3934 viam
1133 3877 1386 3933 sacerdos
1413 3875 1709 3944 descendit,
1740 3875 1868 3929 dum

275 3969 696 4040 patriarcharum
762 3967 898 4023 ordo
968 3968 1168 4039 pariter
1221 3966 1558 4022 mortalitatis
1613 3963 1860 4020 tetendit.

275 4056 381 4127 Qui
436 4057 770 4113 vulneratum
828 4056 1152 4127 pertransiit,
1198 4056 1322 4126 quia
1374 4055 1562 4128 generi
1635 4055 1870 4108 humano

275 4162 438 4218 opem
468 4146 608 4201 ferre
638 4162 747 4201 non
777 4145 962 4212 valuit,
1023 4145 1152 4200 dum
1200 4162 1256 4200 se
1287 4145 1449 4200 etiam
1485 4143 1718 4215 peccatis
1747 4158 1870 4214 gra-

273 4245 413 4301 viter
439 4243 734 4299 sauciatum
756 4243 943 4299 doluit.
978 4243 1162 4298 Levita
1205 4257 1416 4312 quoque
1449 4241 1592 4296 idem
1623 4241 1723 4296 iter
1749 4256 1870 4296 car-

278 4333 462 4406 pebat,
494 4333 619 4404 quia
647 4332 777 4388 ordo
809 4331 1141 4403 prephetalis
1169 4331 1331 4385 etiam
1364 4346 1461 4402 per
1497 4330 1688 4386 callem
1721 4345 1872 4385 mor-

275 4423 344 4477 tis
373 4422 643 4477 tendebat.
695 4421 797 4490 Qui
854 4421 1094 4476 saucium
1158 4419 1470 4490 praeterivit,
1512 4418 1637 4489 quia
1665 4417 1874 4489 perdito

273 4518 479 4574 homini
511 4518 836 4588 adjutorium
872 4518 1014 4572 ferre
1044 4532 1154 4571 non
1185 4516 1380 4588 potuit,
1414 4515 1546 4570 dum
1573 4532 1630 4570 se
1661 4530 1873 4585 quoque

277 4608 514 4680 peccatis
536 4607 870 4662 vulneratum
900 4606 1188 4679 ingemuit.

352 4717 399 4770 Λ
457 4713 799 4770 Samaritano
876 4721 1055 4769 autem
1112 4712 1408 4768 semivivus
1460 4719 1689 4782 curatur,
1750 4709 1877 4781 quia

277 4805 444 4861 homo
474 4803 721 4859 seductus
749 4819 846 4875 per
899 4803 1166 4858 Christum
1213 4809 1447 4857 sanatur.
1493 4799 1736 4857 Samaria
1764 4806 1878 4854 erat

283 4901 473 4958 civitas
500 4909 662 4973 caput
708 4902 862 4973 regni
911 4900 1208 4969 Israelitici,
1241 4901 1393 4971 cujus
1419 4899 1618 4971 captivi
1655 4897 1725 4954 ad
1753 4898 1876 4954 ido-

283 4990 549 5045 lolatriam
607 4990 661 5043 in
713 4990 906 5045 Ninive
958 4997 1110 5045 erant
1153 4990 1427 5060 captivati,
1459 4997 1510 5044 et
1551 4987 1778 5060 gentiles
1823 4987 1877 5041 in

286 5105 350 5145 ea
378 5089 559 5145 locati.
593 5087 831 5158 Quorum
852 5090 1120 5145 consortia
1149 5090 1203 5143 in
1235 5097 1437 5145 tantum
1475 5087 1647 5142 Judzei
1676 5087 1869 5142 exhor-

286 5194 523 5253 ruerunt,
559 5194 616 5242 ut
646 5187 766 5243 illos
823 5188 1106 5259 participio
1162 5203 1349 5242 eorum
1401 5185 1714 5242 addicerent
1753 5185 1873 5254 qui-

286 5275 387 5330 bus
416 5276 736 5331 maledicere
766 5278 1066 5332 voluerunt.
1115 5277 1268 5333 Unde
1297 5285 1349 5332 et
1381 5275 1671 5331 Dominum
1702 5273 1879 5329 male-

286 5373 515 5428 dicendo
546 5373 945 5429 Samaritanum
1001 5383 1346 5430 vocaverunt.
1399 5375 1519 5445 Ipse
1549 5372 1694 5428 enim
1725 5387 1881 5427 verus

288 5471 655 5527 Samaritanus
703 5479 833 5537 erat,
892 5471 1033 5542 quod
1091 5480 1267 5527 custos
1313 5472 1524 5537 dicitur,
1562 5471 1688 5542 quia
1717 5469 1785 5525 ab
1814 5485 1881 5525 eo

291 5576 468 5632 genus
497 5561 790 5614 humanum
849 5561 1158 5616 custoditur.
1220 5561 1321 5615 Hic
1349 5560 1448 5615 iter
1477 5560 1623 5626 fecit,
1656 5559 1786 5614 dum
1814 5559 1881 5613 de

290 5657 442 5714 ccelis
468 5657 525 5711 in
545 5659 685 5713 hunc
713 5657 971 5713 mundum
1002 5658 1173 5714 venit.
1213 5659 1484 5714 Viatorem
1515 5657 1650 5714 vidit
1683 5657 1883 5730 plaga-

293 5763 425 5828 tum,
475 5755 601 5828 quia
649 5757 922 5813 hominem
981 5757 1242 5828 conspicit
1296 5757 1529 5830 peccatis
1555 5764 1609 5813 et
1652 5755 1886 5812 miseriis

1972 3231 2162 3270 omnes
2190 3213 2374 3268 ﬁdeles
2400 3211 2468 3268 ad
2515 3212 2682 3268 vitam
2729 3213 3046 3286 surgebant.
3112 3213 3293 3268 Altera
3321 3229 3450 3270 vero
3478 3214 3566 3269 die

1973 3304 2108 3360 duos
2163 3303 2415 3357 denarios
2468 3302 2707 3372 protulit,
2766 3301 2894 3356 dum
2950 3310 3071 3374 post
3123 3303 3567 3358 resurrectionem

1973 3408 2125 3446 suam
2154 3391 2262 3446 duo
2293 3391 2633 3446 Testamenta
2690 3406 2787 3460 per
2842 3391 2948 3446 duo
2978 3399 3249 3462 praecepta
3295 3392 3568 3447 charitatis

1974 3490 2186 3560 impleri
2216 3489 2416 3544 docuit.
2478 3487 2783 3543 Stabulario
2831 3487 3083 3544 denarios
3127 3488 3292 3557 dedit,
3325 3489 3452 3544 dum
3484 3505 3568 3544 or-

1975 3579 2087 3633 dini
2118 3578 2396 3633 doctorum
2428 3577 2576 3649 leges
2595 3577 2720 3632 vitae
2741 3576 3010 3632 docendas
3029 3577 3316 3632 commisit.
3347 3579 3570 3650 Egrum

1974 3676 2230 3748 praecepit
2255 3674 2446 3740 curari,
2480 3674 2604 3744 quia
2651 3690 2822 3746 genus
2869 3675 3162 3730 humanum
3187 3673 3346 3744 jussit
3376 3691 3408 3729 a
3436 3691 3570 3746 pec-

1974 3767 2104 3821 catis
2129 3763 2344 3820 salvari.
2378 3761 2552 3832 Quem
2608 3779 2815 3835 aegrum
2849 3763 2986 3818 fetor
3031 3762 3098 3817 de
3163 3763 3374 3835 stabulo
3422 3765 3570 3819 exire

1975 3853 2269 3925 compellit,
2327 3831 2454 3923 quia
2507 3831 2686 3922 justos
2719 3851 3017 3906 adversitas
3065 3831 3249 3922 hujus!
3283 3853 3470 3906 mundi
3499 3851 3569 3908 ad

1975 3952 2214 4008 coelestia
2243 3949 2548 4021 appetenda
2577 3949 2824 4020 impellit.
2857 3949 2976 4004 Duo
3007 3948 3168 4003 etiam
3228 3948 3434 4003 denarii
3463 3956 3570 4003 sta-

1974 4041 2183 4097 bulario
2251 4039 2462 4107 dantur,
2521 4038 2649 4092 dum
2689 4037 2934 4092 doctores
2988 4037 3210 4092 scientia
3265 4038 3570 4108 Scriptura-

1975 4148 2094 4186 rum
2151 4137 2202 4184 et
2253 4130 2454 4184 honore
2502 4126 2836 4182 saecularium
2887 4125 3259 4180 sublimantur.
3319 4125 3376 4180 Si
3443 4125 3574 4197 quid

1977 4228 2079 4300 ipsi
2133 4223 2655 4298 supererogaverint,
2740 4222 2830 4277 ille
2886 4222 3077 4278 reddet
3149 4239 3269 4278 cum
3333 4221 3570 4293 redierit,

1980 4318 2104 4388 quia
2132 4316 2175 4370 si
2205 4315 2348 4370 bona
2373 4329 2495 4384 quae
2524 4311 2738 4385 papulis
2767 4311 3077 4383 praedicant,
3111 4312 3364 4381 operibus
3392 4328 3576 4369 exem-

1981 4405 2237 4478 pliticant,
2297 4420 2418 4459 cum
2465 4419 2626 4458 verus
2679 4400 3046 4457 Samaritanus
3091 4401 3159 4455 ad
3183 4400 3448 4469 judicium
3478 4417 3572 4457 re-

1899 4476 1954 4538 D
1981 4476 2157 4553 dierit.
2189 4500 2243 4548 et
2270 4493 2398 4549 olim
2454 4491 2694 4548 saucium
2751 4497 2876 4545 tunc
2924 4489 3042 4559 jam
3092 4497 3336 4546 sanatum
3365 4490 3431 4545 de
3461 4498 3576 4546 sta-

1981 4592 2112 4648 bulo
2141 4591 2196 4646 in
2225 4591 2438 4646 caeleste
2469 4588 2728 4662 palatium
2779 4585 3063 4656 induxerit,
3126 4587 3369 4644 sollicitis
3412 4603 3572 4644 cura-

1984 4681 2187 4738 toribus
2213 4679 2539 4752 sempiterna
2567 4677 2792 4750 prmmia
2819 4676 3269 4747 recompensabit.

1986 4862 2064 4919 De
2085 4861 2296 4919 verbis:
2335 4882 2356 4908 υ
2396 4853 2764 4931 Egredimini,
2795 4856 2932 4924 ﬁlia:
2964 4853 3118 4921 Sion,
3151 4874 3174 4905 ι
3211 4855 3269 4910 et
3298 4851 3365 4909 de
3396 4851 3577 4910 tribu:

2499 4945 2806 5003 visionibus
2839 4945 3069 5002 Christi.

2061 5135 2084 5161 ι
2128 5108 2481 5183 Egredimini,
2511 5106 2638 5162 ﬁliae
2668 5106 2820 5171 Sion,
2844 5111 2898 5160 et
2924 5103 3102 5160 videte
3129 5117 3315 5174 regem
3337 5101 3583 5160 Salomo-

1986 5218 2109 5257 nem
2140 5201 2193 5255 in
2245 5197 2550 5254 diademate
2605 5211 2711 5266 quo
2763 5193 3036 5250 coronavit
3096 5208 3219 5246 eum
3263 5199 3435 5247 mater
3461 5209 3577 5249 sua.

1986 5293 2179 5361 (Cant.
2213 5289 2313 5360 ιιι).
2335 5308 2356 5338 ι
2392 5284 2644 5341 Delicatis
2673 5292 2726 5340 et
2753 5281 2978 5338 inﬁrmis
3003 5281 3318 5353 preponitur
3340 5282 3458 5337 haec
3486 5298 3578 5338 ex-

1987 5386 2218 5442 hortatio
2250 5400 2344 5455 per
2366 5382 2622 5454 Spiritum
2670 5387 2940 5435 sanctum.
3005 5377 3228 5432 Delicati
3257 5387 3380 5433 sunt
3407 5380 3496 5449 qui
3526 5381 3582 5436 in

1987 5477 2218 5548 Egypto
2248 5481 2301 5528 et
2328 5473 2383 5526 in
2439 5469 2710 5542 Babylone
2764 5468 2952 5523 volunt
2979 5466 3314 5538 prosperari:
3363 5467 3417 5522 hi
3449 5483 3582 5539 pro-

1990 5573 2108 5636 pter
2160 5561 2525 5617 inﬁrmitatem
2581 5575 2732 5614 suam
2792 5555 3028 5612 femineo
3081 5572 3215 5610 sexu
3243 5557 3585 5626 appellantur

1991 5652 2135 5721 ﬁliae,
2168 5650 2408 5706 nondum
2462 5647 2687 5719 perfecti
2731 5645 2965 5702 ﬁliorum
2995 5645 3214 5701 nomine
3258 5643 3610 5700 honoranda.

1991 5752 2070 5808 De
2124 5747 2380 5822 perfectis
2431 5746 2577 5802 enim
2632 5743 2827 5803 dicitur
2883 5761 2896 5800 :
2958 5762 2984 5795 ι
3041 5741 3164 5798 Filii
3213 5740 3350 5798 Sion
