3972 6076
485 245 623 297 ῃῃ
1575 243 1925 299 WERNERI
1951 281 1955 290 .
1981 244 2269 303 ABBATIS
2312 250 2366 303 s.
2425 248 2676 307 BLAS".
3661 271 3781 326 mi

481 369 717 435 (Thren.
757 367 834 433 tv)
870 388 892 411 η
929 366 1059 420 Tres
1087 365 1264 436 itaque
1294 375 1418 422 sunt
1449 368 1679 422 visiones
1707 369 1853 439 regis
1871 369 2070 424 nostri:
2105 374 2162 432 Α
2195 373 2390 440 eundo,
2423 375 2490 429 de
2525 378 2850 447 cognatione
2882 388 2986 449 tua,
3012 384 3065 438 id
3094 394 3172 441 est
3201 387 3270 444 de
3297 395 3715 449 conversatione
3739 403 3784 449 et

481 456 658 510 Prima
713 454 769 508 in
825 455 928 508 hoc
980 455 1201 522 mundo,
1234 457 1470 511 secunda
1500 457 1554 509 in
1586 456 1812 524 judicio,
1844 458 1996 512 tertia
2026 458 2079 511 in
2188 461 2428 517 moribus
2457 465 2704 534 vitiisque
2743 469 3029 539 prioribus,
3083 491 3204 544 quae
3237 478 3394 532 nobis
3435 497 3467 533 a
3510 483 3782 537 nativitate

478 560 666 616 regno.
698 544 776 597 De
806 542 980 613 prima
1011 543 1205 598 dicitur
1236 563 1246 599 :
1287 568 1310 592 ι
1357 545 1505 599 Multi
1535 547 1814 616 prephetae
1845 554 1896 600 et
1923 563 2080 619 reges
2186 557 2366 606 nostra
2426 555 2748 611 cohaerentia
2776 558 2922 613 velut
2968 542 3198 630 quadam
3250 565 3507 623 aﬁinitate
3555 581 3783 643 cognata

479 633 762 688 voluerunt
805 632 987 686 videre
1032 649 1153 702 quae
1183 649 1278 687 vos
1306 633 1499 688 videtis
1527 642 1575 688 et
1609 650 1716 688 non
1745 634 2008 689 viderunt.
2049 658 2070 683 υ
2184 656 2324 702 sunt.
2357 649 2554 717 Tertio,
2598 674 2620 699 α
2654 652 2720 706 de
2749 655 2914 711 domo
2944 660 3109 728 patris
3139 663 3234 729 tui,
3271 685 3292 711 η
3325 665 3377 718 id
3399 674 3479 720 est
3504 670 3659 722 omni
3683 687 3784 722 me-

483 731 639 801 (Luc.
673 733 752 801 x).
787 731 852 785 Et
883 731 1014 785 illud
1050 746 1063 786 :
1100 753 1121 780 ‹ι
1157 732 1303 786 Beati
1335 732 1474 786 oculi
1496 733 1585 802 qui
1617 733 1800 789 vident
1829 749 1948 802 quae
1979 749 2078 788 vos
2184 737 2353 792 moria
2381 740 2565 794 mundi
2597 742 2772 811 hujus,
2797 745 2888 814 qui
2918 748 3084 803 oculis
3121 754 3371 808 occurrit.
3395 754 3556 823 Quod
3603 759 3680 812 ita
3707 757 3776 818 ﬁt.

475 829 668 886 videtis
722 828 904 898 (ἰδία.)
957 851 976 876 ι,
1043 829 1121 882 De
1176 830 1411 885 secunda
1471 849 1482 884 ε
1548 853 1568 877 ιι
1639 830 1853 885 Videbit
1899 832 2075 886 omnis
2181 841 2303 879 cum
2333 827 2775 886 mortiﬁcaticum
2797 834 3004 891 Christo
3021 837 3385 896 abelementis
3407 845 3572 913 hujus
3595 847 3774 900 mundi

472 934 600 974 caro
637 917 864 972 salutare
898 917 1016 972 Dei.
1049 919 1186 988 (Luc
1255 920 1356 986 tn).
1384 941 1405 965 »
1443 919 1522 975 De
1557 919 1746 974 tertia:
1787 943 1809 967 α
1845 920 2071 974 Videbi-
2180 925 2625 994 contemplemur,
2647 929 2937 984 secundum
2959 935 3280 1003 apostolum,
3297 938 3412 1006 jam
3451 957 3561 996 non
3581 958 3647 996 ea
3667 959 3778 1013 qua

480 1033 602 1071 mus
625 1031 746 1070 eum
780 1014 935 1070 sicuti
967 1023 1057 1070 est.
1113 1015 1164 1085 (Ι
1183 1016 1344 1071 Joan.
1405 1017 1508 1085 ιιι).
1547 1039 1569 1063 »
1610 1017 1784 1070 Prima
1812 1017 1946 1072 visio
1977 1017 2073 1072 du-
2180 1009 2445 1080 videnlur,
2468 1013 2560 1068 sed
2593 1031 2712 1083 qua:
2730 1033 2836 1071 non
2858 1019 3122 1076 videntur.
3154 1046 3176 1072 «
3210 1024 3344 1093 Quae
3365 1029 3511 1082 enim
3534 1030 3779 1086 videntur

471 1113 554 1161 rat
599 1103 835 1175 quandiu
865 1111 944 1158 est
974 1104 1133 1158 hodie
1181 1105 1456 1175 praesentis
1485 1104 1633 1159 vitze.
1676 1107 1734 1159 ln
1762 1107 1862 1160 hac
1893 1122 2066 1177 appa-
2179 1100 2490 1169 temporalia
2521 1109 2660 1168 sunt,
2687 1120 2806 1172 quae
2821 1114 2998 1161 autem
3047 1125 3154 1164 non
3195 1112 3446 1168 videntur
3477 1125 3684 1172 aeterna
3701 1119 3780 1188 (II

471 1203 577 1258 ruit
605 1202 822 1257 humilis
872 1210 925 1256 et
969 1201 1108 1270 pius,
1142 1201 1360 1256 dicens:
1400 1226 1421 1250 α
1485 1203 1672 1258 Venite
1702 1204 1768 1258 ad
1800 1221 1905 1270 me,
1941 1221 2065 1259 om-
2180 1195 2299 1249 ίῖον.
2333 1196 2407 1266 ν).
2439 1220 2461 1242 η
2490 1197 3011 1271 Ειθχευηιθεζοοιιᾶθ
3041 1206 3108 1261 de
3131 1209 3227 1263 hac
3252 1213 3535 1280 temporali
3568 1231 3634 1269 ac
3664 1217 3775 1270 visi-

469 1309 563 1348 nes
593 1293 681 1362 qui
715 1291 969 1346 laboratis
998 1290 1220 1360 (Matth.
1271 1294 1369 1360 ιι).
1418 1314 1438 1340 ι»
1494 1293 1607 1346 Hoc
1637 1301 1686 1347 et
1716 1293 1876 1347 hodie
1907 1294 2063 1346 simi-
2173 1283 2267 1337 bili
2296 1285 2459 1340 domo
2480 1286 2534 1340 in
2556 1287 2700 1341 illam
2725 1289 2777 1343 in
2801 1308 2905 1360 qua
2924 1297 3328 1370 sumusjugiter
3357 1302 3545 1357 oculos
3572 1314 3773 1360 nostros

469 1382 588 1435 liter
618 1381 746 1434 dicit
776 1378 1100 1434 hominibus.
1129 1382 1190 1432 In
1231 1381 1463 1434 secunda
1508 1381 1786 1451 apparebit
1818 1383 2065 1438 terribilis
2172 1381 2488 1444 mentesque
2515 1376 2821 1448 dirigimus.
2861 1380 3018 1449 Quod
3042 1391 3165 1440 tunc
3193 1387 3541 1458 implebimus
3571 1409 3692 1447 cum
3721 1395 3770 1449 in

467 1485 520 1532 et
533 1477 727 1546 justus.
761 1475 914 1531 Unde
942 1474 1135 1529 dicitur
1168 1493 1180 1530 :
1211 1498 1232 1522 α
1265 1475 1531 1531 Judicabit
1564 1479 1792 1548 populos
1822 1480 1874 1533 in
1900 1482 2064 1551 mqui-
2171 1487 2329 1526 came
2359 1473 2697 1529 δωδυιδηίθδ
2725 1493 2833 1531 Ποῖ)
2861 1481 3155 1536 secundum
3181 1501 3398 1541 carnem
3420 1488 3658 1545 mima-re
3678 1491 3773 1546 D0.

468 1573 590 1620 tate.
625 1565 801 1633 (Psal.
866 1565 1011 1631 xcv).
1072 1586 1094 1610 ι,
1147 1565 1206 1616 In
1267 1565 1418 1619 tertia
1472 1567 1742 1638 gloriosus
1771 1569 2057 1624 videbitur.
2170 1559 2318 1614 mino
2350 1563 3010 1633 eruperimusjuxtahocz
3056 1581 3235 1628 noster
3272 1583 3450 1630 autem
3475 1579 3771 1649 municipa-

463 1653 617 1709 Unde
639 1653 846 1707 canitur
869 1671 880 1706 :
916 1652 1190 1706 Gloriosus
1221 1653 1365 1707 Deus
1393 1653 1448 1706 in
1477 1656 1676 1709 sanctis
1714 1657 1855 1720 suis;
1901 1659 2062 1713 mira-
2089 1725 2133 1734 μ
2171 1656 2252 1702 lus
2279 1657 2357 1702 est
2385 1650 2438 1703 ίη
2467 1651 2636 1706 θωῘίε·
2671 1654 2767 1708 Ηίδ
2795 1655 2975 1725 itaque
3003 1659 3166 1715 ιτίδυε
3190 1663 3764 1734 θδΐθηυοιίᾶιίοηίδυε,

462 1750 587 1805 bilis
616 1751 666 1804 in
696 1749 976 1818 majestate
1006 1765 1119 1802 sua.
1169 1751 1228 1802 In
1279 1751 1454 1806 Prima
1482 1752 1627 1806 visus
1656 1761 1728 1807 est
1764 1771 1794 1808 a
1823 1755 1979 1810 bonis
2004 1776 2016 1811 t

2127 1729 2138 1781 ἶ
2171 1754 2223 1801 ιιι
2253 1750 2534 1818 prmfatum
2572 1759 2668 1820 est,
2693 1756 3019 1811 conveniunt
3076 1761 3293 1831 proprie
3324 1769 3428 1818 tres
3461 1765 3586 1820 libri
3621 1767 3769 1823 Salo-

461 1839 636 1908 malis,
667 1838 758 1893 sed
792 1854 896 1893 non
928 1838 996 1893 ab
1027 1837 1276 1892 omnibus
1318 1852 1330 1906 ;
1367 1839 1417 1893 in
1465 1842 1698 1897 secunda
1727 1843 1996 1899 videbitur
2024 1862 2056 1900 a
2164 1835 2358 1889 τηοηίε-
2391 1839 2529 1892 Nam
2565 1840 2862 1898 Proverbia
2897 1852 3147 1915 aptamur
3175 1849 3385 1918 prima.
3415 1853 3615 1922 ίῐυίδυε
3643 1873 3767 1911 COD-

457 1935 616 1990 bonis
643 1942 694 1991 et
733 1934 890 1988 malis
918 1933 1169 1988 omnibus
1209 1951 1223 1998 ;
1256 1935 1310 1988 in
1359 1937 1528 2002 tertia,
1562 1955 1592 1992 a
1622 1939 1778 1994 bonis
1824 1948 2049 2008 tantum,
2161 1925 2487 1995 θυρίδεθηίίίὶ
2537 1931 2832 1985 carnalium
2876 1949 3052 1989 rerum
3105 1953 3169 1992 ³ο
3220 1946 3428 1996 terrena
3471 1943 3604 1998 Vilia
3631 1961 3766 2000 rese-

467 2024 592 2095 quia
638 2039 748 2079 non
801 2023 1062 2078 videbunt
1106 2023 1234 2076 mali
1291 2027 1575 2081 essentiam
1625 2029 1867 2084 Deitatis.
1900 2030 2052 2086 Unde

459 2126 715 2199 scriptum
747 2133 859 2182 est:
889 2149 910 2174 ο
975 2125 1212 2179 Tollatur
1266 2126 1483 2196 impius,
1519 2147 1584 2185 ne
1614 2131 1793 2186 videat
1819 2133 2049 2204 gloriam

451 2225 576 2280 Dei,
621 2248 641 2272 υ
677 2226 738 2278 lu
769 2223 943 2295 prima
989 2223 1069 2276 sui
1117 2222 1320 2279 visione
1348 2227 1609 2280 Dominus
1656 2235 1733 2281 est
1785 2238 2052 2285 corrector

454 2329 666 2368 morum
723 2312 906 2366 dicens
938 2330 950 2366 :
1019 2334 1038 2358 α
1076 2310 1272 2366 Discite
1329 2329 1359 2366 a
1388 2331 1474 2368 me
1507 2317 1630 2384 quia
1678 2316 1820 2370 mitis
1849 2335 1964 2372 sum
1998 2326 2050 2373 et

451 2409 672 2466 humilis
702 2409 861 2464 corde
891 2409 1110 2477 (Matth.
1145 2414 1219 2476 χι)
1247 2424 1259 2477 ;
1290 2430 1310 2458 ι
1349 2419 1397 2464 et
1429 2411 1482 2465 in
1504 2415 1765 2483 prepheta
1799 2431 1811 2469 :
1852 2440 1871 2462 α
1909 2417 2049 2470 Con-

447 2498 715 2554 vertimini
739 2497 806 2553 ad
827 2515 931 2565 me,
951 2506 1000 2553 et
1022 2499 1152 2554 salvi
1178 2501 1322 2555 eritis
1342 2499 1471 2566 (lsa.
1496 2505 1644 2571 va).
1685 2527 1706 2548 ιο
1733 2505 1790 2556 In
1812 2506 2046 2561 secunda

447 2596 706 2651 discretor
759 2596 1069 2650 meritorum
1134 2607 1232 2659 est.
1293 2599 1478 2653 dicens
1539 2599 1730 2655 bonis:
1774 2625 1793 2648 u
1833 2603 2040 2670 Venite,

446 2684 715 2741 benedicti
745 2685 970 2755 (Matth.
1012 2702 1164 2750 μιν).
1203 2711 1224 2736 ιι
1250 2687 1405 2742 Malis
1431 2704 1556 2742 vero
1592 2708 1602 2742 :
1635 2711 1654 2737 α
1682 2692 1760 2744 Ite
1783 2690 1837 2744 in
1859 2691 2041 2763 ignem

452 2782 712 2830 aeternum
769 2774 975 2845 (ibid.).
1015 2797 1036 2823 η
1071 2777 1130 2830 In
1186 2777 1341 2831 tertia
1388 2775 1700 2832 distributor
1750 2779 1850 2834 erit
1895 2799 2040 2851 prte-

445 2872 676 2928 miorum
707 2889 803 2943 pro
842 2873 1151 2929 diversitate
1200 2891 1432 2939 morum,
1467 2875 1593 2945 quia
1623 2877 1776 2931 stella
1805 2877 1981 2933 differt
2010 2896 2040 2935 a

436 2963 593 3018 stella
623 2962 676 3016 in
699 2961 941 3017 claritate
969 2962 1027 3033 (Ι
1068 2962 1194 3019 Cor.
1229 2963 1342 3033 xv).
1379 2963 1644 3018 Omnibus
1669 2973 1846 3020 tamen
1878 2984 2036 3022 com-

2163 2029 2382 2088 cantur;
2432 2025 2702 2093 secundae,
2763 2028 3134 2102 Ecclesiastes,
3187 2034 3277 2088 ubi
3344 2038 3597 2095 universa
3644 2059 3763 2112 quae

2160 2119 2392 2181 aguntur
2456 2113 2555 2167 sub
2612 2115 2725 2170 sole
2779 2119 2989 2174 vanitas
3024 2125 3438 2190 pronuntiantur
3481 2143 3494 2194 ;
3569 2131 3758 2196 tertiae,

2161 2201 2436 2255 Canticum
2467 2203 2814 2272 canticorum,
2847 2207 2902 2261 in
2931 2225 3037 2279 quo
3085 2228 3238 2267 mens
3286 2215 3519 2272 visibilia
3569 2229 3759 2274 cuncta

2159 2299 2538 2354 transcendens
2567 2302 2732 2357 verbo
2757 2304 2874 2373 jam
2921 2307 3019 2361 Dei
3076 2324 3253 2364 rerum
3284 2321 3608 2369 antemarum
3640 2334 3758 2372 con‘

2158 2388 2502 2457 templatione
2530 2391 2894 2464 conjungitur.
2927 2396 3065 2451 Nam
3113 2409 3363 2470 superata
3395 2403 3550 2459 tellus
3579 2407 3753 2462 sidera

2155 2483 2336 2538 donat.
2373 2485 2518 2540 Felix
2551 2504 2681 2559 ergo
2713 2491 2801 2559 qui
2846 2493 3018 2560 potuit
3048 2494 3174 2549 boni
3213 2497 3414 2553 fontem
3454 2502 3630 2557 visere
3676 2505 3753 2558 lu-

2154 2573 2357 2626 cidum.
2397 2574 2552 2642 Quod
2605 2578 2780 2633 facere
2829 2581 2972 2635 valet
3026 2599 3197 2649 mens,
3249 2587 3318 2640 ab
3349 2587 3534 2645 illicito
3566 2609 3751 2649 amore

2153 2664 2362 2732 penitus
2391 2681 2542 2732 pura.
2576 2667 2714 2720 Nam
2755 2678 2971 2724 econtra
3000 2673 3089 2741 qui
3122 2681 3407 2731 tartareum
3448 2679 3504 2733 in
3534 2698 3746 2752 specus,

2150 2759 2350 2814 scilicet
2397 2761 2450 2814 in
2508 2778 2747 2817 amorem
2805 2769 3178 2836 temporalium
3213 2774 3385 2828 victus
3430 2776 3636 2832 lumina
3667 2779 3749 2835 tle-

2150 2848 2304 2911 xerit,
2339 2849 2597 2919 quidquid
2637 2855 2964 2923 prmcipuum
3012 2860 3170 2914 trahit
3215 2863 3410 2932 perdit,
3441 2867 3570 2921 dum
3605 2869 3749 2924 videt

2148 2937 2366 2992 inferos.
2401 2938 2503 3006 Qui
2534 2940 2677 2994 enim
2727 2943 2958 2999 intentus
3007 2956 3088 3001 est
3118 2953 3521 3021 temporalibus,
3553 2958 3748 3013 amittit

438 3051 621 3106 munis
676 3050 861 3106 laetitia
917 3051 1034 3116 erit,
1069 3052 1166 3106 etsi
1221 3052 1403 3125 dispar
1447 3053 1780 3126 singulorum
1811 3057 1985 3127 gloria

2147 3035 2404 3105 quidquid
2443 3036 2573 3091 boni
2620 3040 2960 3108 acquisierat.
3015 3045 3326 3114 Enimvero,
3385 3053 3526 3107 heu!
3576 3056 3748 3110 noctis

436 3155 537 3196 nec
566 3140 665 3195 erit
694 3140 846 3195 labor
873 3139 929 3193 in
958 3139 1244 3208 desiderio,
1296 3158 1395 3196 nec
1451 3142 1503 3195 in
1569 3144 1842 3200 saturitate
1891 3146 2037 3200 fasti-

432 3237 604 3305 dium,
627 3239 754 3309 quia
785 3247 911 3294 tunc
930 3255 1037 3294 non
1069 3247 1208 3294 esset
1237 3239 1533 3311 perfectum
1563 3240 1793 3296 bonum.

498 3347 656 3401 Juxta
686 3348 782 3401 has
843 3355 946 3400 tres
992 3347 1226 3402 visiones
1264 3347 1458 3402 dieitur
1500 3347 1642 3402 idem
1694 3350 1808 3404 Rex
1837 3358 1890 3406 et
1915 3352 2032 3408 Do-

429 3435 607 3489 minus
635 3443 816 3490 noster
869 3437 1019 3490 Jesus
1076 3435 1314 3490 Christus
1355 3437 1522 3491 tribus
1551 3436 1860 3493 nomihibus
1908 3457 2030 3513 my-

434 3521 564 3576 stice
594 3523 890 3594 appellari:
928 3523 1206 3589 Salomon,
1248 3525 1616 3592 Ecclesiastes,
1665 3526 1836 3582 ldida.
1868 3528 2030 3585 Salo-

428 3635 579 3689 mon,
613 3620 666 3673 id
697 3628 774 3674 est
804 3619 1076 3688 pacificus,
1111 3622 1236 3690 quia
1266 3622 1319 3675 in
1370 3622 1544 3692 prima
1589 3623 1792 3679 visione
1837 3643 2026 3695 pacem

426 3707 555 3761 fecit
583 3708 720 3762 inter
748 3709 919 3762 Deum
952 3716 1004 3761 et
1050 3709 1312 3779 homines,
1348 3710 1484 3765 inter
1511 3713 1736 3782 angelos
1780 3721 1832 3768 et
1856 3716 2026 3769 homi-

424 3811 547 3851 nes.
590 3797 740 3851 Unde
788 3797 917 3851 dicit
946 3798 1232 3867 Apostolus
1265 3817 1276 3852 :
1315 3821 1335 3844 ιι
1393 3798 1682 3854 Paciﬁcans
1716 3818 1822 3856 non
1849 3805 2023 3858 solum

425 3901 546 3955 quin
591 3885 643 3939 in
699 3882 856 3950 terra,
901 3885 996 3939 sed
1055 3886 1214 3940 etiam
1269 3903 1388 3956 quae
1437 3887 1491 3940 in
1533 3889 1684 3942 coelis
1740 3899 1862 3946 sunt
1900 3893 2020 3960 (Co-

425 3975 553 4031 loss.
591 3977 651 4046 l).
688 3997 710 4022 ι»
762 3973 1129 4042 Ecclesiastes,
1178 3975 1234 4029 id
1280 3983 1360 4031 est
1403 3977 1768 4045 concionator,
1802 3981 1927 4050 quia
1965 3983 2019 4037 iu

417 4063 653 4119 secunda
681 4064 760 4118 sui
794 4063 998 4120 visione
1029 4064 1342 4120 concionem
1385 4073 1438 4120 et
1476 4065 1839 4124 diversitatem
1875 4087 2016 4142 gen-

419 4160 551 4215 tium
607 4161 980 4233 congregabit.
1041 4161 1213 4229 Idida,
1273 4161 1328 4216 id
1383 4170 1460 4218 est
1515 4163 1757 4232 dilectus,
1809 4169 1932 4238 quia
1960 4169 2016 4223 in

419 4249 572 4304 tertia
600 4257 927 4322 cognoscent
955 4251 1124 4305 sancti
1180 4251 1451 4320 quomodo
1481 4252 1644 4307 Filius
1689 4255 1878 4328 diligat
1906 4258 2014 4312 Pa-

411 4347 549 4392 trem
579 4346 633 4393 et
688 4336 944 4410 diligatur
989 4355 1021 4393 a
1079 4338 1251 4408 Patre,
1308 4357 1430 4395 cum
1463 4341 1737 4397 tradiderit
1781 4361 2007 4417 regnum

2147 3139 2315 3194 prope
2374 3126 2632 3181 terminos
2701 3127 2949 3200 Orpheus
3011 3134 3312 3208 Erudycem
3381 3157 3535 3196 suam
3591 3145 3741 3212 vidit,

2146 3212 2398 3283 perdidit,
2415 3213 2626 3270 occidit.
2645 3215 2785 3272 Nam
2805 3219 2928 3274 inde
2948 3238 3158 3278 summe
3179 3225 3473 3283 dolendum
3497 3240 3597 3297 est,
3621 3249 3741 3287 cum

2143 3311 2433 3380 aliquando
2481 3314 2696 3385 sapiens
2743 3323 2796 3372 et
2833 3319 3091 3389 eloquens
3137 3325 3405 3396 quispiam
3445 3330 3646 3385 multos
3673 3332 3740 3386 ad

2135 3399 2396 3468 justitiam
2445 3404 2711 3459 convertit
2757 3407 3118 3476 praedicando,
3153 3414 3246 3468 sed
3278 3415 3390 3486 ipse
3422 3421 3643 3490 propria
3671 3421 3743 3474 vi-

2139 3497 2255 3544 ctus
2303 3489 2358 3544 in
2393 3493 2824 3562 concupiscentia
2858 3497 3015 3564 perit,
3046 3501 3170 3569 quia
3205 3501 3333 3557 dum
3383 3505 3451 3559 ad
3504 3489 3740 3564 terrenas

2135 3587 2453 3655 cupiditates
2509 3591 2744 3660 respicit,
2798 3609 2930 3661 quas
2994 3612 3132 3666 pene
3191 3611 3486 3670 spreverat,
3553 3609 3738 3662 omnia

2134 3676 2278 3730 bona
2326 3693 2446 3746 quas
2494 3686 2681 3749 egerat
2737 3682 2934 3751 perdit,
2975 3694 3026 3739 et
3055 3687 3168 3756 ipse
3198 3689 3395 3745 occidit.
3422 3692 3491 3746 de
3521 3711 3735 3751 summa

2132 3765 2352 3820 rationis
2390 3766 2459 3820 ad
2508 3767 2616 3821 ima
2640 3776 2990 3827 terrenorum.
3033 3775 3186 3830 Unde
3217 3777 3412 3833 dicitur
3438 3779 3731 3854 Orphteus,

2131 3863 2279 3930 quasi
2311 3879 2470 3918 aurea
2501 3866 2684 3933 phone
2713 3861 2921 3942 [amvi],
2961 3871 3017 3924 id
3055 3881 3134 3928 est
3167 3875 3372 3944 optima
3397 3894 3528 3933 vox.
3560 3881 3734 3952 Hujus

2129 3951 2326 4020 conjux
2349 3960 2429 4007 est
2447 3954 2752 4025 Eurydices,
2800 3959 2852 4012 id
2883 3968 2962 4015 est
2980 3963 3238 4017 naturalis
3258 3951 3719 4039 concupiscentia.

2128 4049 2416 4119 Eurydices
2462 4068 2656 4124 nempe
2693 4054 2884 4111 dicitur
2910 4057 3039 4114 boni
3081 4059 3364 4130 judicatio,
3407 4066 3536 4134 quia
3581 4070 3726 4139 quod

2125 4147 2348 4218 quisque
2375 4147 2581 4218 judicat
2626 4149 2851 4222 bonum,
2894 4154 3006 4212 sive
3054 4155 3127 4212 ita
3164 4158 3231 4212 sit
3257 4160 3370 4215 sive
3402 4179 3513 4218 non
3549 4166 3639 4233 sit,
3674 4167 3723 4222 i:l

2120 4238 2467 4306 concupiscit.
2491 4237 2830 4311 Quapropter
2862 4242 3111 4300 festinare
3140 4246 3422 4318 debemus,
3456 4260 3517 4307 ut
3537 4270 3723 4324 quem-

2119 4325 2411 4381 admodum
2432 4343 2657 4397 corpore
2675 4338 2915 4398 petentes
2936 4335 3406 4404 patriam,divitias
3425 4342 3614 4398 mundi
3637 4343 3720 4398 de

404 4435 521 4490 Deo
553 4441 605 4490 et
626 4436 784 4502 patri,
811 4444 863 4490 ει
897 4437 1010 4507 ipse
1059 4437 1158 4492 erit
1204 4437 1385 4493 omnia
1432 4438 1485 4492 in
1515 4441 1765 4496 omnibus
1792 4442 1849 4514 (ι
1876 4445 1995 4502 σον,
2031 4443 2082 4507 D
2115 4424 2390 4494 speximus
2417 4424 2843 4498 voluptatesque,
2885 4429 2958 4485 ita
2987 4432 3147 4487 etiam
3189 4436 3351 4492 corde
3382 4439 3502 4494 haec
3534 4443 3719 4495 omnia

405 4525 524 4595 xv).
557 4524 820 4579 Praeterea
852 4524 1148 4580 notandum
1203 4527 1346 4596 quod
1401 4527 1484 4582 his
1533 4529 1698 4584 tribus
1731 4531 1880 4587 libris
1909 4535 1998 4604 qui

402 4620 740 4676 intitulantur
790 4641 801 4677 :
864 4622 1155 4678 Proverbia
1236 4624 1560 4694 Salomonis,
1626 4627 1994 4700 Ecclesiastes,

405 4710 684 4767 Canticum
732 4711 1096 4775 Canticorum,
1154 4720 1476 4768 annotantur
1513 4720 1618 4770 tres
1647 4717 1995 4776 abrenuntia-

405 4799 599 4856 tiones.
631 4799 870 4870 Quarum
901 4801 1077 4869 prima
1121 4809 1219 4870 est,
1252 4819 1357 4872 qua
1395 4805 1745 4875 corporaliter
1771 4809 1993 4866 univer-

396 4909 482 4950 sas
509 4896 725 4953 divitias
754 4896 939 4951 mundi
996 4896 1379 4968 facultatesque
1431 4904 1862 4975 contemminus;
1912 4925 1994 4964 se-

397 4985 590 5054 cunda,
659 5001 765 5056 qua
829 5002 1007 5041 mores
1067 5003 1130 5042 ac
1184 4987 1315 5044 vitia
1355 4987 1682 5062 affectusque
1738 4995 1993 5063 pristinos

395 5075 562 5130 animi
590 5074 871 5145 carnisque
899 5075 1236 5147 respuimus;
1291 5078 1462 5147 tertia,
1495 5096 1601 5149 qua
1630 5091 1865 5139 mentem
1897 5103 1992 5142 no-

393 5178 557 5226 stram
595 5172 664 5228 de
700 5173 1054 5242 praesentibus
1100 5175 1362 5230 universis
1406 5192 1469 5232 ac
1513 5179 1815 5237 visibilibus
1859 5201 1988 5242 evo-

2104 4521 2483 4591 relinquentes,
2509 4523 2653 4578 nulla
2672 4541 2850 4580 rursus
2862 4527 2928 4581 ad
2941 4529 3074 4600 haec,
3091 4547 3210 4600 quae
3231 4531 3550 4600 disimimus,
3576 4554 3714 4593 con-

2105 4611 2430 4681 cupiscentia
2450 4620 2799 4668 revertamur.
2826 4615 2932 4671 Sed
2956 4633 3062 4673 non
3084 4621 3324 4690 proderit
3345 4624 3578 4694 primam
3612 4628 3710 4681 ab-

2103 4712 2550 4767 renuntiatiouem
2574 4729 2694 4768 cum
2716 4731 2927 4771 summa
2957 4717 3244 4775 devotione
3273 4719 3398 4776 ﬁdei
3435 4728 3709 4797 suscepis-

2101 4826 2176 4875 se,
2198 4810 2238 4864 si
2260 4811 2548 4865 secundam
2568 4827 2675 4866 non
2695 4813 2887 4869 eodem
2908 4815 3149 4871 studio'et
3169 4817 3358 4874 ardore
3373 4820 3668 4890 implemus
3694 4845 3706 4879 :

2101 4907 2152 4955 et
2171 4900 2244 4954 ita
2265 4917 2386 4954 cum
2409 4900 2569 4954 etiam
2593 4902 2729 4956 hanc
2750 4903 3008 4959 fuerimus
3035 4905 3259 4977 indepti,
3295 4909 3363 4964 ad
3381 4909 3529 4965 illam
3562 4927 3707 4982 quo-

2101 5013 2202 5068 que
2223 4999 2429 5054 tertiam
2449 5000 2728 5071 pervenire
2748 5002 3039 5073 poterimus
3063 5024 3075 5060 :
3111 5021 3215 5076 qua
3233 5010 3433 5079 egressi
3457 5010 3525 5065 de
3537 5011 3706 5068 domo

2098 5087 2290 5158 prioris
2308 5089 2471 5143 nostri
2506 5091 2740 5160 parentis
2762 5107 2979 5147 omnem
3003 5095 3196 5150 mentis
3220 5096 3466 5152 intuitum
3488 5099 3558 5154 ad
3580 5116 3702 5156 caa-

2095 5185 2246 5240 lestia
2275 5185 2636 5242 deﬂectemus.
2689 5188 2859 5258 Hujus
2890 5191 3058 5247 tertia;
3087 5193 3572 5252 abrenuntiationis
3601 5216 3699 5254 ve.

389 5283 593 5335 eamus,
645 5277 698 5324 et
746 5271 922 5326 futura
950 5273 1326 5328 santummodo
1356 5278 1803 5350 contemplemur,
1844 5292 1896 5339 et
1923 5302 1986 5341 ea

394 5371 515 5426 qua:
543 5364 664 5410 sunt
693 5359 982 5415 invisibilia
1027 5362 1473 5432 concupiscimus.
1529 5364 1662 5434 Qua
1691 5370 1792 5425 tria
1821 5374 1981 5430 etiam

385 5445 616 5500 Abraha
646 5446 906 5501 Dominus
951 5451 1223 5521 pmcepit,
1274 5468 1396 5507 cum
1443 5453 1642 5511 diceret
1675 5477 1686 5512 :
1725 5482 1747 5506 α
1780 5461 1882 5515 Exi
1913 5464 1981 5521 de

380 5547 525 5597 terra
555 5548 646 5596 tua
664 5549 719 5597 et
743 5542 812 5599 de
839 5545 1159 5616 cognatione
1201 5556 1288 5604 tua
1318 5557 1370 5604 et
1398 5551 1467 5605 de
1507 5551 1670 5610 domo
1709 5558 1874 5627 patris
1904 5562 1978 5617 tui

379 5630 544 5700 (Gen.
576 5633 702 5702 nt).
737 5653 760 5681 υ
793 5631 1033 5686 Primum
1056 5633 1192 5690 dixit
1226 5637 1338 5691 «de
1369 5646 1509 5694 terra
1540 5647 1647 5710 tua,
1677 5665 1698 5694 ι»
1736 5647 1789 5701 id
1811 5657 1889 5704 est
1909 5650 1976 5706 de

376 5717 720 5778 facultatibus
765 5718 954 5775 mundi
981 5719 1142 5791 hujus
1187 5724 1545 5797 operibusque
1595 5735 1834 5791 terrenis.
1879 5738 1974 5797 Se-

2092 5299 2207 5339 ram
2240 5284 2624 5355 perfectionem
2660 5294 2782 5342 tunc
2811 5289 3139 5345 merebimur
3176 5293 3437 5362 obtinere,
3473 5296 3698 5366 quando

2091 5389 2244 5427 mens
2272 5382 2469 5442 nostra,
2495 5375 2640 5430 nullo
2660 5392 2869 5432 carnea:
2893 5378 3235 5452 pinguedinis
3264 5382 3521 5439 habetata
3552 5401 3694 5441 con-

2090 5471 2254 5542 tagio,
2303 5471 2396 5526 sed
2446 5473 2780 5544 peritissimis
2836 5475 3295 5534 eliminationibus
3336 5481 3574 5554 expolita
3618 5482 3690 5539 ab

2087 5560 2233 5613 omni
2263 5559 2453 5616 affectu
2485 5569 2536 5618 et
2573 5563 2825 5632 qualitate
2864 5573 3094 5633 terrena,
3147 5584 3244 5640 per
3291 5569 3686 5628 indesinentem

2084 5657 2386 5714 divinarum
2443 5676 2622 5716 rerum
2694 5660 3082 5720 mediationem
3132 5667 3463 5740 spiralesque
3523 5674 3684 5730 theo-

2079 5747 2188 5802 rias
2215 5748 2285 5804 ad
2313 5749 2406 5804 illa
2436 5749 2729 5808 invisibilia
2760 5751 3041 5809 transierit.
