3972 6076
181 252 294 306 “25

704 371 849 427 Item
877 371 942 426 de
973 369 1182 426 eodem.

241 483 258 514 ι
281 459 619 535 Egredimini,
652 458 774 515 filia:
794 459 947 525 Sion,
989 466 1047 513 ut
1075 457 1264 512 videre
1290 454 1514 527 possitis
1542 469 1733 527 regem

175 551 487 608 Salomonem
519 550 707 620 (Cant.
741 554 844 619 tu).
884 571 904 596 ρ
930 547 1085 604 Unde
1115 546 1317 602 dictum
1349 552 1432 600 est
1460 545 1730 600 Abrahze:

177 667 197 698 ι
236 646 497 718 Egredere
534 644 602 700 de
625 652 776 698 terra
818 651 930 710 tua,
985 651 1039 697 et
1077 642 1145 697 de
1177 639 1502 713 cognatione
1542 646 1649 705 tua,
1681 645 1735 694 et

173 734 232 791 de
253 735 401 792 domo
429 733 602 806 patris
632 732 708 788 tui
730 733 897 803 (Gen.
936 731 1060 800 xu).
1108 750 1128 783 ι
1189 731 1352 785 Terra
1382 729 1489 783 lata
1519 735 1570 783 et
1599 741 1734 798 spa-

170 823 292 879 tiosa
321 844 332 879 :
361 825 480 880 hinc
501 829 584 878 est
613 819 1064 888 curiositas.Quaa
1094 820 1220 874 dum
1250 818 1356 873 late
1384 825 1620 890 vagatur
1635 831 1736 887 per

169 919 439 987 exteriora,
481 918 696 975 interim
749 918 1015 973 subintrat
1047 932 1275 987 serpens
1318 934 1330 970 :
1373 913 1605 987 porrigit
1629 929 1734 985 po-

170 1026 318 1077 mum,
352 1017 406 1064 et
460 1007 692 1080 subripit
744 1007 1080 1078 paradisum.
1131 1005 1272 1060 Dina
1327 1003 1462 1059 foris
1514 1004 1736 1058 inventa

168 1097 506 1170 corrumpitur
527 1097 691 1166 (Gen.
721 1094 934 1161 xxxxv).
968 1095 1048 1150 De
1077 1095 1181 1150 hac
1201 1091 1514 1148 curiositate
1544 1107 1739 1147 exeun-

165 1198 280 1253 dum
299 1205 391 1262 est,
431 1194 812 1253 conservando
851 1203 1106 1250 mentem.
1141 1193 1406 1265 Cognatio
1435 1201 1613 1247 autem
1653 1191 1734 1246 di-

165 1287 288 1342 citur
303 1285 546 1357 voluptas
576 1301 697 1354 quae
726 1283 886 1338 nobis
913 1283 1104 1338 innata
1123 1290 1206 1337 est
1233 1299 1263 1336 a
1282 1283 1457 1352 primo
1488 1289 1732 1351 parente,

165 1375 246 1446 qui
272 1375 583 1445 voluptuose
611 1373 781 1427 voluit
808 1372 993 1428 vivere
1021 1372 1142 1426 sine
1192 1370 1330 1441 jugo
1359 1369 1684 1426 obedientiaa
1719 1387 1733 1422 :

162 1472 226 1527 de
259 1473 352 1528 bac
388 1470 698 1527 exeundum
738 1477 836 1538 est,
881 1466 1261 1524 mortiﬁcando
1304 1481 1550 1522 carnem.
1630 1461 1737 1532 Qui

163 1560 424 1632 propriam
462 1559 656 1616 retinet
695 1558 1049 1622 voluntatem,
1092 1569 1305 1627 patrem
1343 1555 1503 1610 habet
1557 1554 1738 1609 diabo-

163 1650 303 1706 lum:
341 1650 431 1721 qui
459 1665 519 1704 se
578 1647 750 1704 voluit
789 1647 1015 1703 alterum
1047 1646 1231 1701 facere
1287 1643 1633 1714 principium,
1670 1642 1739 1698 de

1043 240 1632 300 DEFLOBATIONES
1662 242 1762 298 SS.
1796 240 2104 300 PATRUM.
2138 273 2204 283 -—
2251 242 2388 298 LIB.
2433 245 2500 298 ll.

3297 251 3432 303 Ηῒῦ

1758 367 1815 429 Α
1848 366 2050 433 siones,
2082 367 2291 423 scilicet
2319 376 2372 422 et
2402 369 2731 426 rationalem
2756 378 2810 426 et
2851 368 3211 440 corporalem,
3245 370 3433 442 plures

1842 471 2058 526 quoque
2087 457 2366 512 habebunt
2422 458 2783 514 beatitudines
2813 475 2975 530 quam
3024 458 3236 531 angeli.
3297 462 3431 515 Nam

1841 544 2024 617 angeli
2067 562 2163 616 per
2192 547 2295 601 hoc
2327 547 2501 602 solum
2559 549 2702 620 quod
2737 548 3027 603 rationales
3073 559 3215 617 sunt,
3277 549 3434 608 vide-

1843 637 1977 693 bunt
2008 639 2200 708 Deum,
2234 644 2540 698 secundum
2577 645 2722 716 quod
2743 644 2867 702 facti
2897 653 3020 700 sunt
3051 644 3122 700 ad
3141 645 3432 716 imaginem

1843 726 1962 782 Dei.
1995 728 2111 785 Hoc
2141 737 2345 797 autem,
2386 733 2532 804 quod
2562 733 2747 807 angeli
2805 733 2964 789 futuri
2995 734 3102 788 sint
3129 735 3429 807 digniores,

1844 816 2055 871 Veritas
2117 834 2223 873 non
2273 820 2576 891 pollicetur.
2659 825 2828 878 Porro
2885 823 2978 895 qui
3031 823 3136 878 hoc
3183 832 3435 880 asserunt

1843 913 1986 984 quod
2019 915 2301 985 carporeis
2323 919 2498 973 oculis
2527 919 2694 974 visuri
2727 920 2834 974 sint
2879 921 3051 976 Deum
3084 921 3350 988 homines,
3380 931 3438 977 ut

1843 1005 1992 1058 tanta
2021 1019 2112 1058 res
2145 1003 2224 1058 eis
2255 1007 2534 1073 credatur,
2574 1009 2850 1064 adducunt
2906 1009 3120 1065 beatum
3171 1011 3434 1084 Augusti-

1843 1107 1972 1146 num
2028 1091 2082 1145 in
2117 1094 2483 1150 testimonium
2513 1097 2602 1168 qui
2639 1098 2738 1152 hos
2785 1098 2864 1153 eis
2917 1099 3196 1154 affirmare
3225 1100 3440 1156 videtur

1844 1187 1899 1241 in
1928 1188 2115 1243 ultimo
2144 1189 2282 1245 libro
2314 1193 2390 1247 De
2423 1192 2642 1248 civitate
2670 1194 2792 1248 Dei.
2826 1195 2911 1249 Ait
2942 1211 3076 1268 ergo
3107 1196 3252 1251 finita
3284 1214 3435 1270 quaa-

1843 1277 2017 1332 stione
2051 1295 2210 1350 quam
2242 1290 2603 1351 proposuerat
2637 1283 2705 1336 dc
2759 1283 2859 1336 hoc
2892 1292 3070 1338 utrum
3103 1285 3272 1340 visuri
3329 1287 3437 1342 sint

1845 1366 2095 1420 homines
2127 1367 2300 1422 Deum
2325 1385 2424 1440 per
2454 1386 2677 1440 corpus,
2713 1371 2848 1426 sicut
2900 1372 3150 1427 videmus
3183 1373 3352 1430 solem
3385 1384 3439 1431 et

1843 1461 2021 1518 lunam
2055 1473 2107 1518 et
2137 1475 2332 1521 caetera
2363 1483 2612 1538 corpora,
2643 1485 2712 1523 an
2744 1484 2873 1524 non.
2926 1475 3030 1524 Aut
3060 1487 3214 1544 ergo,
3242 1472 3434 1544 inquit,

1845 1551 1922 1606 sic
1968 1569 2067 1622 per
2125 1553 2246 1609 illos
2291 1556 2478 1611 oculos
2553 1557 2821 1612 videbitur
2869 1559 3034 1624 Deus,
3093 1568 3150 1613 ut
3202 1560 3439 1617 habeant

1843 1639 2045 1712 aliquid
2074 1643 2128 1695 in
2173 1651 2322 1698 tanta
2372 1645 2698 1701 excellentia
2748 1647 2915 1701 menti
2959 1648 3160 1714 simile,
3205 1665 3311 1721 quo
3386 1659 3440 1706 et

161 1748 312 1803 domo
337 1749 453 1816 ejus
481 1747 796 1801 exeundum
826 1754 927 1809 est,
961 1743 1238 1814 propriam
1270 1742 1601 1798 voluntatem
1631 1740 1731 1795 de-
1760 1724 1814 1786 Β
1845 1725 2174 1808 incorporea
2215 1750 2411 1796 natura
2461 1751 2738 1812 cernatur,
2784 1747 2927 1815 quod
3003 1745 3127 1800 ullis
3172 1748 3436 1818 exemplis

159 1836 400 1907 ponendo
433 1849 447 1890 :
483 1835 612 1900 imo,
639 1842 696 1888 ut
723 1834 845 1888 aliis
879 1833 1062 1888 verbis
1115 1831 1327 1886 dicatur
1353 1831 1422 1885 de
1441 1845 1630 1894 cavea,
1662 1829 1732 1884 de

157 1940 384 1990 carcere,
437 1923 508 1978 de
537 1922 902 1993 compedibus.
950 1920 1268 1991 fugiendum
1307 1925 1418 1975 est.
1500 1917 1732 1972 Mundus

153 2023 338 2079 dicitur
367 2023 702 2093 captivorum
734 2029 788 2076 et
819 2019 1261 2075 redimendorum
1280 2033 1492 2073 carcer.
1553 2014 1730 2070 Infer-

151 2127 254 2166 nus
281 2127 465 2168 carcer
485 2119 568 2166 est
598 2109 936 2180 captivorum
965 2117 1018 2163 et
1046 2123 1155 2163 non
1185 2107 1600 2162 solvendorum.
1653 2106 1734 2160 De

154 2201 420 2256 mundano
448 2215 673 2256 carcere
711 2198 904 2254 liberat
935 2197 1220 2253 Dominus.
1280 2196 1434 2252 Unde
1489 2194 1686 2249 dicitur
1715 2210 1729 2248 :

156 2324 178 2348 α
212 2299 470 2356 Dominus
525 2298 792 2353 illuminat
837 2312 1014 2352 caecos
1046 2296 1222 2363 (Psal.
1256 2294 1416 2363 chv)
1448 2316 1469 2342 υ
1495 2293 1618 2347 illos
1649 2291 1732 2347 vi-

150 2389 335 2445 delicet
366 2403 501 2460 quos
530 2388 803 2442 mundana
819 2393 1130 2442 excaecant.
1168 2384 1344 2439 Cavea
1376 2390 1456 2437 est
1485 2396 1616 2437 caro
1637 2396 1733 2435 no-

147 2487 274 2545 stra,
349 2494 471 2549 qua:
525 2476 675 2532 elidit
718 2475 996 2530 animam:
1054 2473 1152 2528 sed
1198 2495 1220 2521 α
1255 2471 1520 2527 Dominus
1575 2469 1733 2541 erigit

147 2576 308 2632 elisos
339 2575 540 2644 (ibid.).
577 2595 598 2620 υ
631 2573 910 2643 Compede
943 2579 1156 2626 tenetur
1184 2570 1275 2641 qui
1323 2568 1602 2640 pr0priam
1632 2582 1731 2621 vo-

144 2664 399 2718 luntatem
427 2663 674 2734 sequitur
707 2680 718 2715 :
787 2660 1051 2715 Dominus
1080 2667 1257 2714 autem
1289 2658 1449 2712 solvit
1505 2669 1731 2725 compe-

143 2753 286 2808 ditos
315 2751 518 2821 (ibid.).
553 2750 743 2805 Videte
778 2765 958 2821 regem
984 2747 1350 2803 Salomonem.
1383 2745 1530 2800 Multi
1553 2745 1735 2798 vident

140 2869 352 2924 regem,
385 2851 484 2906 sed
507 2865 615 2906 non
646 2849 1021 2912 Salomonem,
1053 2847 1146 2918 qui
1172 2853 1369 2917 regunt
1399 2852 1452 2898 et
1476 2842 1734 2898 cohibent

139 2943 198 2997 in
230 2957 289 2997 se
320 2948 498 2996 motus
525 2939 766 3006 illicitos,
799 2947 853 2993 et
900 2945 1079 2992 tamen
1139 2935 1265 2990 odio
1299 2933 1498 2988 habent
1542 2931 1732 3002 proxi-

139 3047 288 3087 mos.
325 3030 416 3086 Sic
445 3043 746 3084 econverso
773 3025 925 3081 multi
955 3025 1320 3087 Salomonem,
1354 3022 1451 3076 sed
1482 3037 1591 3076 non
1635 3035 1726 3074 re-

135 3145 268 3202 gem
297 3128 498 3192 vident,
533 3125 624 3197 qui
677 3140 871 3196 pacem
909 3130 1198 3178 servantes
1256 3121 1383 3175 vitia
1411 3135 1518 3175 non
1548 3117 1728 3174 corri-

133 3227 302 3292 gunt.
339 3216 424 3270 Illi
453 3231 640 3286 regem
680 3221 733 3268 et
787 3211 1137 3268 Salomonem
1185 3209 1372 3264 vident
1430 3207 1522 3279 qui
1552 3215 1730 3262 motus

132 3320 340 3378 pravos
362 3305 744 3374 comprimunt,
787 3308 840 3355 et
897 3299 967 3354 ab
997 3298 1122 3353 odio
1166 3303 1404 3352 cessant.
1444 3318 1465 3343 «
1502 3296 1561 3348 In
1610 3294 1724 3349 dia-

132 3405 357 3459 demate
381 3417 489 3474 quo
520 3398 805 3456 coronavit
835 3414 956 3452 eum
987 3404 1164 3451 mater
1210 3410 1309 3449 sua
1340 3394 1534 3463 (Cant.
1574 3395 1684 3461 Ill).
1704 3413 1725 3442 ι

127 3493 259 3547 Tria
291 3500 416 3546 sunt
462 3490 576 3545 veri
625 3487 930 3544 Salomonis
987 3485 1336 3539 diademata:
1389 3484 1564 3538 Unum
1624 3497 1731 3552 quo

127 3580 420 3638 coronavit
450 3596 571 3635 eum
600 3579 806 3643 Judaea,
847 3577 994 3648 quod
1025 3583 1106 3630 est
1136 3571 1523 3628 misericordiae
1553 3586 1728 3642 quan-

125 3691 245 3738 tum
276 3680 345 3735 ad
376 3679 548 3744 illum,
579 3694 685 3732 non
719 3684 979 3748 quantum
1011 3673 1079 3728 ad
1107 3673 1349 3727 Judazos.
1391 3671 1501 3724 Hoc
1534 3669 1630 3723 fuit
1661 3669 1728 3723 de

121 3766 327 3839 spinis.
353 3765 532 3836 Spinze
562 3762 869 3835 significant
911 3767 1136 3830 peccata
1167 3757 1360 3826 quibus
1414 3755 1725 3826 pungimur.

120 3858 260 3911 Haec
291 3856 407 3926 ipse
439 3851 690 3924 portavit,
751 3865 860 3904 non
893 3865 992 3918 per
1021 3846 1428 3918 experientiam,
1479 3845 1574 3898 sed
1629 3860 1729 3914 per

119 3953 601 4024 compassionem.
659 3947 814 4003 Unde
870 3945 999 4001 dicit
1030 3946 1336 4015 propheta:
1393 3966 1414 3990 ι
1469 3941 1730 4013 Ipselan-

116 4058 336 4117 guores
371 4049 589 4096 nostros
619 4037 758 4103 tulit,
819 4044 869 4090 et
899 4042 1124 4105 peccata
1157 4041 1344 4088 nostra
1375 4033 1495 4103 ipse
1553 4040 1728 4102 porta-

113 4133 204 4189 vit
257 4132 392 4201 (Isa.
425 4134 566 4197 Litt).
611 4149 632 4175 ι»
668 4124 984 4181 Secundum
1023 4131 1106 4178 est
1163 4138 1419 4178 carneum
1452 4121 1725 4190 diadema,

114 4247 235 4305 quo
272 4225 565 4285 coronavit
613 4239 740 4279 eum
773 4222 941 4276 Maria
987 4229 1166 4275 mater
1197 4237 1314 4288 sua,
1348 4218 1403 4273 in
1451 4234 1560 4290 quo
1589 4217 1727 4273 atie-

111 4321 348 4378 ctiones
380 4325 594 4372 nostras
616 4312 828 4368 habuit.
860 4311 1104 4365 Tertium
1136 4317 1216 4364 est
1247 4308 1491 4362 diadema
1517 4307 1729 4379 gloriae,

111 4424 234 4482 quo
267 4404 559 4463 coronavit
587 4418 710 4458 eum
742 4401 900 4455 Pater
955 4415 1086 4452 suus
1124 4398 1406 4452 sedentem
1437 4397 1504 4449 ad
1535 4395 1728 4451 dexte-

105 4522 244 4564 ram
278 4519 441 4559 suam
472 4520 485 4556 :
519 4500 674 4556 Unde
705 4496 1006 4570 Apostolus
1038 4513 1051 4549 :
1092 4495 1378 4550 «Videmus
1401 4493 1589 4547 Jesum
1613 4509 1726 4564 pro-

103 4605 244 4669 pter
275 4592 592 4666 passionem
650 4587 840 4643 mortis
869 4585 1046 4658 gloria
1087 4590 1143 4639 et
1175 4584 1378 4639 honore
1403 4589 1726 4638 coronatum

101 4685 324 4757 (Hebr.
361 4685 444 4751 it).
478 4703 498 4728 ιι
528 4680 593 4734 Ει
623 4677 674 4731 in
707 4676 917 4748 psalmo
952 4689 964 4729 :
1003 4697 1025 4722 α
1063 4673 1247 4730 Gloria
1288 4681 1340 4728 et
1370 4673 1574 4728 honore
1629 4687 1726 4728 co-

101 4779 336 4838 ronasti
367 4795 494 4835 eum
521 4776 698 4849 (Psal.
727 4776 871 4843 vm).
890 4796 913 4821 »

1760 3074 1809 3138 C

1754 4430 1808 4492 D

98 4902 190 4956 De
225 4914 295 4954 eo
327 4895 473 4969 quod
502 4892 771 4969 nonnulli
800 4889 1216 4969 inconsiderate
1244 4888 1728 4969 afﬁrmantjustqs

186 4973 258 5025 in
314 4960 516 5038 futuro
550 4965 658 5038 Dei
685 4979 925 5038 regnum
961 4963 1156 5038 __[)eum
1198 4960 1416 5015 visuros
1447 4960 1725 5031 corporeis

183 5033 408 5098 oculis.
439 5039 514 5093 De
545 5034 723 5092 verbis
755 5033 1080 5102 Augustini.

182 5172 443 5242 Quidam
486 5167 806 5242 promittunt
835 5165 1012 5232 nobis,
1044 5164 1154 5219 imo
1185 5163 1312 5232 sibi,
1347 5163 1489 5235 quod
1513 5163 1724 5219 beatio-

93 5287 205 5327 res
240 5266 442 5340 angeli
466 5266 574 5320 sint
629 5261 813 5328 futuri,
866 5269 1176 5316 asserentes
1220 5259 1367 5331 quod
1409 5275 1519 5314 non
1548 5260 1726 5314 solum

89 5375 214 5432 per
281 5357 398 5412 hoc
426 5354 571 5427 quod
602 5350 772 5408 creati
819 5357 944 5404 sunt
973 5348 1042 5402 ad
1073 5349 1365 5420 imaginem
1409 5348 1528 5414 Dei,
1561 5347 1726 5405 visuri

91 5455 244 5504 sunt
280 5446 486 5509 Deum,
517 5444 655 5498 sicut
706 5439 889 5510 angeli
937 5437 1081 5492 beati
1130 5437 1316 5493 vident
1372 5438 1568 5506 Deum,
1627 5437 1728 5492 sed

90 5548 292 5604 etiam
327 5559 428 5616 per
455 5555 753 5612 corporeos
808 5537 1003 5594 oculos
1059 5536 1112 5591 in
1145 5538 1415 5610 spirituali
1461 5553 1716 5609 corpore.

90 5634 287 5706 Quod
319 5633 373 5689 si
427 5645 619 5688 verum
649 5627 830 5697 fuerit,
889 5627 1014 5698 quia
1044 5627 1178 5682 visio
1223 5628 1325 5684 Dei
1353 5638 1437 5682 est
1465 5635 1728 5683 creatum

89 5721 418 5782 rationalis
449 5718 744 5784 beatitudo,
776 5716 921 5772 sicut
945 5714 1132 5788 plures
1177 5716 1454 5774 habebunt
1483 5715 1586 5772 Dei
1642 5715 1728 5773 vi-

1840 1826 1954 1881 sive
1985 1827 2386 1898 Scripturarum
2436 1831 2758 1886 testimoniis
2805 1833 3107 1888 divinarum
3141 1837 3222 1891 vel
3281 1835 3433 1891 diffi-

1841 1915 1943 1970 cile
1999 1925 2082 1971 est
2119 1917 2201 1972 vel
2233 1918 2572 1989 impossibile
2628 1921 2944 1977 ostendere.
3010 1924 3152 1980 Ecce
3183 1925 3343 1980 audis
3364 1926 3432 1982 ab

1841 2014 2148 2084 Augustino
2173 2016 2319 2087 quod
2348 2017 2690 2088 impossibile
2713 2019 2782 2073 sit
2834 2020 3128 2077 ostendere
3149 2039 3214 2076 ex
3238 2022 3437 2078 divinis

1844 2101 2138 2171 Scripturis
2169 2105 2315 2174 quod
2345 2105 2494 2160 Deus
2524 2105 2577 2160 in
2615 2107 2794 2163 futuro
2816 2110 3093 2179 corporeis
3123 2109 3295 2166 oculis
3349 2112 3436 2167 vi-

1842 2189 2051 2256 deatur,
2088 2199 2140 2246 et
2169 2200 2227 2246 tu
2259 2192 2394 2248 dicis
2422 2210 2542 2249 eum
2573 2193 2849 2252 affirmare
2880 2199 2983 2253 lioc
3014 2198 3157 2269 quod
3187 2198 3309 2270 ipse
3330 2217 3431 2256 ne-

1841 2295 1935 2357 gat
1962 2287 2144 2360 aliquo
2201 2289 2365 2345 modo
2420 2307 2586 2362 posse
2617 2293 2857 2364 probari.
2909 2295 3050 2351 Ecce
3080 2297 3234 2351 audis
3290 2299 3435 2369 quod

1841 2386 2089 2456 spiritale
2163 2404 2365 2460 corpus
2441 2392 2752 2447 habiturum
2794 2403 2939 2451 esset
2997 2395 3174 2453 simile
3229 2399 3433 2470 aliquid

1841 2474 2026 2541 menti,
2086 2493 2200 2548 quo
2233 2479 2378 2533 Deus
2410 2480 2702 2535 invisibilis
2731 2493 3071 2549 cerneretur,
3118 2486 3247 2556 quia
3274 2488 3435 2544 aliter

1841 2578 1951 2617 non
1980 2573 2166 2634 posset
2193 2566 2364 2645 videri
2394 2569 2544 2624 Deus
2575 2587 2675 2640 per
2705 2587 2925 2642 corpus,
2977 2574 3080 2628 nisi
3111 2574 3294 2648 imago
3333 2578 3434 2633 Dei
3463 2593 3467 2598 '

1841 2676 1941 2730 per
1969 2677 2132 2731 quam
2163 2660 2336 2717 solam
2370 2664 2541 2720 videri
2570 2675 2754 2736 potest
2785 2669 2954 2734 Deus,
2987 2670 3105 2740 ipso
3127 2674 3431 2745 Augustino

1841 2755 1997 2816 teste,
2031 2761 2314 2806 crearetur
2343 2753 2396 2806 in
2426 2770 2658 2825 corpore
2679 2757 2962 2826 spirituali.
2987 2758 3144 2826 Quod
3174 2762 3218 2814 si
3249 2761 3428 2829 ﬁeret,

1841 2853 1949 2892 non
1975 2839 2086 2908 jam
2118 2855 2336 2911 corpus,
2390 2842 2485 2896 sed
2515 2843 2736 2913 spiritus
2766 2845 3009 2900 futurum
3056 2857 3202 2904 esset
3253 2849 3432 2920 ipsum

1839 2951 2035 3007 corpus
2061 2955 2072 2991 :
2110 2939 2252 3009 quod
2283 2939 2436 2994 nefas
2454 2949 2532 2994 est
2551 2942 3024 2999 credere.Deinde
3053 2945 3283 3002 alteram
3305 2963 3434 3018 par-

1839 3032 1944 3078 tem
1968 3026 2284 3096 quaestionis
2314 3028 2611 3100 subiungit,
2670 3038 2762 3084 aut
2791 3031 2937 3102 quod
2991 3041 3075 3088 est
3097 3034 3310 3090 {acilius
3341 3036 3432 3090 in-

1840 3111 2190 3183 telligendum
2227 3132 2240 3168 :
2274 3115 2344 3169 ita
2401 3116 2551 3172 Deus
2583 3117 2740 3172 nobis
2771 3120 2872 3174 erit
2899 3128 3058 3176 notus
3085 3131 3248 3194 atque
3291 3140 3430 3180 con-

1840 3210 2080 3282 Spicuus,
2113 3219 2170 3266 ut
2201 3212 2448 3268 videatur
2479 3215 2676 3285 spiritu
2705 3233 2735 3270 a
2764 3216 2993 3289 singulis
3020 3221 3198 3287 nobis,
3227 3221 3282 3276 in
3315 3223 3432 3277 sin—

1841 3299 1984 3372 gulis
2014 3300 2170 3354 nobis
2207 3319 2220 3368 ;
2253 3301 2511 3356 videatur
2542 3304 2609 3357 ab
2639 3304 2811 3360 altero
2841 3306 2893 3360 in
2924 3307 3093 3363 altero
3127 3327 3142 3375 ;
3187 3310 3432 3367 videatur

1839 3387 1893 3440 in
1925 3388 2135 3459 seipso,
2215 3391 2463 3445 videatur
2494 3391 2546 3445 in
2605 3393 2744 3448 cmlo
2791 3409 2931 3450 novo
2988 3404 3040 3451 et
3087 3405 3232 3453 terra
3286 3416 3433 3456 nova

1840 3486 2028 3557 (Apoc.
2065 3491 2182 3557 xu),
2217 3495 2383 3558 atque
2414 3487 2466 3541 in
2516 3489 2664 3543 omni
2695 3507 2817 3561 quae
2858 3501 2982 3548 tunc
3011 3493 3229 3550 fuerunt
3270 3513 3430 3554 crea-

1841 3583 1976 3642 tura,
2014 3576 2260 3630 vrdeatur
2289 3585 2340 3630 et
2371 3593 2473 3646 per
2504 3594 2734 3649 corpora
2765 3579 2818 3633 in
2849 3584 2997 3636 omni
3029 3599 3277 3654 corpore,
3310 3603 3438 3658 quo-

1838 3678 2051 3734 cunque
2082 3665 2281 3718 fuerint
2311 3665 2610 3735 spiritualis
2669 3672 2919 3739 corporis
2959 3671 3103 3726 oculi
3132 3674 3249 3729 acie
3304 3692 3434 3746 per-

1837 3762 2088 3817 veniente
2118 3763 2336 3818 directi.
2378 3765 2518 3820 Ecce
2568 3774 2729 3820 totam
2784 3769 3109 3839 quaetionem
3169 3789 3290 3843 qua:
3338 3773 3435 3829 fuit

1837 3850 2153 3906 bimembris
2209 3853 2497 3926 recollegit
2571 3855 2672 3909 sub
2718 3856 3098 3925 disjunctione.
3129 3861 3251 3916 Non
3283 3865 3432 3918 enim

1837 3940 1970 3994 dixit
2005 3960 2015 3996 :
2051 3942 2198 3996 Istud
2231 3951 2313 3996 est
2346 3960 2358 4006 ;
2390 3944 2488 3998 sed
2518 3944 2655 3997 dixit
2675 3963 2687 3998 :
2711 3948 2814 3998 Aut
2843 3945 2984 4000 istud
3015 3955 3115 4012 est,
3140 3957 3235 4002 aut
3264 3950 3432 4005 illud:

1840 4038 1905 4091 Et
1931 4038 2054 4093 ideo
2084 4042 2335 4110 quamvis
2378 4040 2612 4094 alterum
2649 4040 2718 4095 sit
2747 4057 2958 4108 verum,
2990 4043 3277 4100 at‘tirmavit
3303 4047 3438 4102 nihil

1841 4134 2022 4181 tamen
2065 4129 2172 4193 hic,
2207 4144 2307 4182 suo
2339 4143 2492 4183 more
2544 4144 2736 4201 agens,
2815 4131 2920 4184 nisi
2951 4133 3055 4186 hoc
3083 4133 3258 4188 solum
3289 4135 3435 4206 quod

1839 4225 2038 4286 praeter
2067 4218 2419 4286 quaestionem
2482 4233 2552 4271 ex
2610 4218 2880 4272 sententia
2926 4221 3105 4290 posuit
3131 4238 3241 4277 non
3268 4239 3434 4295 posse

1841 4313 2058 4368 ostendi
2097 4314 2361 4384 exemplis
2393 4313 2517 4368 ullis
2538 4315 2622 4370 vel
2653 4314 3056 4386 Scripturarum
3087 4319 3430 4390 testimoniis,

1841 4402 1985 4471 quod
2020 4402 2119 4456 Dei
2151 4402 2474 4472 incorporea
2510 4402 2818 4458 substantia
2847 4421 2945 4475 per
2973 4407 3218 4476 corporis
3246 4410 3434 4466 oculos

1836 4489 2076 4545 videnda
2106 4491 2200 4544 sit.
2266 4492 2437 4546 Porro
2475 4492 2620 4564 quod
2650 4491 2704 4546 in
2750 4493 3036 4564 posteriori
3067 4504 3222 4566 parte
3275 4514 3429 4570 qure-

1836 4588 2030 4643 stionis
2060 4596 2114 4643 et
2143 4589 2423 4658 disjunctaa
2453 4591 2614 4656 dixit,
2668 4591 2917 4646 videatur
2941 4599 2994 4647 et
3050 4609 3149 4664 per
3197 4609 3430 4667 corpora

1839 4677 1896 4730 in
1927 4675 2076 4732 omni
2097 4693 2350 4747 corpore,
2400 4695 2722 4750 quocunque
2754 4680 2950 4735 fuerint
3003 4681 3257 4753 spiritalis
3303 4700 3431 4739 cor-

1835 4767 1984 4837 poris
2013 4767 2156 4823 oculi
2189 4767 2307 4822 acie
2361 4768 2712 4838 perveniente
2757 4769 2949 4826 directi
2978 4785 2994 4841 ;
3052 4778 3143 4826 aut
3173 4771 3316 4827 idem
3348 4781 3432 4828 est

1837 4864 1986 4937 quod
2013 4865 2068 4918 in
2099 4875 2258 4936 parte
2285 4865 2552 4934 superiori
2581 4877 2859 4936 posuerat,
2919 4867 3127 4923 scilicet
3159 4886 3258 4940 per
3287 4885 3425 4926 ocu-

1845 4956 1928 5010 los
1977 4971 2274 5026 corporeos
2323 4955 2594 5008 videbitur
2642 4956 2808 5023 Deus,
2865 4965 2917 5010 et
2944 4958 3020 5012 sic
3051 4957 3166 5027 ipsa
3199 4960 3429 5029 quaestio

1836 5061 1943 5101 non
1993 5054 2203 5102 constat
2233 5060 2296 5099 ex
2329 5044 2618 5100 contrariis
2649 5046 2908 5114 partibus,
2941 5054 2993 5100 et
3031 5045 3145 5116 jam
3193 5062 3302 5102 non
3325 5049 3429 5104 erit

1838 5142 2089 5214 quaestio,
2165 5157 2349 5214 neque
2376 5141 2647 5212 disjuncta
2680 5156 2693 5208 ;
2726 5149 2814 5196 aut
2838 5143 2883 5196 si
2943 5151 3024 5198 est
3068 5143 3217 5198 aliud
3261 5161 3427 5217 quam

1837 5232 1969 5286 illud
2003 5233 2146 5301 quod
2179 5239 2455 5302 posuerat,
2505 5238 2558 5284 ut
2613 5234 2682 5284 sit
2730 5230 2955 5301 quaestio
3011 5231 3149 5286 sicut
3178 5232 3295 5303 ipse
3326 5251 3430 5290 no-

1840 5322 2064 5376 minavit
2093 5336 2233 5386 eam,
2265 5327 2317 5374 et
2347 5327 2403 5373 ut
2433 5319 2645 5374 valeant
2699 5319 2792 5372 illa
2814 5318 2973 5390 signa
3022 5319 3427 5393 disjunctionis,

1838 5419 1893 5473 id
1943 5427 2026 5473 est
2055 5427 2150 5473 aut
2205 5417 2493 5473 vivendum
2524 5423 2608 5470 est
2666 5415 2793 5486 quid
2834 5414 2904 5468 sit
2933 5417 3079 5488 quod
3109 5418 3240 5474 dixit
3272 5438 3286 5474 :
3339 5422 3426 5477 vi-

1839 5507 2032 5562 deatur
2060 5516 2110 5562 et
2143 5523 2242 5576 per
2271 5519 2502 5576 corpora
2554 5504 2606 5558 in
2640 5502 2791 5558 omni
2819 5519 3071 5576 corpore,
3101 5515 3150 5563 et
3205 5515 3426 5566 caetera.

1837 5606 2108 5662 Nimirum
2138 5605 2375 5674 idipsum
2407 5602 2552 5675 quod
2581 5617 2755 5677 supra
2782 5604 3127 5675 praemiserat
3154 5606 3258 5662 hoc
3286 5605 3432 5662 scili-

1837 5715 1924 5764 cet
1971 5704 2235 5764 credibile
2309 5710 2410 5774 est,
2443 5699 2524 5759 sic
2551 5717 2656 5760 nos
2701 5701 2918 5761 visuros
2972 5718 3100 5764 esse
3151 5702 3432 5761 mundana
