3972 6076
529 244 660 296 1127

1651 239 1985 296 WEBNERI
2034 238 2320 298 ABBATIS
2359 245 2414 298 S.
2455 245 2672 301 BLASH

3710 253 3831 305 Itis

519 380 748 435 corpora
772 363 894 420 cmli
926 363 1051 418 novi
1089 371 1146 420 et
1179 372 1342 419 terrae
1373 380 1550 431 novae,
1613 373 1670 419 ut
1700 364 1879 420 Deum
1909 364 2110 435 ubique
2137 363 2192 425 Α
2223 363 2502 430 Quomodo
2522 373 2756 442 sanctus
2771 371 3132 442 Augustinus
3149 372 3313 442 ponit
3336 377 3394 427 et
3411 375 3671 440 exponit
3688 373 3836 428 dicta

523 462 850 522 praesentem
884 461 935 508 et
965 452 1222 508 universa
1253 453 1416 508 etiam
1469 453 1779 524 corporalia
1807 453 2120 526 gubernan—

519 549 628 595 tem
657 557 756 612 per
779 557 1014 610 corpora
1046 557 1168 612 quae
1210 542 1554 613 gestabimus
1600 548 1653 596 et
1687 558 1808 612 quae
1839 540 2118 612 conspici-

523 654 647 693 mus
675 654 1002 710 quocunque
1046 655 1265 693 versum
1317 640 1509 694 oculos
1551 639 1894 704 duxerimus,
1927 638 2117 694 claris-

521 728 656 782 sima
686 727 1070 798 perspicuitate
1131 728 1452 783 videamus:
1505 730 1640 784 sicut
1676 729 1923 783 homines
1978 729 2119 781 inter

521 831 666 888 quos
694 816 946 871 viventes
976 824 1264 887 motusque
1296 817 1489 872 vitales
1517 825 1833 872 exercentes
1860 816 2113 882 vivimus,

520 929 646 970 mox
677 922 735 969 ut
762 915 1084 985 aspicimus,
1139 931 1248 970 non
1280 914 1554 970 credimus
1583 916 1788 980 vivere,
1822 914 1920 970 sed
1959 914 2111 968 vide-

521 1019 650 1058 mus
682 1020 696 1059 :
730 1019 852 1060 cum
884 1020 1071 1059 eorum
1103 1004 1270 1058 vitam
1302 1003 1420 1058 sine
1451 1004 1768 1074 corporibus
1797 1003 1983 1059 videre
2013 1018 2114 1058 ne-

519 1109 752 1164 quamus
781 1108 943 1165 quam
971 1101 1153 1148 tamen
1207 1092 1261 1146 in
1321 1092 1401 1147 eis
1426 1109 1526 1163 per
1573 1107 1810 1163 corpora
1840 1091 2114 1163 conspici-

517 1207 665 1246 mus.

587 1308 740 1364 Prius
787 1305 1138 1378 inspiciamus
1170 1306 1505 1378 exemplum.
1547 1308 1685 1374 Vita,
1747 1324 1869 1379 quae
1899 1316 2114 1380 vegetat

519 1397 765 1452 membra
797 1405 850 1452 et
877 1413 980 1468 qua
1009 1396 1197 1450 vivunt
1223 1411 1477 1467 corpora,
1511 1395 1801 1450 invisibilis
1832 1400 1935 1462 est,
1974 1395 2112 1450 sicut

516 1487 636 1557 ipse
666 1485 999 1558 Augustinus
1031 1485 1190 1540 dicit:
1223 1485 1405 1553 Quare
1435 1485 1870 1554 nullatenusipsa
1901 1485 2112 1539 videtur

516 1601 616 1656 per
646 1585 834 1640 oculos
864 1584 1130 1655 corporis,
1163 1584 1258 1638 sed
1290 1585 1498 1640 cordis.
1539 1584 1695 1640 Unde
1725 1600 1856 1656 ergo
1903 1584 2111 1638 discer-

513 1672 693 1727 nimus
723 1673 961 1727 viventia
991 1688 1025 1728 a
1054 1689 1158 1727 non
1192 1661 1497 1728 viventibus
1529 1688 1778 1743 corpora,
1830 1673 1934 1726 nisi
1965 1671 2105 1744 quod

517 1761 674 1816 simul
705 1777 936 1832 corpora
965 1763 1212 1834 vitasque
1264 1762 1514 1818 videmus
1545 1763 1573 1814 ?
1603 1763 1692 1818 Sic
1722 1761 1867 1816 idem
1920 1761 2111 1816 doctor

513 1859 702 1913 asserit
735 1859 980 1914 homines
1011 1859 1254 1914 viventes
1283 1859 1584 1931 vitalesque
1623 1867 1804 1914 motus
1833 1874 2108 1914 exercen-

512 1955 595 2002 tes
625 1946 890 2002 videmus.
926 1947 1066 2017 Quid
1117 1948 1262 2002 enim
1313 1956 1414 2010 est,
1448 1948 1696 2003 videmus
1745 1948 1992 2002 homines
2027 1947 2108 2002 vi-

510 2043 719 2101 ventes,
755 2036 894 2107 quod
927 2037 1042 2106 ipse
1074 2051 1194 2090 mox
1231 2037 1482 2106 exposuit
1505 2037 1866 2108 subjungens,
1889 2036 2105 2091 vitales-

508 2150 615 2207 que
646 2143 821 2188 motus
874 2144 1215 2200 exercentes,
1249 2133 1357 2190 nisi
1397 2133 1646 2191 videmus
1675 2150 1782 2188 non
1817 2133 1993 2205 ipsam
2019 2135 2104 2189 vi-

507 2227 636 2288 tam,
670 2221 768 2277 sed
816 2230 994 2277 motus
1024 2222 1196 2278 factos
1227 2239 1260 2278 a
1292 2225 1417 2286 vita,
1444 2225 1570 2295 quia
1625 2230 1746 2278 sunt
1793 2223 2100 2280 certissima

515 2311 674 2384 signa
704 2311 846 2379 vitae,
879 2326 986 2365 non
1016 2311 1134 2381 ipsa
1164 2312 1273 2366 vita
1293 2313 1321 2364 ‘?
1354 2312 1442 2368 Sic
1459 2313 1601 2366 enim
1623 2312 1807 2366 dicere
1829 2311 2102 2367 solemus:

512 2407 685 2462 Audio
716 2406 865 2460 illum
918 2407 970 2460 in
1024 2406 1186 2462 domo
1241 2408 1483 2472 ﬂentem,
1536 2408 1621 2463 vel
1675 2409 1960 2476 ridentem,
2019 2409 2105 2464 vel

509 2494 790 2550 absentem
820 2495 1161 2561 clamantem,
1195 2496 1248 2549 id
1281 2506 1364 2551 est
1392 2498 1575 2551 auditu
1597 2497 1753 2566 capio
1784 2498 1996 2565 fletum,
2021 2498 2103 2553 vel

509 2584 704 2651 risum,
763 2584 850 2640 vel
905 2585 1199 2640 clamorem
1258 2585 1449 2656 ipsius,
1475 2601 1584 2641 non
1614 2586 1810 2656 ipsum.
1844 2586 1932 2642 Sic
1962 2587 2102 2642 dici—

510 2689 599 2738 tur
633 2698 644 2737 :
683 2682 854 2738 Video
894 2682 1110 2752 tejustc
1165 2693 1439 2756 agentem,
1502 2684 1738 2756 benigne
1773 2692 1826 2739 et
1857 2684 2106 2740 hilariter

507 2779 600 2827 tua
631 2772 1065 2838 distribuentem,
1118 2788 1240 2828 cum
1273 2781 1456 2827 tamen
1483 2773 1715 2842 justitia.
1751 2774 1831 2828 vel
1858 2773 2106 2846 benigni-

503 2869 605 2928 tas,
664 2860 750 2917 vel
783 2861 1022 2916 hilaritas
1053 2878 1083 2915 a
1113 2861 1260 2917 nullo
1288 2871 1580 2918 cernantur
1608 2863 1758 2934 ipsae,
1809 2863 1902 2918 sed
1935 2877 2102 2934 Opera

505 2975 694 3016 earum
752 2975 871 3030 quae
915 2962 1184 3014 testantur
1244 2975 1438 3016 causas
1486 2961 1682 3016 adesse
1739 2961 1856 3015 sine
1908 2959 2103 3031 quibus

501 3063 614 3104 non
642 3047 856 3103 ﬁerent.
921 3049 1038 3104 Hoc
1091 3049 1254 3104 modo
1284 3048 1515 3104 dicimus
1545 3049 1722 3104 Deum
1765 3048 2096 3104 invisibilem
2131 3071 2183 3138 ο

503 3137 683 3193 omnia
713 3141 1111 3208 gubernantem
1168 3152 1268 3191 nos
1299 3137 1532 3204 visuros,
1567 3153 1689 3193 cum
1746 3137 1797 3191 in
1831 3137 2097 3208 spirituali

502 3250 731 3306 corpore
778 3234 1085 3290 clarissima
1142 3233 1535 3306 perspicuitate
1585 3235 1875 3290 oculorum
1931 3236 2096 3306 spiri-

503 3324 728 3380 tualium
759 3324 1107 3394 conspecturi
1168 3341 1360 3380 sumus
1409 3340 1516 3380 nou
1549 3323 1726 3395 ipsam
1758 3325 1882 3396 ejus
1935 3335 2094 3381 natu-

501 3429 638 3480 ram,
673 3413 770 3468 sed
828 3413 1237 3468 subtilissimam
1296 3414 1772 3484 incorruptionem,
1811 3422 1864 3470 et
1893 3414 2096 3486 glorio-

502 3526 621 3565 sam
651 3509 1130 3577 immortalitatem,
1173 3519 1224 3566 et
1272 3519 1468 3566 caetera
1497 3511 1755 3583 insignia,
1787 3529 1906 3583 quas
1946 3514 2097 3568 Deus

498 3599 819 3670 operabitur
846 3598 899 3652 in
933 3599 1129 3653 futuris
1159 3600 1524 3670 corporibus:
1566 3602 1712 3672 quod
1767 3602 1999 3671 pertinet
2027 3602 2097 3657 ad

497 3687 954 3760 gubernationem
993 3688 1134 3756 ejus.
1211 3689 1524 3743 Notandum
1568 3706 1704 3744 vero
1779 3691 1927 3762 quod
1965 3691 2096 3746 dicit

498 3800 824 3858 quocunque
853 3784 1042 3840 oculos
1079 3784 1462 3842 direxerimus.
1507 3788 1608 3841 Per
1645 3788 1751 3843 hoc
1790 3789 1931 3842 enim
2006 3789 2096 3842 in-

495 3873 676 3930 nuitur
715 3873 902 3928 oculos
942 3873 1106 3928 etiam
1145 3881 1274 3929 tunc
1313 3889 1423 3930 non
1476 3875 1679 3947 ubique
1717 3877 1954 3942 visuros,
1997 3878 2092 3932 sed

493 3963 572 4020 ibi
604 3971 810 4018 tantum
840 3980 948 4035 quo
978 3962 1177 4018 fuerint
1205 3963 1415 4019 directi.
1449 3964 1704 4036 Alioquin
1759 3965 1960 4021 frustra
1990 3983 2089 4038 po-

496 4063 696 4118 suisset
724 4061 1125 4132 conspiciemus
1156 4062 1459 4134 corporalia
1485 4079 1820 4136 quocunque
1862 4081 2082 4120 versum

494 4151 684 4209 oculos
714 4150 1103 4206 direxerimus.
1125 4151 1372 4224 Denique
1405 4153 1451 4206 si
1472 4153 1575 4208 hoc
1592 4153 1843 4224 exemplo
1863 4153 2088 4210 demon-

494 4240 687 4297 stravit
715 4256 878 4311 posse
900 4241 1080 4295 Deum
1103 4240 1276 4296 videri
1297 4241 1580 4312 corporeis
1601 4242 1775 4298 oculis
1804 4243 1859 4297 in
1881 4243 2082 4310 futuro,

492 4338 798 4395 contrarius
836 4344 919 4392 est
986 4337 1201 4393 sibimet
1241 4339 1330 4409 qui
1387 4339 1520 4394 dixit
1558 4341 1721 4412 paulo
1759 4349 1881 4396 ante
1920 4341 2082 4397 nullis

2405 441 2596 494 sancti
2651 441 2928 496 Ambrosii
2981 443 3046 496 de
3098 441 3293 498 eodem
3348 447 3703 516 quastione.

2298 523 2458 592 Quod
2490 528 2636 582 Deus
2659 528 2927 583 videndus
2957 529 3026 584 sit
3055 531 3423 600 corporaliter
3467 533 3528 586 in
3561 532 3836 603 spirituali

2227 637 2460 694 corpore
2490 633 2616 694 post
2644 627 3099 682 resurrectionem
3132 643 3160 681 a
3202 628 3431 693 sanctis,
3466 630 3605 700 quid
3639 630 3715 684 de
3741 631 3836 684 hac

2230 727 2288 766 re
2344 715 2580 768 senserit
2638 715 2830 770 beatus
2877 717 3213 788 Augustinus
3275 719 3592 773 videamus.
3635 720 3834 772 Name

2193 843 2200 849 ι
2228 803 2447 857 Paulina
2479 804 2578 858 Dei
2609 804 2810 859 famula
2842 805 3130 876 inquisitus
3158 807 3229 861 de
3282 823 3342 861 re
3372 809 3496 874 ista,
3531 808 3735 878 posuit
3789 816 3834 862 et

2225 901 2480 969 exposuit
2536 901 2700 956 verba
2733 902 2879 957 beati
2934 903 3207 958 Ambrosii
3255 905 3580 960 disserentis
3630 906 3707 959 de
3737 905 3833 960 hac

2225 990 2540 1058 quastione,
2597 990 2685 1045 hic
2739 991 3002 1047 videlicet
3035 1011 3048 1046 :
3087 1016 3109 1041 ν
3145 993 3320 1049 Deum
3347 1009 3515 1049 nemo
3541 992 3684 1047 vidit
3732 1010 3829 1047 un-

2223 1092 2385 1148 quam
2417 1079 2609 1149 (Joan.
2647 1082 2707 1148 ι),
2741 1081 2863 1148 quia
2903 1096 3022 1135 eam
3054 1099 3172 1153 quae
3212 1083 3418 1137 habitat
3464 1083 3523 1136 in
3559 1083 3683 1137 Deo
3713 1081 3828 1152 ple-

2221 1175 2523 1231 nitudinem
2573 1177 2826 1232 divinitas
2882 1195 3042 1235 nemo
3087 1182 3394 1251 conspexit,
3425 1195 3598 1235 nemo
3651 1185 3827 1234 mte

2220 1273 2313 1320 aut
2340 1266 2513 1320 oculis
2544 1268 2983 1338 comprehendit.
3013 1292 3034 1317 α
3070 1270 3215 1324 Vidit
3250 1292 3272 1317 ι
3305 1269 3454 1325 enim
3503 1269 3577 1323 ad
3609 1277 3823 1323 utrum—

2220 1379 2325 1434 que
2357 1372 2439 1418 est
2466 1365 2834 1421 referendum.
2869 1366 3112 1437 Denique
3140 1382 3264 1422 cum
3295 1366 3521 1421 additur
3573 1387 3597 1418 ε
3635 1366 3829 1439 unige-

2220 1453 2366 1507 nitus
2398 1453 2567 1508 Filius
2599 1455 2714 1524 ipse
2771 1455 3049 1510 enarravit
3077 1455 3290 1526 (ibid).
3335 1479 3357 1503 ι-
3406 1456 3684 1510 mentium
3716 1471 3828 1508 ma-

2219 1544 2306 1612 gis
2335 1558 2497 1613 quam
2519 1543 2804 1598 oculorum
2853 1544 2990 1600 visio
3029 1544 3362 1600 declaratur.
3396 1544 3642 1615 Species
3682 1545 3825 1600 enim

2220 1639 2452 1705 videtur,
2477 1641 2650 1695 virtus
2679 1648 2959 1696 narratur:
2991 1642 3078 1696 illa
3109 1641 3302 1708 oculis,
3326 1642 3417 1697 hic
3447 1651 3642 1697 mente
3672 1657 3827 1698 com-

2140 1719 2191 1778 B
2222 1728 2596 1798 prehenditur.
2627 1731 2694 1784 Et
2722 1729 2856 1801 quid
2887 1730 3104 1795 mirum,
3139 1731 3184 1786 si
3213 1731 3266 1784 in
3299 1731 3564 1800 prasenti
3598 1731 3827 1797 saeculo,

2217 1816 2322 1870 nisi
2353 1818 2574 1888 quando
2605 1817 2736 1885 vult,
2771 1819 3035 1874 Dominus
3056 1835 3164 1875 non
3185 1820 3445 1875 videtur?
3465 1822 3531 1874 In
3551 1821 3676 1890 ipsa
3712 1836 3829 1890 quo

2217 1930 2328 1985 que
2362 1918 2764 1972 resurrectione
2795 1933 2904 1972 non
2953 1917 3112 1973 facile
3142 1925 3226 1972 est
3255 1918 3427 1972 Deum
3461 1917 3691 1982 videre,
3730 1918 3829 1971 nisi

2216 2004 2299 2058 his
2341 2006 2432 2076 qui
2475 2005 2646 2061 corde
2675 2015 2801 2060 sunt
2831 2007 3056 2062 mundo.
3089 2008 3156 2061 Et
3184 2006 3309 2062 ideo
3341 2024 3355 2062 :
3404 2007 3565 2062 Beati
3619 2008 3830 2062 mundo

2214 2094 2380 2148 corde
2413 2095 2516 2165 ipsi
2547 2095 2696 2150 enim
2727 2097 2900 2150 Deum
2933 2095 3197 2151 videbunt
3228 2095 3540 2166 (Matth.v).
3575 2094 3831 2164 Quantos

2209 2193 2322 2260 jam
2355 2191 2698 2248 nuntiaverat
2763 2193 3005 2260 beatos;
3072 2193 3170 2248 sed
3237 2198 3418 2247 tamen
3450 2192 3685 2247 videndi
3748 2193 3829 2247 his

2215 2281 2386 2336 Deum
2418 2297 2524 2336 non
2555 2283 2877 2350 promiserat
2905 2281 3236 2339 facultatem.
3297 2282 3353 2337 Si
3381 2297 3524 2351 ergo
3559 2283 3744 2336 Deum
3774 2283 3825 2335 hi

2215 2370 2302 2441 qui
2326 2371 2528 2424 mundo
2559 2379 2684 2424 sunt
2706 2371 2873 2426 corde
2903 2371 3179 2437 videbunt,
3212 2371 3401 2442 utique
3444 2386 3563 2425 non
3609 2371 3708 2425 alii
3738 2372 3823 2425 vi—

2214 2469 2644 2539 debunt.Neque
2665 2469 3041 2542 enimindigni
3072 2470 3244 2524 Deum
3290 2469 3582 2534 videbunt,
3642 2485 3824 2540 neque

2213 2557 2260 2610 is
2298 2558 2390 2628 qui
2432 2559 2602 2612 Deum
2643 2558 2824 2612 videre
2855 2559 3108 2623 noluerit,
3167 2567 3347 2629 potest
3378 2560 3555 2614 Deum
3587 2560 3811 2614 videre.

2211 2647 2330 2702 Nec
2358 2646 2410 2700 in
2444 2646 2567 2702 loco
2600 2647 2815 2701 videtur
2845 2648 3129 2713 Dominus,
3154 2649 3256 2703 sed
3285 2648 3490 2702 mundo
3519 2648 3700 2703 corde
3721 2663 3822 2704 nec

2216 2744 2596 2814 corporalibus
2625 2745 2795 2800 oculis
2831 2745 3097 2800 Dominus
3125 2746 3405 2817 quaeritur,
3440 2761 3544 2800 nec
3576 2746 3820 2801 circum-

2213 2834 2472 2888 scribitur
2498 2835 2639 2898 visu,
2675 2850 2776 2891 nec
2806 2843 2951 2892 tactu
2974 2843 3204 2897 tenetur,
3235 2850 3340 2890 nec
3367 2835 3595 2889 auditur
3622 2834 3814 2899 aifatu,

2212 2939 2317 2978 nec
2345 2924 2579 2978 sentitur
2598 2924 2842 2987 incessu,
2881 2933 2939 2978 et
2977 2939 3100 2980 cum
3158 2923 3360 2978 absens
3409 2931 3637 2994 putatur
3663 2923 3818 2992 judi-

2212 3028 2383 3086 cetnr,
2425 3029 2479 3076 et
2515 3037 2636 3077 cum
2687 3037 2932 3092 prmsens
2991 3029 3092 3090 est,
3121 3036 3229 3076 non
3269 3021 3505 3076 videtur.
3560 3023 3817 3091 Denique

2213 3125 2314 3165 nec
2342 3110 2579 3180 apostoli
2608 3125 2798 3166 omnes
2828 3111 3101 3166 Christum
3129 3111 3407 3177 videbant,
3451 3119 3506 3165 st
3534 3109 3665 3164 ideo
3698 3111 3813 3165 ait:

2210 3222 2231 3247 ι
2269 3199 2442 3255 Tanto
2471 3207 2718 3271 tempore
2749 3201 3028 3256 vobiscum
3063 3215 3200 3267 sum,
3236 3209 3288 3254 ct
3345 3199 3527 3255 adhuc
3554 3215 3673 3255 non
3711 3215 3813 3256 co-

2205 3296 2473 3368 gnovistis
2501 3313 2590 3352 me
2616 3298 2808 3369 (Joan.
2839 3298 2970 3366 xlv).
3010 3317 3033 3347 ι

2280 3449 2302 3475 α
2340 3426 2395 3482 Si
2424 3427 2541 3482 haec
2561 3427 2727 3482 verba
2756 3425 3034 3498 intelligis,
3069 3424 3194 3498 quid
3244 3433 3411 3481 restat
3470 3425 3621 3497 quod
3650 3441 3684 3480 a
3725 3443 3812 3482 me

2204 3516 2438 3587 amplius
2477 3517 2806 3588 requiratur,
2849 3531 2968 3572 cum
3004 3516 3117 3584 jam
3159 3514 3248 3568 illa
3287 3531 3409 3586 qua:
3447 3513 3690 3571 diﬁicilis
3723 3517 3807 3570 vi-

2206 3614 2434 3670 debatur
2455 3614 2635 3670 soluta
2666 3613 2733 3668 sit
2756 3613 2984 3685 quaestio
3000 3612 3146 3668 ?Sed
3174 3621 3470 3684 propterea
3493 3614 3674 3668 Deum
3706 3629 3807 3669 ne-

2203 3721 2294 3760 mo
2325 3704 2456 3758 vidit
2487 3719 2743 3775 unquam,
2779 3702 2901 3775 quia
2959 3702 3101 3758 sicut
3154 3702 3233 3757 ait
3284 3702 3615 3772 disputator,
3655 3704 3810 3772 cujus

2204 3793 2372 3849 verba
2410 3793 2842 3861 consideramus,
2885 3791 3280 3863 plenitudinem
3350 3791 3651 3847 divinitatis
3691 3794 3808 3861 ejus

2203 3908 2365 3947 nemo
2396 3891 2700 3962 conspexit,
2743 3907 2909 3947 nemo
2949 3899 3148 3957 mente,
3190 3898 3285 3945 aut
3321 3891 3502 3946 oculis
3543 3906 3806 3961 compre-

2199 3981 2388 4036 hendit
2421 3995 2434 4050 ;
2466 3988 2629 4036 restat
2659 3981 2936 4051 inquirere
2967 3979 3242 4052 quomodo
3291 3979 3480 4053 sngeli
3509 3980 3684 4034 Deum
3720 3979 3802 4033 vi-

2197 4070 2382 4126 deant.
2433 4069 2490 4125 Si
2528 4069 2673 4125 enim
2712 4077 2765 4125 et
2802 4068 2935 4140 ipsis
2974 4085 3084 4123 non
3122 4069 3280 4124 sicuti
3317 4077 3418 4133 est,
3464 4069 3567 4123 sed
3598 4068 3801 4124 latente

2195 4178 2388 4224 natura
2418 4183 2518 4224 sua
2546 4168 2602 4222 in
2630 4184 2785 4240 spem
2815 4183 2935 4240 quae
2965 4166 3196 4222 voluerit
3225 4175 3475 4238 apparet,
3507 4167 3690 4239 magis
3719 4183 3799 4221 re.

2194 4257 2526 4330 quirendum
2558 4260 2662 4325 est,
2693 4257 2968 4328 quomodo
2997 4271 3098 4311 nos
3122 4255 3432 4311 videbimus
3465 4271 3592 4311 eum
3641 4254 3795 4310 sicuti

2193 4356 2294 4402 est.
2328 4347 2447 4402 Hoc
2473 4345 2618 4401 enim
2648 4362 2921 4400 summum
2967 4343 3252 4416 prmmium
3308 4344 3363 4398 in
3395 4345 3797 4399 resurrectione

492 4426 758 4496 εκθωριίε
785 4427 898 4516 110οξ
937 4442 1098 4497 Ροεδθ
1129 4427 1552 4516 Ostendi-Valde
1601 4429 1800 4500 (ΙυίΡΡθ
1832 4429 1936 4484 Sibi
1975 4430 2078 4485 ad“
2107 4437 2160 4498 D
2194 4444 2530 4514 promittitur
2567 4445 2714 4516 quod
2753 4444 2953 4500 erimus
3008 4443 3248 4515 aequales
3295 4443 3508 4513 angelis
3538 4443 3642 4497 Dei
3672 4461 3688 4504 ;
3732 4457 3795 4498 ac

496 4523 784 4573 versantur
813 4514 960 4570 nullo
990 4515 1244 4586 exemplo
1274 4533 1439 4588 posse
1483 4519 1697 4573 ostendi
1728 4519 1862 4574 illud
1893 4529 1945 4575 et
1983 4520 2086 4576 hoc

494 4612 747 4684 exemplo
793 4629 957 4684 posse
986 4615 1201 4670 ostendi
1232 4615 1387 4671 illud.
1428 4617 1496 4671 Et
1560 4617 1605 4671 si
1645 4619 1956 4674 contrarius
2006 4627 2089 4674 est

496 4703 621 4772 sibi,
654 4719 762 4758 non
800 4710 979 4773 potest
1026 4719 1135 4758 non
1162 4720 1285 4760 esse
1344 4705 1508 4760 etiam
1552 4705 1742 4761 falsus.
1804 4707 2089 4763 Contraria

492 4793 639 4850 enim
678 4791 839 4847 simul
898 4806 1010 4846 non
1048 4801 1273 4863 possunt
1311 4810 1434 4850 esse
1488 4811 1640 4850 vera.
1685 4797 1792 4852 Sed
1830 4796 1988 4864 absit,
2031 4807 2087 4852 ut

485 4889 632 4962 quod
661 4887 792 4943 dicit
821 4888 1181 4960 Augustinus,
1205 4888 1405 4960 aliquis
1434 4900 1727 4960 praesumat
1753 4892 1940 4949 dicere
1979 4895 2083 4950 fal-

491 4995 611 5035 sum
645 4993 789 5032 esse.
862 4975 1046 5046 Quare
1085 4992 1189 5033 nec
1257 4979 1560 5033 contrarius
1600 4989 1680 5035 est
1718 4981 1845 5036 sibi.
1895 4983 2084 5038 Restat

489 5083 625 5139 ergo
644 5074 701 5121 ut
731 5067 837 5121 hoc
871 5065 1123 5135 exemplo
1161 5081 1268 5120 non
1307 5068 1562 5122 ostendat
1591 5068 1689 5123 Dei
1719 5071 2078 5128 substantiam

486 5164 661 5234 ipsam
693 5163 1073 5234 corporalibus
1094 5162 1267 5218 oculis
1289 5179 1451 5234 posse
1477 5165 1666 5233 videri,
1693 5168 1910 5238 quando
1931 5186 2079 5225 asse-

488 5253 596 5306 ruit
625 5252 789 5306 nullis
811 5251 1083 5322 exemplis
1114 5252 1328 5307 ostendi
1351 5269 1532 5323 posse.
1563 5253 1717 5324 Quod
1739 5273 1872 5330 ergo
1895 5267 2080 5313 osten-

489 5341 568 5396 dit
604 5340 776 5395 videri
799 5357 966 5412 posse
989 5341 1092 5395 nisi
1110 5343 1252 5412 quod
1301 5342 1536 5398 diximus
1557 5344 1857 5400 clarissima
1877 5348 2079 5404 indicia

486 5453 598 5493 sum
652 5439 934 5508 praesentis
989 5440 1263 5509 potentiae,
1327 5441 1628 5510 sapientiae,
1682 5443 2075 5516 benignitatis:

486 5527 685 5600 quibus
716 5524 1046 5597 gloriﬁcabit
1078 5537 1131 5582 et
1162 5529 1524 5602 configurabit
1581 5547 1815 5602 corpora
1846 5535 2075 5591 immor-

483 5616 613 5673 talia
641 5615 782 5670 facta
811 5615 1059 5685 corporis
1089 5618 1264 5672 nostri
1293 5619 1512 5674 Domini
1541 5621 1790 5693 claritati,
1825 5633 1878 5680 et
1908 5641 2074 5682 reno-

479 5713 624 5775 vsbit
650 5713 850 5771 uelum
877 5720 935 5770 et
962 5719 1181 5770 terram.

2193 4549 2292 4604 per
2321 4534 2444 4598 hoc,
2479 4533 2524 4588 si
2554 4549 2656 4590 nec
2685 4534 2789 4605 ipsi
2819 4550 2948 4589 eum
2978 4533 3164 4587 vident
3187 4531 3345 4588 sicuti
3378 4539 3482 4597 est,
3517 4531 3797 4602 quomodo

2193 4638 2298 4677 nos
2327 4621 2498 4676 visuri
2527 4639 2735 4688 sumus,
2775 4623 2846 4676 ita
2900 4638 3023 4678 cum
3053 4621 3133 4676 eis
3179 4621 3415 4693 aequales
3445 4620 3499 4674 in
3534 4636 3797 4675 resurre-

2196 4718 2430 4774 ctionem
2464 4718 2586 4774 facti
2619 4717 2898 4773 fuerimus.
2932 4719 3073 4773 Nota
3103 4725 3308 4783 autem,
3357 4717 3486 4788 quia
3531 4715 3679 4771 istud
3715 4726 3797 4772 est

2192 4811 2385 4864 contra
2417 4808 2683 4870 homines,
2719 4823 2826 4878 quo
2855 4808 3038 4862 dicunt
3069 4807 3270 4860 nullam
3319 4813 3647 4871 creaturam,
3692 4823 3798 4863 nec

2190 4897 2440 4968 angelos.
2471 4912 2574 4952 nec
2602 4895 2859 4951 homines
2895 4896 3112 4950 visuros
3163 4895 3345 4950 Deum
3384 4893 3438 4948 in
3479 4911 3582 4948 sua
3622 4896 3794 4966 ipsius

2191 4992 2616 5058 substantia,sed
2635 4993 2688 5047 in
2701 4991 3002 5063 phantasiis
3023 4990 3369 5062 quibusdam.
3387 4989 3494 5045 Sed
3515 4990 3644 5046 vide
3661 4992 3792 5062 quid

2191 5091 2594 5154 consequenter
2624 5081 3140 5136 dicatAmbrosius:
3177 5101 3200 5127 α
3229 5078 3499 5150 Denique,
3529 5103 3552 5127 ιι
3589 5079 3790 5152 inquit.

2189 5188 2316 5226 cum
2344 5171 2580 5238 additur,
2613 5169 2926 5241 unigenitus
2957 5168 3119 5224 Filius
3147 5167 3266 5238 ipse
3325 5168 3583 5233 narravit,
3625 5184 3789 5222 men-

2187 5269 2319 5323 tium
2355 5269 2533 5342 magis
2555 5284 2715 5339 quam
2766 5269 3052 5324 oculorum
3091 5265 3228 5322 visio
3267 5265 3599 5321 declaratur.
3642 5266 3789 5338 Spe-

2184 5358 2300 5415 cies
2361 5358 2509 5413 enim
2575 5357 2803 5424 videtur,
2845 5357 3013 5412 virtus
3050 5364 3306 5410 narratur
3347 5369 3361 5409 :
3402 5354 3497 5409 illa
3548 5355 3730 5412 oculis
3769 5375 3785 5421 ;

2183 5448 2303 5504 haec
2341 5454 2522 5502 mente
2559 5446 3068 5517 comprehenditur.
3151 5443 3289 5513 Quia
3355 5459 3491 5499 vero
3567 5445 3787 5516 species

2195 5545 2444 5601 usitatius
2468 5545 2524 5599 in
2579 5543 2903 5616 corporibus
2930 5543 3147 5609 dicitur,
3207 5541 3296 5597 vel
3325 5541 3378 5596 in
3411 5541 3789 5597 similitudini-

2183 5636 2286 5690 bus
2330 5650 2646 5706 corporum,
2707 5633 2831 5689 ideo
2869 5632 3050 5688 dixit:
3098 5631 3321 5702 Species
3378 5630 3622 5699 videtur,
3663 5631 3783 5687 vir-

2185 5733 2270 5781 tus
2299 5731 2573 5794 narratur,
2605 5722 2841 5780 Proinde
2868 5720 3114 5780 narravit
3139 5720 3454 5795 Unigenito,
3483 5721 3585 5794 qui
3611 5728 3693 5778 est
3722 5721 3784 5777 in
