  <div class='ocr_page' id='page_1' title='image "/cluster/home/n/w/nwhite01/storage/ocr_20150623/157/hvd.32044054760152/570.png"; bbox 0 0 4042 6080; ppageno 0'>
   <div class='ocr_carea' id='block_1_1' title="bbox 285 235 421 285">
    <p class='ocr_par' dir='ltr' id='par_1_1' title="bbox 285 235 421 285">
     <span class='ocr_line' id='line_1_1' title="bbox 285 235 421 285; baseline -0.007 -1"><span class='ocrx_word' id='word_1_1' title='bbox 285 235 421 285; x_wconf 66' lang='grc'>1119</span> 
     </span>
    </p>
   </div>
   <div class='ocr_carea' id='block_1_2' title="bbox 1216 229 2631 286">
    <p class='ocr_par' dir='ltr' id='par_1_2' title="bbox 1216 229 2631 286">
     <span class='ocr_line' id='line_1_2' title="bbox 1216 229 2631 286; baseline 0 -2"><span class='ocrx_word' id='word_1_2' title='bbox 1216 230 1797 284; x_wconf 77' lang='lat' dir='ltr'>DEFLORATIONES</span> <span class='ocrx_word' id='word_1_3' title='bbox 1827 231 1921 284; x_wconf 81' lang='lat' dir='ltr'>SS.</span> <span class='ocrx_word' id='word_1_4' title='bbox 1958 229 2258 286; x_wconf 66' lang='lat' dir='ltr'>PA&#39;l‘l-KUM.</span> <span class='ocrx_word' id='word_1_5' title='bbox 2294 261 2360 269; x_wconf 92' lang='lat'>—</span> <span class='ocrx_word' id='word_1_6' title='bbox 2391 230 2523 284; x_wconf 76' lang='lat' dir='ltr'>LIB.</span> <span class='ocrx_word' id='word_1_7' title='bbox 2559 232 2631 284; x_wconf 86' lang='grc' dir='ltr'>ΙΙ.</span> 
     </span>
    </p>
   </div>
   <div class='ocr_carea' id='block_1_3' title="bbox 3441 240 3577 295">
    <p class='ocr_par' dir='ltr' id='par_1_3' title="bbox 3441 240 3577 295">
     <span class='ocr_line' id='line_1_3' title="bbox 3441 240 3577 295; baseline 0.022 -3"><span class='ocrx_word' id='word_1_8' title='bbox 3441 240 3577 295; x_wconf 86' lang='grc'>1130</span> 
     </span>
    </p>
   </div>
   <div class='ocr_carea' id='block_1_4' title="bbox 283 351 3570 432">
    <p class='ocr_par' dir='ltr' id='par_1_4' title="bbox 283 351 3570 432">
     <span class='ocr_line' id='line_1_4' title="bbox 283 351 3570 432; baseline 0.001 -21"><span class='ocrx_word' id='word_1_9' title='bbox 283 358 404 411; x_wconf 83' lang='lat' dir='ltr'>sinu</span> <span class='ocrx_word' id='word_1_10' title='bbox 439 355 612 410; x_wconf 84' lang='lat' dir='ltr'>Patris</span> <span class='ocrx_word' id='word_1_11' title='bbox 642 354 694 408; x_wconf 90' lang='lat' dir='ltr'>in</span> <span class='ocrx_word' id='word_1_12' title='bbox 743 351 1053 408; x_wconf 76' lang='lat' dir='ltr'>narratione</span> <span class='ocrx_word' id='word_1_13' title='bbox 1103 353 1385 421; x_wconf 69' lang='lat' dir='ltr'>ineffabili,</span> <span class='ocrx_word' id='word_1_14' title='bbox 1438 355 1582 422; x_wconf 77' lang='lat' dir='ltr'>quod</span> <span class='ocrx_word' id='word_1_15' title='bbox 1629 362 1876 408; x_wconf 75' lang='lat' dir='ltr'>creatura</span> <span class='ocrx_word' id='word_1_16' title='bbox 1906 356 1958 414; x_wconf 79' lang='grc' dir='ltr'><strong>Α</strong></span> <span class='ocrx_word' id='word_1_17' title='bbox 1994 356 2189 422; x_wconf 78' lang='lat' dir='ltr'>Deum,</span> <span class='ocrx_word' id='word_1_18' title='bbox 2224 363 2276 408; x_wconf 84' lang='lat' dir='ltr'>et</span> <span class='ocrx_word' id='word_1_19' title='bbox 2306 372 2466 425; x_wconf 87' lang='lat' dir='ltr'>qucm</span> <span class='ocrx_word' id='word_1_20' title='bbox 2499 356 2694 409; x_wconf 78' lang='lat' dir='ltr'>misisti</span> <span class='ocrx_word' id='word_1_21' title='bbox 2722 357 2910 412; x_wconf 82' lang='lat' dir='ltr'>.lesum</span> <span class='ocrx_word' id='word_1_22' title='bbox 2942 357 3263 413; x_wconf 77' lang='lat' dir='ltr'>Christum?</span> <span class='ocrx_word' id='word_1_23' title='bbox 3305 385 3325 406; x_wconf 76' lang='grc' dir='ltr'><strong><em>υ</em></strong></span> <span class='ocrx_word' id='word_1_24' title='bbox 3379 365 3570 432; x_wconf 82' lang='grc' dir='ltr'>(Ιοαη.</span> 
     </span>
    </p>
   </div>
   <div class='ocr_carea' id='block_1_5' title="bbox 284 451 1879 520">
    <p class='ocr_par' dir='ltr' id='par_1_5' title="bbox 284 451 1879 520">
     <span class='ocr_line' id='line_1_5' title="bbox 284 451 1879 520; baseline -0.001 -12"><span class='ocrx_word' id='word_1_25' title='bbox 284 453 578 509; x_wconf 76' lang='lat' dir='ltr'>rationalis</span> <span class='ocrx_word' id='word_1_26' title='bbox 609 451 813 505; x_wconf 90' lang='lat' dir='ltr'>munda</span> <span class='ocrx_word' id='word_1_27' title='bbox 850 458 902 505; x_wconf 90' lang='lat' dir='ltr'>et</span> <span class='ocrx_word' id='word_1_28' title='bbox 951 459 1154 516; x_wconf 87' lang='lat' dir='ltr'>sancta,</span> <span class='ocrx_word' id='word_1_29' title='bbox 1205 451 1460 520; x_wconf 87' lang='lat' dir='ltr'>impletur</span> <span class='ocrx_word' id='word_1_30' title='bbox 1513 451 1612 505; x_wconf 91' lang='lat' dir='ltr'>Dei</span> <span class='ocrx_word' id='word_1_31' title='bbox 1669 451 1879 506; x_wconf 79' lang='lat' dir='ltr'>visione</span> 
     </span>
    </p>
   </div>
   <div class='ocr_carea' id='block_1_6' title="bbox 285 540 1878 610">
    <p class='ocr_par' dir='ltr' id='par_1_6' title="bbox 285 540 1878 610">
     <span class='ocr_line' id='line_1_6' title="bbox 285 540 1878 610; baseline -0.003 -13"><span class='ocrx_word' id='word_1_32' title='bbox 285 540 572 606; x_wconf 74' lang='lat' dir='ltr'>ineffabili,</span> <span class='ocrx_word' id='word_1_33' title='bbox 616 555 780 610; x_wconf 88' lang='lat' dir='ltr'>quam</span> <span class='ocrx_word' id='word_1_34' title='bbox 825 547 949 594; x_wconf 89' lang='lat' dir='ltr'>tunc</span> <span class='ocrx_word' id='word_1_35' title='bbox 994 555 1412 610; x_wconf 81' lang='lat' dir='ltr'>consequamur,</span> <span class='ocrx_word' id='word_1_36' title='bbox 1465 555 1589 595; x_wconf 92' lang='lat' dir='ltr'>cum</span> <span class='ocrx_word' id='word_1_37' title='bbox 1637 540 1878 610; x_wconf 77' lang='lat' dir='ltr'>aequales</span> 
     </span>
    </p>
   </div>
   <div class='ocr_carea' id='block_1_7' title="bbox 288 627 1882 701">
    <p class='ocr_par' dir='ltr' id='par_1_7' title="bbox 288 627 1882 701">
     <span class='ocr_line' id='line_1_7' title="bbox 288 627 1882 701; baseline -0.003 -15"><span class='ocrx_word' id='word_1_38' title='bbox 288 629 501 701; x_wconf 81' lang='lat' dir='ltr'>angelis</span> <span class='ocrx_word' id='word_1_39' title='bbox 530 628 656 684; x_wconf 88' lang='lat' dir='ltr'>facti</span> <span class='ocrx_word' id='word_1_40' title='bbox 689 627 988 682; x_wconf 80' lang='lat' dir='ltr'>fuerimus.</span> <span class='ocrx_word' id='word_1_41' title='bbox 1029 628 1106 682; x_wconf 93' lang='lat' dir='ltr'>Eo</span> <span class='ocrx_word' id='word_1_42' title='bbox 1129 628 1327 700; x_wconf 85' lang='lat' dir='ltr'>quippe</span> <span class='ocrx_word' id='word_1_43' title='bbox 1349 628 1511 683; x_wconf 93' lang='lat' dir='ltr'>modo</span> <span class='ocrx_word' id='word_1_44' title='bbox 1541 643 1648 698; x_wconf 92' lang='lat' dir='ltr'>quo</span> <span class='ocrx_word' id='word_1_45' title='bbox 1678 628 1882 683; x_wconf 88' lang='lat' dir='ltr'>videbi-</span> 
     </span>
    </p>
   </div>
   <div class='ocr_carea' id='block_1_8' title="bbox 288 724 1880 797">
    <p class='ocr_par' dir='ltr' id='par_1_8' title="bbox 288 724 1880 797">
     <span class='ocr_line' id='line_1_8' title="bbox 288 724 1880 797; baseline -0.003 -15"><span class='ocrx_word' id='word_1_46' title='bbox 288 735 378 782; x_wconf 93' lang='lat' dir='ltr'>tur</span> <span class='ocrx_word' id='word_1_47' title='bbox 408 726 574 782; x_wconf 88' lang='lat' dir='ltr'>sicuti</span> <span class='ocrx_word' id='word_1_48' title='bbox 597 733 702 792; x_wconf 89' lang='lat' dir='ltr'>est,</span> <span class='ocrx_word' id='word_1_49' title='bbox 746 740 887 780; x_wconf 88' lang='lat' dir='ltr'>nunc</span> <span class='ocrx_word' id='word_1_50' title='bbox 929 724 1162 780; x_wconf 79' lang='lat' dir='ltr'>fortasse</span> <span class='ocrx_word' id='word_1_51' title='bbox 1206 725 1430 780; x_wconf 87' lang='lat' dir='ltr'>videtur</span> <span class='ocrx_word' id='word_1_52' title='bbox 1477 741 1510 780; x_wconf 91' lang='lat' dir='ltr'>a</span> <span class='ocrx_word' id='word_1_53' title='bbox 1556 726 1880 797; x_wconf 88' lang='lat' dir='ltr'>quibusdam</span> 
     </span>
    </p>
   </div>
   <div class='ocr_carea' id='block_1_9' title="bbox 288 813 1883 888">
    <p class='ocr_par' dir='ltr' id='par_1_9' title="bbox 288 813 1883 888">
     <span class='ocr_line' id='line_1_9' title="bbox 288 813 1883 888; baseline -0.003 -17"><span class='ocrx_word' id='word_1_54' title='bbox 288 815 505 888; x_wconf 77' lang='lat' dir='ltr'>angelis</span> <span class='ocrx_word' id='word_1_55' title='bbox 538 832 551 869; x_wconf 92' lang='lat'>:</span> <span class='ocrx_word' id='word_1_56' title='bbox 584 830 616 869; x_wconf 89' lang='lat' dir='ltr'>a</span> <span class='ocrx_word' id='word_1_57' title='bbox 646 815 805 869; x_wconf 88' lang='lat' dir='ltr'>nobis</span> <span class='ocrx_word' id='word_1_58' title='bbox 836 822 1014 869; x_wconf 90' lang='lat' dir='ltr'>autem</span> <span class='ocrx_word' id='word_1_59' title='bbox 1047 822 1175 869; x_wconf 91' lang='lat' dir='ltr'>tunc</span> <span class='ocrx_word' id='word_1_60' title='bbox 1201 813 1280 868; x_wconf 88' lang='lat' dir='ltr'>ita</span> <span class='ocrx_word' id='word_1_61' title='bbox 1313 813 1607 879; x_wconf 73' lang='lat' dir='ltr'>videbitur,</span> <span class='ocrx_word' id='word_1_62' title='bbox 1640 831 1765 869; x_wconf 92' lang='lat' dir='ltr'>cum</span> <span class='ocrx_word' id='word_1_63' title='bbox 1803 814 1883 868; x_wconf 90' lang='lat' dir='ltr'>eis</span> 
     </span>
    </p>
   </div>
   <div class='ocr_carea' id='block_1_10' title="bbox 291 903 1883 975">
    <p class='ocr_par' dir='ltr' id='par_1_10' title="bbox 291 903 1883 975">
     <span class='ocr_line' id='line_1_10' title="bbox 291 903 1883 975; baseline -0.003 -14"><span class='ocrx_word' id='word_1_64' title='bbox 291 905 421 961; x_wconf 85' lang='lat' dir='ltr'>facti</span> <span class='ocrx_word' id='word_1_65' title='bbox 450 904 713 960; x_wconf 87' lang='lat' dir='ltr'>fuerimus</span> <span class='ocrx_word' id='word_1_66' title='bbox 744 903 1004 975; x_wconf 78' lang='lat' dir='ltr'>aequales.</span> <span class='ocrx_word' id='word_1_67' title='bbox 1049 904 1209 958; x_wconf 89' lang='lat' dir='ltr'>Nunc</span> <span class='ocrx_word' id='word_1_68' title='bbox 1257 918 1391 958; x_wconf 84' lang='lat' dir='ltr'>sane</span> <span class='ocrx_word' id='word_1_69' title='bbox 1436 903 1699 975; x_wconf 70' lang='lat' dir='ltr'>quaerilur</span> <span class='ocrx_word' id='word_1_70' title='bbox 1742 918 1883 974; x_wconf 91' lang='lat' dir='ltr'>quo-</span> 
     </span>
    </p>
   </div>
   <div class='ocr_carea' id='block_1_11' title="bbox 289 1000 1886 1072">
    <p class='ocr_par' dir='ltr' id='par_1_11' title="bbox 289 1000 1886 1072">
     <span class='ocr_line' id='line_1_11' title="bbox 289 1000 1886 1072; baseline -0.003 -12"><span class='ocrx_word' id='word_1_71' title='bbox 289 1003 456 1060; x_wconf 90' lang='lat' dir='ltr'>modo</span> <span class='ocrx_word' id='word_1_72' title='bbox 486 1002 736 1057; x_wconf 83' lang='lat' dir='ltr'>videatur</span> <span class='ocrx_word' id='word_1_73' title='bbox 767 1003 930 1067; x_wconf 89' lang='lat' dir='ltr'>Deus,</span> <span class='ocrx_word' id='word_1_74' title='bbox 956 1017 1065 1056; x_wconf 91' lang='lat' dir='ltr'>non</span> <span class='ocrx_word' id='word_1_75' title='bbox 1082 1016 1147 1056; x_wconf 89' lang='lat' dir='ltr'>ea</span> <span class='ocrx_word' id='word_1_76' title='bbox 1170 1000 1354 1071; x_wconf 87' lang='lat' dir='ltr'>specie</span> <span class='ocrx_word' id='word_1_77' title='bbox 1379 1017 1485 1072; x_wconf 92' lang='lat' dir='ltr'>qua</span> <span class='ocrx_word' id='word_1_78' title='bbox 1517 1008 1568 1055; x_wconf 89' lang='lat' dir='ltr'>et</span> <span class='ocrx_word' id='word_1_79' title='bbox 1589 1001 1640 1054; x_wconf 89' lang='lat' dir='ltr'>in</span> <span class='ocrx_word' id='word_1_80' title='bbox 1658 1000 1761 1056; x_wconf 90' lang='lat' dir='ltr'>isto</span> <span class='ocrx_word' id='word_1_81' title='bbox 1779 1017 1886 1055; x_wconf 71' lang='lat' dir='ltr'>sae-</span> 
     </span>
    </p>
   </div>
   <div class='ocr_carea' id='block_1_12' title="bbox 291 1089 1884 1163">
    <p class='ocr_par' dir='ltr' id='par_1_12' title="bbox 291 1089 1884 1163">
     <span class='ocr_line' id='line_1_12' title="bbox 291 1089 1884 1163; baseline -0.004 -14"><span class='ocrx_word' id='word_1_82' title='bbox 291 1091 415 1149; x_wconf 91' lang='lat' dir='ltr'>culo</span> <span class='ocrx_word' id='word_1_83' title='bbox 446 1090 775 1163; x_wconf 87' lang='lat' dir='ltr'>quibusdam</span> <span class='ocrx_word' id='word_1_84' title='bbox 807 1089 980 1145; x_wconf 89' lang='lat' dir='ltr'>voluit</span> <span class='ocrx_word' id='word_1_85' title='bbox 1015 1104 1280 1160; x_wconf 86' lang='lat' dir='ltr'>apparere</span> <span class='ocrx_word' id='word_1_86' title='bbox 1315 1104 1328 1157; x_wconf 90' lang='lat'><strong>;</strong></span> <span class='ocrx_word' id='word_1_87' title='bbox 1377 1089 1598 1158; x_wconf 86' lang='lat' dir='ltr'>quando</span> <span class='ocrx_word' id='word_1_88' title='bbox 1637 1105 1746 1144; x_wconf 92' lang='lat' dir='ltr'>non</span> <span class='ocrx_word' id='word_1_89' title='bbox 1791 1105 1884 1143; x_wconf 89' lang='lat' dir='ltr'>so-</span> 
     </span>
    </p>
   </div>
   <div class='ocr_carea' id='block_1_13' title="bbox 291 1176 1885 1248">
    <p class='ocr_par' dir='ltr' id='par_1_13' title="bbox 291 1176 1885 1248">
     <span class='ocr_line' id='line_1_13' title="bbox 291 1176 1885 1248; baseline -0.003 -12"><span class='ocrx_word' id='word_1_90' title='bbox 291 1181 403 1236; x_wconf 92' lang='lat' dir='ltr'>lum</span> <span class='ocrx_word' id='word_1_91' title='bbox 441 1195 565 1235; x_wconf 90' lang='lat' dir='ltr'>cum</span> <span class='ocrx_word' id='word_1_92' title='bbox 610 1176 888 1234; x_wconf 82' lang='lat' dir='ltr'>Abraham</span> <span class='ocrx_word' id='word_1_93' title='bbox 947 1177 1184 1248; x_wconf 86' lang='lat' dir='ltr'>aliisque</span> <span class='ocrx_word' id='word_1_94' title='bbox 1235 1177 1418 1248; x_wconf 90' lang='lat' dir='ltr'>justis,</span> <span class='ocrx_word' id='word_1_95' title='bbox 1475 1193 1666 1232; x_wconf 88' lang='lat' dir='ltr'>verum</span> <span class='ocrx_word' id='word_1_96' title='bbox 1723 1177 1885 1232; x_wconf 89' lang='lat' dir='ltr'>etiam</span> 
     </span>
    </p>
   </div>
   <div class='ocr_carea' id='block_1_14' title="bbox 293 1274 1888 1347">
    <p class='ocr_par' dir='ltr' id='par_1_14' title="bbox 293 1274 1888 1347">
     <span class='ocr_line' id='line_1_14' title="bbox 293 1274 1888 1347; baseline -0.003 -14"><span class='ocrx_word' id='word_1_97' title='bbox 293 1294 416 1334; x_wconf 90' lang='lat' dir='ltr'>cum</span> <span class='ocrx_word' id='word_1_98' title='bbox 448 1276 582 1332; x_wconf 87' lang='lat' dir='ltr'>Cain</span> <span class='ocrx_word' id='word_1_99' title='bbox 616 1275 893 1331; x_wconf 76' lang='lat' dir='ltr'>fratricida</span> <span class='ocrx_word' id='word_1_100' title='bbox 922 1275 1138 1330; x_wconf 91' lang='lat' dir='ltr'>locutus</span> <span class='ocrx_word' id='word_1_101' title='bbox 1169 1283 1272 1340; x_wconf 89' lang='lat' dir='ltr'>est,</span> <span class='ocrx_word' id='word_1_102' title='bbox 1324 1275 1421 1330; x_wconf 89' lang='lat' dir='ltr'>sed</span> <span class='ocrx_word' id='word_1_103' title='bbox 1472 1275 1744 1347; x_wconf 88' lang='lat' dir='ltr'>quomodo</span> <span class='ocrx_word' id='word_1_104' title='bbox 1801 1274 1888 1330; x_wconf 89' lang='lat' dir='ltr'>vi-</span> 
     </span>
    </p>
   </div>
   <div class='ocr_carea' id='block_1_15' title="bbox 295 1363 1888 1434">
    <p class='ocr_par' dir='ltr' id='par_1_15' title="bbox 295 1363 1888 1434">
     <span class='ocr_line' id='line_1_15' title="bbox 295 1363 1888 1434; baseline -0.004 -10"><span class='ocrx_word' id='word_1_105' title='bbox 295 1369 490 1424; x_wconf 87' lang='lat' dir='ltr'>deatur</span> <span class='ocrx_word' id='word_1_106' title='bbox 519 1365 573 1420; x_wconf 90' lang='lat' dir='ltr'>in</span> <span class='ocrx_word' id='word_1_107' title='bbox 607 1365 699 1420; x_wconf 90' lang='lat' dir='ltr'>illo</span> <span class='ocrx_word' id='word_1_108' title='bbox 727 1379 922 1434; x_wconf 72' lang='lat' dir='ltr'>regno,</span> <span class='ocrx_word' id='word_1_109' title='bbox 954 1363 1044 1417; x_wconf 92' lang='lat' dir='ltr'>ubi</span> <span class='ocrx_word' id='word_1_110' title='bbox 1075 1379 1197 1418; x_wconf 90' lang='lat' dir='ltr'>eum</span> <span class='ocrx_word' id='word_1_111' title='bbox 1230 1363 1324 1417; x_wconf 84' lang='lat' dir='ltr'>filii</span> <span class='ocrx_word' id='word_1_112' title='bbox 1355 1364 1471 1431; x_wconf 88' lang='lat' dir='ltr'>ejus</span> <span class='ocrx_word' id='word_1_113' title='bbox 1496 1364 1754 1418; x_wconf 89' lang='lat' dir='ltr'>videbunt</span> <span class='ocrx_word' id='word_1_114' title='bbox 1774 1365 1888 1420; x_wconf 92' lang='lat' dir='ltr'>sic-</span> 
     </span>
    </p>
   </div>
   <div class='ocr_carea' id='block_1_16' title="bbox 298 1452 1889 1524">
    <p class='ocr_par' dir='ltr' id='par_1_16' title="bbox 298 1452 1889 1524">
     <span class='ocr_line' id='line_1_16' title="bbox 298 1452 1889 1524; baseline -0.003 -13"><span class='ocrx_word' id='word_1_115' title='bbox 298 1457 376 1511; x_wconf 90' lang='lat' dir='ltr'>uti</span> <span class='ocrx_word' id='word_1_116' title='bbox 409 1463 514 1511; x_wconf 90' lang='lat' dir='ltr'>est.</span> <span class='ocrx_word' id='word_1_117' title='bbox 554 1453 672 1522; x_wconf 81' lang='lat' dir='ltr'>Quo</span> <span class='ocrx_word' id='word_1_118' title='bbox 707 1452 984 1508; x_wconf 90' lang='lat' dir='ltr'>desiderio</span> <span class='ocrx_word' id='word_1_119' title='bbox 1015 1452 1286 1524; x_wconf 85' lang='lat' dir='ltr'>ﬂagrabat</span> <span class='ocrx_word' id='word_1_120' title='bbox 1320 1453 1552 1522; x_wconf 85' lang='lat' dir='ltr'>Moyses,</span> <span class='ocrx_word' id='word_1_121' title='bbox 1599 1452 1682 1508; x_wconf 90' lang='lat' dir='ltr'>cui</span> <span class='ocrx_word' id='word_1_122' title='bbox 1742 1452 1889 1522; x_wconf 83' lang='lat' dir='ltr'>loqui</span> 
     </span>
    </p>
   </div>
   <div class='ocr_carea' id='block_1_17' title="bbox 297 1547 1887 1617">
    <p class='ocr_par' dir='ltr' id='par_1_17' title="bbox 297 1547 1887 1617">
     <span class='ocr_line' id='line_1_17' title="bbox 297 1547 1887 1617; baseline -0.003 -10"><span class='ocrx_word' id='word_1_123' title='bbox 297 1553 366 1607; x_wconf 91' lang='lat' dir='ltr'>ad</span> <span class='ocrx_word' id='word_1_124' title='bbox 395 1553 570 1607; x_wconf 90' lang='lat' dir='ltr'>Deum</span> <span class='ocrx_word' id='word_1_125' title='bbox 602 1549 740 1606; x_wconf 90' lang='lat' dir='ltr'>facie</span> <span class='ocrx_word' id='word_1_126' title='bbox 761 1550 830 1604; x_wconf 90' lang='lat' dir='ltr'>ad</span> <span class='ocrx_word' id='word_1_127' title='bbox 854 1548 1044 1603; x_wconf 87' lang='lat' dir='ltr'>faciem</span> <span class='ocrx_word' id='word_1_128' title='bbox 1067 1564 1172 1603; x_wconf 89' lang='lat' dir='ltr'>non</span> <span class='ocrx_word' id='word_1_129' title='bbox 1201 1547 1524 1617; x_wconf 84' lang='lat' dir='ltr'>sufficiebat,</span> <span class='ocrx_word' id='word_1_130' title='bbox 1553 1557 1603 1602; x_wconf 90' lang='lat' dir='ltr'>et</span> <span class='ocrx_word' id='word_1_131' title='bbox 1634 1548 1849 1603; x_wconf 85' lang='lat' dir='ltr'>dicebat</span> <span class='ocrx_word' id='word_1_132' title='bbox 1875 1565 1887 1602; x_wconf 93' lang='lat'>:</span> 
     </span>
    </p>
   </div>
   <div class='ocr_carea' id='block_1_18' title="bbox 303 1636 1888 1708">
    <p class='ocr_par' dir='ltr' id='par_1_18' title="bbox 303 1636 1888 1708">
     <span class='ocr_line' id='line_1_18' title="bbox 303 1636 1888 1708; baseline 0.001 -18"><span class='ocrx_word' id='word_1_133' title='bbox 303 1639 608 1697; x_wconf 75' lang='lat' dir='ltr'>«Ostende</span> <span class='ocrx_word' id='word_1_134' title='bbox 662 1639 794 1693; x_wconf 88' lang='lat' dir='ltr'>mihi</span> <span class='ocrx_word' id='word_1_135' title='bbox 842 1637 1196 1708; x_wconf 85' lang='lat' dir='ltr'>temetipsum</span> <span class='ocrx_word' id='word_1_136' title='bbox 1237 1636 1524 1692; x_wconf 79' lang='lat' dir='ltr'>manifeste</span> <span class='ocrx_word' id='word_1_137' title='bbox 1572 1646 1629 1692; x_wconf 88' lang='lat' dir='ltr'>ut</span> <span class='ocrx_word' id='word_1_138' title='bbox 1677 1637 1888 1692; x_wconf 87' lang='lat' dir='ltr'>videam</span> 
     </span>
    </p>
   </div>
   <div class='ocr_carea' id='block_1_19' title="bbox 1986 444 3580 516">
    <p class='ocr_par' dir='ltr' id='par_1_19' title="bbox 1986 444 3580 516">
     <span class='ocr_line' id='line_1_19' title="bbox 1986 444 3580 516; baseline 0.008 -20"><span class='ocrx_word' id='word_1_139' title='bbox 1986 444 2294 511; x_wconf 84' lang='lat' dir='ltr'>xvu.)Sed</span> <span class='ocrx_word' id='word_1_140' title='bbox 2343 444 2425 498; x_wconf 90' lang='lat' dir='ltr'>sic</span> <span class='ocrx_word' id='word_1_141' title='bbox 2483 445 2758 514; x_wconf 89' lang='lat' dir='ltr'>quomodo</span> <span class='ocrx_word' id='word_1_142' title='bbox 2816 447 3061 516; x_wconf 90' lang='lat' dir='ltr'>promisit</span> <span class='ocrx_word' id='word_1_143' title='bbox 3120 457 3468 505; x_wconf 90' lang='lat' dir='ltr'>ostensurum</span> <span class='ocrx_word' id='word_1_144' title='bbox 3519 469 3580 509; x_wconf 87' lang='lat' dir='ltr'>se</span> 
     </span>
    </p>
   </div>
   <div class='ocr_carea' id='block_1_20' title="bbox 1987 530 3577 612">
    <p class='ocr_par' dir='ltr' id='par_1_20' title="bbox 1987 530 3577 612">
     <span class='ocr_line' id='line_1_20' title="bbox 1987 530 3577 612; baseline 0.008 -28"><span class='ocrx_word' id='word_1_145' title='bbox 1987 530 2340 587; x_wconf 80' lang='lat' dir='ltr'>dilectoribus</span> <span class='ocrx_word' id='word_1_146' title='bbox 2371 533 2486 587; x_wconf 90' lang='lat' dir='ltr'>suis</span> <span class='ocrx_word' id='word_1_147' title='bbox 2516 549 2636 588; x_wconf 88' lang='lat' dir='ltr'>cum</span> <span class='ocrx_word' id='word_1_148' title='bbox 2671 535 2835 589; x_wconf 70' lang='lat' dir='ltr'>Patre</span> <span class='ocrx_word' id='word_1_149' title='bbox 2866 552 3037 590; x_wconf 91' lang='lat' dir='ltr'>unum</span> <span class='ocrx_word' id='word_1_150' title='bbox 3068 538 3264 603; x_wconf 90' lang='lat' dir='ltr'>Deum,</span> <span class='ocrx_word' id='word_1_151' title='bbox 3297 555 3405 594; x_wconf 90' lang='lat' dir='ltr'>non</span> <span class='ocrx_word' id='word_1_152' title='bbox 3436 557 3577 612; x_wconf 90' lang='lat' dir='ltr'>quo-</span> 
     </span>
    </p>
   </div>
   <div class='ocr_carea' id='block_1_21' title="bbox 1989 627 3578 699">
    <p class='ocr_par' dir='ltr' id='par_1_21' title="bbox 1989 627 3578 699">
     <span class='ocr_line' id='line_1_21' title="bbox 1989 627 3578 699; baseline 0.008 -19"><span class='ocrx_word' id='word_1_153' title='bbox 1989 627 2151 680; x_wconf 90' lang='lat' dir='ltr'>modo</span> <span class='ocrx_word' id='word_1_154' title='bbox 2180 627 2233 680; x_wconf 91' lang='lat' dir='ltr'>in</span> <span class='ocrx_word' id='word_1_155' title='bbox 2265 627 2368 682; x_wconf 89' lang='lat' dir='ltr'>hoc</span> <span class='ocrx_word' id='word_1_156' title='bbox 2397 628 2601 683; x_wconf 68' lang='lat' dir='ltr'>saeculo</span> <span class='ocrx_word' id='word_1_157' title='bbox 2618 628 2670 681; x_wconf 92' lang='lat' dir='ltr'>in</span> <span class='ocrx_word' id='word_1_158' title='bbox 2688 643 2917 699; x_wconf 90' lang='lat' dir='ltr'>corpore</span> <span class='ocrx_word' id='word_1_159' title='bbox 2939 631 3088 685; x_wconf 85' lang='lat' dir='ltr'>visus</span> <span class='ocrx_word' id='word_1_160' title='bbox 3108 641 3192 687; x_wconf 91' lang='lat' dir='ltr'>est</span> <span class='ocrx_word' id='word_1_161' title='bbox 3210 633 3367 689; x_wconf 91' lang='lat' dir='ltr'>bonis</span> <span class='ocrx_word' id='word_1_162' title='bbox 3380 643 3433 690; x_wconf 91' lang='lat' dir='ltr'>et</span> <span class='ocrx_word' id='word_1_163' title='bbox 3457 652 3578 693; x_wconf 88' lang='lat' dir='ltr'>ma-</span> 
     </span>
    </p>
   </div>
   <div class='ocr_carea' id='block_1_22' title="bbox 1988 713 3581 792">
    <p class='ocr_par' dir='ltr' id='par_1_22' title="bbox 1988 713 3581 792">
     <span class='ocr_line' id='line_1_22' title="bbox 1988 713 3581 792; baseline 0.01 -26"><span class='ocrx_word' id='word_1_164' title='bbox 1988 713 2142 768; x_wconf 90' lang='lat' dir='ltr'>lis.In</span> <span class='ocrx_word' id='word_1_165' title='bbox 2166 715 2257 770; x_wconf 88' lang='lat' dir='ltr'>illa</span> <span class='ocrx_word' id='word_1_166' title='bbox 2277 718 2475 786; x_wconf 87' lang='lat' dir='ltr'>quippe</span> <span class='ocrx_word' id='word_1_167' title='bbox 2494 716 2668 772; x_wconf 89' lang='lat' dir='ltr'>forma</span> <span class='ocrx_word' id='word_1_168' title='bbox 2689 718 2808 779; x_wconf 83' lang='lat' dir='ltr'>Dei,</span> <span class='ocrx_word' id='word_1_169' title='bbox 2823 718 2876 772; x_wconf 93' lang='lat' dir='ltr'>in</span> <span class='ocrx_word' id='word_1_170' title='bbox 2899 736 3002 790; x_wconf 89' lang='lat' dir='ltr'>qua</span> <span class='ocrx_word' id='word_1_171' title='bbox 3021 736 3129 775; x_wconf 89' lang='lat' dir='ltr'>non</span> <span class='ocrx_word' id='word_1_172' title='bbox 3152 722 3397 792; x_wconf 87' lang='lat' dir='ltr'>rapinam</span> <span class='ocrx_word' id='word_1_173' title='bbox 3431 727 3581 781; x_wconf 86' lang='lat' dir='ltr'>arbi-</span> 
     </span>
    </p>
   </div>
   <div class='ocr_carea' id='block_1_23' title="bbox 1991 805 3580 882">
    <p class='ocr_par' dir='ltr' id='par_1_23' title="bbox 1991 805 3580 882">
     <span class='ocr_line' id='line_1_23' title="bbox 1991 805 3580 882; baseline 0.011 -28"><span class='ocrx_word' id='word_1_174' title='bbox 1991 810 2157 856; x_wconf 87' lang='lat' dir='ltr'>tratus</span> <span class='ocrx_word' id='word_1_175' title='bbox 2175 811 2397 859; x_wconf 89' lang='lat' dir='ltr'>estesse</span> <span class='ocrx_word' id='word_1_176' title='bbox 2418 805 2646 876; x_wconf 68' lang='lat' dir='ltr'>aequalis</span> <span class='ocrx_word' id='word_1_177' title='bbox 2661 807 3144 881; x_wconf 84' lang='lat' dir='ltr'>Deo(Philipp.u),</span> <span class='ocrx_word' id='word_1_178' title='bbox 3159 811 3580 882; x_wconf 89' lang='lat' dir='ltr'>videbunteum,</span> 
     </span>
    </p>
   </div>
   <div class='ocr_carea' id='block_1_24' title="bbox 1994 899 3584 982">
    <p class='ocr_par' dir='ltr' id='par_1_24' title="bbox 1994 899 3584 982">
     <span class='ocr_line' id='line_1_24' title="bbox 1994 899 3584 982; baseline 0.011 -32"><span class='ocrx_word' id='word_1_179' title='bbox 1994 899 2086 968; x_wconf 88' lang='lat' dir='ltr'>qui</span> <span class='ocrx_word' id='word_1_180' title='bbox 2117 899 2381 954; x_wconf 80' lang='lat' dir='ltr'>videbunt</span> <span class='ocrx_word' id='word_1_181' title='bbox 2412 917 2534 955; x_wconf 91' lang='lat' dir='ltr'>eum</span> <span class='ocrx_word' id='word_1_182' title='bbox 2567 902 2723 957; x_wconf 90' lang='lat' dir='ltr'>sicuti</span> <span class='ocrx_word' id='word_1_183' title='bbox 2753 914 2854 957; x_wconf 89' lang='lat' dir='ltr'>est.</span> <span class='ocrx_word' id='word_1_184' title='bbox 2888 904 3003 960; x_wconf 89' lang='lat' dir='ltr'>Nec</span> <span class='ocrx_word' id='word_1_185' title='bbox 3033 905 3156 960; x_wconf 91' lang='lat' dir='ltr'>ideo</span> <span class='ocrx_word' id='word_1_186' title='bbox 3179 907 3435 965; x_wconf 89' lang='lat' dir='ltr'>videbunt</span> <span class='ocrx_word' id='word_1_187' title='bbox 3456 913 3584 982; x_wconf 89' lang='lat' dir='ltr'>quia</span> 
     </span>
    </p>
   </div>
   <div class='ocr_carea' id='block_1_25' title="bbox 1993 989 3584 1072">
    <p class='ocr_par' dir='ltr' id='par_1_25' title="bbox 1993 989 3584 1072">
     <span class='ocr_line' id='line_1_25' title="bbox 1993 989 3584 1072; baseline 0.01 -32"><span class='ocrx_word' id='word_1_188' title='bbox 1993 1003 2264 1057; x_wconf 80' lang='lat' dir='ltr'>pauperes</span> <span class='ocrx_word' id='word_1_189' title='bbox 2293 989 2485 1058; x_wconf 90' lang='lat' dir='ltr'>spiritu</span> <span class='ocrx_word' id='word_1_190' title='bbox 2508 989 2562 1043; x_wconf 89' lang='lat' dir='ltr'>in</span> <span class='ocrx_word' id='word_1_191' title='bbox 2592 991 2698 1047; x_wconf 91' lang='lat' dir='ltr'>hac</span> <span class='ocrx_word' id='word_1_192' title='bbox 2719 991 2828 1046; x_wconf 88' lang='lat' dir='ltr'>vita</span> <span class='ocrx_word' id='word_1_193' title='bbox 2853 991 3092 1060; x_wconf 88' lang='lat' dir='ltr'>fuerunt,</span> <span class='ocrx_word' id='word_1_194' title='bbox 3115 995 3243 1066; x_wconf 87' lang='lat' dir='ltr'>quia</span> <span class='ocrx_word' id='word_1_195' title='bbox 3263 998 3440 1065; x_wconf 90' lang='lat' dir='ltr'>mites,</span> <span class='ocrx_word' id='word_1_196' title='bbox 3460 1001 3584 1072; x_wconf 88' lang='lat' dir='ltr'>quia</span> 
     </span>
    </p>
   </div>
   <div class='ocr_carea' id='block_1_26' title="bbox 1992 1075 3586 1160">
    <p class='ocr_par' dir='ltr' id='par_1_26' title="bbox 1992 1075 3586 1160">
     <span class='ocr_line' id='line_1_26' title="bbox 1992 1075 3586 1160; baseline 0.01 -32"><span class='ocrx_word' id='word_1_197' title='bbox 1992 1075 2263 1146; x_wconf 75' lang='lat' dir='ltr'>lugentes,</span> <span class='ocrx_word' id='word_1_198' title='bbox 2301 1077 2430 1148; x_wconf 87' lang='lat' dir='ltr'>quia</span> <span class='ocrx_word' id='word_1_199' title='bbox 2460 1080 2768 1135; x_wconf 85' lang='lat' dir='ltr'>esurientes</span> <span class='ocrx_word' id='word_1_200' title='bbox 2798 1089 2851 1135; x_wconf 91' lang='lat' dir='ltr'>et</span> <span class='ocrx_word' id='word_1_201' title='bbox 2881 1081 3130 1138; x_wconf 85' lang='lat' dir='ltr'>sitientes</span> <span class='ocrx_word' id='word_1_202' title='bbox 3144 1085 3426 1154; x_wconf 81' lang='lat' dir='ltr'>justitiam,</span> <span class='ocrx_word' id='word_1_203' title='bbox 3461 1090 3586 1160; x_wconf 91' lang='lat' dir='ltr'>quia</span> 
     </span>
    </p>
   </div>
   <div class='ocr_carea' id='block_1_27' title="bbox 1993 1173 3586 1252">
    <p class='ocr_par' dir='ltr' id='par_1_27' title="bbox 1993 1173 3586 1252">
     <span class='ocr_line' id='line_1_27' title="bbox 1993 1173 3586 1252; baseline 0.009 -25"><span class='ocrx_word' id='word_1_204' title='bbox 1993 1173 2386 1230; x_wconf 87' lang='lat' dir='ltr'>misericordes</span> <span class='ocrx_word' id='word_1_205' title='bbox 2419 1217 2432 1242; x_wconf 93' lang='lat'>,</span> <span class='ocrx_word' id='word_1_206' title='bbox 2473 1176 2602 1246; x_wconf 88' lang='lat' dir='ltr'>quia</span> <span class='ocrx_word' id='word_1_207' title='bbox 2642 1176 2852 1246; x_wconf 86' lang='lat' dir='ltr'>pacifici</span> <span class='ocrx_word' id='word_1_208' title='bbox 2887 1219 2900 1244; x_wconf 92' lang='lat'>,</span> <span class='ocrx_word' id='word_1_209' title='bbox 2957 1179 3085 1250; x_wconf 90' lang='lat' dir='ltr'>quia</span> <span class='ocrx_word' id='word_1_210' title='bbox 3149 1185 3586 1252; x_wconf 88' lang='lat' dir='ltr'>persecutionem</span> 
     </span>
    </p>
   </div>
   <div class='ocr_carea' id='block_1_28' title="bbox 1995 1263 3589 1338">
    <p class='ocr_par' dir='ltr' id='par_1_28' title="bbox 1995 1263 3589 1338">
     <span class='ocr_line' id='line_1_28' title="bbox 1995 1263 3589 1338; baseline 0.009 -22"><span class='ocrx_word' id='word_1_211' title='bbox 1995 1263 2142 1332; x_wconf 88' lang='lat' dir='ltr'>passi</span> <span class='ocrx_word' id='word_1_212' title='bbox 2173 1271 2398 1334; x_wconf 87' lang='lat' dir='ltr'>propter</span> <span class='ocrx_word' id='word_1_213' title='bbox 2419 1263 2709 1333; x_wconf 88' lang='lat' dir='ltr'>justitiam,</span> <span class='ocrx_word' id='word_1_214' title='bbox 2741 1268 2996 1338; x_wconf 82' lang='lat' dir='ltr'>quamvis</span> <span class='ocrx_word' id='word_1_215' title='bbox 3013 1277 3065 1323; x_wconf 92' lang='lat' dir='ltr'>et</span> <span class='ocrx_word' id='word_1_216' title='bbox 3086 1269 3202 1326; x_wconf 70' lang='lat' dir='ltr'>baac</span> <span class='ocrx_word' id='word_1_217' title='bbox 3231 1273 3415 1328; x_wconf 86' lang='lat' dir='ltr'>omnia</span> <span class='ocrx_word' id='word_1_218' title='bbox 3445 1274 3589 1330; x_wconf 90' lang='lat' dir='ltr'>idem</span> 
     </span>
    </p>
   </div>
   <div class='ocr_carea' id='block_1_29' title="bbox 1995 1350 3592 1434">
    <p class='ocr_par' dir='ltr' id='par_1_29' title="bbox 1995 1350 3592 1434">
     <span class='ocr_line' id='line_1_29' title="bbox 1995 1350 3592 1434; baseline 0.008 -28"><span class='ocrx_word' id='word_1_219' title='bbox 1995 1350 2102 1421; x_wconf 90' lang='lat' dir='ltr'>ipsi</span> <span class='ocrx_word' id='word_1_220' title='bbox 2131 1351 2258 1416; x_wconf 88' lang='lat' dir='ltr'>sint,</span> <span class='ocrx_word' id='word_1_221' title='bbox 2289 1352 2390 1408; x_wconf 90' lang='lat' dir='ltr'>sed</span> <span class='ocrx_word' id='word_1_222' title='bbox 2425 1352 2557 1424; x_wconf 90' lang='lat' dir='ltr'>quia</span> <span class='ocrx_word' id='word_1_223' title='bbox 2587 1354 2789 1410; x_wconf 88' lang='lat' dir='ltr'>mundo</span> <span class='ocrx_word' id='word_1_224' title='bbox 2821 1356 2988 1411; x_wconf 86' lang='lat' dir='ltr'>corde</span> <span class='ocrx_word' id='word_1_225' title='bbox 3019 1365 3163 1412; x_wconf 90' lang='lat' dir='ltr'>sunt.</span> <span class='ocrx_word' id='word_1_226' title='bbox 3214 1359 3344 1415; x_wconf 92' lang='lat' dir='ltr'>Ideo</span> <span class='ocrx_word' id='word_1_227' title='bbox 3391 1363 3592 1434; x_wconf 89' lang='lat' dir='ltr'>quippe</span> 
     </span>
    </p>
   </div>
   <div class='ocr_carea' id='block_1_30' title="bbox 2001 1448 3591 1529">
    <p class='ocr_par' dir='ltr' id='par_1_30' title="bbox 2001 1448 3591 1529">
     <span class='ocr_line' id='line_1_30' title="bbox 2001 1448 3591 1529; baseline 0.009 -28"><span class='ocrx_word' id='word_1_228' title='bbox 2001 1448 2140 1502; x_wconf 88' lang='lat' dir='ltr'>inter</span> <span class='ocrx_word' id='word_1_229' title='bbox 2171 1449 2303 1503; x_wconf 90' lang='lat' dir='ltr'>alias</span> <span class='ocrx_word' id='word_1_230' title='bbox 2336 1449 2698 1505; x_wconf 88' lang='lat' dir='ltr'>beatitudines</span> <span class='ocrx_word' id='word_1_231' title='bbox 2727 1467 2851 1506; x_wconf 92' lang='lat' dir='ltr'>cum</span> <span class='ocrx_word' id='word_1_232' title='bbox 2877 1454 3059 1507; x_wconf 90' lang='lat' dir='ltr'>omnia</span> <span class='ocrx_word' id='word_1_233' title='bbox 3111 1455 3309 1510; x_wconf 86' lang='lat' dir='ltr'>faciant</span> <span class='ocrx_word' id='word_1_234' title='bbox 3348 1459 3437 1529; x_wconf 91' lang='lat' dir='ltr'>qui</span> <span class='ocrx_word' id='word_1_235' title='bbox 3493 1475 3591 1515; x_wconf 89' lang='lat' dir='ltr'>cor</span> 
     </span>
    </p>
   </div>
   <div class='ocr_carea' id='block_1_31' title="bbox 1998 1537 3586 1612">
    <p class='ocr_par' dir='ltr' id='par_1_31' title="bbox 1998 1537 3586 1612">
     <span class='ocr_line' id='line_1_31' title="bbox 1998 1537 3586 1612; baseline 0.008 -22"><span class='ocrx_word' id='word_1_236' title='bbox 1998 1537 2255 1591; x_wconf 90' lang='lat' dir='ltr'>mundum</span> <span class='ocrx_word' id='word_1_237' title='bbox 2288 1538 2507 1604; x_wconf 89' lang='lat' dir='ltr'>habent,</span> <span class='ocrx_word' id='word_1_238' title='bbox 2535 1555 2642 1594; x_wconf 91' lang='lat' dir='ltr'>non</span> <span class='ocrx_word' id='word_1_239' title='bbox 2669 1547 2750 1595; x_wconf 88' lang='lat' dir='ltr'>est</span> <span class='ocrx_word' id='word_1_240' title='bbox 2777 1547 2959 1596; x_wconf 88' lang='lat' dir='ltr'>tamen</span> <span class='ocrx_word' id='word_1_241' title='bbox 2982 1541 3112 1596; x_wconf 90' lang='lat' dir='ltr'>alibi</span> <span class='ocrx_word' id='word_1_242' title='bbox 3145 1543 3376 1612; x_wconf 89' lang='lat' dir='ltr'>positum</span> <span class='ocrx_word' id='word_1_243' title='bbox 3414 1548 3586 1602; x_wconf 89' lang='lat' dir='ltr'>Deum</span> 
     </span>
    </p>
   </div>
   <div class='ocr_carea' id='block_1_32' title="bbox 1999 1625 3584 1702">
    <p class='ocr_par' dir='ltr' id='par_1_32' title="bbox 1999 1625 3584 1702">
     <span class='ocr_line' id='line_1_32' title="bbox 1999 1625 3584 1702; baseline 0.008 -23"><span class='ocrx_word' id='word_1_244' title='bbox 1999 1625 2391 1691; x_wconf 87' lang='lat' dir='ltr'>videbunt,nisi</span> <span class='ocrx_word' id='word_1_245' title='bbox 2415 1627 2718 1684; x_wconf 90' lang='lat' dir='ltr'>ubidictum</span> <span class='ocrx_word' id='word_1_246' title='bbox 2739 1637 2859 1685; x_wconf 91' lang='lat' dir='ltr'>est:</span> <span class='ocrx_word' id='word_1_247' title='bbox 2894 1653 2915 1678; x_wconf 80' lang='grc' dir='ltr'>α</span> <span class='ocrx_word' id='word_1_248' title='bbox 2940 1630 3091 1686; x_wconf 89' lang='lat' dir='ltr'>Beati</span> <span class='ocrx_word' id='word_1_249' title='bbox 3117 1633 3306 1687; x_wconf 89' lang='lat' dir='ltr'>mundi</span> <span class='ocrx_word' id='word_1_250' title='bbox 3336 1636 3523 1702; x_wconf 90' lang='lat' dir='ltr'>corde,</span> <span class='ocrx_word' id='word_1_251' title='bbox 3561 1660 3584 1684; x_wconf 76' lang='grc' dir='ltr'>ιι</span> 
     </span>
    </p>
   </div>
   <div class='ocr_carea' id='block_1_33' title="bbox 295 1711 3590 1800">
    <p class='ocr_par' dir='ltr' id='par_1_33' title="bbox 295 1711 3590 1800">
     <span class='ocr_line' id='line_1_33' title="bbox 295 1711 3590 1800; baseline 0.001 -13"><span class='ocrx_word' id='word_1_252' title='bbox 295 1739 348 1787; x_wconf 89' lang='lat' dir='ltr'>te</span> <span class='ocrx_word' id='word_1_253' title='bbox 379 1730 578 1798; x_wconf 74' lang='lat' dir='ltr'>(Exod.</span> <span class='ocrx_word' id='word_1_254' title='bbox 611 1731 834 1793; x_wconf 86' lang='grc' dir='ltr'>χχχιιι),</span> <span class='ocrx_word' id='word_1_255' title='bbox 875 1749 896 1775; x_wconf 77' lang='grc' dir='ltr'><strong>υ</strong></span> <span class='ocrx_word' id='word_1_256' title='bbox 933 1726 1090 1798; x_wconf 89' lang='lat' dir='ltr'>quasi</span> <span class='ocrx_word' id='word_1_257' title='bbox 1136 1727 1344 1781; x_wconf 88' lang='lat' dir='ltr'>diceret</span> <span class='ocrx_word' id='word_1_258' title='bbox 1393 1726 1538 1797; x_wconf 92' lang='lat' dir='ltr'>quod</span> <span class='ocrx_word' id='word_1_259' title='bbox 1577 1725 1628 1780; x_wconf 91' lang='lat' dir='ltr'>in</span> <span class='ocrx_word' id='word_1_260' title='bbox 1679 1726 1888 1796; x_wconf 91' lang='lat' dir='ltr'>psalmo</span> <span class='ocrx_word' id='word_1_261' title='bbox 1919 1711 1970 1770; x_wconf 82' lang='grc' dir='ltr'>Β</span> <span class='ocrx_word' id='word_1_262' title='bbox 2001 1723 2254 1793; x_wconf 86' lang='lat' dir='ltr'>quoniam</span> <span class='ocrx_word' id='word_1_263' title='bbox 2288 1723 2492 1780; x_wconf 91' lang='lat' dir='ltr'>mundo</span> <span class='ocrx_word' id='word_1_264' title='bbox 2521 1726 2690 1781; x_wconf 89' lang='lat' dir='ltr'>corde</span> <span class='ocrx_word' id='word_1_265' title='bbox 2732 1726 3020 1794; x_wconf 84' lang='lat' dir='ltr'>videbitur,</span> <span class='ocrx_word' id='word_1_266' title='bbox 3074 1729 3166 1800; x_wconf 92' lang='lat' dir='ltr'>qui</span> <span class='ocrx_word' id='word_1_267' title='bbox 3215 1745 3318 1786; x_wconf 89' lang='lat' dir='ltr'>nec</span> <span class='ocrx_word' id='word_1_268' title='bbox 3359 1732 3413 1786; x_wconf 92' lang='lat' dir='ltr'>in</span> <span class='ocrx_word' id='word_1_269' title='bbox 3468 1733 3590 1789; x_wconf 91' lang='lat' dir='ltr'>loco</span> 
     </span>
    </p>
   </div>
   <div class='ocr_carea' id='block_1_34' title="bbox 294 1823 1891 1886">
    <p class='ocr_par' dir='ltr' id='par_1_34' title="bbox 294 1823 1891 1886">
     <span class='ocr_line' id='line_1_34' title="bbox 294 1823 1891 1886; baseline -0.004 -2"><span class='ocrx_word' id='word_1_270' title='bbox 294 1827 508 1886; x_wconf 89' lang='lat' dir='ltr'>canitur</span> <span class='ocrx_word' id='word_1_271' title='bbox 536 1842 599 1881; x_wconf 90' lang='lat' dir='ltr'>ex</span> <span class='ocrx_word' id='word_1_272' title='bbox 631 1825 823 1881; x_wconf 89' lang='lat' dir='ltr'>eodem</span> <span class='ocrx_word' id='word_1_273' title='bbox 850 1823 1129 1879; x_wconf 88' lang='lat' dir='ltr'>desiderio</span> <span class='ocrx_word' id='word_1_274' title='bbox 1163 1843 1174 1878; x_wconf 93' lang='lat'><strong>:</strong></span> <span class='ocrx_word' id='word_1_275' title='bbox 1214 1845 1236 1874; x_wconf 72' lang='grc' dir='ltr'><strong>α</strong></span> <span class='ocrx_word' id='word_1_276' title='bbox 1272 1823 1412 1880; x_wconf 90' lang='lat' dir='ltr'>Cum</span> <span class='ocrx_word' id='word_1_277' title='bbox 1454 1823 1891 1879; x_wconf 82' lang='lat' dir='ltr'>manifestabitur</span> 
     </span>
    </p>
   </div>
   <div class='ocr_carea' id='block_1_35' title="bbox 298 1913 1043 1987">
    <p class='ocr_par' dir='ltr' id='par_1_35' title="bbox 298 1913 1043 1987">
     <span class='ocr_line' id='line_1_35' title="bbox 298 1913 1043 1987; baseline -0.007 -16"><span class='ocrx_word' id='word_1_278' title='bbox 298 1917 476 1987; x_wconf 77' lang='lat' dir='ltr'>gloria</span> <span class='ocrx_word' id='word_1_279' title='bbox 507 1923 594 1971; x_wconf 90' lang='lat' dir='ltr'>tua</span> <span class='ocrx_word' id='word_1_280' title='bbox 625 1915 798 1986; x_wconf 80' lang='lat' dir='ltr'>(Psal.</span> <span class='ocrx_word' id='word_1_281' title='bbox 836 1913 976 1982; x_wconf 76' lang='grc' dir='ltr'>χιιι).</span> <span class='ocrx_word' id='word_1_282' title='bbox 1022 1938 1043 1960; x_wconf 75' lang='grc' dir='ltr'><strong><em>η</em></strong></span> 
     </span>
    </p>
   </div>
   <div class='ocr_carea' id='block_1_36' title="bbox 372 2041 1892 2113">
    <p class='ocr_par' dir='ltr' id='par_1_36' title="bbox 372 2041 1892 2113">
     <span class='ocr_line' id='line_1_36' title="bbox 372 2041 1892 2113; baseline -0.004 -12"><span class='ocrx_word' id='word_1_283' title='bbox 372 2047 454 2101; x_wconf 89' lang='lat' dir='ltr'>De</span> <span class='ocrx_word' id='word_1_284' title='bbox 482 2045 588 2100; x_wconf 90' lang='lat' dir='ltr'>hac</span> <span class='ocrx_word' id='word_1_285' title='bbox 617 2043 826 2100; x_wconf 87' lang='lat' dir='ltr'>visione</span> <span class='ocrx_word' id='word_1_286' title='bbox 856 2041 1087 2113; x_wconf 88' lang='lat' dir='ltr'>loquens</span> <span class='ocrx_word' id='word_1_287' title='bbox 1118 2041 1276 2096; x_wconf 88' lang='lat' dir='ltr'>etiam</span> <span class='ocrx_word' id='word_1_288' title='bbox 1309 2041 1427 2113; x_wconf 92' lang='lat' dir='ltr'>ipse</span> <span class='ocrx_word' id='word_1_289' title='bbox 1450 2050 1663 2096; x_wconf 90' lang='lat' dir='ltr'>amator</span> <span class='ocrx_word' id='word_1_290' title='bbox 1683 2049 1734 2096; x_wconf 90' lang='lat' dir='ltr'>et</span> <span class='ocrx_word' id='word_1_291' title='bbox 1755 2041 1892 2096; x_wconf 84' lang='lat' dir='ltr'>desi-</span> 
     </span>
    </p>
   </div>
   <div class='ocr_carea' id='block_1_37' title="bbox 295 2129 1891 2202">
    <p class='ocr_par' dir='ltr' id='par_1_37' title="bbox 295 2129 1891 2202">
     <span class='ocr_line' id='line_1_37' title="bbox 295 2129 1891 2202; baseline -0.004 -12"><span class='ocrx_word' id='word_1_292' title='bbox 295 2135 520 2190; x_wconf 89' lang='lat' dir='ltr'>derator</span> <span class='ocrx_word' id='word_1_293' title='bbox 551 2134 668 2202; x_wconf 88' lang='lat' dir='ltr'>ejus</span> <span class='ocrx_word' id='word_1_294' title='bbox 699 2130 1017 2187; x_wconf 89' lang='lat' dir='ltr'>Ambrosius</span> <span class='ocrx_word' id='word_1_295' title='bbox 1049 2148 1060 2182; x_wconf 89' lang='lat'>:</span> <span class='ocrx_word' id='word_1_296' title='bbox 1094 2132 1215 2186; x_wconf 89' lang='lat' dir='ltr'>Non</span> <span class='ocrx_word' id='word_1_297' title='bbox 1249 2131 1302 2184; x_wconf 91' lang='lat' dir='ltr'>in</span> <span class='ocrx_word' id='word_1_298' title='bbox 1331 2131 1472 2193; x_wconf 89' lang='lat' dir='ltr'>loco,</span> <span class='ocrx_word' id='word_1_299' title='bbox 1507 2131 1703 2202; x_wconf 87' lang='lat' dir='ltr'>inquit,</span> <span class='ocrx_word' id='word_1_300' title='bbox 1737 2129 1891 2184; x_wconf 83' lang='lat' dir='ltr'>vide-</span> 
     </span>
    </p>
   </div>
   <div class='ocr_carea' id='block_1_38' title="bbox 292 2224 1890 2295">
    <p class='ocr_par' dir='ltr' id='par_1_38' title="bbox 292 2224 1890 2295">
     <span class='ocr_line' id='line_1_38' title="bbox 292 2224 1890 2295; baseline -0.003 -13"><span class='ocrx_word' id='word_1_301' title='bbox 292 2237 382 2283; x_wconf 91' lang='lat' dir='ltr'>tur</span> <span class='ocrx_word' id='word_1_302' title='bbox 406 2230 553 2283; x_wconf 91' lang='lat' dir='ltr'>Deus</span> <span class='ocrx_word' id='word_1_303' title='bbox 586 2235 680 2295; x_wconf 87' lang='lat' dir='ltr'>;et</span> <span class='ocrx_word' id='word_1_304' title='bbox 709 2227 843 2281; x_wconf 89' lang='lat' dir='ltr'>sicut</span> <span class='ocrx_word' id='word_1_305' title='bbox 872 2227 942 2281; x_wconf 91' lang='lat' dir='ltr'>ad</span> <span class='ocrx_word' id='word_1_306' title='bbox 986 2226 1164 2282; x_wconf 90' lang='lat' dir='ltr'>ilicem</span> <span class='ocrx_word' id='word_1_307' title='bbox 1219 2227 1488 2291; x_wconf 82' lang='lat' dir='ltr'>Mambre,</span> <span class='ocrx_word' id='word_1_308' title='bbox 1553 2233 1605 2281; x_wconf 90' lang='lat' dir='ltr'>et</span> <span class='ocrx_word' id='word_1_309' title='bbox 1651 2225 1790 2280; x_wconf 88' lang='lat' dir='ltr'>sicut</span> <span class='ocrx_word' id='word_1_310' title='bbox 1836 2224 1890 2278; x_wconf 90' lang='lat' dir='ltr'>in</span> 
     </span>
    </p>
   </div>
   <div class='ocr_carea' id='block_1_39' title="bbox 291 2313 1891 2384">
    <p class='ocr_par' dir='ltr' id='par_1_39' title="bbox 291 2313 1891 2384">
     <span class='ocr_line' id='line_1_39' title="bbox 291 2313 1891 2384; baseline -0.004 -11"><span class='ocrx_word' id='word_1_311' title='bbox 291 2325 478 2373; x_wconf 90' lang='lat' dir='ltr'>monte</span> <span class='ocrx_word' id='word_1_312' title='bbox 509 2317 659 2382; x_wconf 88' lang='lat' dir='ltr'>Sina,</span> <span class='ocrx_word' id='word_1_313' title='bbox 699 2316 798 2370; x_wconf 90' lang='lat' dir='ltr'>sed</span> <span class='ocrx_word' id='word_1_314' title='bbox 829 2315 1032 2370; x_wconf 91' lang='lat' dir='ltr'>mundo</span> <span class='ocrx_word' id='word_1_315' title='bbox 1062 2314 1230 2370; x_wconf 91' lang='lat' dir='ltr'>corde</span> <span class='ocrx_word' id='word_1_316' title='bbox 1264 2329 1278 2383; x_wconf 87' lang='lat'><strong>;</strong></span> <span class='ocrx_word' id='word_1_317' title='bbox 1329 2322 1381 2369; x_wconf 92' lang='lat' dir='ltr'>et</span> <span class='ocrx_word' id='word_1_318' title='bbox 1435 2330 1657 2384; x_wconf 79' lang='lat' dir='ltr'>sequar,</span> <span class='ocrx_word' id='word_1_319' title='bbox 1710 2313 1891 2369; x_wconf 87' lang='lat' dir='ltr'>sciens</span> 
     </span>
    </p>
   </div>
   <div class='ocr_carea' id='block_1_40' title="bbox 302 2403 1890 2479">
    <p class='ocr_par' dir='ltr' id='par_1_40' title="bbox 302 2403 1890 2479">
     <span class='ocr_line' id='line_1_40' title="bbox 302 2403 1890 2479; baseline -0.003 -18"><span class='ocrx_word' id='word_1_320' title='bbox 302 2407 433 2479; x_wconf 91' lang='lat' dir='ltr'>quid</span> <span class='ocrx_word' id='word_1_321' title='bbox 463 2406 739 2461; x_wconf 89' lang='lat' dir='ltr'>desideret</span> <span class='ocrx_word' id='word_1_322' title='bbox 770 2412 821 2459; x_wconf 90' lang='lat' dir='ltr'>et</span> <span class='ocrx_word' id='word_1_323' title='bbox 851 2403 982 2476; x_wconf 89' lang='lat' dir='ltr'>quid</span> <span class='ocrx_word' id='word_1_324' title='bbox 1010 2411 1223 2470; x_wconf 83' lang='lat' dir='ltr'>aestuet,</span> <span class='ocrx_word' id='word_1_325' title='bbox 1258 2412 1309 2458; x_wconf 85' lang='lat' dir='ltr'>et</span> <span class='ocrx_word' id='word_1_326' title='bbox 1339 2404 1468 2475; x_wconf 90' lang='lat' dir='ltr'>quid</span> <span class='ocrx_word' id='word_1_327' title='bbox 1511 2412 1692 2474; x_wconf 90' lang='lat' dir='ltr'>speret</span> <span class='ocrx_word' id='word_1_328' title='bbox 1726 2417 1738 2456; x_wconf 90' lang='lat'>:</span> <span class='ocrx_word' id='word_1_329' title='bbox 1787 2417 1890 2457; x_wconf 92' lang='lat' dir='ltr'>nec</span> 
     </span>
    </p>
   </div>
   <div class='ocr_carea' id='block_1_41' title="bbox 293 2500 1891 2576">
    <p class='ocr_par' dir='ltr' id='par_1_41' title="bbox 293 2500 1891 2576">
     <span class='ocr_line' id='line_1_41' title="bbox 293 2500 1891 2576; baseline -0.004 -16"><span class='ocrx_word' id='word_1_330' title='bbox 293 2503 695 2576; x_wconf 90' lang='lat' dir='ltr'>corporalibus,</span> <span class='ocrx_word' id='word_1_331' title='bbox 728 2502 922 2573; x_wconf 84' lang='lat' dir='ltr'>inquit,</span> <span class='ocrx_word' id='word_1_332' title='bbox 955 2501 1130 2558; x_wconf 90' lang='lat' dir='ltr'>oculis</span> <span class='ocrx_word' id='word_1_333' title='bbox 1173 2501 1427 2573; x_wconf 86' lang='lat' dir='ltr'>quaeritur</span> <span class='ocrx_word' id='word_1_334' title='bbox 1474 2502 1641 2567; x_wconf 89' lang='lat' dir='ltr'>Deus,</span> <span class='ocrx_word' id='word_1_335' title='bbox 1693 2500 1891 2572; x_wconf 89' lang='lat' dir='ltr'>quibus</span> 
     </span>
    </p>
   </div>
   <div class='ocr_carea' id='block_1_42' title="bbox 294 2589 1891 2656">
    <p class='ocr_par' dir='ltr' id='par_1_42' title="bbox 294 2589 1891 2656">
     <span class='ocr_line' id='line_1_42' title="bbox 294 2589 1891 2656; baseline -0.005 -7"><span class='ocrx_word' id='word_1_336' title='bbox 294 2609 355 2649; x_wconf 85' lang='lat' dir='ltr'>se</span> <span class='ocrx_word' id='word_1_337' title='bbox 384 2591 620 2648; x_wconf 81' lang='lat' dir='ltr'>ostendit</span> <span class='ocrx_word' id='word_1_338' title='bbox 650 2591 910 2656; x_wconf 64' lang='lat' dir='ltr'>Abrahae,</span> <span class='ocrx_word' id='word_1_339' title='bbox 939 2591 1112 2654; x_wconf 88' lang='lat' dir='ltr'>Isaac,</span> <span class='ocrx_word' id='word_1_340' title='bbox 1138 2590 1310 2645; x_wconf 86' lang='lat' dir='ltr'>Jacob</span> <span class='ocrx_word' id='word_1_341' title='bbox 1331 2597 1384 2645; x_wconf 89' lang='lat' dir='ltr'>et</span> <span class='ocrx_word' id='word_1_342' title='bbox 1419 2589 1540 2643; x_wconf 89' lang='lat' dir='ltr'>aliis</span> <span class='ocrx_word' id='word_1_343' title='bbox 1566 2589 1622 2642; x_wconf 90' lang='lat' dir='ltr'>in</span> <span class='ocrx_word' id='word_1_344' title='bbox 1645 2589 1748 2644; x_wconf 87' lang='lat' dir='ltr'>hoc</span> <span class='ocrx_word' id='word_1_345' title='bbox 1779 2604 1891 2642; x_wconf 79' lang='lat' dir='ltr'>sae-</span> 
     </span>
    </p>
   </div>
   <div class='ocr_carea' id='block_1_43' title="bbox 305 2676 1889 2749">
    <p class='ocr_par' dir='ltr' id='par_1_43' title="bbox 305 2676 1889 2749">
     <span class='ocr_line' id='line_1_43' title="bbox 305 2676 1889 2749; baseline -0.004 -11"><span class='ocrx_word' id='word_1_346' title='bbox 305 2681 449 2748; x_wconf 90' lang='lat' dir='ltr'>culo,</span> <span class='ocrx_word' id='word_1_347' title='bbox 479 2695 582 2736; x_wconf 86' lang='lat' dir='ltr'>nec</span> <span class='ocrx_word' id='word_1_348' title='bbox 611 2679 1075 2736; x_wconf 88' lang='lat' dir='ltr'>ciccumscribitur</span> <span class='ocrx_word' id='word_1_349' title='bbox 1095 2679 1212 2734; x_wconf 91' lang='lat' dir='ltr'>visu</span> <span class='ocrx_word' id='word_1_350' title='bbox 1235 2686 1454 2749; x_wconf 85' lang='lat' dir='ltr'>prOpter</span> <span class='ocrx_word' id='word_1_351' title='bbox 1470 2677 1603 2732; x_wconf 91' lang='lat' dir='ltr'>illud</span> <span class='ocrx_word' id='word_1_352' title='bbox 1626 2677 1772 2749; x_wconf 87' lang='lat' dir='ltr'>quod</span> <span class='ocrx_word' id='word_1_353' title='bbox 1801 2676 1889 2731; x_wconf 90' lang='lat' dir='ltr'>di-</span> 
     </span>
    </p>
   </div>
   <div class='ocr_carea' id='block_1_44' title="bbox 297 2774 1885 2845">
    <p class='ocr_par' dir='ltr' id='par_1_44' title="bbox 297 2774 1885 2845">
     <span class='ocr_line' id='line_1_44' title="bbox 297 2774 1885 2845; baseline -0.007 -10"><span class='ocrx_word' id='word_1_354' title='bbox 297 2787 444 2836; x_wconf 87' lang='lat' dir='ltr'>ctum</span> <span class='ocrx_word' id='word_1_355' title='bbox 461 2787 578 2833; x_wconf 87' lang='lat' dir='ltr'>est:</span> <span class='ocrx_word' id='word_1_356' title='bbox 612 2799 633 2828; x_wconf 78' lang='grc' dir='ltr'>ι</span> <span class='ocrx_word' id='word_1_357' title='bbox 662 2777 971 2832; x_wconf 89' lang='lat' dir='ltr'>Posteriora</span> <span class='ocrx_word' id='word_1_358' title='bbox 994 2791 1118 2831; x_wconf 91' lang='lat' dir='ltr'>mea</span> <span class='ocrx_word' id='word_1_359' title='bbox 1139 2775 1351 2830; x_wconf 83' lang='lat' dir='ltr'>videbis</span> <span class='ocrx_word' id='word_1_360' title='bbox 1373 2775 1574 2845; x_wconf 76' lang='lat' dir='ltr'>(Exod.</span> <span class='ocrx_word' id='word_1_361' title='bbox 1607 2774 1824 2843; x_wconf 81' lang='grc' dir='ltr'>χχχιιι).</span> <span class='ocrx_word' id='word_1_362' title='bbox 1862 2793 1885 2823; x_wconf 72' lang='grc' dir='ltr'>ι</span> 
     </span>
    </p>
   </div>
   <div class='ocr_carea' id='block_1_45' title="bbox 299 2864 1890 2932">
    <p class='ocr_par' dir='ltr' id='par_1_45' title="bbox 299 2864 1890 2932">
     <span class='ocr_line' id='line_1_45' title="bbox 299 2864 1890 2932; baseline -0.005 -8"><span class='ocrx_word' id='word_1_363' title='bbox 299 2869 417 2924; x_wconf 88' lang='lat' dir='ltr'>Nec</span> <span class='ocrx_word' id='word_1_364' title='bbox 442 2875 586 2922; x_wconf 87' lang='lat' dir='ltr'>tactu</span> <span class='ocrx_word' id='word_1_365' title='bbox 610 2874 842 2932; x_wconf 90' lang='lat' dir='ltr'>tenetur,</span> <span class='ocrx_word' id='word_1_366' title='bbox 877 2867 1012 2921; x_wconf 90' lang='lat' dir='ltr'>sicut</span> <span class='ocrx_word' id='word_1_367' title='bbox 1034 2866 1264 2920; x_wconf 88' lang='lat' dir='ltr'>luctatus</span> <span class='ocrx_word' id='word_1_368' title='bbox 1286 2873 1369 2920; x_wconf 83' lang='lat' dir='ltr'>est</span> <span class='ocrx_word' id='word_1_369' title='bbox 1389 2880 1512 2920; x_wconf 92' lang='lat' dir='ltr'>cum</span> <span class='ocrx_word' id='word_1_370' title='bbox 1541 2864 1745 2931; x_wconf 86' lang='lat' dir='ltr'>Jacob;</span> <span class='ocrx_word' id='word_1_371' title='bbox 1787 2877 1890 2917; x_wconf 89' lang='lat' dir='ltr'>nec</span> 
     </span>
    </p>
   </div>
   <div class='ocr_carea' id='block_1_46' title="bbox 297 2953 1889 3022">
    <p class='ocr_par' dir='ltr' id='par_1_46' title="bbox 297 2953 1889 3022">
     <span class='ocr_line' id='line_1_46' title="bbox 297 2953 1889 3022; baseline -0.004 -10"><span class='ocrx_word' id='word_1_372' title='bbox 297 2955 465 3012; x_wconf 77' lang='lat' dir='ltr'>affatu</span> <span class='ocrx_word' id='word_1_373' title='bbox 495 2956 731 3022; x_wconf 89' lang='lat' dir='ltr'>auditur,</span> <span class='ocrx_word' id='word_1_374' title='bbox 771 2955 910 3011; x_wconf 91' lang='lat' dir='ltr'>sicut</span> <span class='ocrx_word' id='word_1_375' title='bbox 938 2970 1048 3010; x_wconf 89' lang='lat' dir='ltr'>non</span> <span class='ocrx_word' id='word_1_376' title='bbox 1078 2955 1253 3010; x_wconf 85' lang='lat' dir='ltr'>solum</span> <span class='ocrx_word' id='word_1_377' title='bbox 1284 2970 1316 3008; x_wconf 92' lang='lat' dir='ltr'>a</span> <span class='ocrx_word' id='word_1_378' title='bbox 1348 2961 1424 3008; x_wconf 89' lang='lat' dir='ltr'>tot</span> <span class='ocrx_word' id='word_1_379' title='bbox 1449 2953 1668 3018; x_wconf 90' lang='lat' dir='ltr'>sanctis,</span> <span class='ocrx_word' id='word_1_380' title='bbox 1702 2967 1889 3006; x_wconf 90' lang='lat' dir='ltr'>verum</span> 
     </span>
    </p>
   </div>
   <div class='ocr_carea' id='block_1_47' title="bbox 293 3050 1970 3127">
    <p class='ocr_par' dir='ltr' id='par_1_47' title="bbox 293 3050 1970 3127">
     <span class='ocr_line' id='line_1_47' title="bbox 293 3050 1970 3127; baseline -0.004 -15"><span class='ocrx_word' id='word_1_381' title='bbox 293 3055 459 3112; x_wconf 88' lang='lat' dir='ltr'>etiam</span> <span class='ocrx_word' id='word_1_382' title='bbox 476 3054 689 3109; x_wconf 91' lang='lat' dir='ltr'>auditus</span> <span class='ocrx_word' id='word_1_383' title='bbox 709 3060 792 3108; x_wconf 91' lang='lat' dir='ltr'>est</span> <span class='ocrx_word' id='word_1_384' title='bbox 810 3067 842 3106; x_wconf 92' lang='lat' dir='ltr'>a</span> <span class='ocrx_word' id='word_1_385' title='bbox 859 3052 1077 3108; x_wconf 91' lang='lat' dir='ltr'>diabolo</span> <span class='ocrx_word' id='word_1_386' title='bbox 1103 3070 1115 3106; x_wconf 92' lang='lat'>:</span> <span class='ocrx_word' id='word_1_387' title='bbox 1137 3067 1237 3107; x_wconf 90' lang='lat' dir='ltr'>nec</span> <span class='ocrx_word' id='word_1_388' title='bbox 1259 3051 1484 3106; x_wconf 84' lang='lat' dir='ltr'>sentitur</span> <span class='ocrx_word' id='word_1_389' title='bbox 1500 3050 1738 3115; x_wconf 87' lang='lat' dir='ltr'>incessu,</span> <span class='ocrx_word' id='word_1_390' title='bbox 1754 3050 1890 3106; x_wconf 91' lang='lat' dir='ltr'>sicut</span> <span class='ocrx_word' id='word_1_391' title='bbox 1921 3063 1970 3127; x_wconf 73' lang='grc' dir='ltr'>α</span> 
     </span>
    </p>
   </div>
   <div class='ocr_carea' id='block_1_48' title="bbox 295 3139 1886 3215">
    <p class='ocr_par' dir='ltr' id='par_1_48' title="bbox 295 3139 1886 3215">
     <span class='ocr_line' id='line_1_48' title="bbox 295 3139 1886 3215; baseline -0.003 -18"><span class='ocrx_word' id='word_1_392' title='bbox 295 3143 589 3215; x_wconf 88' lang='lat' dir='ltr'>aliquando</span> <span class='ocrx_word' id='word_1_393' title='bbox 614 3159 736 3198; x_wconf 91' lang='lat' dir='ltr'>cum</span> <span class='ocrx_word' id='word_1_394' title='bbox 768 3141 821 3195; x_wconf 92' lang='lat' dir='ltr'>in</span> <span class='ocrx_word' id='word_1_395' title='bbox 853 3142 1108 3212; x_wconf 85' lang='lat' dir='ltr'>paradiso</span> <span class='ocrx_word' id='word_1_396' title='bbox 1137 3140 1443 3195; x_wconf 89' lang='lat' dir='ltr'>ambularet</span> <span class='ocrx_word' id='word_1_397' title='bbox 1488 3139 1555 3194; x_wconf 90' lang='lat' dir='ltr'>ad</span> <span class='ocrx_word' id='word_1_398' title='bbox 1603 3155 1886 3210; x_wconf 83' lang='lat' dir='ltr'>vesperam</span> 
     </span>
    </p>
   </div>
   <div class='ocr_carea' id='block_1_49' title="bbox 298 3229 1890 3303">
    <p class='ocr_par' dir='ltr' id='par_1_49' title="bbox 298 3229 1890 3303">
     <span class='ocr_line' id='line_1_49' title="bbox 298 3229 1890 3303; baseline -0.004 -14"><span class='ocrx_word' id='word_1_399' title='bbox 298 3233 459 3303; x_wconf 82' lang='lat' dir='ltr'>(Gen.</span> <span class='ocrx_word' id='word_1_400' title='bbox 490 3233 592 3300; x_wconf 90' lang='grc' dir='ltr'>ιιι).</span> <span class='ocrx_word' id='word_1_401' title='bbox 625 3231 788 3285; x_wconf 84' lang='lat' dir='ltr'>Vides</span> <span class='ocrx_word' id='word_1_402' title='bbox 819 3229 1280 3302; x_wconf 89' lang='lat' dir='ltr'>quemadmodum</span> <span class='ocrx_word' id='word_1_403' title='bbox 1313 3229 1394 3284; x_wconf 91' lang='lat' dir='ltr'>vir</span> <span class='ocrx_word' id='word_1_404' title='bbox 1414 3236 1636 3284; x_wconf 84' lang='lat' dir='ltr'>sanctus</span> <span class='ocrx_word' id='word_1_405' title='bbox 1658 3229 1890 3284; x_wconf 88' lang='lat' dir='ltr'>enitatur</span> 
     </span>
    </p>
   </div>
   <div class='ocr_carea' id='block_1_50' title="bbox 294 3327 1884 3390">
    <p class='ocr_par' dir='ltr' id='par_1_50' title="bbox 294 3327 1884 3390">
     <span class='ocr_line' id='line_1_50' title="bbox 294 3327 1884 3390; baseline -0.003 -5"><span class='ocrx_word' id='word_1_406' title='bbox 294 3337 508 3385; x_wconf 84' lang='lat' dir='ltr'>mentes</span> <span class='ocrx_word' id='word_1_407' title='bbox 538 3337 757 3384; x_wconf 90' lang='lat' dir='ltr'>nostras</span> <span class='ocrx_word' id='word_1_408' title='bbox 788 3329 858 3383; x_wconf 91' lang='lat' dir='ltr'>ab</span> <span class='ocrx_word' id='word_1_409' title='bbox 889 3327 1139 3383; x_wconf 90' lang='lat' dir='ltr'>omnibus</span> <span class='ocrx_word' id='word_1_410' title='bbox 1169 3327 1350 3383; x_wconf 91' lang='lat' dir='ltr'>carnis</span> <span class='ocrx_word' id='word_1_411' title='bbox 1366 3327 1616 3382; x_wconf 87' lang='lat' dir='ltr'>sensibus</span> <span class='ocrx_word' id='word_1_412' title='bbox 1638 3342 1884 3390; x_wconf 90' lang='lat' dir='ltr'>evocare,</span> 
     </span>
    </p>
   </div>
   <div class='ocr_carea' id='block_1_51' title="bbox 296 3414 1888 3490">
    <p class='ocr_par' dir='ltr' id='par_1_51' title="bbox 296 3414 1888 3490">
     <span class='ocr_line' id='line_1_51' title="bbox 296 3414 1888 3490; baseline -0.004 -16"><span class='ocrx_word' id='word_1_413' title='bbox 296 3426 356 3474; x_wconf 91' lang='lat' dir='ltr'>ut</span> <span class='ocrx_word' id='word_1_414' title='bbox 384 3427 541 3490; x_wconf 91' lang='lat' dir='ltr'>aptas</span> <span class='ocrx_word' id='word_1_415' title='bbox 571 3418 639 3472; x_wconf 87' lang='lat' dir='ltr'>ad</span> <span class='ocrx_word' id='word_1_416' title='bbox 671 3417 968 3472; x_wconf 88' lang='lat' dir='ltr'>videndum</span> <span class='ocrx_word' id='word_1_417' title='bbox 1002 3417 1173 3472; x_wconf 91' lang='lat' dir='ltr'>Deum</span> <span class='ocrx_word' id='word_1_418' title='bbox 1209 3415 1394 3472; x_wconf 85' lang='lat' dir='ltr'>faciat.</span> <span class='ocrx_word' id='word_1_419' title='bbox 1437 3417 1502 3471; x_wconf 89' lang='lat' dir='ltr'>Et</span> <span class='ocrx_word' id='word_1_420' title='bbox 1531 3424 1714 3470; x_wconf 90' lang='lat' dir='ltr'>tamen</span> <span class='ocrx_word' id='word_1_421' title='bbox 1759 3414 1888 3484; x_wconf 91' lang='lat' dir='ltr'>quid</span> 
     </span>
    </p>
   </div>
   <div class='ocr_carea' id='block_1_52' title="bbox 296 3503 1886 3580">
    <p class='ocr_par' dir='ltr' id='par_1_52' title="bbox 296 3503 1886 3580">
     <span class='ocr_line' id='line_1_52' title="bbox 296 3503 1886 3580; baseline -0.003 -18"><span class='ocrx_word' id='word_1_422' title='bbox 296 3509 411 3580; x_wconf 70' lang='lat' dir='ltr'>agit</span> <span class='ocrx_word' id='word_1_423' title='bbox 436 3507 558 3562; x_wconf 88' lang='lat' dir='ltr'>talis</span> <span class='ocrx_word' id='word_1_424' title='bbox 589 3507 930 3562; x_wconf 83' lang='lat' dir='ltr'>extrinsecus</span> <span class='ocrx_word' id='word_1_425' title='bbox 964 3506 1240 3577; x_wconf 87' lang='lat' dir='ltr'>plantator</span> <span class='ocrx_word' id='word_1_426' title='bbox 1283 3513 1334 3560; x_wconf 91' lang='lat' dir='ltr'>et</span> <span class='ocrx_word' id='word_1_427' title='bbox 1382 3504 1604 3577; x_wconf 86' lang='lat' dir='ltr'>rigator,</span> <span class='ocrx_word' id='word_1_428' title='bbox 1648 3504 1751 3558; x_wconf 92' lang='lat' dir='ltr'>nisi</span> <span class='ocrx_word' id='word_1_429' title='bbox 1799 3503 1886 3557; x_wconf 91' lang='lat' dir='ltr'>in-</span> 
     </span>
    </p>
   </div>
   <div class='ocr_carea' id='block_1_53' title="bbox 292 3598 1886 3675">
    <p class='ocr_par' dir='ltr' id='par_1_53' title="bbox 292 3598 1886 3675">
     <span class='ocr_line' id='line_1_53' title="bbox 292 3598 1886 3675; baseline -0.004 -15"><span class='ocrx_word' id='word_1_430' title='bbox 292 3606 562 3661; x_wconf 87' lang='lat' dir='ltr'>trinsecus</span> <span class='ocrx_word' id='word_1_431' title='bbox 589 3612 862 3675; x_wconf 90' lang='lat' dir='ltr'>operetur,</span> <span class='ocrx_word' id='word_1_432' title='bbox 898 3603 989 3674; x_wconf 90' lang='lat' dir='ltr'>qui</span> <span class='ocrx_word' id='word_1_433' title='bbox 1013 3602 1102 3658; x_wconf 91' lang='lat' dir='ltr'>dat</span> <span class='ocrx_word' id='word_1_434' title='bbox 1124 3604 1514 3657; x_wconf 90' lang='lat' dir='ltr'>incrementum</span> <span class='ocrx_word' id='word_1_435' title='bbox 1534 3602 1680 3656; x_wconf 80' lang='lat' dir='ltr'>Deus</span> <span class='ocrx_word' id='word_1_436' title='bbox 1697 3603 1725 3654; x_wconf 82' lang='lat'>‘?</span> <span class='ocrx_word' id='word_1_437' title='bbox 1749 3598 1886 3668; x_wconf 88' lang='lat' dir='ltr'>Quis</span> 
     </span>
    </p>
   </div>
   <div class='ocr_carea' id='block_1_54' title="bbox 291 3689 1885 3762">
    <p class='ocr_par' dir='ltr' id='par_1_54' title="bbox 291 3689 1885 3762">
     <span class='ocr_line' id='line_1_54' title="bbox 291 3689 1885 3762; baseline -0.004 -11"><span class='ocrx_word' id='word_1_438' title='bbox 291 3695 437 3752; x_wconf 88' lang='lat' dir='ltr'>enim</span> <span class='ocrx_word' id='word_1_439' title='bbox 467 3693 584 3748; x_wconf 89' lang='lat' dir='ltr'>sine</span> <span class='ocrx_word' id='word_1_440' title='bbox 610 3691 877 3762; x_wconf 89' lang='lat' dir='ltr'>adjutorio</span> <span class='ocrx_word' id='word_1_441' title='bbox 909 3691 1130 3762; x_wconf 89' lang='lat' dir='ltr'>spiritus</span> <span class='ocrx_word' id='word_1_442' title='bbox 1162 3690 1262 3746; x_wconf 89' lang='lat' dir='ltr'>Dei</span> <span class='ocrx_word' id='word_1_443' title='bbox 1289 3691 1537 3762; x_wconf 81' lang='lat' dir='ltr'>cogitare</span> <span class='ocrx_word' id='word_1_444' title='bbox 1569 3689 1885 3744; x_wconf 90' lang='lat' dir='ltr'>valeatesse</span> 
     </span>
    </p>
   </div>
   <div class='ocr_carea' id='block_1_55' title="bbox 289 3780 1883 3855">
    <p class='ocr_par' dir='ltr' id='par_1_55' title="bbox 289 3780 1883 3855">
     <span class='ocr_line' id='line_1_55' title="bbox 289 3780 1883 3855; baseline -0.003 -17"><span class='ocrx_word' id='word_1_445' title='bbox 289 3782 492 3855; x_wconf 88' lang='lat' dir='ltr'>aliquid</span> <span class='ocrx_word' id='word_1_446' title='bbox 524 3800 536 3846; x_wconf 84' lang='lat'><strong>;</strong></span> <span class='ocrx_word' id='word_1_447' title='bbox 571 3781 857 3854; x_wconf 73' lang='lat' dir='ltr'>magisque</span> <span class='ocrx_word' id='word_1_448' title='bbox 889 3797 1011 3836; x_wconf 89' lang='lat' dir='ltr'>esse</span> <span class='ocrx_word' id='word_1_449' title='bbox 1043 3795 1207 3852; x_wconf 89' lang='lat' dir='ltr'>quam</span> <span class='ocrx_word' id='word_1_450' title='bbox 1237 3780 1425 3836; x_wconf 88' lang='lat' dir='ltr'>omnia</span> <span class='ocrx_word' id='word_1_451' title='bbox 1456 3795 1577 3850; x_wconf 83' lang='lat' dir='ltr'>quae</span> <span class='ocrx_word' id='word_1_452' title='bbox 1607 3794 1706 3849; x_wconf 89' lang='lat' dir='ltr'>per</span> <span class='ocrx_word' id='word_1_453' title='bbox 1755 3793 1883 3834; x_wconf 90' lang='lat' dir='ltr'>cor-</span> 
     </span>
    </p>
   </div>
   <div class='ocr_carea' id='block_1_56' title="bbox 287 3877 1882 3954">
    <p class='ocr_par' dir='ltr' id='par_1_56' title="bbox 287 3877 1882 3954">
     <span class='ocr_line' id='line_1_56' title="bbox 287 3877 1882 3954; baseline -0.004 -17"><span class='ocrx_word' id='word_1_454' title='bbox 287 3897 391 3954; x_wconf 89' lang='lat' dir='ltr'>pus</span> <span class='ocrx_word' id='word_1_455' title='bbox 421 3881 744 3946; x_wconf 88' lang='lat' dir='ltr'>sentiuntur,</span> <span class='ocrx_word' id='word_1_456' title='bbox 778 3879 924 3947; x_wconf 89' lang='lat' dir='ltr'>quod</span> <span class='ocrx_word' id='word_1_457' title='bbox 948 3894 1050 3934; x_wconf 71' lang='lat' dir='ltr'>nec</span> <span class='ocrx_word' id='word_1_458' title='bbox 1080 3877 1137 3932; x_wconf 92' lang='lat' dir='ltr'>in</span> <span class='ocrx_word' id='word_1_459' title='bbox 1168 3878 1287 3933; x_wconf 91' lang='lat' dir='ltr'>loco</span> <span class='ocrx_word' id='word_1_460' title='bbox 1315 3877 1581 3942; x_wconf 90' lang='lat' dir='ltr'>videatur,</span> <span class='ocrx_word' id='word_1_461' title='bbox 1605 3891 1708 3931; x_wconf 92' lang='lat' dir='ltr'>nec</span> <span class='ocrx_word' id='word_1_462' title='bbox 1739 3892 1882 3946; x_wconf 69' lang='lat' dir='ltr'>quae-</span> 
     </span>
    </p>
   </div>
   <div class='ocr_carea' id='block_1_57' title="bbox 288 3964 1882 4034">
    <p class='ocr_par' dir='ltr' id='par_1_57' title="bbox 288 3964 1882 4034">
     <span class='ocr_line' id='line_1_57' title="bbox 288 3964 1882 4034; baseline -0.004 -8"><span class='ocrx_word' id='word_1_463' title='bbox 288 3970 519 4026; x_wconf 86' lang='lat' dir='ltr'>rendum</span> <span class='ocrx_word' id='word_1_464' title='bbox 553 3969 622 4023; x_wconf 91' lang='lat' dir='ltr'>sit</span> <span class='ocrx_word' id='word_1_465' title='bbox 651 3967 845 4034; x_wconf 90' lang='lat' dir='ltr'>oculis,</span> <span class='ocrx_word' id='word_1_466' title='bbox 878 3984 978 4024; x_wconf 91' lang='lat' dir='ltr'>nec</span> <span class='ocrx_word' id='word_1_467' title='bbox 1005 3967 1252 4022; x_wconf 89' lang='lat' dir='ltr'>audiatur</span> <span class='ocrx_word' id='word_1_468' title='bbox 1281 3964 1466 4030; x_wconf 76' lang='lat' dir='ltr'>affatu,</span> <span class='ocrx_word' id='word_1_469' title='bbox 1501 3981 1607 4021; x_wconf 90' lang='lat' dir='ltr'>nec</span> <span class='ocrx_word' id='word_1_470' title='bbox 1638 3973 1780 4020; x_wconf 90' lang='lat' dir='ltr'>tactu</span> <span class='ocrx_word' id='word_1_471' title='bbox 1797 3972 1882 4020; x_wconf 91' lang='lat' dir='ltr'>te-</span> 
     </span>
    </p>
   </div>
   <div class='ocr_carea' id='block_1_58' title="bbox 287 4055 1878 4126">
    <p class='ocr_par' dir='ltr' id='par_1_58' title="bbox 287 4055 1878 4126">
     <span class='ocr_line' id='line_1_58' title="bbox 287 4055 1878 4126; baseline -0.004 -12"><span class='ocrx_word' id='word_1_472' title='bbox 287 4067 508 4126; x_wconf 91' lang='lat' dir='ltr'>neatur,</span> <span class='ocrx_word' id='word_1_473' title='bbox 543 4073 650 4114; x_wconf 90' lang='lat' dir='ltr'>nec</span> <span class='ocrx_word' id='word_1_474' title='bbox 680 4057 944 4113; x_wconf 90' lang='lat' dir='ltr'>sentiatur</span> <span class='ocrx_word' id='word_1_475' title='bbox 973 4057 1214 4124; x_wconf 84' lang='lat' dir='ltr'>incessu,</span> <span class='ocrx_word' id='word_1_476' title='bbox 1266 4063 1319 4110; x_wconf 88' lang='lat' dir='ltr'>et</span> <span class='ocrx_word' id='word_1_477' title='bbox 1374 4055 1619 4110; x_wconf 90' lang='lat' dir='ltr'>videatur</span> <span class='ocrx_word' id='word_1_478' title='bbox 1673 4062 1878 4120; x_wconf 87' lang='lat' dir='ltr'>tamen,</span> 
     </span>
    </p>
   </div>
   <div class='ocr_carea' id='block_1_59' title="bbox 287 4151 1880 4226">
    <p class='ocr_par' dir='ltr' id='par_1_59' title="bbox 287 4151 1880 4226">
     <span class='ocr_line' id='line_1_59' title="bbox 287 4151 1880 4226; baseline -0.004 -13"><span class='ocrx_word' id='word_1_479' title='bbox 287 4157 389 4214; x_wconf 87' lang='lat' dir='ltr'>sed</span> <span class='ocrx_word' id='word_1_480' title='bbox 415 4157 618 4212; x_wconf 90' lang='lat' dir='ltr'>mundo</span> <span class='ocrx_word' id='word_1_481' title='bbox 649 4156 816 4212; x_wconf 92' lang='lat' dir='ltr'>corde</span> <span class='ocrx_word' id='word_1_482' title='bbox 845 4157 873 4209; x_wconf 86' lang='lat'><strong>?</strong></span> <span class='ocrx_word' id='word_1_483' title='bbox 903 4156 1095 4226; x_wconf 91' lang='lat' dir='ltr'>Neque</span> <span class='ocrx_word' id='word_1_484' title='bbox 1126 4154 1270 4210; x_wconf 91' lang='lat' dir='ltr'>enim</span> <span class='ocrx_word' id='word_1_485' title='bbox 1301 4153 1366 4208; x_wconf 91' lang='lat' dir='ltr'>de</span> <span class='ocrx_word' id='word_1_486' title='bbox 1397 4154 1498 4208; x_wconf 90' lang='lat' dir='ltr'>hac</span> <span class='ocrx_word' id='word_1_487' title='bbox 1528 4153 1637 4208; x_wconf 90' lang='lat' dir='ltr'>vita</span> <span class='ocrx_word' id='word_1_488' title='bbox 1667 4151 1760 4207; x_wconf 91' lang='lat' dir='ltr'>ille</span> <span class='ocrx_word' id='word_1_489' title='bbox 1793 4151 1880 4206; x_wconf 85' lang='lat' dir='ltr'>lo-</span> 
     </span>
    </p>
   </div>
   <div class='ocr_carea' id='block_1_60' title="bbox 289 4241 1882 4319">
    <p class='ocr_par' dir='ltr' id='par_1_60' title="bbox 289 4241 1882 4319">
     <span class='ocr_line' id='line_1_60' title="bbox 289 4241 1882 4319; baseline -0.004 -16"><span class='ocrx_word' id='word_1_490' title='bbox 289 4247 583 4319; x_wconf 90' lang='lat' dir='ltr'>quebatur,</span> <span class='ocrx_word' id='word_1_491' title='bbox 618 4261 739 4301; x_wconf 92' lang='lat' dir='ltr'>cum</span> <span class='ocrx_word' id='word_1_492' title='bbox 772 4245 876 4300; x_wconf 91' lang='lat' dir='ltr'>hoc</span> <span class='ocrx_word' id='word_1_493' title='bbox 907 4244 1114 4299; x_wconf 90' lang='lat' dir='ltr'>diceret</span> <span class='ocrx_word' id='word_1_494' title='bbox 1149 4263 1160 4298; x_wconf 90' lang='lat'>:</span> <span class='ocrx_word' id='word_1_495' title='bbox 1195 4241 1636 4314; x_wconf 88' lang='lat' dir='ltr'>quandoquidem</span> <span class='ocrx_word' id='word_1_496' title='bbox 1668 4241 1736 4296; x_wconf 92' lang='lat' dir='ltr'>ab</span> <span class='ocrx_word' id='word_1_497' title='bbox 1776 4241 1882 4297; x_wconf 89' lang='lat' dir='ltr'>hoc</span> 
     </span>
    </p>
   </div>
   <div class='ocr_carea' id='block_1_61' title="bbox 295 4330 1880 4406">
    <p class='ocr_par' dir='ltr' id='par_1_61' title="bbox 295 4330 1880 4406">
     <span class='ocr_line' id='line_1_61' title="bbox 295 4330 1880 4406; baseline -0.006 -14"><span class='ocrx_word' id='word_1_498' title='bbox 295 4335 498 4392; x_wconf 66' lang='lat' dir='ltr'>saeculo</span> <span class='ocrx_word' id='word_1_499' title='bbox 528 4335 586 4390; x_wconf 92' lang='lat' dir='ltr'>in</span> <span class='ocrx_word' id='word_1_500' title='bbox 615 4351 722 4406; x_wconf 89' lang='lat' dir='ltr'>quo</span> <span class='ocrx_word' id='word_1_501' title='bbox 754 4335 901 4389; x_wconf 90' lang='lat' dir='ltr'>Deus</span> <span class='ocrx_word' id='word_1_502' title='bbox 931 4333 1199 4404; x_wconf 86' lang='lat' dir='ltr'>apparuit,</span> <span class='ocrx_word' id='word_1_503' title='bbox 1235 4347 1342 4387; x_wconf 89' lang='lat' dir='ltr'>non</span> <span class='ocrx_word' id='word_1_504' title='bbox 1375 4330 1533 4386; x_wconf 91' lang='lat' dir='ltr'>sicuti</span> <span class='ocrx_word' id='word_1_505' title='bbox 1562 4338 1662 4398; x_wconf 88' lang='lat' dir='ltr'>est,</span> <span class='ocrx_word' id='word_1_506' title='bbox 1697 4330 1794 4385; x_wconf 88' lang='lat' dir='ltr'>sed</span> <span class='ocrx_word' id='word_1_507' title='bbox 1825 4331 1880 4384; x_wconf 92' lang='lat' dir='ltr'>in</span> 
     </span>
    </p>
   </div>
   <div class='ocr_carea' id='block_1_62' title="bbox 2000 1811 3590 1887">
    <p class='ocr_par' dir='ltr' id='par_1_62' title="bbox 2000 1811 3590 1887">
     <span class='ocr_line' id='line_1_62' title="bbox 2000 1811 3590 1887; baseline 0.007 -21"><span class='ocrx_word' id='word_1_508' title='bbox 2000 1811 2231 1878; x_wconf 88' lang='lat' dir='ltr'>videtur,</span> <span class='ocrx_word' id='word_1_509' title='bbox 2262 1827 2364 1868; x_wconf 91' lang='lat' dir='ltr'>nec</span> <span class='ocrx_word' id='word_1_510' title='bbox 2391 1813 2562 1868; x_wconf 90' lang='lat' dir='ltr'>oculis</span> <span class='ocrx_word' id='word_1_511' title='bbox 2590 1815 2968 1884; x_wconf 90' lang='lat' dir='ltr'>corporalibus</span> <span class='ocrx_word' id='word_1_512' title='bbox 2997 1817 3272 1887; x_wconf 73' lang='lat' dir='ltr'>quaeritur,</span> <span class='ocrx_word' id='word_1_513' title='bbox 3326 1835 3431 1876; x_wconf 90' lang='lat' dir='ltr'>nec</span> <span class='ocrx_word' id='word_1_514' title='bbox 3470 1822 3590 1878; x_wconf 89' lang='lat' dir='ltr'>visu</span> 
     </span>
    </p>
   </div>
   <div class='ocr_carea' id='block_1_63' title="bbox 2000 1899 3588 1972">
    <p class='ocr_par' dir='ltr' id='par_1_63' title="bbox 2000 1899 3588 1972">
     <span class='ocr_line' id='line_1_63' title="bbox 2000 1899 3588 1972; baseline 0.007 -18"><span class='ocrx_word' id='word_1_515' title='bbox 2000 1899 2478 1969; x_wconf 88' lang='lat' dir='ltr'>circumscribitur,</span> <span class='ocrx_word' id='word_1_516' title='bbox 2509 1917 2612 1958; x_wconf 90' lang='lat' dir='ltr'>nec</span> <span class='ocrx_word' id='word_1_517' title='bbox 2641 1909 2785 1958; x_wconf 92' lang='lat' dir='ltr'>tactu</span> <span class='ocrx_word' id='word_1_518' title='bbox 2813 1911 3044 1972; x_wconf 88' lang='lat' dir='ltr'>tenetur,</span> <span class='ocrx_word' id='word_1_519' title='bbox 3086 1921 3189 1962; x_wconf 89' lang='lat' dir='ltr'>nec</span> <span class='ocrx_word' id='word_1_520' title='bbox 3235 1909 3454 1964; x_wconf 90' lang='lat' dir='ltr'>auditur</span> <span class='ocrx_word' id='word_1_521' title='bbox 3501 1910 3588 1965; x_wconf 90' lang='lat' dir='ltr'>af-</span> 
     </span>
    </p>
   </div>
   <div class='ocr_carea' id='block_1_64' title="bbox 2001 1996 3592 2062">
    <p class='ocr_par' dir='ltr' id='par_1_64' title="bbox 2001 1996 3592 2062">
     <span class='ocr_line' id='line_1_64' title="bbox 2001 1996 3592 2062; baseline 0.008 -13"><span class='ocrx_word' id='word_1_522' title='bbox 2001 1996 2129 2061; x_wconf 86' lang='lat' dir='ltr'>fatu,</span> <span class='ocrx_word' id='word_1_523' title='bbox 2163 2013 2266 2053; x_wconf 89' lang='lat' dir='ltr'>nec</span> <span class='ocrx_word' id='word_1_524' title='bbox 2296 1999 2528 2052; x_wconf 87' lang='lat' dir='ltr'>sentitur</span> <span class='ocrx_word' id='word_1_525' title='bbox 2548 1999 2786 2054; x_wconf 89' lang='lat' dir='ltr'>incessu.</span> <span class='ocrx_word' id='word_1_526' title='bbox 2818 2001 3039 2056; x_wconf 85' lang='lat' dir='ltr'>«Deum</span> <span class='ocrx_word' id='word_1_527' title='bbox 3062 2001 3207 2056; x_wconf 90' lang='lat' dir='ltr'>enim</span> <span class='ocrx_word' id='word_1_528' title='bbox 3255 2020 3417 2060; x_wconf 92' lang='lat' dir='ltr'>nemo</span> <span class='ocrx_word' id='word_1_529' title='bbox 3459 2007 3592 2062; x_wconf 91' lang='lat' dir='ltr'>vidit</span> 
     </span>
    </p>
   </div>
   <div class='ocr_carea' id='block_1_65' title="bbox 2000 2086 3590 2164">
    <p class='ocr_par' dir='ltr' id='par_1_65' title="bbox 2000 2086 3590 2164">
     <span class='ocr_line' id='line_1_65' title="bbox 2000 2086 3590 2164; baseline 0.008 -26"><span class='ocrx_word' id='word_1_530' title='bbox 2000 2100 2238 2156; x_wconf 88' lang='lat' dir='ltr'>unquam</span> <span class='ocrx_word' id='word_1_531' title='bbox 2261 2087 2445 2154; x_wconf 84' lang='lat' dir='ltr'>(Joan.</span> <span class='ocrx_word' id='word_1_532' title='bbox 2479 2089 2540 2156; x_wconf 84' lang='grc' dir='ltr'>ι),</span> <span class='ocrx_word' id='word_1_533' title='bbox 2570 2107 2592 2136; x_wconf 70' lang='grc' dir='ltr'>ι</span> <span class='ocrx_word' id='word_1_534' title='bbox 2617 2086 2708 2142; x_wconf 89' lang='lat' dir='ltr'>vel</span> <span class='ocrx_word' id='word_1_535' title='bbox 2725 2087 2780 2142; x_wconf 91' lang='lat' dir='ltr'>in</span> <span class='ocrx_word' id='word_1_536' title='bbox 2801 2089 2905 2144; x_wconf 88' lang='lat' dir='ltr'>hac</span> <span class='ocrx_word' id='word_1_537' title='bbox 2925 2088 3033 2143; x_wconf 86' lang='lat' dir='ltr'>vita</span> <span class='ocrx_word' id='word_1_538' title='bbox 3050 2090 3209 2145; x_wconf 90' lang='lat' dir='ltr'>sicuti</span> <span class='ocrx_word' id='word_1_539' title='bbox 3229 2101 3312 2146; x_wconf 88' lang='lat' dir='ltr'>est</span> <span class='ocrx_word' id='word_1_540' title='bbox 3332 2093 3468 2164; x_wconf 77' lang='lat' dir='ltr'>ipse,</span> <span class='ocrx_word' id='word_1_541' title='bbox 3503 2097 3590 2151; x_wconf 89' lang='lat' dir='ltr'>vel</span> 
     </span>
    </p>
   </div>
   <div class='ocr_carea' id='block_1_66' title="bbox 2001 2173 3588 2253">
    <p class='ocr_par' dir='ltr' id='par_1_66' title="bbox 2001 2173 3588 2253">
     <span class='ocr_line' id='line_1_66' title="bbox 2001 2173 3588 2253; baseline 0.008 -26"><span class='ocrx_word' id='word_1_542' title='bbox 2001 2174 2164 2228; x_wconf 87' lang='lat' dir='ltr'>etiam</span> <span class='ocrx_word' id='word_1_543' title='bbox 2188 2173 2242 2228; x_wconf 90' lang='lat' dir='ltr'>in</span> <span class='ocrx_word' id='word_1_544' title='bbox 2273 2175 2598 2245; x_wconf 83' lang='lat' dir='ltr'>angelorum</span> <span class='ocrx_word' id='word_1_545' title='bbox 2629 2177 2738 2231; x_wconf 88' lang='lat' dir='ltr'>vita</span> <span class='ocrx_word' id='word_1_546' title='bbox 2767 2178 2908 2231; x_wconf 88' lang='lat' dir='ltr'>sicut</span> <span class='ocrx_word' id='word_1_547' title='bbox 2931 2177 3162 2234; x_wconf 90' lang='lat' dir='ltr'>visibilia</span> <span class='ocrx_word' id='word_1_548' title='bbox 3183 2180 3288 2235; x_wconf 88' lang='lat' dir='ltr'>ista</span> <span class='ocrx_word' id='word_1_549' title='bbox 3306 2199 3429 2253; x_wconf 66' lang='lat' dir='ltr'>quae</span> <span class='ocrx_word' id='word_1_550' title='bbox 3459 2198 3588 2239; x_wconf 76' lang='lat' dir='ltr'>cor-</span> 
     </span>
    </p>
   </div>
   <div class='ocr_carea' id='block_1_67' title="bbox 2000 2272 3593 2354">
    <p class='ocr_par' dir='ltr' id='par_1_67' title="bbox 2000 2272 3593 2354">
     <span class='ocr_line' id='line_1_67' title="bbox 2000 2272 3593 2354; baseline 0.007 -29"><span class='ocrx_word' id='word_1_551' title='bbox 2000 2272 2177 2341; x_wconf 89' lang='lat' dir='ltr'>porali</span> <span class='ocrx_word' id='word_1_552' title='bbox 2206 2272 2414 2329; x_wconf 82' lang='lat' dir='ltr'>visione</span> <span class='ocrx_word' id='word_1_553' title='bbox 2444 2281 2757 2342; x_wconf 89' lang='lat' dir='ltr'>cernuntur,</span> <span class='ocrx_word' id='word_1_554' title='bbox 2792 2277 2914 2345; x_wconf 91' lang='lat' dir='ltr'>quia</span> <span class='ocrx_word' id='word_1_555' title='bbox 2946 2277 3258 2348; x_wconf 86' lang='lat' dir='ltr'>unigenitus</span> <span class='ocrx_word' id='word_1_556' title='bbox 3289 2281 3457 2335; x_wconf 89' lang='lat' dir='ltr'>Filius</span> <span class='ocrx_word' id='word_1_557' title='bbox 3499 2283 3593 2354; x_wconf 91' lang='lat' dir='ltr'>qui</span> 
     </span>
    </p>
   </div>
   <div class='ocr_carea' id='block_1_68' title="bbox 2000 2361 3595 2437">
    <p class='ocr_par' dir='ltr' id='par_1_68' title="bbox 2000 2361 3595 2437">
     <span class='ocr_line' id='line_1_68' title="bbox 2000 2361 3595 2437; baseline 0.006 -22"><span class='ocrx_word' id='word_1_558' title='bbox 2000 2367 2082 2415; x_wconf 88' lang='lat' dir='ltr'>est</span> <span class='ocrx_word' id='word_1_559' title='bbox 2110 2361 2163 2414; x_wconf 94' lang='lat' dir='ltr'>in</span> <span class='ocrx_word' id='word_1_560' title='bbox 2195 2361 2316 2416; x_wconf 90' lang='lat' dir='ltr'>sinu</span> <span class='ocrx_word' id='word_1_561' title='bbox 2348 2362 2520 2417; x_wconf 86' lang='lat' dir='ltr'>Patris</span> <span class='ocrx_word' id='word_1_562' title='bbox 2550 2363 2669 2434; x_wconf 91' lang='lat' dir='ltr'>ipse</span> <span class='ocrx_word' id='word_1_563' title='bbox 2713 2365 2956 2420; x_wconf 89' lang='lat' dir='ltr'>narravit</span> <span class='ocrx_word' id='word_1_564' title='bbox 3004 2367 3219 2437; x_wconf 78' lang='lat' dir='ltr'>(ibid.).</span> <span class='ocrx_word' id='word_1_565' title='bbox 3280 2369 3437 2424; x_wconf 89' lang='lat' dir='ltr'>Unde</span> <span class='ocrx_word' id='word_1_566' title='bbox 3484 2386 3595 2425; x_wconf 90' lang='lat' dir='ltr'>non</span> 
     </span>
    </p>
   </div>
   <div class='ocr_carea' id='block_1_69' title="bbox 2001 2450 3596 2522">
    <p class='ocr_par' dir='ltr' id='par_1_69' title="bbox 2001 2450 3596 2522">
     <span class='ocr_line' id='line_1_69' title="bbox 2001 2450 3596 2522; baseline 0.006 -18"><span class='ocrx_word' id='word_1_567' title='bbox 2001 2452 2071 2506; x_wconf 89' lang='lat' dir='ltr'>ad</span> <span class='ocrx_word' id='word_1_568' title='bbox 2096 2450 2379 2506; x_wconf 91' lang='lat' dir='ltr'>oculorum</span> <span class='ocrx_word' id='word_1_569' title='bbox 2411 2452 2800 2522; x_wconf 86' lang='lat' dir='ltr'>corporalium,</span> <span class='ocrx_word' id='word_1_570' title='bbox 2833 2455 2928 2508; x_wconf 92' lang='lat' dir='ltr'>sed</span> <span class='ocrx_word' id='word_1_571' title='bbox 2960 2455 3028 2509; x_wconf 90' lang='lat' dir='ltr'>ad</span> <span class='ocrx_word' id='word_1_572' title='bbox 3048 2457 3307 2511; x_wconf 91' lang='lat' dir='ltr'>mentium</span> <span class='ocrx_word' id='word_1_573' title='bbox 3326 2458 3596 2514; x_wconf 86' lang='lat' dir='ltr'>visionem</span> 
     </span>
    </p>
   </div>
   <div class='ocr_carea' id='block_1_70' title="bbox 2000 2551 3598 2627">
    <p class='ocr_par' dir='ltr' id='par_1_70' title="bbox 2000 2551 3598 2627">
     <span class='ocr_line' id='line_1_70' title="bbox 2000 2551 3598 2627; baseline 0.006 -22"><span class='ocrx_word' id='word_1_574' title='bbox 2000 2551 2201 2606; x_wconf 89' lang='lat' dir='ltr'>dictum</span> <span class='ocrx_word' id='word_1_575' title='bbox 2235 2561 2317 2608; x_wconf 86' lang='lat' dir='ltr'>est</span> <span class='ocrx_word' id='word_1_576' title='bbox 2346 2552 2622 2623; x_wconf 84' lang='lat' dir='ltr'>pertinere</span> <span class='ocrx_word' id='word_1_577' title='bbox 2653 2554 2798 2624; x_wconf 93' lang='lat' dir='ltr'>quod</span> <span class='ocrx_word' id='word_1_578' title='bbox 2831 2562 3038 2622; x_wconf 89' lang='lat' dir='ltr'>narrat,</span> <span class='ocrx_word' id='word_1_579' title='bbox 3088 2557 3361 2627; x_wconf 90' lang='lat' dir='ltr'>quomodo</span> <span class='ocrx_word' id='word_1_580' title='bbox 3395 2567 3447 2614; x_wconf 91' lang='lat' dir='ltr'>et</span> <span class='ocrx_word' id='word_1_581' title='bbox 3475 2575 3598 2614; x_wconf 90' lang='lat' dir='ltr'>ver-</span> 
     </span>
    </p>
   </div>
   <div class='ocr_carea' id='block_1_71' title="bbox 2000 2641 3597 2720">
    <p class='ocr_par' dir='ltr' id='par_1_71' title="bbox 2000 2641 3597 2720">
     <span class='ocr_line' id='line_1_71' title="bbox 2000 2641 3597 2720; baseline 0.006 -26"><span class='ocrx_word' id='word_1_582' title='bbox 2000 2641 2127 2694; x_wconf 91' lang='lat' dir='ltr'>bum</span> <span class='ocrx_word' id='word_1_583' title='bbox 2151 2647 2253 2707; x_wconf 89' lang='lat' dir='ltr'>est,</span> <span class='ocrx_word' id='word_1_584' title='bbox 2286 2657 2395 2696; x_wconf 91' lang='lat' dir='ltr'>non</span> <span class='ocrx_word' id='word_1_585' title='bbox 2426 2657 2600 2696; x_wconf 91' lang='lat' dir='ltr'>sonus</span> <span class='ocrx_word' id='word_1_586' title='bbox 2643 2643 2868 2697; x_wconf 90' lang='lat' dir='ltr'>auribus</span> <span class='ocrx_word' id='word_1_587' title='bbox 2901 2643 3230 2716; x_wconf 90' lang='lat' dir='ltr'>instrepens,</span> <span class='ocrx_word' id='word_1_588' title='bbox 3286 2647 3381 2702; x_wconf 90' lang='lat' dir='ltr'>sed</span> <span class='ocrx_word' id='word_1_589' title='bbox 3412 2647 3597 2720; x_wconf 84' lang='lat' dir='ltr'>imago</span> 
     </span>
    </p>
   </div>
   <div class='ocr_carea' id='block_1_72' title="bbox 1999 2729 3598 2796">
    <p class='ocr_par' dir='ltr' id='par_1_72' title="bbox 1999 2729 3598 2796">
     <span class='ocr_line' id='line_1_72' title="bbox 1999 2729 3598 2796; baseline 0.005 -12"><span class='ocrx_word' id='word_1_590' title='bbox 1999 2729 2272 2785; x_wconf 91' lang='lat' dir='ltr'>mentibus</span> <span class='ocrx_word' id='word_1_591' title='bbox 2301 2729 2669 2796; x_wconf 88' lang='lat' dir='ltr'>innotescens,</span> <span class='ocrx_word' id='word_1_592' title='bbox 2703 2739 2760 2786; x_wconf 90' lang='lat' dir='ltr'>ut</span> <span class='ocrx_word' id='word_1_593' title='bbox 2801 2732 2916 2788; x_wconf 90' lang='lat' dir='ltr'>illic</span> <span class='ocrx_word' id='word_1_594' title='bbox 2971 2732 3177 2789; x_wconf 89' lang='lat' dir='ltr'>interna</span> <span class='ocrx_word' id='word_1_595' title='bbox 3209 2743 3260 2790; x_wconf 89' lang='lat' dir='ltr'>et</span> <span class='ocrx_word' id='word_1_596' title='bbox 3316 2736 3598 2792; x_wconf 76' lang='lat' dir='ltr'>ineffabilli</span> 
     </span>
    </p>
   </div>
   <div class='ocr_carea' id='block_1_73' title="bbox 1997 2827 3595 2899">
    <p class='ocr_par' dir='ltr' id='par_1_73' title="bbox 1997 2827 3595 2899">
     <span class='ocr_line' id='line_1_73' title="bbox 1997 2827 3595 2899; baseline 0.004 -18"><span class='ocrx_word' id='word_1_597' title='bbox 1997 2827 2118 2884; x_wconf 90' lang='lat' dir='ltr'>luce</span> <span class='ocrx_word' id='word_1_598' title='bbox 2150 2827 2418 2883; x_wconf 86' lang='lat' dir='ltr'>clarescat</span> <span class='ocrx_word' id='word_1_599' title='bbox 2449 2827 2594 2898; x_wconf 92' lang='lat' dir='ltr'>quod</span> <span class='ocrx_word' id='word_1_600' title='bbox 2624 2827 2828 2883; x_wconf 90' lang='lat' dir='ltr'>dictum</span> <span class='ocrx_word' id='word_1_601' title='bbox 2859 2836 2942 2883; x_wconf 90' lang='lat' dir='ltr'>est</span> <span class='ocrx_word' id='word_1_602' title='bbox 2977 2848 2989 2884; x_wconf 92' lang='lat'><strong>:</strong></span> <span class='ocrx_word' id='word_1_603' title='bbox 3023 2853 3044 2878; x_wconf 75' lang='grc' dir='ltr'><em>υ</em></span> <span class='ocrx_word' id='word_1_604' title='bbox 3081 2829 3184 2898; x_wconf 89' lang='lat' dir='ltr'>Qui</span> <span class='ocrx_word' id='word_1_605' title='bbox 3205 2847 3292 2886; x_wconf 91' lang='lat' dir='ltr'>me</span> <span class='ocrx_word' id='word_1_606' title='bbox 3314 2831 3477 2899; x_wconf 79' lang='lat' dir='ltr'>videt,</span> <span class='ocrx_word' id='word_1_607' title='bbox 3510 2834 3595 2889; x_wconf 87' lang='lat' dir='ltr'>vi-</span> 
     </span>
    </p>
   </div>
   <div class='ocr_carea' id='block_1_74' title="bbox 1997 2915 3594 2991">
    <p class='ocr_par' dir='ltr' id='par_1_74' title="bbox 1997 2915 3594 2991">
     <span class='ocr_line' id='line_1_74' title="bbox 1997 2915 3594 2991; baseline 0.003 -20"><span class='ocrx_word' id='word_1_608' title='bbox 1997 2917 2088 2971; x_wconf 89' lang='lat' dir='ltr'>det</span> <span class='ocrx_word' id='word_1_609' title='bbox 2116 2925 2168 2971; x_wconf 92' lang='lat' dir='ltr'>et</span> <span class='ocrx_word' id='word_1_610' title='bbox 2200 2917 2413 2970; x_wconf 87' lang='lat' dir='ltr'>Patrem</span> <span class='ocrx_word' id='word_1_611' title='bbox 2444 2915 2627 2985; x_wconf 87' lang='lat' dir='ltr'>(Joan.</span> <span class='ocrx_word' id='word_1_612' title='bbox 2659 2917 2830 2987; x_wconf 72' lang='lat' dir='ltr'>xtv.)~</span> <span class='ocrx_word' id='word_1_613' title='bbox 2865 2918 3004 2974; x_wconf 89' lang='lat' dir='ltr'>Ecce</span> <span class='ocrx_word' id='word_1_614' title='bbox 3035 2927 3222 2973; x_wconf 91' lang='lat' dir='ltr'>santus</span> <span class='ocrx_word' id='word_1_615' title='bbox 3251 2921 3594 2991; x_wconf 82' lang='lat' dir='ltr'>Augustinus</span> 
     </span>
    </p>
   </div>
   <div class='ocr_carea' id='block_1_75' title="bbox 2002 3005 3603 3074">
    <p class='ocr_par' dir='ltr' id='par_1_75' title="bbox 2002 3005 3603 3074">
     <span class='ocr_line' id='line_1_75' title="bbox 2002 3005 3603 3074; baseline 0.004 -14"><span class='ocrx_word' id='word_1_616' title='bbox 2002 3005 2239 3060; x_wconf 85' lang='lat' dir='ltr'>affirmat</span> <span class='ocrx_word' id='word_1_617' title='bbox 2268 3022 2367 3074; x_wconf 91' lang='lat' dir='ltr'>per</span> <span class='ocrx_word' id='word_1_618' title='bbox 2394 3005 2513 3060; x_wconf 64' lang='lat' dir='ltr'>haec</span> <span class='ocrx_word' id='word_1_619' title='bbox 2547 3005 2713 3060; x_wconf 90' lang='lat' dir='ltr'>verba</span> <span class='ocrx_word' id='word_1_620' title='bbox 2751 3008 2919 3060; x_wconf 83' lang='lat' dir='ltr'>sancti</span> <span class='ocrx_word' id='word_1_621' title='bbox 2953 3007 3222 3062; x_wconf 79' lang='lat' dir='ltr'>Ambrosii</span> <span class='ocrx_word' id='word_1_622' title='bbox 3247 3009 3603 3066; x_wconf 90' lang='lat' dir='ltr'>solutamesse</span> 
     </span>
    </p>
   </div>
   <div class='ocr_carea' id='block_1_76' title="bbox 2002 3093 3593 3166">
    <p class='ocr_par' dir='ltr' id='par_1_76' title="bbox 2002 3093 3593 3166">
     <span class='ocr_line' id='line_1_76' title="bbox 2002 3093 3593 3166; baseline 0.004 -19"><span class='ocrx_word' id='word_1_623' title='bbox 2002 3095 2358 3166; x_wconf 69' lang='lat' dir='ltr'>quaestionem</span> <span class='ocrx_word' id='word_1_624' title='bbox 2389 3093 2558 3156; x_wconf 90' lang='lat' dir='ltr'>illam,</span> <span class='ocrx_word' id='word_1_625' title='bbox 2591 3095 2865 3166; x_wconf 91' lang='lat' dir='ltr'>quomodo</span> <span class='ocrx_word' id='word_1_626' title='bbox 2913 3095 3162 3150; x_wconf 88' lang='lat' dir='ltr'>videatur</span> <span class='ocrx_word' id='word_1_627' title='bbox 3195 3098 3341 3152; x_wconf 92' lang='lat' dir='ltr'>Deus</span> <span class='ocrx_word' id='word_1_628' title='bbox 3402 3113 3435 3153; x_wconf 90' lang='lat' dir='ltr'>a</span> <span class='ocrx_word' id='word_1_629' title='bbox 3466 3097 3593 3154; x_wconf 83' lang='lat' dir='ltr'>filiis</span> 
     </span>
    </p>
   </div>
   <div class='ocr_carea' id='block_1_77' title="bbox 1998 3182 3121 3239">
    <p class='ocr_par' dir='ltr' id='par_1_77' title="bbox 1998 3182 3121 3239">
     <span class='ocr_line' id='line_1_77' title="bbox 1998 3182 3121 3239; baseline 0.002 -2"><span class='ocrx_word' id='word_1_630' title='bbox 1998 3184 2115 3238; x_wconf 85' lang='lat' dir='ltr'>suis</span> <span class='ocrx_word' id='word_1_631' title='bbox 2146 3185 2198 3237; x_wconf 91' lang='lat' dir='ltr'>in</span> <span class='ocrx_word' id='word_1_632' title='bbox 2229 3182 2413 3238; x_wconf 82' lang='lat' dir='ltr'>futuro</span> <span class='ocrx_word' id='word_1_633' title='bbox 2442 3182 2678 3238; x_wconf 62' lang='lat' dir='ltr'>saeculo:</span> <span class='ocrx_word' id='word_1_634' title='bbox 2713 3190 2764 3238; x_wconf 91' lang='lat' dir='ltr'>et</span> <span class='ocrx_word' id='word_1_635' title='bbox 2794 3199 2982 3238; x_wconf 91' lang='lat' dir='ltr'>verum</span> <span class='ocrx_word' id='word_1_636' title='bbox 3010 3192 3121 3239; x_wconf 88' lang='lat' dir='ltr'>est.</span> 
     </span>
    </p>
   </div>
   <div class='ocr_carea' id='block_1_78' title="bbox 2674 3330 2898 3370">
    <p class='ocr_par' dir='ltr' id='par_1_78' title="bbox 2674 3330 2898 3370">
     <span class='ocr_line' id='line_1_78' title="bbox 2674 3330 2898 3370; baseline 0 0"><span class='ocrx_word' id='word_1_637' title='bbox 2674 3330 2898 3370; x_wconf 77' lang='lat' dir='ltr'>DIVISIO.</span> 
     </span>
    </p>
   </div>
   <div class='ocr_carea' id='block_1_79' title="bbox 2067 3431 3592 3505">
    <p class='ocr_par' dir='ltr' id='par_1_79' title="bbox 2067 3431 3592 3505">
     <span class='ocr_line' id='line_1_79' title="bbox 2067 3431 3592 3505; baseline 0.004 -17"><span class='ocrx_word' id='word_1_638' title='bbox 2067 3435 2266 3489; x_wconf 89' lang='lat' dir='ltr'>Beatus</span> <span class='ocrx_word' id='word_1_639' title='bbox 2289 3431 2618 3487; x_wconf 84' lang='lat' dir='ltr'>Ambrosius</span> <span class='ocrx_word' id='word_1_640' title='bbox 2649 3432 2998 3503; x_wconf 89' lang='lat' dir='ltr'>apertissime</span> <span class='ocrx_word' id='word_1_641' title='bbox 3031 3432 3314 3490; x_wconf 88' lang='lat' dir='ltr'>confirmat</span> <span class='ocrx_word' id='word_1_642' title='bbox 3345 3435 3488 3505; x_wconf 89' lang='lat' dir='ltr'>quod</span> <span class='ocrx_word' id='word_1_643' title='bbox 3536 3438 3592 3494; x_wconf 92' lang='lat' dir='ltr'>in</span> 
     </span>
    </p>
   </div>
   <div class='ocr_carea' id='block_1_80' title="bbox 1994 3520 3592 3594">
    <p class='ocr_par' dir='ltr' id='par_1_80' title="bbox 1994 3520 3592 3594">
     <span class='ocr_line' id='line_1_80' title="bbox 1994 3520 3592 3594; baseline 0.003 -16"><span class='ocrx_word' id='word_1_644' title='bbox 1994 3523 2399 3579; x_wconf 90' lang='lat' dir='ltr'>resurrectione</span> <span class='ocrx_word' id='word_1_645' title='bbox 2427 3521 2495 3576; x_wconf 89' lang='lat' dir='ltr'>ab</span> <span class='ocrx_word' id='word_1_646' title='bbox 2526 3521 2610 3575; x_wconf 91' lang='lat' dir='ltr'>his</span> <span class='ocrx_word' id='word_1_647' title='bbox 2641 3521 2806 3576; x_wconf 91' lang='lat' dir='ltr'>etiam</span> <span class='ocrx_word' id='word_1_648' title='bbox 2839 3520 2930 3592; x_wconf 90' lang='lat' dir='ltr'>qui</span> <span class='ocrx_word' id='word_1_649' title='bbox 2957 3520 3168 3594; x_wconf 84' lang='lat' dir='ltr'>indigni</span> <span class='ocrx_word' id='word_1_650' title='bbox 3199 3532 3360 3578; x_wconf 89' lang='lat' dir='ltr'>erunt</span> <span class='ocrx_word' id='word_1_651' title='bbox 3385 3525 3484 3581; x_wconf 90' lang='lat' dir='ltr'>Dei</span> <span class='ocrx_word' id='word_1_652' title='bbox 3507 3526 3592 3583; x_wconf 87' lang='lat' dir='ltr'>vi-</span> 
     </span>
    </p>
   </div>
   <div class='ocr_carea' id='block_1_81' title="bbox 1995 3617 3591 3694">
    <p class='ocr_par' dir='ltr' id='par_1_81' title="bbox 1995 3617 3591 3694">
     <span class='ocr_line' id='line_1_81' title="bbox 1995 3617 3591 3694; baseline 0.003 -19"><span class='ocrx_word' id='word_1_653' title='bbox 1995 3621 2147 3676; x_wconf 89' lang='lat' dir='ltr'>sione</span> <span class='ocrx_word' id='word_1_654' title='bbox 2177 3636 2285 3675; x_wconf 91' lang='lat' dir='ltr'>non</span> <span class='ocrx_word' id='word_1_655' title='bbox 2317 3619 2565 3674; x_wconf 88' lang='lat' dir='ltr'>videatur</span> <span class='ocrx_word' id='word_1_656' title='bbox 2593 3617 2974 3688; x_wconf 89' lang='lat' dir='ltr'>corporalibus</span> <span class='ocrx_word' id='word_1_657' title='bbox 3024 3619 3217 3686; x_wconf 88' lang='lat' dir='ltr'>oculis,</span> <span class='ocrx_word' id='word_1_658' title='bbox 3275 3637 3376 3676; x_wconf 92' lang='lat' dir='ltr'>nec</span> <span class='ocrx_word' id='word_1_659' title='bbox 3407 3623 3591 3694; x_wconf 89' lang='lat' dir='ltr'>aliquo</span> 
     </span>
    </p>
   </div>
   <div class='ocr_carea' id='block_1_82' title="bbox 1993 3707 3595 3780">
    <p class='ocr_par' dir='ltr' id='par_1_82' title="bbox 1993 3707 3595 3780">
     <span class='ocr_line' id='line_1_82' title="bbox 1993 3707 3595 3780; baseline 0.004 -17"><span class='ocrx_word' id='word_1_660' title='bbox 1993 3726 2158 3765; x_wconf 91' lang='lat' dir='ltr'>sensu</span> <span class='ocrx_word' id='word_1_661' title='bbox 2190 3708 2439 3780; x_wconf 91' lang='lat' dir='ltr'>corporis</span> <span class='ocrx_word' id='word_1_662' title='bbox 2469 3707 2751 3777; x_wconf 80' lang='lat' dir='ltr'>srntiatur,</span> <span class='ocrx_word' id='word_1_663' title='bbox 2777 3707 2876 3763; x_wconf 91' lang='lat' dir='ltr'>sed</span> <span class='ocrx_word' id='word_1_664' title='bbox 2906 3708 3106 3764; x_wconf 91' lang='lat' dir='ltr'>mundo</span> <span class='ocrx_word' id='word_1_665' title='bbox 3137 3709 3325 3766; x_wconf 90' lang='lat' dir='ltr'>corde.</span> <span class='ocrx_word' id='word_1_666' title='bbox 3358 3711 3595 3770; x_wconf 90' lang='lat' dir='ltr'>Sanctus</span> 
     </span>
    </p>
   </div>
   <div class='ocr_carea' id='block_1_83' title="bbox 1993 3797 3590 3871">
    <p class='ocr_par' dir='ltr' id='par_1_83' title="bbox 1993 3797 3590 3871">
     <span class='ocr_line' id='line_1_83' title="bbox 1993 3797 3590 3871; baseline 0.001 -17"><span class='ocrx_word' id='word_1_667' title='bbox 1993 3814 2210 3871; x_wconf 88' lang='lat' dir='ltr'>quoque</span> <span class='ocrx_word' id='word_1_668' title='bbox 2240 3797 2575 3869; x_wconf 78' lang='lat' dir='ltr'>Augustinus</span> <span class='ocrx_word' id='word_1_669' title='bbox 2605 3797 2659 3850; x_wconf 92' lang='lat' dir='ltr'>in</span> <span class='ocrx_word' id='word_1_670' title='bbox 2698 3797 3076 3866; x_wconf 87' lang='lat' dir='ltr'>explanatione</span> <span class='ocrx_word' id='word_1_671' title='bbox 3106 3797 3379 3854; x_wconf 89' lang='lat' dir='ltr'>dictorum</span> <span class='ocrx_word' id='word_1_672' title='bbox 3437 3802 3590 3871; x_wconf 89' lang='lat' dir='ltr'>ejus-</span> 
     </span>
    </p>
   </div>
   <div class='ocr_carea' id='block_1_84' title="bbox 1991 3885 3592 3961">
    <p class='ocr_par' dir='ltr' id='par_1_84' title="bbox 1991 3885 3592 3961">
     <span class='ocr_line' id='line_1_84' title="bbox 1991 3885 3592 3961; baseline 0.002 -18"><span class='ocrx_word' id='word_1_673' title='bbox 1991 3886 2231 3943; x_wconf 70' lang='lat' dir='ltr'>dem‘sui</span> <span class='ocrx_word' id='word_1_674' title='bbox 2288 3886 2471 3943; x_wconf 90' lang='lat' dir='ltr'>dilecti</span> <span class='ocrx_word' id='word_1_675' title='bbox 2527 3885 2813 3940; x_wconf 78' lang='lat' dir='ltr'>Ambrosii</span> <span class='ocrx_word' id='word_1_676' title='bbox 2869 3887 3063 3941; x_wconf 89' lang='lat' dir='ltr'>asserit</span> <span class='ocrx_word' id='word_1_677' title='bbox 3118 3904 3225 3942; x_wconf 90' lang='lat' dir='ltr'>non</span> <span class='ocrx_word' id='word_1_678' title='bbox 3269 3889 3340 3942; x_wconf 91' lang='lat' dir='ltr'>ad</span> <span class='ocrx_word' id='word_1_679' title='bbox 3400 3905 3592 3961; x_wconf 91' lang='lat' dir='ltr'>corpo-</span> 
     </span>
    </p>
   </div>
   <div class='ocr_carea' id='block_1_85' title="bbox 1991 3975 3588 4047">
    <p class='ocr_par' dir='ltr' id='par_1_85' title="bbox 1991 3975 3588 4047">
     <span class='ocr_line' id='line_1_85' title="bbox 1991 3975 3588 4047; baseline 0.002 -16"><span class='ocrx_word' id='word_1_680' title='bbox 1991 3977 2187 4032; x_wconf 90' lang='lat' dir='ltr'>ralium</span> <span class='ocrx_word' id='word_1_681' title='bbox 2221 3975 2528 4044; x_wconf 91' lang='lat' dir='ltr'>oculorum,</span> <span class='ocrx_word' id='word_1_682' title='bbox 2561 3975 2660 4028; x_wconf 72' lang='lat' dir='ltr'>sed</span> <span class='ocrx_word' id='word_1_683' title='bbox 2703 3975 2963 4028; x_wconf 89' lang='lat' dir='ltr'>mentium</span> <span class='ocrx_word' id='word_1_684' title='bbox 2995 3975 3257 4030; x_wconf 88' lang='lat' dir='ltr'>visionem</span> <span class='ocrx_word' id='word_1_685' title='bbox 3318 3982 3588 4047; x_wconf 88' lang='lat' dir='ltr'>pertinere</span> 
     </span>
    </p>
   </div>
   <div class='ocr_carea' id='block_1_86' title="bbox 1992 4062 3587 4135">
    <p class='ocr_par' dir='ltr' id='par_1_86' title="bbox 1992 4062 3587 4135">
     <span class='ocr_line' id='line_1_86' title="bbox 1992 4062 3587 4135; baseline 0 -13"><span class='ocrx_word' id='word_1_686' title='bbox 1992 4083 2112 4122; x_wconf 89' lang='lat' dir='ltr'>eam</span> <span class='ocrx_word' id='word_1_687' title='bbox 2142 4065 2523 4130; x_wconf 85' lang='lat' dir='ltr'>narrationem,</span> <span class='ocrx_word' id='word_1_688' title='bbox 2558 4079 2660 4135; x_wconf 89' lang='lat' dir='ltr'>qua</span> <span class='ocrx_word' id='word_1_689' title='bbox 2690 4062 2788 4116; x_wconf 92' lang='lat' dir='ltr'>Dei</span> <span class='ocrx_word' id='word_1_690' title='bbox 2824 4063 3057 4117; x_wconf 86' lang='lat' dir='ltr'>Verbum</span> <span class='ocrx_word' id='word_1_691' title='bbox 3114 4063 3384 4119; x_wconf 91' lang='lat' dir='ltr'>mentibus</span> <span class='ocrx_word' id='word_1_692' title='bbox 3443 4067 3587 4122; x_wconf 89' lang='lat' dir='ltr'>indi-</span> 
     </span>
    </p>
   </div>
   <div class='ocr_carea' id='block_1_87' title="bbox 1993 4150 3584 4225">
    <p class='ocr_par' dir='ltr' id='par_1_87' title="bbox 1993 4150 3584 4225">
     <span class='ocr_line' id='line_1_87' title="bbox 1993 4150 3584 4225; baseline 0 -14"><span class='ocrx_word' id='word_1_693' title='bbox 1993 4163 2080 4212; x_wconf 90' lang='lat' dir='ltr'>cat</span> <span class='ocrx_word' id='word_1_694' title='bbox 2111 4155 2348 4225; x_wconf 91' lang='lat' dir='ltr'>seipsum</span> <span class='ocrx_word' id='word_1_695' title='bbox 2381 4161 2432 4208; x_wconf 92' lang='lat' dir='ltr'>et</span> <span class='ocrx_word' id='word_1_696' title='bbox 2463 4153 2675 4206; x_wconf 85' lang='lat' dir='ltr'>Patrem</span> <span class='ocrx_word' id='word_1_697' title='bbox 2708 4167 2891 4205; x_wconf 91' lang='lat' dir='ltr'>suum.</span> <span class='ocrx_word' id='word_1_698' title='bbox 2933 4150 3090 4219; x_wconf 88' lang='lat' dir='ltr'>Quod</span> <span class='ocrx_word' id='word_1_699' title='bbox 3120 4168 3247 4208; x_wconf 86' lang='lat' dir='ltr'>vero</span> <span class='ocrx_word' id='word_1_700' title='bbox 3269 4162 3584 4222; x_wconf 82' lang='lat' dir='ltr'>potestesse</span> 
     </span>
    </p>
   </div>
   <div class='ocr_carea' id='block_1_88' title="bbox 1990 4239 3582 4314">
    <p class='ocr_par' dir='ltr' id='par_1_88' title="bbox 1990 4239 3582 4314">
     <span class='ocr_line' id='line_1_88' title="bbox 1990 4239 3582 4314; baseline 0.001 -15"><span class='ocrx_word' id='word_1_701' title='bbox 1990 4244 2197 4300; x_wconf 89' lang='lat' dir='ltr'>clarius</span> <span class='ocrx_word' id='word_1_702' title='bbox 2227 4257 2291 4296; x_wconf 93' lang='lat' dir='ltr'>ea</span> <span class='ocrx_word' id='word_1_703' title='bbox 2324 4239 2588 4296; x_wconf 89' lang='lat' dir='ltr'>sententia</span> <span class='ocrx_word' id='word_1_704' title='bbox 2619 4256 2780 4311; x_wconf 90' lang='lat' dir='ltr'>quam</span> <span class='ocrx_word' id='word_1_705' title='bbox 2813 4240 3001 4294; x_wconf 89' lang='lat' dir='ltr'>beatus</span> <span class='ocrx_word' id='word_1_706' title='bbox 3031 4240 3362 4312; x_wconf 82' lang='lat' dir='ltr'>Augustinus</span> <span class='ocrx_word' id='word_1_707' title='bbox 3417 4244 3582 4314; x_wconf 90' lang='lat' dir='ltr'>paulo</span> 
     </span>
    </p>
   </div>
   <div class='ocr_carea' id='block_1_89' title="bbox 1990 4327 3582 4402">
    <p class='ocr_par' dir='ltr' id='par_1_89' title="bbox 1990 4327 3582 4402">
     <span class='ocr_line' id='line_1_89' title="bbox 1990 4327 3582 4402; baseline 0.001 -15"><span class='ocrx_word' id='word_1_708' title='bbox 1990 4340 2114 4387; x_wconf 88' lang='lat' dir='ltr'>ante</span> <span class='ocrx_word' id='word_1_709' title='bbox 2135 4329 2314 4401; x_wconf 90' lang='lat' dir='ltr'>posuit</span> <span class='ocrx_word' id='word_1_710' title='bbox 2335 4349 2346 4383; x_wconf 91' lang='lat'><strong>:</strong></span> <span class='ocrx_word' id='word_1_711' title='bbox 2367 4352 2388 4378; x_wconf 78' lang='grc' dir='ltr'>α</span> <span class='ocrx_word' id='word_1_712' title='bbox 2414 4330 2585 4383; x_wconf 90' lang='lat' dir='ltr'>Deum</span> <span class='ocrx_word' id='word_1_713' title='bbox 2608 4343 2769 4382; x_wconf 90' lang='lat' dir='ltr'>nemo</span> <span class='ocrx_word' id='word_1_714' title='bbox 2786 4327 2916 4383; x_wconf 85' lang='lat' dir='ltr'>vidit</span> <span class='ocrx_word' id='word_1_715' title='bbox 2938 4344 3178 4398; x_wconf 90' lang='lat' dir='ltr'>unquam</span> <span class='ocrx_word' id='word_1_716' title='bbox 3201 4330 3384 4399; x_wconf 81' lang='lat' dir='ltr'>(Joan.</span> <span class='ocrx_word' id='word_1_717' title='bbox 3410 4333 3505 4402; x_wconf 74' lang='lat'>1),»</span> <span class='ocrx_word' id='word_1_718' title='bbox 3526 4333 3582 4388; x_wconf 89' lang='lat' dir='ltr'>in</span> 
     </span>
    </p>
   </div>
   <div class='ocr_carea' id='block_1_90' title="bbox 291 4422 3584 4505">
    <p class='ocr_par' dir='ltr' id='par_1_90' title="bbox 291 4422 3584 4505">
     <span class='ocr_line' id='line_1_90' title="bbox 291 4422 3584 4505; baseline -0.001 -15"><span class='ocrx_word' id='word_1_719' title='bbox 291 4433 476 4505; x_wconf 89' lang='lat' dir='ltr'>specie</span> <span class='ocrx_word' id='word_1_720' title='bbox 505 4448 614 4503; x_wconf 89' lang='lat' dir='ltr'>qua</span> <span class='ocrx_word' id='word_1_721' title='bbox 635 4431 825 4501; x_wconf 89' lang='lat' dir='ltr'>voluit,</span> <span class='ocrx_word' id='word_1_722' title='bbox 848 4431 1046 4497; x_wconf 90' lang='lat' dir='ltr'>quibus</span> <span class='ocrx_word' id='word_1_723' title='bbox 1068 4429 1258 4495; x_wconf 92' lang='lat' dir='ltr'>voluit,</span> <span class='ocrx_word' id='word_1_724' title='bbox 1291 4428 1420 4483; x_wconf 90' lang='lat' dir='ltr'>satis</span> <span class='ocrx_word' id='word_1_725' title='bbox 1450 4427 1707 4482; x_wconf 88' lang='lat' dir='ltr'>discrevit</span> <span class='ocrx_word' id='word_1_726' title='bbox 1727 4426 1884 4482; x_wconf 91' lang='lat' dir='ltr'>futuri</span> <span class='ocrx_word' id='word_1_727' title='bbox 1917 4422 1968 4482; x_wconf 92' lang='lat' dir='ltr'>D</span> <span class='ocrx_word' id='word_1_728' title='bbox 2001 4431 2102 4485; x_wconf 89' lang='lat' dir='ltr'>hac</span> <span class='ocrx_word' id='word_1_729' title='bbox 2132 4428 2240 4484; x_wconf 91' lang='lat' dir='ltr'>vita</span> <span class='ocrx_word' id='word_1_730' title='bbox 2271 4427 2408 4483; x_wconf 88' lang='lat' dir='ltr'>sicut</span> <span class='ocrx_word' id='word_1_731' title='bbox 2431 4427 2546 4498; x_wconf 91' lang='lat' dir='ltr'>ipse</span> <span class='ocrx_word' id='word_1_732' title='bbox 2578 4434 2679 4494; x_wconf 88' lang='lat' dir='ltr'>est,</span> <span class='ocrx_word' id='word_1_733' title='bbox 2714 4441 2816 4481; x_wconf 90' lang='lat' dir='ltr'>nec</span> <span class='ocrx_word' id='word_1_734' title='bbox 2845 4425 2895 4479; x_wconf 92' lang='lat' dir='ltr'>in</span> <span class='ocrx_word' id='word_1_735' title='bbox 2929 4427 3250 4498; x_wconf 80' lang='lat' dir='ltr'>angelorum</span> <span class='ocrx_word' id='word_1_736' title='bbox 3283 4429 3410 4496; x_wconf 88' lang='lat' dir='ltr'>vita,</span> <span class='ocrx_word' id='word_1_737' title='bbox 3446 4431 3584 4487; x_wconf 91' lang='lat' dir='ltr'>sicut</span> 
     </span>
    </p>
   </div>
   <div class='ocr_carea' id='block_1_91' title="bbox 289 4516 1882 4590">
    <p class='ocr_par' dir='ltr' id='par_1_91' title="bbox 289 4516 1882 4590">
     <span class='ocr_line' id='line_1_91' title="bbox 289 4516 1882 4590; baseline -0.006 -11"><span class='ocrx_word' id='word_1_738' title='bbox 289 4521 478 4579; x_wconf 71' lang='lat' dir='ltr'>saeculi</span> <span class='ocrx_word' id='word_1_739' title='bbox 516 4521 681 4577; x_wconf 88' lang='lat' dir='ltr'>vitam</span> <span class='ocrx_word' id='word_1_740' title='bbox 721 4521 1048 4576; x_wconf 90' lang='lat' dir='ltr'>discretione</span> <span class='ocrx_word' id='word_1_741' title='bbox 1102 4517 1469 4590; x_wconf 87' lang='lat' dir='ltr'>apertissima,</span> <span class='ocrx_word' id='word_1_742' title='bbox 1514 4516 1606 4571; x_wconf 91' lang='lat' dir='ltr'>ubi</span> <span class='ocrx_word' id='word_1_743' title='bbox 1653 4516 1769 4571; x_wconf 88' lang='lat' dir='ltr'>ait:</span> <span class='ocrx_word' id='word_1_744' title='bbox 1830 4524 1882 4571; x_wconf 91' lang='lat' dir='ltr'>et</span> 
     </span>
    </p>
   </div>
   <div class='ocr_carea' id='block_1_92' title="bbox 290 4604 1882 4684">
    <p class='ocr_par' dir='ltr' id='par_1_92' title="bbox 290 4604 1882 4684">
     <span class='ocr_line' id='line_1_92' title="bbox 290 4604 1882 4684; baseline -0.004 -18"><span class='ocrx_word' id='word_1_745' title='bbox 290 4610 422 4684; x_wconf 90' lang='lat' dir='ltr'>quid</span> <span class='ocrx_word' id='word_1_746' title='bbox 453 4609 671 4675; x_wconf 88' lang='lat' dir='ltr'>mirum,</span> <span class='ocrx_word' id='word_1_747' title='bbox 735 4609 780 4664; x_wconf 88' lang='lat' dir='ltr'>si</span> <span class='ocrx_word' id='word_1_748' title='bbox 828 4610 879 4663; x_wconf 91' lang='lat' dir='ltr'>in</span> <span class='ocrx_word' id='word_1_749' title='bbox 939 4607 1197 4679; x_wconf 85' lang='lat' dir='ltr'>praesenti</span> <span class='ocrx_word' id='word_1_750' title='bbox 1255 4607 1456 4661; x_wconf 73' lang='lat' dir='ltr'>saeculo</span> <span class='ocrx_word' id='word_1_751' title='bbox 1504 4604 1608 4659; x_wconf 79' lang='lat' dir='ltr'>nisi</span> <span class='ocrx_word' id='word_1_752' title='bbox 1664 4605 1882 4678; x_wconf 88' lang='lat' dir='ltr'>quando</span> 
     </span>
    </p>
   </div>
   <div class='ocr_carea' id='block_1_93' title="bbox 284 4702 1882 4776">
    <p class='ocr_par' dir='ltr' id='par_1_93' title="bbox 284 4702 1882 4776">
     <span class='ocr_line' id='line_1_93' title="bbox 284 4702 1882 4776; baseline -0.004 -12"><span class='ocrx_word' id='word_1_753' title='bbox 284 4708 402 4767; x_wconf 84' lang='lat' dir='ltr'>vult</span> <span class='ocrx_word' id='word_1_754' title='bbox 433 4708 580 4763; x_wconf 90' lang='lat' dir='ltr'>Deus</span> <span class='ocrx_word' id='word_1_755' title='bbox 611 4723 720 4762; x_wconf 91' lang='lat' dir='ltr'>non</span> <span class='ocrx_word' id='word_1_756' title='bbox 743 4707 1000 4762; x_wconf 82' lang='lat' dir='ltr'>videtur?</span> <span class='ocrx_word' id='word_1_757' title='bbox 1025 4707 1082 4759; x_wconf 91' lang='lat' dir='ltr'>In</span> <span class='ocrx_word' id='word_1_758' title='bbox 1107 4705 1224 4775; x_wconf 91' lang='lat' dir='ltr'>ipsa</span> <span class='ocrx_word' id='word_1_759' title='bbox 1246 4719 1460 4776; x_wconf 84' lang='lat' dir='ltr'>quoque</span> <span class='ocrx_word' id='word_1_760' title='bbox 1479 4702 1882 4758; x_wconf 88' lang='lat' dir='ltr'>resurrectione</span> 
     </span>
    </p>
   </div>
   <div class='ocr_carea' id='block_1_94' title="bbox 287 4791 1882 4863">
    <p class='ocr_par' dir='ltr' id='par_1_94' title="bbox 287 4791 1882 4863">
     <span class='ocr_line' id='line_1_94' title="bbox 287 4791 1882 4863; baseline -0.005 -9"><span class='ocrx_word' id='word_1_761' title='bbox 287 4813 398 4854; x_wconf 86' lang='lat' dir='ltr'>non</span> <span class='ocrx_word' id='word_1_762' title='bbox 431 4796 590 4852; x_wconf 84' lang='lat' dir='ltr'>facile</span> <span class='ocrx_word' id='word_1_763' title='bbox 620 4804 707 4852; x_wconf 89' lang='lat' dir='ltr'>est</span> <span class='ocrx_word' id='word_1_764' title='bbox 738 4797 911 4850; x_wconf 87' lang='lat' dir='ltr'>Deum</span> <span class='ocrx_word' id='word_1_765' title='bbox 961 4795 1166 4861; x_wconf 89' lang='lat' dir='ltr'>videre,</span> <span class='ocrx_word' id='word_1_766' title='bbox 1231 4792 1334 4847; x_wconf 88' lang='lat' dir='ltr'>nisi</span> <span class='ocrx_word' id='word_1_767' title='bbox 1387 4793 1471 4846; x_wconf 89' lang='lat' dir='ltr'>his</span> <span class='ocrx_word' id='word_1_768' title='bbox 1528 4792 1619 4863; x_wconf 90' lang='lat' dir='ltr'>qui</span> <span class='ocrx_word' id='word_1_769' title='bbox 1679 4791 1882 4846; x_wconf 91' lang='lat' dir='ltr'>mundo</span> 
     </span>
    </p>
   </div>
   <div class='ocr_carea' id='block_1_95' title="bbox 288 4881 1883 4952">
    <p class='ocr_par' dir='ltr' id='par_1_95' title="bbox 288 4881 1883 4952">
     <span class='ocr_line' id='line_1_95' title="bbox 288 4881 1883 4952; baseline -0.004 -12"><span class='ocrx_word' id='word_1_770' title='bbox 288 4893 414 4940; x_wconf 89' lang='lat' dir='ltr'>sunt</span> <span class='ocrx_word' id='word_1_771' title='bbox 443 4885 625 4941; x_wconf 91' lang='lat' dir='ltr'>corde.</span> <span class='ocrx_word' id='word_1_772' title='bbox 650 4885 718 4939; x_wconf 92' lang='lat' dir='ltr'>Et</span> <span class='ocrx_word' id='word_1_773' title='bbox 741 4885 884 4952; x_wconf 92' lang='lat' dir='ltr'>ideo,</span> <span class='ocrx_word' id='word_1_774' title='bbox 916 4907 937 4932; x_wconf 80' lang='grc' dir='ltr'>α</span> <span class='ocrx_word' id='word_1_775' title='bbox 956 4883 1103 4938; x_wconf 80' lang='lat' dir='ltr'>beati</span> <span class='ocrx_word' id='word_1_776' title='bbox 1125 4882 1332 4936; x_wconf 92' lang='lat' dir='ltr'>mundo</span> <span class='ocrx_word' id='word_1_777' title='bbox 1356 4882 1543 4946; x_wconf 91' lang='lat' dir='ltr'>corde,</span> <span class='ocrx_word' id='word_1_778' title='bbox 1588 4881 1691 4951; x_wconf 91' lang='lat' dir='ltr'>ipsi</span> <span class='ocrx_word' id='word_1_779' title='bbox 1735 4881 1883 4935; x_wconf 89' lang='lat' dir='ltr'>enim</span> 
     </span>
    </p>
   </div>
   <div class='ocr_carea' id='block_1_96' title="bbox 288 4978 1882 5052">
    <p class='ocr_par' dir='ltr' id='par_1_96' title="bbox 288 4978 1882 5052">
     <span class='ocr_line' id='line_1_96' title="bbox 288 4978 1882 5052; baseline -0.003 -14"><span class='ocrx_word' id='word_1_780' title='bbox 288 4984 464 5038; x_wconf 91' lang='lat' dir='ltr'>Deum</span> <span class='ocrx_word' id='word_1_781' title='bbox 501 4981 1000 5046; x_wconf 79' lang='lat' dir='ltr'>videbuntUllatth.</span> <span class='ocrx_word' id='word_1_782' title='bbox 1034 4984 1109 5052; x_wconf 90' lang='lat' dir='ltr'>v).</span> <span class='ocrx_word' id='word_1_783' title='bbox 1135 4979 1403 5050; x_wconf 83' lang='lat' dir='ltr'>IIincjam</span> <span class='ocrx_word' id='word_1_784' title='bbox 1443 4980 1511 5035; x_wconf 91' lang='lat' dir='ltr'>de</span> <span class='ocrx_word' id='word_1_785' title='bbox 1551 4979 1642 5034; x_wconf 91' lang='lat' dir='ltr'>illo</span> <span class='ocrx_word' id='word_1_786' title='bbox 1677 4978 1882 5034; x_wconf 70' lang='lat' dir='ltr'>saeculo</span> 
     </span>
    </p>
   </div>
   <div class='ocr_carea' id='block_1_97' title="bbox 288 5069 1883 5139">
    <p class='ocr_par' dir='ltr' id='par_1_97' title="bbox 288 5069 1883 5139">
     <span class='ocr_line' id='line_1_97' title="bbox 288 5069 1883 5139; baseline -0.004 -12"><span class='ocrx_word' id='word_1_787' title='bbox 288 5071 471 5127; x_wconf 91' lang='lat' dir='ltr'>dicere</span> <span class='ocrx_word' id='word_1_788' title='bbox 501 5088 734 5127; x_wconf 81' lang='lat' dir='ltr'>exorsus</span> <span class='ocrx_word' id='word_1_789' title='bbox 767 5079 868 5139; x_wconf 88' lang='lat' dir='ltr'>est,</span> <span class='ocrx_word' id='word_1_790' title='bbox 901 5071 997 5126; x_wconf 91' lang='lat' dir='ltr'>ubi</span> <span class='ocrx_word' id='word_1_791' title='bbox 1028 5071 1200 5126; x_wconf 90' lang='lat' dir='ltr'>Deum</span> <span class='ocrx_word' id='word_1_792' title='bbox 1231 5069 1496 5125; x_wconf 87' lang='lat' dir='ltr'>videbunt</span> <span class='ocrx_word' id='word_1_793' title='bbox 1535 5084 1643 5123; x_wconf 90' lang='lat' dir='ltr'>non</span> <span class='ocrx_word' id='word_1_794' title='bbox 1692 5083 1883 5123; x_wconf 89' lang='lat' dir='ltr'>omnes</span> 
     </span>
    </p>
   </div>
   <div class='ocr_carea' id='block_1_98' title="bbox 289 5157 1880 5233">
    <p class='ocr_par' dir='ltr' id='par_1_98' title="bbox 289 5157 1880 5233">
     <span class='ocr_line' id='line_1_98' title="bbox 289 5157 1880 5233; baseline -0.004 -17"><span class='ocrx_word' id='word_1_795' title='bbox 289 5161 384 5233; x_wconf 90' lang='lat' dir='ltr'>qui</span> <span class='ocrx_word' id='word_1_796' title='bbox 414 5169 718 5232; x_wconf 90' lang='lat' dir='ltr'>resurgent,</span> <span class='ocrx_word' id='word_1_797' title='bbox 753 5160 849 5215; x_wconf 92' lang='lat' dir='ltr'>sed</span> <span class='ocrx_word' id='word_1_798' title='bbox 883 5159 974 5232; x_wconf 91' lang='lat' dir='ltr'>qui</span> <span class='ocrx_word' id='word_1_799' title='bbox 1006 5165 1296 5232; x_wconf 87' lang='lat' dir='ltr'>resurgent</span> <span class='ocrx_word' id='word_1_800' title='bbox 1324 5159 1393 5213; x_wconf 89' lang='lat' dir='ltr'>ad</span> <span class='ocrx_word' id='word_1_801' title='bbox 1417 5157 1575 5212; x_wconf 88' lang='lat' dir='ltr'>vitam</span> <span class='ocrx_word' id='word_1_802' title='bbox 1599 5165 1880 5212; x_wconf 55' lang='lat' dir='ltr'>aeternam.</span> 
     </span>
    </p>
   </div>
   <div class='ocr_carea' id='block_1_99' title="bbox 287 5259 1886 5332">
    <p class='ocr_par' dir='ltr' id='par_1_99' title="bbox 287 5259 1886 5332">
     <span class='ocr_line' id='line_1_99' title="bbox 287 5259 1886 5332; baseline -0.004 -16"><span class='ocrx_word' id='word_1_803' title='bbox 287 5260 371 5316; x_wconf 88' lang='lat' dir='ltr'>De</span> <span class='ocrx_word' id='word_1_804' title='bbox 404 5260 644 5332; x_wconf 89' lang='lat' dir='ltr'>qualibet</span> <span class='ocrx_word' id='word_1_805' title='bbox 673 5259 807 5314; x_wconf 86' lang='lat' dir='ltr'>dixit</span> <span class='ocrx_word' id='word_1_806' title='bbox 836 5260 952 5330; x_wconf 90' lang='lat' dir='ltr'>ipse</span> <span class='ocrx_word' id='word_1_807' title='bbox 983 5260 1277 5324; x_wconf 89' lang='lat' dir='ltr'>Dominus,</span> <span class='ocrx_word' id='word_1_808' title='bbox 1310 5274 1433 5313; x_wconf 89' lang='lat' dir='ltr'>cum</span> <span class='ocrx_word' id='word_1_809' title='bbox 1485 5273 1728 5328; x_wconf 62' lang='lat' dir='ltr'>praesens</span> <span class='ocrx_word' id='word_1_810' title='bbox 1777 5272 1886 5310; x_wconf 91' lang='lat' dir='ltr'>non</span> 
     </span>
    </p>
   </div>
   <div class='ocr_carea' id='block_1_100' title="bbox 293 5345 1878 5420">
    <p class='ocr_par' dir='ltr' id='par_1_100' title="bbox 293 5345 1878 5420">
     <span class='ocr_line' id='line_1_100' title="bbox 293 5345 1878 5420; baseline -0.002 -18"><span class='ocrx_word' id='word_1_811' title='bbox 293 5349 572 5404; x_wconf 90' lang='lat' dir='ltr'>videretur</span> <span class='ocrx_word' id='word_1_812' title='bbox 606 5366 618 5402; x_wconf 92' lang='lat'><strong>:</strong></span> <span class='ocrx_word' id='word_1_813' title='bbox 656 5372 677 5396; x_wconf 73' lang='grc' dir='ltr'>α</span> <span class='ocrx_word' id='word_1_814' title='bbox 715 5347 820 5415; x_wconf 90' lang='lat' dir='ltr'>Qui</span> <span class='ocrx_word' id='word_1_815' title='bbox 851 5348 1032 5420; x_wconf 84' lang='lat' dir='ltr'>diligit</span> <span class='ocrx_word' id='word_1_816' title='bbox 1065 5365 1173 5416; x_wconf 91' lang='lat' dir='ltr'>me,</span> <span class='ocrx_word' id='word_1_817' title='bbox 1208 5349 1462 5402; x_wconf 88' lang='lat' dir='ltr'>mandata</span> <span class='ocrx_word' id='word_1_818' title='bbox 1485 5362 1607 5401; x_wconf 90' lang='lat' dir='ltr'>mea</span> <span class='ocrx_word' id='word_1_819' title='bbox 1628 5345 1878 5412; x_wconf 83' lang='lat' dir='ltr'>custodit,</span> 
     </span>
    </p>
   </div>
   <div class='ocr_carea' id='block_1_101' title="bbox 289 5434 1890 5508">
    <p class='ocr_par' dir='ltr' id='par_1_101' title="bbox 289 5434 1890 5508">
     <span class='ocr_line' id='line_1_101' title="bbox 289 5434 1890 5508; baseline -0.004 -15"><span class='ocrx_word' id='word_1_820' title='bbox 289 5447 346 5494; x_wconf 90' lang='lat' dir='ltr'>et</span> <span class='ocrx_word' id='word_1_821' title='bbox 377 5437 476 5508; x_wconf 87' lang='lat' dir='ltr'>qui</span> <span class='ocrx_word' id='word_1_822' title='bbox 505 5436 690 5507; x_wconf 80' lang='lat' dir='ltr'>diligit</span> <span class='ocrx_word' id='word_1_823' title='bbox 718 5452 832 5504; x_wconf 89' lang='lat' dir='ltr'>me,</span> <span class='ocrx_word' id='word_1_824' title='bbox 867 5437 1174 5507; x_wconf 86' lang='lat' dir='ltr'>diligetura</span> <span class='ocrx_word' id='word_1_825' title='bbox 1201 5439 1362 5492; x_wconf 87' lang='lat' dir='ltr'>Patre</span> <span class='ocrx_word' id='word_1_826' title='bbox 1380 5452 1523 5502; x_wconf 90' lang='lat' dir='ltr'>meo,</span> <span class='ocrx_word' id='word_1_827' title='bbox 1557 5443 1613 5491; x_wconf 88' lang='lat' dir='ltr'>et</span> <span class='ocrx_word' id='word_1_828' title='bbox 1643 5452 1751 5508; x_wconf 89' lang='lat' dir='ltr'>ego</span> <span class='ocrx_word' id='word_1_829' title='bbox 1772 5434 1890 5488; x_wconf 90' lang='lat' dir='ltr'>dili-</span> 
     </span>
    </p>
   </div>
   <div class='ocr_carea' id='block_1_102' title="bbox 298 5533 1894 5606">
    <p class='ocr_par' dir='ltr' id='par_1_102' title="bbox 298 5533 1894 5606">
     <span class='ocr_line' id='line_1_102' title="bbox 298 5533 1894 5606; baseline -0.002 -18"><span class='ocrx_word' id='word_1_830' title='bbox 298 5549 429 5606; x_wconf 88' lang='lat' dir='ltr'>gam</span> <span class='ocrx_word' id='word_1_831' title='bbox 456 5550 600 5598; x_wconf 91' lang='lat' dir='ltr'>eum,</span> <span class='ocrx_word' id='word_1_832' title='bbox 635 5541 686 5587; x_wconf 93' lang='lat' dir='ltr'>et</span> <span class='ocrx_word' id='word_1_833' title='bbox 716 5533 1000 5588; x_wconf 88' lang='lat' dir='ltr'>ostendam</span> <span class='ocrx_word' id='word_1_834' title='bbox 1030 5534 1080 5589; x_wconf 92' lang='lat' dir='ltr'>ei</span> <span class='ocrx_word' id='word_1_835' title='bbox 1105 5533 1375 5604; x_wconf 91' lang='lat' dir='ltr'>meipsum</span> <span class='ocrx_word' id='word_1_836' title='bbox 1407 5535 1590 5601; x_wconf 82' lang='lat' dir='ltr'>(Joan.</span> <span class='ocrx_word' id='word_1_837' title='bbox 1616 5537 1749 5600; x_wconf 78' lang='lat' dir='ltr'>xxv).</span> <span class='ocrx_word' id='word_1_838' title='bbox 1779 5557 1799 5580; x_wconf 77' lang='grc' dir='ltr'><em>η</em></span> <span class='ocrx_word' id='word_1_839' title='bbox 1830 5533 1894 5585; x_wconf 90' lang='lat' dir='ltr'>Et</span> 
     </span>
    </p>
   </div>
   <div class='ocr_carea' id='block_1_103' title="bbox 294 5621 1892 5695">
    <p class='ocr_par' dir='ltr' id='par_1_103' title="bbox 294 5621 1892 5695">
     <span class='ocr_line' id='line_1_103' title="bbox 294 5621 1892 5695; baseline -0.003 -16"><span class='ocrx_word' id='word_1_840' title='bbox 294 5639 418 5695; x_wconf 71' lang='lat' dir='ltr'>quae</span> <span class='ocrx_word' id='word_1_841' title='bbox 448 5628 534 5678; x_wconf 87' lang='lat' dir='ltr'>est</span> <span class='ocrx_word' id='word_1_842' title='bbox 565 5621 670 5678; x_wconf 85' lang='lat' dir='ltr'>vita</span> <span class='ocrx_word' id='word_1_843' title='bbox 717 5628 944 5688; x_wconf 65' lang='lat' dir='ltr'>aeterna,</span> <span class='ocrx_word' id='word_1_844' title='bbox 993 5622 1097 5677; x_wconf 91' lang='lat' dir='ltr'>nisi</span> <span class='ocrx_word' id='word_1_845' title='bbox 1157 5622 1302 5694; x_wconf 92' lang='lat' dir='ltr'>quod</span> <span class='ocrx_word' id='word_1_846' title='bbox 1355 5623 1475 5692; x_wconf 90' lang='lat' dir='ltr'>ipsa</span> <span class='ocrx_word' id='word_1_847' title='bbox 1531 5623 1661 5677; x_wconf 90' lang='lat' dir='ltr'>alibi</span> <span class='ocrx_word' id='word_1_848' title='bbox 1718 5621 1892 5687; x_wconf 73' lang='lat' dir='ltr'>dicit;</span> 
     </span>
    </p>
   </div>
   <div class='ocr_carea' id='block_1_104' title="bbox 281 5709 1895 5784">
    <p class='ocr_par' dir='ltr' id='par_1_104' title="bbox 281 5709 1895 5784">
     <span class='ocr_line' id='line_1_104' title="bbox 281 5709 1895 5784; baseline -0.001 -17"><span class='ocrx_word' id='word_1_849' title='bbox 281 5709 322 5767; x_wconf 76' lang='grc' dir='ltr'>⁴ι</span> <span class='ocrx_word' id='word_1_850' title='bbox 357 5712 488 5770; x_wconf 73' lang='lat' dir='ltr'>Haec</span> <span class='ocrx_word' id='word_1_851' title='bbox 519 5719 602 5768; x_wconf 90' lang='lat' dir='ltr'>est</span> <span class='ocrx_word' id='word_1_852' title='bbox 632 5710 738 5766; x_wconf 88' lang='lat' dir='ltr'>vita</span> <span class='ocrx_word' id='word_1_853' title='bbox 765 5719 996 5778; x_wconf 69' lang='lat' dir='ltr'>aeterna,</span> <span class='ocrx_word' id='word_1_854' title='bbox 1021 5719 1076 5765; x_wconf 93' lang='lat' dir='ltr'>ut</span> <span class='ocrx_word' id='word_1_855' title='bbox 1095 5718 1434 5784; x_wconf 79' lang='lat' dir='ltr'>cognoscant</span> <span class='ocrx_word' id='word_1_856' title='bbox 1452 5717 1503 5766; x_wconf 91' lang='lat' dir='ltr'>te</span> <span class='ocrx_word' id='word_1_857' title='bbox 1525 5727 1687 5766; x_wconf 91' lang='lat' dir='ltr'>unum</span> <span class='ocrx_word' id='word_1_858' title='bbox 1706 5727 1895 5784; x_wconf 87' lang='lat' dir='ltr'>verum</span> 
     </span>
    </p>
   </div>
   <div class='ocr_carea' id='block_1_105' title="bbox 595 5837 1132 5902">
    <p class='ocr_par' dir='ltr' id='par_1_105' title="bbox 595 5837 1132 5902">
     <span class='ocr_line' id='line_1_105' title="bbox 595 5837 1132 5902; baseline -0.004 -2"><span class='ocrx_word' id='word_1_859' title='bbox 595 5837 858 5900; x_wconf 66' lang='lat' dir='ltr'>Parnoa.</span> <span class='ocrx_word' id='word_1_860' title='bbox 892 5837 1132 5902; x_wconf 88' lang='lat' dir='ltr'>CLVII.</span> 
     </span>
    </p>
   </div>
   <div class='ocr_carea' id='block_1_106' title="bbox 1993 4513 3576 4588">
    <p class='ocr_par' dir='ltr' id='par_1_106' title="bbox 1993 4513 3576 4588">
     <span class='ocr_line' id='line_1_106' title="bbox 1993 4513 3576 4588; baseline 0.003 -16"><span class='ocrx_word' id='word_1_861' title='bbox 1993 4517 2228 4573; x_wconf 85' lang='lat' dir='ltr'>visibilia</span> <span class='ocrx_word' id='word_1_862' title='bbox 2246 4517 2348 4571; x_wconf 88' lang='lat' dir='ltr'>ista</span> <span class='ocrx_word' id='word_1_863' title='bbox 2380 4533 2500 4588; x_wconf 81' lang='lat' dir='ltr'>quae</span> <span class='ocrx_word' id='word_1_864' title='bbox 2530 4515 2802 4586; x_wconf 91' lang='lat' dir='ltr'>corporali</span> <span class='ocrx_word' id='word_1_865' title='bbox 2831 4513 3042 4570; x_wconf 80' lang='lat' dir='ltr'>visione</span> <span class='ocrx_word' id='word_1_866' title='bbox 3086 4525 3407 4574; x_wconf 89' lang='lat' dir='ltr'>cernuntur.</span> <span class='ocrx_word' id='word_1_867' title='bbox 3464 4523 3576 4576; x_wconf 84' lang='lat' dir='ltr'>Au-</span> 
     </span>
    </p>
   </div>
   <div class='ocr_carea' id='block_1_107' title="bbox 1991 4603 3583 4675">
    <p class='ocr_par' dir='ltr' id='par_1_107' title="bbox 1991 4603 3583 4675">
     <span class='ocr_line' id='line_1_107' title="bbox 1991 4603 3583 4675; baseline 0.001 -13"><span class='ocrx_word' id='word_1_868' title='bbox 1991 4608 2204 4662; x_wconf 89' lang='lat' dir='ltr'>diamus</span> <span class='ocrx_word' id='word_1_869' title='bbox 2235 4604 2411 4659; x_wconf 89' lang='lat' dir='ltr'>adhuc</span> <span class='ocrx_word' id='word_1_870' title='bbox 2443 4604 2808 4675; x_wconf 84' lang='lat' dir='ltr'>Augustinum</span> <span class='ocrx_word' id='word_1_871' title='bbox 2857 4603 3234 4674; x_wconf 82' lang='lat' dir='ltr'>explanantem</span> <span class='ocrx_word' id='word_1_872' title='bbox 3283 4608 3451 4663; x_wconf 85' lang='lat' dir='ltr'>verba</span> <span class='ocrx_word' id='word_1_873' title='bbox 3499 4611 3583 4666; x_wconf 91' lang='lat' dir='ltr'>sui</span> 
     </span>
    </p>
   </div>
   <div class='ocr_carea' id='block_1_108' title="bbox 1991 4693 3581 4768">
    <p class='ocr_par' dir='ltr' id='par_1_108' title="bbox 1991 4693 3581 4768">
     <span class='ocr_line' id='line_1_108' title="bbox 1991 4693 3581 4768; baseline 0 -15"><span class='ocrx_word' id='word_1_874' title='bbox 1991 4695 2312 4753; x_wconf 86' lang='lat' dir='ltr'>Ambrosii:</span> <span class='ocrx_word' id='word_1_875' title='bbox 2350 4695 2556 4754; x_wconf 76' lang='lat' dir='ltr'>Potest,</span> <span class='ocrx_word' id='word_1_876' title='bbox 2590 4693 2782 4764; x_wconf 90' lang='lat' dir='ltr'>inquit,</span> <span class='ocrx_word' id='word_1_877' title='bbox 2844 4709 3071 4748; x_wconf 90' lang='lat' dir='ltr'>movere</span> <span class='ocrx_word' id='word_1_878' title='bbox 3131 4697 3406 4764; x_wconf 89' lang='lat' dir='ltr'>quomodo</span> <span class='ocrx_word' id='word_1_879' title='bbox 3462 4698 3581 4768; x_wconf 90' lang='lat' dir='ltr'>ipsa</span> 
     </span>
    </p>
   </div>
   <div class='ocr_carea' id='block_1_109' title="bbox 1992 4781 3581 4853">
    <p class='ocr_par' dir='ltr' id='par_1_109' title="bbox 1992 4781 3581 4853">
     <span class='ocr_line' id='line_1_109' title="bbox 1992 4781 3581 4853; baseline -0.001 -13"><span class='ocrx_word' id='word_1_880' title='bbox 1992 4787 2091 4840; x_wconf 81' lang='lat' dir='ltr'>Dei</span> <span class='ocrx_word' id='word_1_881' title='bbox 2124 4783 2423 4838; x_wconf 86' lang='lat' dir='ltr'>substantia</span> <span class='ocrx_word' id='word_1_882' title='bbox 2456 4781 2624 4836; x_wconf 88' lang='lat' dir='ltr'>videri</span> <span class='ocrx_word' id='word_1_883' title='bbox 2654 4781 2888 4851; x_wconf 88' lang='lat' dir='ltr'>potuerit</span> <span class='ocrx_word' id='word_1_884' title='bbox 2916 4797 2944 4834; x_wconf 89' lang='lat' dir='ltr'>a</span> <span class='ocrx_word' id='word_1_885' title='bbox 2994 4783 3323 4853; x_wconf 90' lang='lat' dir='ltr'>quibusdam</span> <span class='ocrx_word' id='word_1_886' title='bbox 3371 4785 3423 4838; x_wconf 92' lang='lat' dir='ltr'>in</span> <span class='ocrx_word' id='word_1_887' title='bbox 3482 4786 3581 4844; x_wconf 87' lang='lat' dir='ltr'>hac</span> 
     </span>
    </p>
   </div>
   <div class='ocr_carea' id='block_1_110' title="bbox 1992 4870 3582 4944">
    <p class='ocr_par' dir='ltr' id='par_1_110' title="bbox 1992 4870 3582 4944">
     <span class='ocr_line' id='line_1_110' title="bbox 1992 4870 3582 4944; baseline -0.001 -14"><span class='ocrx_word' id='word_1_888' title='bbox 1992 4876 2101 4931; x_wconf 88' lang='lat' dir='ltr'>vita</span> <span class='ocrx_word' id='word_1_889' title='bbox 2123 4870 2703 4944; x_wconf 88' lang='lat' dir='ltr'>positis,pr0pterillud</span> <span class='ocrx_word' id='word_1_890' title='bbox 2725 4889 2735 4924; x_wconf 90' lang='lat'><strong>:</strong></span> <span class='ocrx_word' id='word_1_891' title='bbox 2759 4893 2778 4918; x_wconf 73' lang='grc' dir='ltr'><em>α</em></span> <span class='ocrx_word' id='word_1_892' title='bbox 2808 4871 2983 4924; x_wconf 89' lang='lat' dir='ltr'>Nemo</span> <span class='ocrx_word' id='word_1_893' title='bbox 2996 4872 3370 4940; x_wconf 83' lang='lat' dir='ltr'>potestvidere</span> <span class='ocrx_word' id='word_1_894' title='bbox 3392 4873 3582 4930; x_wconf 82' lang='lat' dir='ltr'>faciem</span> 
     </span>
    </p>
   </div>
   <div class='ocr_carea' id='block_1_111' title="bbox 1992 4967 3577 5040">
    <p class='ocr_par' dir='ltr' id='par_1_111' title="bbox 1992 4967 3577 5040">
     <span class='ocr_line' id='line_1_111' title="bbox 1992 4967 3577 5040; baseline 0 -13"><span class='ocrx_word' id='word_1_895' title='bbox 1992 4978 2256 5039; x_wconf 88' lang='lat' dir='ltr'>meam,et</span> <span class='ocrx_word' id='word_1_896' title='bbox 2285 4969 2467 5023; x_wconf 89' lang='lat' dir='ltr'>vivere</span> <span class='ocrx_word' id='word_1_897' title='bbox 2491 4969 2688 5036; x_wconf 70' lang='lat' dir='ltr'>(Exod.</span> <span class='ocrx_word' id='word_1_898' title='bbox 2723 4970 2912 5036; x_wconf 83' lang='lat' dir='ltr'>xxxttr)</span> <span class='ocrx_word' id='word_1_899' title='bbox 2941 4981 2953 5034; x_wconf 92' lang='lat'>;</span> <span class='ocrx_word' id='word_1_900' title='bbox 2985 4990 3005 5014; x_wconf 79' lang='grc' dir='ltr'><strong>η</strong></span> <span class='ocrx_word' id='word_1_901' title='bbox 3045 4967 3151 5021; x_wconf 90' lang='lat' dir='ltr'>nisi</span> <span class='ocrx_word' id='word_1_902' title='bbox 3188 4968 3315 5040; x_wconf 90' lang='lat' dir='ltr'>quia</span> <span class='ocrx_word' id='word_1_903' title='bbox 3348 4971 3577 5028; x_wconf 87' lang='lat' dir='ltr'>humana</span> 
     </span>
    </p>
   </div>
   <div class='ocr_carea' id='block_1_112' title="bbox 1991 5056 3582 5130">
    <p class='ocr_par' dir='ltr' id='par_1_112' title="bbox 1991 5056 3582 5130">
     <span class='ocr_line' id='line_1_112' title="bbox 1991 5056 3582 5130; baseline 0.001 -14"><span class='ocrx_word' id='word_1_904' title='bbox 1991 5077 2147 5117; x_wconf 90' lang='lat' dir='ltr'>mens</span> <span class='ocrx_word' id='word_1_905' title='bbox 2175 5065 2356 5130; x_wconf 85' lang='lat' dir='ltr'>potest</span> <span class='ocrx_word' id='word_1_906' title='bbox 2385 5057 2638 5111; x_wconf 89' lang='lat' dir='ltr'>divinitus</span> <span class='ocrx_word' id='word_1_907' title='bbox 2670 5056 2782 5126; x_wconf 88' lang='lat' dir='ltr'>rapi</span> <span class='ocrx_word' id='word_1_908' title='bbox 2812 5073 2880 5110; x_wconf 82' lang='lat' dir='ltr'>ex</span> <span class='ocrx_word' id='word_1_909' title='bbox 2913 5056 3015 5110; x_wconf 89' lang='lat' dir='ltr'>hac</span> <span class='ocrx_word' id='word_1_910' title='bbox 3046 5056 3150 5110; x_wconf 89' lang='lat' dir='ltr'>vita</span> <span class='ocrx_word' id='word_1_911' title='bbox 3179 5059 3245 5110; x_wconf 91' lang='lat' dir='ltr'>ad</span> <span class='ocrx_word' id='word_1_912' title='bbox 3277 5060 3582 5129; x_wconf 88' lang='lat' dir='ltr'>angelicam</span> 
     </span>
    </p>
   </div>
   <div class='ocr_carea' id='block_1_113' title="bbox 1991 5144 3582 5206">
    <p class='ocr_par' dir='ltr' id='par_1_113' title="bbox 1991 5144 3582 5206">
     <span class='ocr_line' id='line_1_113' title="bbox 1991 5144 3582 5206; baseline 0 -1"><span class='ocrx_word' id='word_1_913' title='bbox 1991 5152 2156 5206; x_wconf 88' lang='lat' dir='ltr'>vitam</span> <span class='ocrx_word' id='word_1_914' title='bbox 2189 5157 2314 5203; x_wconf 92' lang='lat' dir='ltr'>ante</span> <span class='ocrx_word' id='word_1_915' title='bbox 2349 5154 2576 5201; x_wconf 90' lang='lat' dir='ltr'>mortem</span> <span class='ocrx_word' id='word_1_916' title='bbox 2615 5144 2800 5200; x_wconf 89' lang='lat' dir='ltr'>carnis</span> <span class='ocrx_word' id='word_1_917' title='bbox 2857 5160 3224 5200; x_wconf 89' lang='lat' dir='ltr'>communem.</span> <span class='ocrx_word' id='word_1_918' title='bbox 3291 5147 3382 5202; x_wconf 91' lang='lat' dir='ltr'>Sic</span> <span class='ocrx_word' id='word_1_919' title='bbox 3437 5151 3582 5206; x_wconf 90' lang='lat' dir='ltr'>enim</span> 
     </span>
    </p>
   </div>
   <div class='ocr_carea' id='block_1_114' title="bbox 1992 5231 3583 5310">
    <p class='ocr_par' dir='ltr' id='par_1_114' title="bbox 1992 5231 3583 5310">
     <span class='ocr_line' id='line_1_114' title="bbox 1992 5231 3583 5310; baseline -0.003 -16"><span class='ocrx_word' id='word_1_920' title='bbox 1992 5249 2180 5310; x_wconf 88' lang='lat' dir='ltr'>raptus</span> <span class='ocrx_word' id='word_1_921' title='bbox 2209 5246 2291 5292; x_wconf 90' lang='lat' dir='ltr'>est</span> <span class='ocrx_word' id='word_1_922' title='bbox 2322 5237 2409 5306; x_wconf 91' lang='lat' dir='ltr'>qui</span> <span class='ocrx_word' id='word_1_923' title='bbox 2439 5234 2642 5290; x_wconf 91' lang='lat' dir='ltr'>audivit</span> <span class='ocrx_word' id='word_1_924' title='bbox 2671 5233 2765 5288; x_wconf 92' lang='lat' dir='ltr'>illa</span> <span class='ocrx_word' id='word_1_925' title='bbox 2795 5231 3091 5288; x_wconf 69' lang='lat' dir='ltr'>ineffabilia</span> <span class='ocrx_word' id='word_1_926' title='bbox 3120 5234 3285 5289; x_wconf 91' lang='lat' dir='ltr'>verba</span> <span class='ocrx_word' id='word_1_927' title='bbox 3314 5254 3435 5308; x_wconf 76' lang='lat' dir='ltr'>quae</span> <span class='ocrx_word' id='word_1_928' title='bbox 3473 5257 3583 5296; x_wconf 81' lang='lat' dir='ltr'>non</span> 
     </span>
    </p>
   </div>
   <div class='ocr_carea' id='block_1_115' title="bbox 1993 5322 3585 5394">
    <p class='ocr_par' dir='ltr' id='par_1_115' title="bbox 1993 5322 3585 5394">
     <span class='ocr_line' id='line_1_115' title="bbox 1993 5322 3585 5394; baseline 0 -10"><span class='ocrx_word' id='word_1_929' title='bbox 1993 5330 2120 5383; x_wconf 90' lang='lat' dir='ltr'>licet</span> <span class='ocrx_word' id='word_1_930' title='bbox 2149 5325 2350 5380; x_wconf 89' lang='lat' dir='ltr'>homini</span> <span class='ocrx_word' id='word_1_931' title='bbox 2381 5323 2526 5394; x_wconf 91' lang='lat' dir='ltr'>loqui</span> <span class='ocrx_word' id='word_1_932' title='bbox 2559 5323 2638 5391; x_wconf 88' lang='grc' dir='ltr'>(ΙΙ</span> <span class='ocrx_word' id='word_1_933' title='bbox 2668 5325 2788 5379; x_wconf 89' lang='lat' dir='ltr'>Cor.</span> <span class='ocrx_word' id='word_1_934' title='bbox 2825 5323 2959 5392; x_wconf 87' lang='lat' dir='ltr'>xm),</span> <span class='ocrx_word' id='word_1_935' title='bbox 2991 5322 3079 5375; x_wconf 93' lang='lat' dir='ltr'>ubi</span> <span class='ocrx_word' id='word_1_936' title='bbox 3111 5339 3284 5394; x_wconf 90' lang='lat' dir='ltr'>usque</span> <span class='ocrx_word' id='word_1_937' title='bbox 3313 5325 3452 5382; x_wconf 90' lang='lat' dir='ltr'>adeo</span> <span class='ocrx_word' id='word_1_938' title='bbox 3502 5329 3585 5384; x_wconf 90' lang='lat' dir='ltr'>fa-</span> 
     </span>
    </p>
   </div>
   <div class='ocr_carea' id='block_1_116' title="bbox 1997 5412 3585 5483">
    <p class='ocr_par' dir='ltr' id='par_1_116' title="bbox 1997 5412 3585 5483">
     <span class='ocr_line' id='line_1_116' title="bbox 1997 5412 3585 5483; baseline 0.001 -10"><span class='ocrx_word' id='word_1_939' title='bbox 1997 5426 2084 5474; x_wconf 86' lang='lat' dir='ltr'>cta</span> <span class='ocrx_word' id='word_1_940' title='bbox 2114 5424 2197 5470; x_wconf 88' lang='lat' dir='ltr'>est</span> <span class='ocrx_word' id='word_1_941' title='bbox 2225 5415 2295 5468; x_wconf 90' lang='lat' dir='ltr'>ab</span> <span class='ocrx_word' id='word_1_942' title='bbox 2342 5413 2504 5481; x_wconf 87' lang='lat' dir='ltr'>hujus</span> <span class='ocrx_word' id='word_1_943' title='bbox 2559 5412 2684 5467; x_wconf 73' lang='lat' dir='ltr'>vitae</span> <span class='ocrx_word' id='word_1_944' title='bbox 2744 5428 2910 5466; x_wconf 90' lang='lat' dir='ltr'>sensu</span> <span class='ocrx_word' id='word_1_945' title='bbox 2967 5412 3216 5483; x_wconf 50' lang='lat' dir='ltr'>quedam</span> <span class='ocrx_word' id='word_1_946' title='bbox 3271 5413 3585 5476; x_wconf 90' lang='lat' dir='ltr'>intentionis</span> 
     </span>
    </p>
   </div>
   <div class='ocr_carea' id='block_1_117' title="bbox 2001 5511 3584 5582">
    <p class='ocr_par' dir='ltr' id='par_1_117' title="bbox 2001 5511 3584 5582">
     <span class='ocr_line' id='line_1_117' title="bbox 2001 5511 3584 5582; baseline -0.001 -10"><span class='ocrx_word' id='word_1_947' title='bbox 2001 5515 2242 5579; x_wconf 85' lang='lat' dir='ltr'>aversio,</span> <span class='ocrx_word' id='word_1_948' title='bbox 2282 5522 2337 5567; x_wconf 93' lang='lat' dir='ltr'>ut</span> <span class='ocrx_word' id='word_1_949' title='bbox 2367 5512 2480 5566; x_wconf 87' lang='lat' dir='ltr'>sive</span> <span class='ocrx_word' id='word_1_950' title='bbox 2502 5519 2653 5564; x_wconf 91' lang='lat' dir='ltr'>extra</span> <span class='ocrx_word' id='word_1_951' title='bbox 2683 5526 2886 5581; x_wconf 89' lang='lat' dir='ltr'>corpus</span> <span class='ocrx_word' id='word_1_952' title='bbox 2919 5511 3100 5577; x_wconf 88' lang='lat' dir='ltr'>fuerit,</span> <span class='ocrx_word' id='word_1_953' title='bbox 3151 5511 3206 5564; x_wconf 91' lang='lat' dir='ltr'>id</span> <span class='ocrx_word' id='word_1_954' title='bbox 3247 5520 3329 5567; x_wconf 91' lang='lat' dir='ltr'>est</span> <span class='ocrx_word' id='word_1_955' title='bbox 3380 5523 3584 5582; x_wconf 91' lang='lat' dir='ltr'>utrum,</span> 
     </span>
    </p>
   </div>
   <div class='ocr_carea' id='block_1_118' title="bbox 2005 5607 3590 5674">
    <p class='ocr_par' dir='ltr' id='par_1_118' title="bbox 2005 5607 3590 5674">
     <span class='ocr_line' id='line_1_118' title="bbox 2005 5607 3590 5674; baseline -0.002 -2"><span class='ocrx_word' id='word_1_956' title='bbox 2005 5617 2143 5672; x_wconf 91' lang='lat' dir='ltr'>sicut</span> <span class='ocrx_word' id='word_1_957' title='bbox 2172 5611 2312 5667; x_wconf 89' lang='lat' dir='ltr'>solet</span> <span class='ocrx_word' id='word_1_958' title='bbox 2341 5612 2395 5665; x_wconf 91' lang='lat' dir='ltr'>in</span> <span class='ocrx_word' id='word_1_959' title='bbox 2419 5607 2813 5664; x_wconf 88' lang='lat' dir='ltr'>vehementiori</span> <span class='ocrx_word' id='word_1_960' title='bbox 2841 5607 3070 5674; x_wconf 89' lang='lat' dir='ltr'>exstasi,</span> <span class='ocrx_word' id='word_1_961' title='bbox 3090 5624 3245 5664; x_wconf 90' lang='lat' dir='ltr'>mens</span> <span class='ocrx_word' id='word_1_962' title='bbox 3267 5609 3334 5662; x_wconf 90' lang='lat' dir='ltr'>ab</span> <span class='ocrx_word' id='word_1_963' title='bbox 3356 5617 3459 5666; x_wconf 88' lang='lat' dir='ltr'>hac</span> <span class='ocrx_word' id='word_1_964' title='bbox 3481 5613 3590 5670; x_wconf 88' lang='lat' dir='ltr'>vita</span> 
     </span>
    </p>
   </div>
   <div class='ocr_carea' id='block_1_119' title="bbox 2007 5697 3587 5767">
    <p class='ocr_par' dir='ltr' id='par_1_119' title="bbox 2007 5697 3587 5767">
     <span class='ocr_line' id='line_1_119' title="bbox 2007 5697 3587 5767; baseline -0.011 -6"><span class='ocrx_word' id='word_1_965' title='bbox 2007 5709 2061 5762; x_wconf 81' lang='lat' dir='ltr'>in</span> <span class='ocrx_word' id='word_1_966' title='bbox 2092 5704 2240 5758; x_wconf 89' lang='lat' dir='ltr'>illam</span> <span class='ocrx_word' id='word_1_967' title='bbox 2274 5701 2435 5757; x_wconf 89' lang='lat' dir='ltr'>vitam</span> <span class='ocrx_word' id='word_1_968' title='bbox 2458 5697 2583 5753; x_wconf 88' lang='lat' dir='ltr'>furit</span> <span class='ocrx_word' id='word_1_969' title='bbox 2603 5697 2856 5764; x_wconf 85' lang='lat' dir='ltr'>alienata,</span> <span class='ocrx_word' id='word_1_970' title='bbox 2884 5707 3136 5753; x_wconf 83' lang='lat' dir='ltr'>manente</span> <span class='ocrx_word' id='word_1_971' title='bbox 3176 5698 3424 5767; x_wconf 89' lang='lat' dir='ltr'>corporis</span> <span class='ocrx_word' id='word_1_972' title='bbox 3467 5699 3587 5756; x_wconf 74' lang='lat' dir='ltr'>vin-</span> 
     </span>
    </p>
   </div>
   <div class='ocr_carea' id='block_1_120' title="bbox 3236 5821 3313 5882">
    <p class='ocr_par' dir='ltr' id='par_1_120' title="bbox 3236 5821 3313 5882">
     <span class='ocr_line' id='line_1_120' title="bbox 3236 5821 3313 5882; baseline 0.052 -4"><span class='ocrx_word' id='word_1_973' title='bbox 3236 5821 3313 5882; x_wconf 82' lang='lat'><strong>36</strong></span> 
     </span>
    </p>
   </div>
  </div>
