3972 6076
512 247 640 299 1131

502 465 677 512 morte
706 456 992 528 contingit,
1025 455 1240 511 nescire
1272 470 1330 508 se
1361 453 1588 508 diceret.
1622 453 1697 505 Ita
1731 450 1786 505 lit
1820 460 1874 506 ut
1904 460 1955 506 et
1978 452 2109 507 illud

500 561 694 601 verum
726 546 796 600 sit
825 545 971 618 quod
1002 545 1212 600 dictum
1244 551 1328 598 est
1363 559 1377 596 :
1417 564 1438 590 ‹‹
1471 541 1647 595 Nemo
1691 548 1872 608 potest
1922 541 2108 595 videre

500 635 692 691 faciem
728 650 904 689 meam
938 643 990 688 et
1025 633 1209 688 vivere
1240 629 1445 699 (Exod.
1490 633 1717 699 χχχιιι).
1756 653 1777 677 η
1831 630 1969 699 Quia
2006 646 2108 684 ne—

501 739 658 781 cesse
677 732 765 778 est
801 721 1041 777 abstrahi
1069 723 1136 776 ab
1167 723 1271 776 hac
1303 720 1412 775 vita
1471 727 1731 784 mentem,
1794 718 2012 789 quando
2052 718 2106 772 in

501 811 648 866 illius
677 809 1114 866 ineﬁ'abilitate'n
1143 809 1369 865 visionis
1397 807 1714 863 assumitur.
1748 807 1956 862 Deinde
1985 807 2106 861 Au-

501 901 758 973 gustinus
819 899 1100 970 subjungit
1164 899 1408 953 dicens:
1477 895 1637 965 Quod
1700 895 1832 950 mihi
1897 911 2105 966 propo-

503 1005 721 1054 sueras,
776 991 961 1042 utrum
1017 987 1343 1058 explicatum
1399 984 1487 1050 sit,
1545 983 1838 1056 diligenter
1889 983 2104 1039 attende

501 1077 800 1134 recolendo
833 1093 954 1148 quae
984 1075 1126 1132 dicta
1158 1082 1306 1129 sunt.
1349 1073 1407 1128 Si
1468 1072 1612 1128 enim
1670 1072 1866 1144 quaeris
1921 1080 2104 1126 utrum

501 1168 676 1238 possit
708 1167 858 1220 Deus
891 1164 1086 1230 videri,
1120 1162 1427 1234 respondeo
1463 1179 1477 1215 :
1529 1162 1742 1216 Potest.
1799 1161 1854 1216 Si
1904 1160 2104 1230 quaeris

501 1255 646 1310 unde
679 1254 875 1320 sciam,
910 1253 1218 1323 respondeo
1245 1269 1255 1304 :
1281 1250 1423 1318 Quia
1444 1250 1496 1303 in
1529 1249 1816 1304 verissima
1837 1249 2101 1320 scriptura

501 1343 710 1415 legitur
741 1362 753 1396 :
797 1365 817 1389 α
855 1341 1003 1396 Beati
1034 1339 1236 1395 mundo
1269 1339 1459 1404 corde,
1495 1338 1749 1409 quoniam
1793 1338 1893 1408 ipsi
1927 1339 2099 1392 Deum

501 1431 762 1487 videbunt
794 1431 1015 1495 (Matth.
1055 1430 1128 1497 v).
1171 1451 1190 1477 n
1231 1427 1287 1483 Si
1320 1427 1519 1499 quaeris
1549 1427 1694 1481 unde
1725 1443 1851 1482 eum
1883 1427 2098 1481 videbi-

501 1536 642 1585 mus,
679 1519 991 1589 respondeo
1028 1534 1040 1572 :
1077 1517 1228 1573 Unde
1259 1516 1443 1587 angeli
1473 1516 1676 1583 vident,
1728 1515 1924 1586 quibus
1971 1524 2100 1571 tunc

501 1609 705 1663 erimus
737 1607 1004 1678 aequales.
1045 1607 1194 1661 Sicut
1224 1605 1368 1660 enim
1398 1605 1650 1659 videntur
1679 1605 1782 1658 ista
1813 1620 1933 1674 quaa
1971 1603 2098 1657 visi-

499 1698 632 1751 bilia
659 1696 1024 1762 nominantur,
1059 1697 1228 1750 Deum
1261 1710 1422 1749 nemo
1466 1694 1596 1749 vidit
1642 1708 1879 1764 unquam
1916 1707 1928 1746 :
1979 1694 2095 1747 Nec
2124 1729 2176 1787 B

497 1787 680 1842 videri
706 1793 902 1856 potest,
931 1784 1186 1856 quoniam
1222 1791 1305 1838 est
1343 1791 1530 1838 natura
1561 1782 1874 1847 invisibilis,
1900 1781 1980 1837 sic
2009 1790 2095 1836 est

496 1873 932 1945 incorruptibilis
966 1892 978 1938 ;
1012 1890 1134 1944 qua:
1162 1871 1453 1928 contextim
1480 1872 1660 1941 posuit
1691 1871 1985 1940 Apostolus
2004 1870 2093 1924 di-

499 1982 629 2021 cens
663 1984 673 2018 :
715 1986 735 2012 ‹ι
772 1962 910 2034 Regi
941 1970 1121 2016 autem
1154 1961 1475 2016 saeculorum
1519 1959 1797 2025 invisibili,
1844 1959 2092 2014 incorru-

497 2053 672 2125 ptibili
705 2053 755 2119 (1
788 2053 925 2107 Tim.
959 2057 1020 2119 i),
1061 2074 1081 2097 η
1118 2050 1244 2120 quia
1273 2050 1413 2105 sicut
1449 2064 1594 2104 nunc
1641 2047 2089 2117 incorruptibilis,

496 2158 598 2198 nec
629 2148 821 2212 postea
850 2138 1225 2209 corruptibilis
1257 2155 1270 2191 :
1305 2137 1374 2191 ita
1405 2153 1514 2191 non
1561 2137 1736 2192 solum
1785 2151 1947 2199 nunc,
1997 2137 2092 2190 sed

498 2231 658 2287 etiam
693 2244 912 2300 semper
941 2236 1024 2282 est
1053 2226 1357 2282 invisibilis.
1392 2227 1511 2281 Nec
1541 2226 1594 2279 in
1623 2225 1741 2280 loco
1771 2225 1917 2279 enim
1951 2224 2094 2278 vide-

496 2328 604 2383 tur,
624 2319 720 2373 sed
744 2317 949 2372 mundo
971 2316 1139 2371 corde
1166 2334 1179 2379 ;
1207 2329 1312 2370 nec
1333 2314 1703 2385 corporalibus
1726 2313 1897 2369 oculis
1937 2329 2091 2385 quae-

498 2407 654 2472 ritur,
687 2421 790 2460 nec
821 2404 1294 2460 circumscribitur
1323 2403 1462 2471 visu,
1512 2419 1614 2458 nec
1665 2411 1809 2457 tactu
1857 2406 2088 2468 tenetur,

493 2511 595 2549 nec
625 2493 789 2548 aifatu
821 2493 1057 2560 auditur,
1092 2507 1193 2547 nec
1222 2492 1452 2546 sentitur
1480 2491 1717 2547 incessu.
1768 2491 2091 2562 Unigenitus

495 2592 676 2639 autem
707 2581 894 2646 Filius,
927 2581 1018 2652 qui
1051 2588 1132 2634 est
1164 2580 1217 2634 in
1237 2581 1357 2634 sinu
1381 2581 1572 2643 Patris,
1599 2579 1820 2634 deitatis
1840 2587 2086 2633 naturam

495 2681 658 2744 atque
683 2670 1042 2726 substantiam
1071 2669 1392 2724 insonanter
1421 2677 1624 2735 narrat,
1659 2676 1712 2722 et
1742 2668 1862 2722 ideo
1906 2668 2088 2738 dignis

492 2761 817 2831 idoneisque
849 2767 994 2814 tanto
1024 2767 1320 2828 conspectu
1369 2757 1540 2812 oculis
1587 2756 1747 2811 etiam
1796 2756 2087 2811 invisibili-

493 2859 578 2906 ter
606 2856 898 2904 monstrat.
937 2847 1045 2917 Ipsi
1077 2846 1218 2901 enim
1248 2854 1370 2900 sunt
1399 2845 1542 2901 oculi
1573 2846 1640 2900 de
1690 2845 1885 2916 quibus
1928 2846 2084 2914 Apo-

493 2939 664 2994 stolus
697 2938 826 2992 dicit
859 2935 1190 2990 illuminatos
1220 2935 1409 2990 oculos
1439 2934 1618 2989 cordis
1648 2934 1817 2988 nostri
1849 2935 2075 3004 (Ephes.

489 3031 552 3099 ι),
585 3037 638 3083 et
671 3027 738 3082 de
770 3025 967 3094 quibus
999 3025 1198 3080 dicitur
1239 3043 1249 3078 :
1287 3023 1535 3077 Illumina
1567 3023 1758 3078 oculos
1811 3038 1981 3080 meos.
2015 3039 2084 3078 ne

1648 237 1987 294 \VERNERI
2030 238 2312 293 ABBATIS
2342 239 2408 293 S.
2452 238 2672 294 BLASll

505 369 649 436 culo,
678 384 745 422 an
776 366 998 423 omnino
1029 365 1267 422 resoluta
1317 361 1503 428 fuerit,
1564 361 1797 434 qualiter
1843 362 1895 416 in
1942 363 2107 434 plena
2136 364 2189 422 Α
2222 363 2368 433 quod
2401 362 2664 435 requiras.
2720 364 2847 419 Haec
2903 374 3030 418 sunt
3085 365 3253 419 verba
3305 363 3604 436 Augustini
3643 381 3660 416 :

3693 238 3818 292 113Ξ

3724 363 3818 430 Qui

2218 450 2491 524 intelligit,
2525 452 2829 507 certissime
2859 451 3007 507 videt
3034 467 3312 524 nunquam
3343 469 3441 522 per
3468 452 3670 508 oculos
3705 468 3819 506 cor-

2215 541 2366 610 poris
2393 557 2452 594 se
2483 541 2652 594 Deum
2686 541 2951 596 visurum.
2984 542 3050 597 Ut
3080 551 3274 596 caetera
3314 541 3586 608 omittam,
3652 541 3818 604 Deus,

2217 637 2269 683 et
2298 645 2441 684 nunc
2471 637 2523 683 et
2551 645 2773 700 semper
2799 638 2882 684 est
2903 629 3211 695 invisibilis,
3238 629 3376 684 sicut
3406 645 3556 684 nunc
3578 637 3635 683 et
3669 646 3817 683 sem-

2215 733 2315 787 per
2343 717 2772 788 incorruptibilis
2805 735 2818 772 :
2853 718 2977 773 ideo
3009 726 3184 772 autem
3217 725 3303 772 est
3331 717 3653 782 invisibilis,
3694 718 3816 788 quia

2216 822 2323 860 non
2354 815 2532 876 potest
2561 807 2734 862 videri
2763 807 3046 877 corporeis
3075 806 3264 873 oculis,
3308 806 3510 876 quibus
3565 806 3818 860 videntur

2214 895 2319 948 ista
2350 894 2608 961 visibilis,
2641 907 2693 950 et
2722 895 2792 950 ob
2820 896 2925 950 hoc
2954 895 3098 951 dicta
3157 895 3414 950 visibilia.
3481 895 3814 967 Unigenitus

2213 983 2378 1036 etiam
2409 991 2589 1037 narrat
2618 990 2672 1038 et
2702 988 2964 1038 monstrat
2997 983 3343 1037 invisibiliter
3393 983 3573 1038 oculis
3630 983 3813 1038 cordis

2211 1071 2311 1126 Dei
2325 1071 2685 1126 substantiam
2700 1080 2748 1127 et
2765 1071 3254 1142 incorruptibiliter
3270 1087 3572 1142 possumus
3589 1071 3710 1126 Deo
3724 1073 3812 1141 qui

2211 1160 2437 1230 spiritus
2467 1168 2571 1228 est,
2599 1160 2901 1224 adhaerere,
2934 1161 2981 1214 si
3011 1176 3303 1230 possumus
3333 1176 3459 1216 eum
3509 1160 3808 1214 invisibili-

2211 1257 2295 1303 ter
2323 1249 2536 1305 videre.
2579 1250 3044 1319 (Ελεειουοιιυε.)
3075 1251 3134 1303 In
3166 1249 3574 1305 resurrectione
3611 1249 3809 1304 divinae

2224 1338 2507 1409 sapientiae
2533 1338 2811 1410 agnitione
2842 1337 3190 1408 replebimur,
3222 1353 3323 1394 nec
3354 1354 3541 1392 rerum
3587 1337 3808 1393 intelle-

2208 1435 2329 1481 ctus
2360 1427 2750 1482 veracissimus
2781 1427 3081 1498 disciplinis
3109 1427 3359 1482 onerosis
3387 1427 3682 1496 imbuitur,
3713 1429 3809 1482 sed

2207 1515 2260 1569 in
2293 1515 2572 1571 elaborato
2601 1516 2798 1570 mentis
2828 1514 3037 1570 lumine
3092 1515 3420 1570 declaratur.
3483 1516 3568 1570 lbi
3629 1517 3808 1572 beatis

2208 1605 2330 1659 talis
2363 1604 2630 1674 splendor
2660 1604 2860 1659 mentis
2891 1612 2991 1670 est,
3027 1612 3078 1660 ct
3106 1603 3286 1659 lumen
3319 1605 3730 1677 intelligentia,
3755 1615 3808 1658 ut

2206 1693 2382 1764 ipsum
2416 1694 2558 1748 sicut
2587 1693 2641 1746 in
2673 1691 2962 1762 majestate
2991 1709 3090 1747 sua
3112 1702 3216 1761 est,
3241 1701 3560 1750 mereantur
3580 1694 3808 1764 conspi-

2205 1797 2332 1838 cere
2364 1783 2710 1835 Creatorem.
2751 1779 3026 1848 Quocirca
3057 1781 3212 1835 libris
3240 1797 3660 1838 commonemur
3711 1799 3804 1836 ve-

2204 1871 2296 1935 ris,
2330 1869 2473 1940 quod
2505 1884 2636 1940 pars
2667 1867 2758 1923 illa
2789 1869 3078 1924 emundata
3105 1878 3267 1942 atque
3297 1871 3584 1925 meliorata
3614 1870 3806 1925 divino

2203 1974 2428 2012 munere
2459 1957 2726 2012 veraciter
2756 1959 3072 2029 speculetur
3100 1967 3400 2024 auctorem,
3435 1960 3528 2030 qui
3563 1960 3690 2028 ejus
3721 1961 3805 2012 ni-

2202 2047 2495 2100 hilominus
2526 2053 2710 2117 portat
2741 2046 3057 2118 imaginem.
3093 2048 3225 2102 Inde
3255 2049 3489 2117 denique
3524 2049 3708 2103 Deum
3732 2049 3807 2102 vi-

2200 2135 2475 2200 debimus,
2511 2134 2652 2190 unde
2692 2135 2984 2200 credimus,
3017 2145 3070 2190 et
3099 2152 3163 2190 ex
3193 2153 3257 2191 ea
3287 2145 3440 2206 parte
3470 2137 3606 2190 illud
3639 2154 3804 2190 sum-

2199 2239 2348 2276 mum
2382 2223 2644 2278 eximium
2697 2223 2976 2295 singulare
3033 2225 3580 2294 contemplabimur:
3642 2227 3802 2281 Unde

2199 2313 2383 2382 utique
2405 2311 2661 2366 meliores
2683 2328 2891 2367 sumus.
2919 2313 3340 2383 (Hmaomuvs)
3366 2331 3378 2366 :
3409 2337 3432 2361 σ
3470 2313 3802 2385 Quicunque

2199 2401 2454 2470 Spiritum
2486 2409 2732 2455 sanctum
2781 2401 3228 2472 repromissionis
3277 2402 3580 2472 acceperit,
3637 2403 3800 2458 simul

2197 2498 2563 2560 consequetur
2593 2498 2645 2544 et
2675 2490 3039 2544 arrhabonem
3073 2491 3422 2558 haereditatis,
3453 2507 3576 2562 quae
3605 2492 3797 2546 haere-

2196 2578 2335 2632 ditas
2365 2579 2474 2631 vita
2529 2585 2732 2632 aeterna
2781 2586 2882 2632 est.
2943 2578 3232 2646 Quomodo
3287 2590 3470 2635 autem
3527 2582 3791 2646 arrhabo,

2197 2667 2288 2738 qui
2319 2665 2477 2722 nobis
2507 2667 2778 2734 tribuitur,
2812 2683 2916 2722 nou
2949 2675 3033 2722 est
3061 2677 3210 2722 extra
3239 2685 3360 2734 nos,
3384 2669 3480 2723 sed
3510 2669 3685 2738 intra,
3719 2670 3798 2726 sic

2195 2763 2247 2808 et
2274 2755 2562 2810 har-editas
2591 2755 2728 2825 ipsa,
2763 2757 2865 2810 hoc
2897 2765 2981 2811 est
3015 2773 3244 2824 regnum
3289 2757 3388 2812 Dei
3440 2759 3588 2828 quod
3649 2759 3796 2814 intra

2193 2857 2292 2897 not2
2323 2851 2422 2908 est,
2456 2843 2508 2895 in
2539 2843 2698 2897 nobis
2729 2850 2978 2897 versatur
3027 2843 3382 2899 intrinsecus.
3449 2844 3588 2914 Quae
3642 2848 3794 2901 enim

2193 2940 2370 3001 potest
2397 2947 2520 2986 esse
2551 2935 2721 2999 major
2765 2932 3055 2987 hereditas
3111 2950 3273 3004 quam
3325 2935 3690 3005 contemplari
3741 2945 3794 2990 et

2195 3021 2379 3075 videre
2409 3036 2571 3074 sensu
2603 3018 3058 3089 pulchritudinem
3097 3021 3412 3091 Sapientiae,
3437 3031 3492 3078 et
3526 3025 3722 3091 Verbi,
3743 3033 3794 3080 et

488 3132 728 3189 unquam
751 3113 1088 3169 obdormiam
1119 3113 1171 3166 in
1205 3121 1378 3168 morte
1410 3113 1582 3179 (Psal.
1619 3112 1732 3179 xu).
1773 3134 1793 3158 »
1822 3111 2084 3166 Dominus
2116 3103 2164 3164 C
2197 3107 2453 3174 veritatis,
2487 3117 2540 3163 et
2567 3107 2805 3173 luminis,
2839 3117 2891 3164 et
2923 3108 3093 3179 ipsius
3143 3110 3242 3165 Dei
3299 3110 3633 3166 ineffabilem
3697 3131 3791 3168 na-

487 3207 636 3261 enim
671 3204 894 3276 spiritus
925 3210 1033 3257 est.
1075 3201 1227 3257 Unde
1260 3219 1272 3255 :
1319 3224 1340 3248 α
1377 3201 1481 3270 Qui
1529 3201 1775 3255 adhaerct
1827 3200 2078 3265 Domino,

485 3310 628 3351 unus
659 3293 883 3364 spiritus
909 3299 996 3347 est
1027 3293 1074 3360 (1
1105 3293 1230 3346 Cor.
1272 3291 1356 3360 v).
1401 3314 1422 3337 ιι

555 3382 792 3438 Proinde
824 3381 914 3453 qui
944 3387 1119 3450 potest
1151 3380 1321 3434 Deum
1355 3377 1699 3433 invisibiliter
1731 3377 1932 3443 videre,
1958 3377 2077 3446 ipse

480 3479 662 3544 potest
693 3472 808 3526 Deo
848 3467 1334 3538 incorruptibiliter
1388 3467 1708 3522 aedhaerere.
1775 3467 1908 3521 Puto
1957 3466 2075 3538 jam

479 3576 589 3616 non
618 3575 740 3615 esse
769 3558 823 3611 in
869 3556 1168 3629 quaestione
1227 3573 1391 3629 quam
1445 3555 1777 3628 proposuisti
1836 3555 2071 3627 amplius

2192 3206 2361 3252 turam
2396 3197 2772 3263 considerare,
2805 3197 3156 3269 omniumque
3187 3215 3308 3269 quae
3338 3199 3406 3253 ad
3465 3200 3788 3256 similitudi-

2192 3303 2312 3340 nem
2347 3285 2446 3339 Dei
2477 3285 2694 3342 condita
2725 3295 2852 3341 sunt
2885 3287 3184 3342 substantia
3215 3289 3501 3343 contueri.
3543 3289 3655 3345 Iste
3685 3307 3788 3344 au-

2189 3382 2297 3429 tem
2330 3374 2562 3444 Spiritus
2593 3383 2817 3429 sanctus
2864 3376 2960 3446 qui
3015 3383 3100 3430 est
3151 3376 3388 3432 arrhabo
3446 3377 3786 3434 hereditatis

2185 3471 2408 3530 nostrae,
2443 3463 2568 3518 ideo
2596 3479 2740 3519 nunc
2770 3463 2975 3520 sanctis
3006 3465 3167 3520 datur
3221 3473 3286 3520 ut
3339 3465 3684 3522 redimantur
3738 3479 3788 3523 et

2184 3552 2505 3624 copulentur
2536 3553 2654 3607 Deo
2667 3587 2683 3607 .

1216 3919 1842 4024 DOMINICA
1899 3916 2371 4020 DECIMA
2449 3917 2968 4043 QUARTA
2993 3997 3018 4023 .

1757 4162 2148 4229 Secundum
2180 4163 2455 4228 Lucam.

550 4419 572 4444 ι
605 4395 736 4450 Cum
767 4391 869 4448 iret
895 4390 1052 4446 Jesus
1071 4389 1126 4444 in
1147 4387 1492 4445 Hierusalem
1515 4387 1782 4444 transibat
1813 4403 1913 4459 per
1950 4402 2062 4442 me-
2094 4398 2146 4458 1)
2175 4383 2308 4440 dotii
2339 4384 2483 4457 quod
2511 4401 2654 4441 nunc
2685 4393 2765 4442 est
2793 4384 2849 4440 in
2879 4385 3150 4442 Ecclesia.
3183 4387 3249 4443 Et
3271 4389 3524 4463 quisquis
3557 4393 3644 4450 vel
3659 4394 3774 4449 haz-

475 4484 620 4540 diam
645 4481 946 4538 Samariam
977 4487 1029 4535 et
1061 4479 1364 4534 Galilaeam.
1398 4478 1467 4532 Et
1513 4493 1637 4533 cum
1681 4476 2070 4548 ingrederetur

477 4573 750 4646 quoddam
782 4569 1088 4634 castellum,
1126 4576 1486 4624 occurrerunt
1516 4565 1564 4622 ei
1613 4566 1801 4622 decem
1861 4565 1962 4621 viri
1991 4564 2069 4620 le-

477 4661 647 4733 prosi.
681 4661 783 4728 Qui
809 4661 1078 4713 steterunt
1109 4673 1138 4710 a
1170 4657 1356 4728 longe,
1398 4663 1452 4710 et
1494 4655 1817 4710 levaverunt
1874 4668 2067 4710 vocem

473 4751 727 4808 dicentes
761 4767 774 4803 :
806 4749 955 4813 Jesu,
989 4753 1311 4816 praeceptor,
1365 4745 1627 4800 miserere
1675 4743 1843 4799 nostri
1899 4744 2058 4811 (Luc.

475 4844 630 4906 xvn).
669 4865 690 4889 ι
729 4837 952 4910 Leprosi
985 4839 1111 4889 sunt
1138 4835 1228 4906 qui
1259 4834 1541 4890 scientiam
1599 4850 1744 4888 verte
1793 4831 1917 4886 fidei
1959 4845 2069 4886 non

473 4931 760 4995 habentes,
793 4927 974 4983 varias
1003 4925 1210 4980 erroris
1232 4922 1507 4978 doctrinas
1530 4921 1872 4992 profitentur.
1901 4921 2067 4974 Veras

479 5020 628 5076 falsis
659 5017 989 5089 permiscent
1019 5013 1348 5080 inordinate,
1383 5012 1536 5082 quasi
1597 5011 1846 5066 diversos
1902 5009 2068 5079 leprze

476 5109 688 5164 colores
717 5106 1086 5162 ostendentes.
1121 5103 1184 5156 lii
1217 5101 1422 5156 vitandi
1453 5109 1576 5155 sunt
1607 5100 1675 5154 ab
1707 5099 1981 5163 Ecclesia,
2015 5106 2068 5152 et

476 5196 643 5267 longe
677 5195 870 5250 remoti
900 5208 1128 5248 necesse
1160 5192 1368 5245 habent
1398 5199 1452 5244 ut
1483 5205 1685 5261 magno
1714 5189 1903 5244 labore
1952 5187 2066 5243 cla-

475 5292 640 5349 ment,
675 5298 966 5354 quousque
1006 5297 1102 5351 per
1156 5279 1522 5350 cognitionem
1581 5277 1937 5349 praeceptoris
1992 5292 2068 5331 re-

472 5369 640 5425 deant
667 5372 732 5424 ad
764 5371 991 5425 formam
1021 5367 1240 5423 salutis.

551 5481 573 5505 υ
610 5457 760 5524 Quos
789 5467 845 5512 ut
875 5457 1009 5512 vidit
1037 5456 1170 5510 dixit
1208 5473 1220 5509 :
1251 5457 1344 5522 Ite,
1381 5456 1652 5511 ostendite
1681 5471 1780 5512 vos
1811 5455 2058 5511 sacerdo-

469 5547 634 5603 tibus.
663 5545 730 5599 Et
757 5546 953 5600 factum
979 5553 1078 5610 est,
1105 5545 1410 5611 dumirent,
1435 5545 1677 5598 mundati
1709 5553 1852 5600 sunt.
1893 5567 1916 5592 ιν
1970 5543 2066 5598 So-

471 5637 558 5693 los
589 5635 838 5705 leprosos
878 5631 1149 5686 invenitur
1181 5633 1442 5687 Dominus
1464 5633 1681 5687 misisse
1708 5633 1774 5687 ad
1797 5632 2061 5689 sacerdo-

473 5733 577 5794 tes,
608 5723 730 5798 quia
761 5719 1123 5778 sacerdotium
1156 5721 1464 5774 Iudaeorum
1499 5720 1674 5793 ﬁgura
1704 5730 1824 5776 erat
1872 5737 2062 5778 sacer-

2178 4474 2348 4530 retica
2377 4474 2643 4545 pravitate
2671 4473 2758 4530 vel
2789 4475 2979 4546 gentili
3010 4477 3397 4547 superstitione
3429 4480 3521 4536 vel
3551 4482 3777 4540 Iudaica

2177 4561 2428 4635 perfidia,
2463 4562 2548 4618 vel
2580 4563 2742 4618 etiam
2777 4565 3018 4619 fraterno
3048 4564 3349 4622 schismate
3378 4585 3479 4639 per
3510 4570 3612 4626 Dei
3652 4588 3775 4643 gra-

2178 4653 2304 4706 tiam
2341 4653 2634 4707 mundatus
2670 4652 2929 4719 caruerit,
2970 4669 3194 4710 necesse
3232 4662 3318 4710 est
3354 4665 3412 4711 ut
3449 4659 3521 4712 ad
3574 4661 3775 4716 Eccle-

2177 4740 2312 4795 siam
2344 4740 2547 4806 veniat,
2583 4743 2938 4813 coloremque
2969 4741 3095 4796 tidei
3125 4759 3326 4798 verum
3367 4746 3491 4800 aliis
3538 4748 3775 4804 similem

2177 4829 2454 4885 ostendat.
2495 4830 2650 4885 Unde
2671 4829 2866 4885 Paulus
2889 4829 2957 4885 ad
2978 4831 3246 4886 Ananiam
3269 4833 3466 4888 missus
3496 4844 3583 4890 est
3625 4839 3771 4908 (Act.

2177 4924 2273 4988 1x),
2308 4926 2364 4973 ut
2394 4927 2791 4974 sacramentum
2832 4919 2960 4974 fidei
3007 4920 3331 4991 perciperet,
3397 4932 3450 4978 et
3507 4941 3671 4980 verus
3724 4931 3775 4982 ei

2177 5008 2328 5064 color
2354 5009 2765 5078 approbaretur,
2800 5025 2906 5064 non
2941 5009 3084 5080 quod
3126 5010 3390 5065 Dominus
3438 5015 3626 5069 omnia
3671 5033 3775 5087 per

2176 5113 2236 5152 se
2266 5105 2522 5169 nequeat,
2558 5097 2655 5152 sed
2686 5106 2740 5151 ut
2769 5103 2890 5168 ipsa
2935 5098 3172 5153 societas
3229 5097 3473 5154 fidelium
3525 5102 3771 5160 invicem

2176 5186 2631 5241 communicando
2662 5201 2824 5239 unam
2857 5185 3096 5256 speciem
3144 5188 3260 5243 veri
3301 5189 3506 5245 coloris
3551 5192 3610 5246 in
3668 5195 3772 5248 ﬁde

2175 5274 2482 5330 confirmet.
2523 5275 2812 5330 Cornelius
2863 5275 3027 5330 etiam
3085 5277 3344 5346 precibus
3399 5279 3515 5348 ejus
3573 5283 3773 5337 auditis

2169 5364 2356 5433 jussus
2373 5372 2456 5419 est
2473 5363 2687 5419 mittere
2703 5363 2771 5418 ad
2795 5365 3012 5419 Petrum
3033 5373 3256 5437 propter
3272 5366 3537 5424 unitatem
3559 5369 3770 5427 conﬁr-

2172 5454 2426 5507 mandam
2454 5453 2617 5524 (Act.
2657 5453 2717 5522 χ)
2732 5492 2745 5505 .

2249 5566 2269 5589 υ
2314 5543 2471 5598 Unus
2500 5550 2682 5597 autem
2713 5558 2777 5597 ex
2806 5540 2914 5596 illis
2940 5549 2999 5597 ut
3027 5542 3161 5598 vidit
3189 5543 3318 5616 quia
3336 5546 3634 5603 mundatus
3663 5558 3769 5618 est,

2171 5648 2462 5705 regressus
2493 5639 2576 5686 est
2603 5647 2726 5686 cum
2756 5646 2958 5702 magna
2986 5647 3120 5688 voce
3150 5633 3510 5704 magniﬁcans
3555 5637 3761 5696 Deum.

2169 5721 2237 5776 Et
2267 5721 2466 5777 cecidit
2495 5720 2548 5775 in
2580 5719 2776 5777 {aciem
2807 5729 2937 5777 ante
2958 5720 3134 5792 pedes
3161 5722 3299 5793 ejus,
3329 5724 3538 5796 gratias
3564 5743 3766 5800 agens.
