4042 6080
199 328 330 381 1133

1117 314 1709 372 Ι)ΕΙ⁴“ΙιΟῐῖΑΤΙΟΝΕ5
1763 315 1859 370 SS.
1908 316 2200 371 PATRUM.
2233 347 2303 354 —
2334 315 2456 369 LIB.
2492 316 2558 368 ll.

3351 318 3486 374 1134

190 454 259 509 Et
288 451 376 507 hic
407 457 521 506 erat
553 447 946 505 Samaritanus.
985 469 1006 492 »ν
1041 445 1190 500 Unus
1239 442 1330 513 qui
1370 456 1660 512 regressus
1702 447 1785 492 est
1816 441 1869 498 A
1900 440 2194 494 medebant
2223 441 2366 510 quod
2401 441 2682 495 residuum
2740 441 2876 504 fuit;
2935 457 3076 496 nona
3111 443 3367 500 triduana:
3397 453 3482 499 ιε-

191 540 398 613 gratias
427 554 600 610 agens
630 535 895 608 signiﬁcat
938 533 1288 589 humilitatem
1346 531 1562 584 unitatis
1594 528 1787 582 Eccle-

197 612 322 686 siae.
366 628 741 684 Samaritanus
771 625 1152 693 interpretatur
1180 625 1385 676 custos.
1419 617 1537 686 Quo
1567 612 1788 670 nomine

193 719 285 774 ille
315 717 679 790 signiﬁcatur,
722 714 813 786 qui
844 728 1005 768 omne
1061 711 1227 765 robur
1279 724 1432 764 suum
1485 707 1598 760 Deo
1631 704 1787 759 attri-

193 808 331 874 buit,
375 807 534 876 juxta
585 804 925 859 Psalmistam
959 819 972 854 :
1011 821 1032 850 ι
1067 797 1462 854 Fortitudinem
1510 810 1684 848 meam
1722 792 1790 846 ad

195 905 249 951 te
306 894 632 959 custodiam,
692 891 817 964 quia
878 899 933 944 tu
979 905 1038 943 es
1085 889 1236 942 Deus
1293 891 1582 954 susceptor
1637 898 1791 936 meus

197 995 382 1063 (Psal.
423 992 605 1061 LVIII).
649 1011 669 1039 ιι
696 991 756 1043 In
789 987 980 1042 faciem
1010 985 1157 1041 cadit
1189 982 1281 1055 qui
1308 983 1375 1036 de
1406 981 1560 1036 malis
1592 994 1792 1049 perpe—

198 1081 353 1138 tratis
401 1079 701 1136 erubescit.
768 1079 848 1132 De
891 1073 1342 1147 persecutoribus
1397 1085 1526 1125 vero
1578 1065 1793 1122 Domini

199 1170 460 1242 scriptum
517 1176 599 1224 est
658 1166 785 1239 quia
819 1188 838 1212 ι
903 1163 1154 1219 abierunt
1200 1168 1501 1215 retrorsum
1549 1164 1603 1211 et
1644 1155 1796 1212 ceci-

197 1268 393 1324 derunt
444 1268 630 1338 (Joan.
689 1265 864 1330 xvm).
923 1283 945 1308 ι»
1007 1259 1111 1328 Qui
1151 1265 1275 1314 ante
1315 1272 1374 1311 se
1432 1253 1598 1320 cadit,
1651 1252 1796 1306 videt

200 1373 310 1430 quo
340 1356 532 1418 cadat;
567 1353 658 1426 qui
689 1360 868 1407 autem
897 1357 1046 1404 retro
1083 1347 1228 1404 cadit
1258 1361 1365 1400 non
1398 1343 1571 1398 videt.
1618 1339 1794 1410 Iniqui

199 1462 336 1518 ergo
367 1453 510 1501 retro
544 1443 766 1507 cadunt,
800 1439 926 1512 quia
957 1453 1052 1494 cor
1108 1445 1232 1492 ante
1261 1433 1477 1490 ruinam
1509 1430 1793 1497 exaltatur,

201 1553 259 1600 ut
291 1559 400 1598 non
431 1542 649 1598 videant
683 1539 813 1610 quid
847 1552 943 1592 eos
973 1542 1248 1604 sequatur.
1297 1531 1434 1586 Justi
1463 1537 1640 1584 autem
1675 1535 1798 1582 ante

204 1650 263 1688 se
295 1631 516 1698 eadunt,
552 1629 680 1700 quia
705 1625 1016 1696 compuncti
1055 1622 1434 1677 humiliantur.
1489 1641 1510 1665 α
1546 1619 1797 1686 Respon-

203 1723 342 1777 dens
373 1729 557 1775 autem
587 1719 745 1772 Jesus
775 1714 916 1770 dixit
950 1731 962 1767 :
1019 1735 1040 1759 ιι
1073 1713 1269 1766 Nonne
1319 1709 1508 1763 decem
1555 1702 1800 1759 mundali

205 1829 348 1885 sunt,
373 1825 428 1874 et
456 1833 650 1872 novem
683 1814 774 1869 ubi
813 1814 981 1868 sunt?
1013 1811 1135 1866 Non
1164 1816 1247 1865 est
1269 1809 1520 1862 inventus
1551 1804 1642 1876 qui
1666 1802 1800 1858 redi-
1833 1798 1881 1856 Β

205 1917 292 1964 ret
321 1915 373 1962 et
403 1907 560 1962 daret
588 1904 828 1976 gloriam
860 1903 995 1967 Deo,
1029 1899 1131 1954 nisi
1160 1897 1248 1952 hic
1267 1895 1599 1967 alienigena.
1635 1893 1702 1946 Et
1730 1891 1806 1945 ait

209 1997 288 2052 illi
325 2012 337 2051 :
373 1994 576 2067 Surge,
601 1992 741 2047 vade
772 1990 897 2062 quia
939 1987 1075 2043 ﬁrles
1107 1994 1196 2040 tua
1245 1995 1296 2039 te
1328 1983 1537 2038 salvum
1573 1979 1729 2035 fecit.
1777 2002 1798 2026 ι)

213 2095 270 2149 Si
327 2092 462 2148 ﬁdes
517 2093 662 2145 hunc
717 2085 966 2152 salvavit,
1026 2082 1255 2156 perﬁdia
1302 2097 1498 2136 novem
1531 2076 1795 2149 perdidit.

211 2185 388 2240 Unum
419 2181 465 2236 si
493 2180 724 2234 addatur
754 2177 824 2231 ad
854 2191 1050 2230 novem
1082 2171 1332 2244 quzedam
1364 2169 1577 2241 eﬁigies
1619 2165 1794 2220 unita-

205 2273 276 2327 tis
305 2270 579 2341 impletur,
613 2283 719 2339 quo
751 2264 807 2319 ﬁt
836 2273 986 2318 tanta
1027 2261 1351 2332 complexio,
1412 2265 1469 2313 ut
1526 2255 1665 2311 ultra
1697 2270 1805 2309 non

209 2367 598 2442 progrediatur
627 2379 884 2418 numerus
915 2360 1020 2416 nisi
1051 2360 1120 2414 ad
1151 2375 1316 2413 unum
1359 2356 1562 2410 redeat.
1594 2354 1804 2408 Novem

211 2461 393 2530 itaque
422 2456 667 2526 indigent
699 2469 805 2508 uno
861 2451 929 2506 ad
988 2447 1281 2522 quamdam
1315 2445 1594 2509 unitatem,
1642 2457 1804 2495 unum

207 2563 336 2603 vero
371 2561 477 2601 non
509 2544 716 2613 indiget
745 2542 823 2596 eis
881 2539 950 2594 ad
997 2538 1256 2593 unitatem
1289 2535 1398 2589 sui.
1431 2530 1806 2601 Quamobrem

206 2662 347 2700 unus
378 2643 467 2715 qui
499 2641 710 2714 gratias
751 2638 863 2710 egit
908 2635 1184 2709 signiﬁcat
1231 2633 1354 2687 illos
1398 2631 1490 2702 qui
1521 2630 1575 2684 in
1606 2626 1806 2682 unitate

209 2740 334 2788 sunt
364 2729 630 2786 Ecclesia:
656 2747 671 2795 ;
703 2742 898 2783 novem
932 2739 1066 2778 vero
1084 2722 1207 2777 illos
1226 2720 1316 2792 qui
1343 2727 1500 2774 extra
1531 2724 1674 2770 sunt.
1700 2716 1808 2769 Do-

212 2822 390 2876 minus
423 2819 615 2892 quzerit
649 2815 742 2871 ubi
789 2814 914 2882 sint,
958 2813 1082 2885 quia
1118 2811 1256 2867 scire
1288 2809 1386 2863 Dei
1416 2806 1624 2878 eligere
1673 2811 1758 2859 est
1790 2820 1805 2869 ;

209 2916 422 2973 nescire
455 2931 604 2979 vero,
638 2913 946 2983 reprobare.
999 2908 1232 2977 Quando
1263 2903 1508 2960 mundati
1535 2909 1664 2956 sunt
1711 2915 1807 2956 co-

207 3013 514 3080 gnoverunt
569 3005 762 3070 Deum,
787 2999 888 3055 sed
919 2999 1169 3054 abierunt
1199 3004 1516 3050 retrorsum.
1570 2993 1648 3045 De
1680 2988 1807 3044 tali-

209 3098 314 3152 bus
344 3094 473 3150 dicit
490 3091 788 3163 Apostolus
813 3107 826 3143 :
856 3113 876 3136 α
902 3087 1009 3156 Qui
1037 3103 1159 3143 cum
1191 3084 1581 3158 cognovissent
1612 3081 1806 3142 Deum,

208 3209 319 3249 non
351 3200 407 3247 ut
437 3159 609 3245 Deum
669 3185 1158 3259 magniﬁcaverunt
1216 3188 1308 3237 aut
1337 3177 1543 3250 gratias
1574 3177 1808 3248 egerunt
1841 3159 1888 3220 C

208 3285 384 3354 (Rom.
419 3281 519 3351 ix).
561 3298 581 3330 ι
619 3276 912 3332 Sciendum
947 3272 1074 3344 quia
1102 3287 1241 3326 unus
1270 3269 1468 3324 dicitur
1497 3266 1675 3337 prima
1697 3262 1808 3317 uni-

209 3353 314 3436 tas,
367 3369 556 3424 decem
603 3381 734 3421 vero
784 3361 1045 3419 secunda.
1090 3361 1153 3415 Et
1200 3359 1296 3413 illa
1350 3355 1632 3412 confertur
1673 3353 1807 3418 Deo,

213 3470 340 3542 quia
371 3468 425 3522 in
456 3483 518 3521 se
550 3463 928 3535 multiplicata,
972 3476 1074 3515 nec
1103 3464 1336 3530 augetur
1367 3470 1468 3510 nec
1500 3452 1761 3508 minuitur
1794 3467 1808 3514 ;

213 3539 354 3623 haec,
408 3555 692 3620 Ecclesiae,
745 3551 872 3623 quia
921 3550 974 3604 in
1017 3565 1077 3603 se
1119 3545 1469 3616 multiplicata
1519 3539 1718 3598 crescit
1758 3539 1812 3592 in

214 3644 605 3705 centenarium.
639 3639 843 3696 Dicitur
882 3653 1013 3693 vero
1043 3637 1097 3690 in
1128 3635 1373 3698 denario,
1408 3631 1496 3702 qui
1525 3638 1606 3685 est
1635 3629 1812 3683 unitas

216 3741 538 3805 centenarii,
581 3738 814 3796 varietas
848 3751 947 3807 per
982 3734 1064 3789 sui
1095 3729 1594 3802 multiplicationem
1643 3740 1812 3798 gene-

217 3843 411 3900 ratur;
471 3831 614 3884 bene
662 3827 917 3882 dicuntur
977 3822 1142 3877 fuisse
1174 3821 1364 3876 decem
1407 3815 1625 3888 leprosi,
1660 3813 1814 3885 quia

215 3922 322 3978 ﬁde
352 3920 516 3976 unius
548 3917 646 3972 Dei
679 3915 898 3970 fuerant
926 3909 1147 3967 diversi.
1181 3910 1250 3963 Et
1280 3908 1422 3963 sicut
1451 3919 1641 3960 omnes
1673 3902 1815 3956 ﬁde-

215 4017 298 4074 les
329 4033 427 4089 per
457 4011 739 4068 denarium
770 4007 975 4079 signari
1023 4011 1249 4077 possunt
1277 4002 1350 4058 ob
1381 3997 1681 4056 custodiam
1709 3996 1812 4050 de-

214 4088 342 4163 cem,
369 4103 772 4165 mandatorum,
806 4097 883 4152 sie
939 4111 1138 4150 omnes
1184 4091 1432 4146 inﬁdeles
1482 4088 1678 4144 eodem
1708 4102 1812 4138 nu-

213 4219 368 4260 mero
399 4199 630 4271 intelligi
652 4203 881 4269 possunt
898 4191 1202 4250 econtrario
1224 4191 1294 4245 ob
1313 4186 1702 4262 negligentiam
1725 4199 1814 4239 eo-

211 4292 466 4350 rumdem
485 4287 889 4344 mandatorum.
914 4284 1064 4338 Unus
1098 4280 1190 4352 qui
1220 4279 1383 4334 rediit
1414 4277 1485 4332 ad
1515 4273 1813 4330 Dominum

214 4389 434 4440 curatus
475 4377 676 4433 dicitur
715 4373 1044 4445 alienigena,
1105 4370 1191 4424 vel
1244 4383 1350 4438 qua
1406 4365 1558 4437 prius
1607 4363 1814 4418 alienus

214 4478 321 4535 fuit
349 4477 418 4532 ab
451 4473 713 4538 Ecclesia,
765 4471 850 4526 vel
897 4469 1020 4540 quia
1070 4483 1128 4522 se
1164 4463 1416 4520 alienavit
1461 4476 1494 4515 a
1542 4459 1810 4514 sociorum

214 4581 441 4623 suorum
490 4560 746 4634 perﬁdia.
803 4558 973 4613 Aliter
1017 4571 1029 4610 :

215 4655 497 4713 castellum
530 4652 829 4705 introeunte
848 4645 1088 4701 mundati
1118 4652 1241 4698 sunt
1269 4658 1280 4697 :
1323 4641 1586 4695 Dominus
1616 4637 1818 4709 quippe

215 4753 434 4809 intravit
471 4749 777 4813 castellum,
825 4746 954 4800 dum
1005 4739 1377 4798 incarnandus
1436 4735 1720 4792 descendit
1766 4734 1821 4788 in

215 4850 463 4923 Virginis
492 4856 724 4911 uterum,
758 4845 993 4914 Spiritus
1025 4840 1197 4895 sancti
1241 4837 1562 4894 saccellum.
1618 4837 1820 4889 Decem

215 4941 321 4997 viri
345 4938 553 5009 leprosi
582 4944 738 4991 erant
787 4949 980 4990 omnes
1029 4932 1283 4986 homines
1315 4944 1350 4980 χ
1403 4927 1819 4995 Praeceptorum

214 5035 697 5110 transgressionne
728 5032 817 5087 vel
848 5049 880 5084 x
911 5031 1196 5101 plagarum
1222 5025 1435 5099 [Egypti
1457 5021 1820 5095 percussione

215 5133 488 5192 maculosi
547 5131 746 5202 (Exod.
803 5131 920 5196 vu).
973 5127 1271 5184 Sciendum
1327 5131 1410 5178 est
1467 5129 1647 5176 autem
1677 5117 1822 5191 quod

215 5237 306 5291 hae
338 5233 528 5288 decem
577 5230 757 5302 plaga:
795 5225 1082 5283 contraria:
1125 5231 1253 5278 sunt
1284 5222 1476 5278 decem
1529 5215 1822 5290 praeceptis

212 5331 387 5404 legis.
425 5330 604 5385 Prima
632 5327 796 5399 plaga
821 5333 902 5381 est
923 5339 1064 5396 aqua
1088 5337 1250 5378 versa
1281 5322 1335 5375 in
1361 5318 1718 5391 sanguinem;
1739 5330 1824 5369 se—

214 5429 418 5494 cunda,
452 5442 636 5492 ranae;
694 5423 869 5490 tertia,
918 5421 1238 5492 sciniphes;
1269 5424 1483 5489 quarta,
1528 5429 1688 5470 omne
1719 5428 1821 5485 ge-

216 5544 324 5584 nus
361 5538 673 5579 muscarum
701 5539 715 5587 ;
763 5521 971 5591 quinta,
1025 5534 1179 5572 mors
1212 5516 1269 5570 in
1299 5530 1503 5585 pecora
1533 5512 1823 5585 Egyptio-

220 5640 346 5681 rum
370 5641 386 5688 ;
411 5629 588 5689 sexta,
612 5618 843 5691 pustulae
874 5625 926 5672 et
958 5615 1152 5671 vesicae
1177 5622 1463 5685 turgentes
1497 5613 1549 5665 in
1582 5611 1822 5666 homini-

227 5724 332 5776 bus
378 5729 432 5776 et
479 5717 778 5789 jumentis;
840 5713 1091 5786 septima,
1142 5711 1356 5786 grando
1412 5725 1577 5781 super
1632 5723 1824 5764 omnes

232 5819 444 5875 fructus
471 5824 673 5888 praeter
693 5813 961 5872 serotinos
991 5829 1005 5878 ;
1062 5819 1271 5877 octava,
1306 5809 1549 5874 locustae,
1579 5795 1698 5878 quae
1726 5819 1825 5861 co-

1090 4556 1290 4609 Decem
1340 4549 1546 4621 leprosi
1578 4546 1810 4602 Domino
1841 4522 1896 4584 D

1897 529 2118 592 nebrae;
2175 528 2407 594 decima,
2461 545 2610 584 mors
2666 530 3153 602 primogenitorum
3204 533 3477 589 omnium.

1899 618 1993 670 His
2023 627 2079 671 ut
2111 617 2227 685 jam
2258 618 2493 672 diximus
2525 619 2798 674 contraria
2829 629 2953 673 sunt
2992 620 3179 675 decem
3213 631 3489 693 praecepta

1898 714 2059 784 legis.
2097 715 2335 768 Primum
2369 715 2513 770 enim
2545 725 2874 786 praeceptum
2905 725 2986 772 est
3020 735 3033 772 :
3072 742 3093 766 α
3118 719 3238 773 Non
3262 720 3489 775 habebis

1899 801 2034 855 deos
2064 801 2289 856 alienos.
2323 803 2440 874 Ego
2499 804 2644 858 enim
2699 821 2818 858 sum
2871 805 3137 859 Dominus
3185 806 3329 860 Deus
3362 815 3490 861 tuus

1901 898 2102 964 (Exod.
2150 901 2270 967 xx).
2316 923 2338 947 ιι
2374 900 2648 971 Compara
2678 902 2912 971 primum
2933 910 3265 972 prmceptum
3304 903 3494 973 prima!

1901 987 2106 1056 plagae,
2140 987 2349 1042 scilicet
2378 1005 2540 1043 unum
2575 990 2748 1044 Deum
2783 1007 2848 1045 ex
2879 1005 2988 1062 quo
3033 999 3159 1044 sunt
3189 991 3373 1046 omnia
3402 992 3490 1046 in-

1903 1075 2089 1146 tellige
2149 1075 2204 1129 in
2263 1076 2670 1134 similitudinem
2730 1093 2884 1151 aqua:
2934 1095 2965 1134 a
3021 1096 3122 1150 qua
3166 1088 3497 1152 generantur

1903 1173 2100 1229 omnia.
2139 1176 2295 1243 Aqua
2323 1174 2489 1246 igitur
2534 1190 2699 1231 versa
2747 1176 2802 1230 in
2859 1177 3189 1248 sanguinem
3232 1177 3502 1251 signiﬁcat

1907 1262 2102 1328 Deum,
2135 1279 2297 1334 quem
2329 1271 2458 1319 tunc
2486 1264 2742 1320 homines
2763 1273 3041 1320 verterunt
3071 1265 3123 1319 in
3146 1267 3495 1338 sanguinem,

1907 1368 2032 1406 cum
2064 1368 2188 1406 eum
2218 1361 2511 1424 coeperunt
2565 1352 2792 1408 credere
2849 1353 3289 1424 corruptibilem.
3348 1355 3502 1412 Unde

1908 1450 2218 1520 Apostolus
2238 1448 2366 1504 dicit
2392 1466 2404 1504 :
2427 1473 2447 1497 ιι
2475 1451 2539 1504 Et
2559 1457 2904 1506 mutaverunt
2923 1449 3152 1522 gloriam
3177 1451 3501 1523 incorrupti-

1908 1537 2032 1592 bilis
2064 1538 2160 1592 Dei
2192 1538 2246 1592 in
2276 1538 2681 1593 similitudinem
2715 1538 2974 1611 imaginis
2995 1539 3364 1609 corruptibilis
3397 1541 3503 1595 ho-

1907 1627 2067 1680 minis
2099 1629 2274 1696 (Rom.
2305 1629 2366 1696 i).
2403 1650 2425 1675 ι
2463 1628 2651 1698 Imago
2680 1628 2823 1682 enim
2856 1627 3222 1698 corruptibilis
3253 1637 3334 1682 est
3365 1629 3504 1684 sicut

1908 1724 2152 1796 sanguis.
2187 1723 2503 1780 Secundum
2525 1732 2708 1779 autem
2731 1733 3066 1795 prmeeptum
3087 1733 3201 1780 est:
3232 1750 3253 1774 α
3278 1727 3398 1782 Non
3421 1742 3508 1781 as-

1913 1829 2099 1868 sumes
2115 1828 2313 1868 nomen
2337 1812 2438 1868 Dei
2452 1812 2505 1866 in
2519 1827 2743 1869 vacuum
2766 1814 2961 1883 (Exod.
2979 1816 3097 1883 xx).
3117 1834 3139 1863 ι
3167 1813 3506 1870 Hicassumit

1912 1916 2110 1956 nomen
2134 1900 2230 1956 Dei
2259 1901 2314 1954 in
2343 1916 2573 1956 vacuum
2605 1901 2695 1972 qui
2723 1901 2780 1956 in
2809 1901 3029 1956 nomine
3072 1901 3168 1956 Dei
3191 1903 3358 1972 jurat,
3393 1919 3503 1958 non

1913 1999 2090 2054 credit
2119 2014 2182 2054 se
2212 1998 2572 2069 puniendum.
2612 1998 2748 2054 Huic
2776 2007 3049 2069 praecepto
3081 2001 3365 2055 contrariae
3383 2008 3506 2054 sunt

1913 2103 2064 2142 ranae
2092 2091 2396 2157 strepentes
2431 2101 2444 2140 :
2493 2088 2639 2158 quod
2688 2085 2959 2158 signiﬁcat
2993 2086 3218 2143 fallaces
3257 2088 3506 2144 homines

1915 2175 2128 2231 veritati
2158 2183 2544 2246 repugnantes,
2578 2184 2631 2231 et
2659 2175 2997 2230 mendacium
3048 2192 3148 2246 per
3176 2191 3374 2232 nomen
3405 2177 3507 2232 Dei

1913 2280 2204 2344 ponentes.
2243 2272 2485 2327 Tertium
2526 2280 2858 2344 praeceptum
2919 2279 3002 2328 est
3034 2289 3046 2325 :
3087 2295 3107 2320 α
3144 2273 3414 2328 Memento
3452 2280 3509 2328 ut

1918 2362 2071 2416 Diem
2103 2361 2324 2416 Sabbati
2355 2360 2699 2423 sanctiﬁces;
2761 2360 2895 2414 nihil
2929 2361 3113 2432 operis
3159 2361 3324 2418 facies
3356 2361 3411 2416 in
3440 2377 3512 2417 eo

1915 2451 2052 2518 (ibid
2065 2451 2134 2520 .).
2171 2473 2192 2498 ι»
2228 2451 2289 2504 In
2317 2450 2476 2506 tertio
2507 2449 2610 2505 isto
2666 2457 2942 2520 praecepto
2995 2449 3304 2504 insinuatur
3333 2451 3512 2523 quod-

1916 2549 2037 2603 dam
2069 2547 2369 2603 vacationis
2395 2547 2694 2617 judicium.
2734 2546 2868 2616 Quae
2901 2547 3110 2602 vacatio
3135 2555 3218 2602 est
3246 2547 3513 2620 tranquil-

1917 2637 2042 2692 litas
2091 2635 2286 2691 mentis
2336 2636 2422 2690 vel
2466 2634 2827 2692 sanctiﬁcatio
2879 2635 3122 2703 Sabbati,
3157 2636 3284 2706 quia
3315 2636 3390 2690 ibi
3421 2652 3518 2692 re-

1918 2725 2149 2798 quiescit
2180 2723 2403 2796 spiritus
2423 2724 2546 2790 Dei,
2579 2723 2718 2779 sicut
2748 2724 2867 2795 ipse
2895 2723 3027 2779 dicit
3057 2739 3068 2777 :
3100 2746 3120 2770 α
3149 2725 3327 2794 Super
3354 2741 3516 2796 quem

1921 2822 2229 2894 requiescet
2285 2820 2506 2892 Spiritus
2558 2837 2732 2887 meus,
2792 2819 2898 2875 nisi
2955 2836 3120 2890 super
3153 2821 3432 2887 humilem,
3463 2828 3516 2876 et

1920 2911 2160 2982 quietum
2215 2918 2268 2965 et
2326 2917 2645 2965 trementem
2699 2925 2986 2965 sermones
3045 2911 3254 2964 meos?
3289 2933 3310 2956 υ
3371 2909 3508 2977 (Ira.

1921 3002 2090 3069 LXVI.)
2120 2998 2261 3054 Huic
2292 2998 2450 3054 tertio
2477 3006 2768 3070 praecepto,
2801 2997 3014 3054 scilicet
3064 2997 3376 3065 vacationis,
3409 3014 3516 3070 op-

1919 3103 2198 3168 ponuntur
2227 3095 2502 3166 sciniphes
2533 3104 2586 3150 et
2606 3112 2830 3161 muscae,
2865 3111 2984 3167 quas
3007 3102 3130 3150 sunt
3158 3094 3395 3167 ingentis
3425 3096 3515 3150 in—

1920 3192 2272 3264 quietudinis.
2299 3191 2563 3260 Quartum
2593 3199 2959 3262 praeceptum;
2999 3214 3020 3239 α
3057 3190 3280 3245 Honora
3302 3199 3517 3262 patrem

1920 3290 2073 3336 tuum
2103 3288 2156 3335 et
2186 3287 2414 3335 matrem
2472 3279 2681 3350 (Exod.
2721 3282 2840 3349 xx).
2887 3302 2908 3326 η
2942 3279 3080 3334 Huic
3129 3279 3405 3334 contraria
3436 3287 3520 3334 est

1920 3377 2111 3441 quarta
2142 3368 2519 3441 Egyptiorum
2553 3368 2736 3441 plaga,
2796 3367 3004 3424 scilicet
3033 3369 3241 3424 caninae
3277 3383 3509 3424 muscae.

1920 3467 2186 3522 Caninum
2217 3473 2298 3520 est
2326 3465 2470 3520 enim
2503 3473 2780 3536 parentem
2820 3481 2929 3520 non
2959 3479 3282 3537 agnoscere,
3317 3473 3373 3521 et
3403 3481 3515 3521 cae-

1920 3555 2135 3612 citatem
2167 3554 2384 3620 mentis,
2415 3570 2520 3626 qua
2539 3570 2702 3610 canes
2733 3561 3053 3622 nascuntur,
3087 3558 3284 3610 contra
3311 3569 3518 3625 paren-

1921 3660 2004 3708 tes
2024 3651 2300 3708 exhibere.
2320 3650 2579 3714 Quintum
2611 3659 2946 3722 praeceptum
2969 3657 3052 3706 est
3078 3667 3091 3704 :
3132 3651 3254 3706 Non
3276 3651 3520 3706 moecha-

1924 3749 2071 3806 beris
2117 3750 2320 3821 (ibid).
2359 3771 2380 3798 υ
2445 3748 2590 3804 Huic
2653 3755 2928 3820 prazcepto
2983 3747 3279 3818 opponitur
3324 3747 3510 3820 quinta

1921 3839 2101 3910 plaga,
2163 3838 2367 3894 scilicet
2414 3853 2558 3892 mors
2613 3836 2669 3890 in
2724 3852 2921 3907 pecora
2976 3836 3383 3908 IEgyptiorum.
3450 3839 3519 3891 Et

1922 3927 2071 3984 coire
2098 3935 2149 3983 et
2177 3941 2444 3998 generare
2468 3933 2549 3981 est
2567 3926 2857 3996 pecudum,
2874 3924 3080 3980 raiione
3098 3923 3401 3995 intelligere
3422 3925 3518 3979 hu-

1922 4040 2141 4079 manum
2179 4031 2280 4078 est.
2324 4022 2454 4077 Ideo
2497 4021 2652 4089 ratio,
2709 4037 2830 4091 qua:
2883 4019 3142 4090 praesidet
3173 4019 3518 4075 imminentes

1922 4129 2099 4176 motus
2128 4118 2414 4174 inferiores
2440 4117 2623 4172 carnis
2654 4122 2907 4187 tanquam
2959 4115 3323 4182 dominantes,
3355 4114 3520 4170 debet

1921 4225 2030 4263 non
2064 4207 2416 4262 immoderate
2447 4213 2499 4260 et
2530 4204 2716 4259 illicite
2774 4203 2976 4274 passim
3018 4220 3264 4275 vageque
3296 4205 3508 4259 laxare.

1925 4306 2159 4377 Ideoque
2189 4303 2324 4375 ipsis
2353 4302 2647 4374 pecoribus
2668 4306 2867 4356 natura
2890 4302 3075 4356 datum
3108 4308 3189 4356 est
3208 4301 3519 4357 instituente

1923 4403 2180 4458 Creatore
2213 4409 2267 4454 ut
2295 4416 2400 4456 non
2452 4406 2771 4455 moveantur
2801 4399 2870 4453 ad
2900 4397 3136 4452 feminas
3193 4398 3296 4453 nisi
3358 4399 3519 4455 certis

1927 4491 2294 4562 temporibus.
2353 4490 2545 4560 Neque
2587 4488 2732 4543 enim
2787 4487 2993 4542 ratione
3050 4503 3110 4542 se
3168 4488 3386 4543 cohibet
3413 4487 3522 4544 alio

1931 4590 2182 4651 tempore
2210 4596 2398 4650 pecus,
2429 4578 2526 4633 sed
2557 4577 2676 4648 ipso
2708 4585 2856 4632 motu
2906 4576 3190 4648 frangente
3233 4578 3514 4648 torpescit.

1935 4680 2104 4734 Homo
2133 4685 2311 4732 autem
2343 4677 2464 4730 ideo
2497 4691 2716 4745 semper
2734 4673 2939 4728 moveri
2973 4682 3168 4744 potest,
3202 4674 3328 4743 quia
3360 4683 3410 4728 et
3442 4691 3526 4730 re-

1931 4769 2146 4822 frenare
2178 4774 2355 4821 motus
2386 4772 2580 4835 potest.
2606 4765 2827 4818 Sextum
2859 4767 3192 4833 praeceptum
3225 4771 3337 4816 est:
3364 4765 3526 4818 «Non

1931 4857 2150 4912 occides
2182 4855 2380 4926 (ibid).
2412 4875 2433 4899 »
2496 4852 2630 4907 Huic
2671 4861 2823 4906 sexta
2882 4852 3048 4923 plaga
3097 4852 3365 4906 contraria
3424 4860 3524 4918 est,

1932 4955 2138 5010 scilicet
2169 4951 2396 5023 pustulm
2428 4957 2478 5004 et
2527 4950 2723 5005 vesica)
2780 4949 2833 5002 in
2865 4949 3011 5004 omni
3043 4964 3230 5004 carne.
3265 4948 3421 5016 Quod
3454 4949 3527 5003 si-

1930 5051 2151 5126 gniﬁcat
2183 5049 2325 5105 sicut
2353 5063 2483 5104 caro
2524 5047 2840 5102 accenditur
2885 5045 2954 5100 ad
2996 5045 3182 5099 odium
3218 5046 3451 5116 proximi
3479 5055 3531 5102 et

1931 5143 1998 5199 ad
2029 5140 2362 5195 fundendum
2409 5135 2755 5209 sanguinem,
2810 5135 2887 5188 sic
2930 5134 3147 5188 ardebit
3179 5134 3305 5206 igne
3337 5137 3534 5191 aeterni

1925 5238 2139 5310 judicii.
2195 5235 2493 5306 Septimum
2542 5241 2869 5304 praeceptum
2902 5240 3023 5286 est:
3070 5231 3236 5286 «Non
3267 5231 3536 5288 furaberis

1933 5336 2135 5409 (ibid).
2173 5360 2193 5382 »
2231 5332 2366 5388 Huic
2397 5339 2670 5403 przecepto
2703 5329 2970 5386 contraria
2994 5336 3075 5384 est
3102 5329 3332 5398 septima
3350 5330 3532 5403 plaga,

1933 5436 2138 5492 scilicet
2166 5431 2379 5505 grando
2410 5429 2463 5484 in
2496 5428 2781 5484 fructibus.
2821 5428 2981 5497 Quod
3011 5426 3283 5500 signiﬁcat
3309 5444 3320 5482 :
3359 5429 3535 5499 Quid-

1937 5525 2064 5597 quid
2098 5522 2343 5593 proximo
2401 5519 2582 5574 furtim
2613 5517 2885 5572 subtrahis
2934 5516 3174 5572 caalestis
3209 5518 3383 5586 judex
3416 5521 3536 5574 vin-

1935 5612 2158 5670 dicabit.
2191 5610 2454 5665 Octavum
2490 5614 2817 5678 praeceptum
2849 5613 2973 5662 est:
3021 5630 3041 5653 ιε
3086 5607 3208 5661 Non
3241 5608 3394 5662 dices
3430 5609 3535 5661 fal-

1933 5727 2054 5768 sum
2078 5706 2452 5764 testimonium
2472 5704 2678 5774 (ibid).
2717 5726 2738 5751 »
2775 5703 2910 5759 Huic
2932 5704 3209 5760 contraria
3226 5711 3313 5760 est
3341 5711 3537 5760 octava

1937 5801 2129 5875 plaga,
2151 5797 2382 5854 locustae
2402 5792 2603 5850 animal
2629 5792 2791 5850 dente
2813 5792 3063 5849 noxium.
3088 5790 3243 5860 Quod
3261 5790 3536 5864 signiﬁcat
