3972 6076
506 294 644 349 1135

1651 276 1993 334 \VERNERI
2036 274 2321 328 ABBATIS
2363 271 2418 326 S.
2464 269 2681 325 llLASll

3693 273 3818 324 H36

508 415 655 488 quod
699 413 862 469 fallax
910 411 1216 468 mordendo
1260 417 1312 465 et
1361 407 1680 464 mentiendo
1721 405 1924 459 nitatur
1952 399 2097 456 infe-
2129 399 2178 459 A
2211 397 2538 465 existimant,
2573 397 2665 451 vel
2695 395 2833 451 sicut
2868 394 2942 448 illi
2971 395 3059 465 qui
3099 395 3285 452 dicunt
3313 396 3367 449 in
3399 393 3514 449 ﬁde
3548 397 3820 450 manenti-

506 513 651 569 stare
683 503 1013 575 proximum.
1053 500 1206 556 Unde
1237 497 1515 570 apostolus
1541 496 1650 549 ait:
1691 517 1712 541 ιι
1750 494 1806 549 Si
1837 489 2099 546 mordetis

511 601 564 648 et
593 591 876 648 comeditis
906 590 1160 655 invicem,
1195 589 1371 642 videte
1401 603 1470 641 ne
1500 585 1570 639 ab
1615 582 1849 636 invicem
1893 595 2100 633 consu-

508 689 734 746 mamini
765 689 924 758 (Gal.
963 690 1039 751 v).
1080 713 1100 736 η
1135 687 1348 741 Nonum
1405 689 1736 755 praeceptum
1768 687 1850 734 est
1876 696 1888 730 :
1914 701 1935 723 ι
1977 677 2101 730 Non

510 779 868 850 cononpisces
901 794 1016 832 rem
1047 776 1277 847 proximi
1304 774 1380 828 tui
1412 772 1604 838 (Exod.
1637 771 1748 836 xx).
1788 793 1809 816 υ
1847 766 1979 821 lluic
2009 780 2104 835 op-

513 868 688 941 posita
745 875 831 923 est
886 873 1076 922 octava
1136 864 1316 936 plaga,
1374 863 1583 918 scilicet
1614 861 1797 914 densae
1825 855 2094 911 tenebrae.

513 965 672 1034 Quod
702 961 973 1036 signiﬁcat
1003 961 1057 1014 in
1089 959 1328 1014 tenebris
1358 973 1480 1012 esse
1514 963 1567 1011 et
1590 955 1656 1008 ad
1687 963 1922 1009 internas
1953 957 2103 1004 tene-

511 1032 639 1105 bras
668 1032 894 1103 tendere
923 1044 1015 1116 qui
1044 1043 1190 1115 quod
1221 1042 1324 1096 sibi
1355 1057 1464 1096 non
1494 1039 1625 1105 vult,
1669 1039 1775 1093 hoc
1805 1035 1893 1091 alii
1924 1032 2104 1088 medi-

510 1145 658 1192 tatur
685 1135 910 1191 inferre.
944 1133 1227 1188 Decimum
1251 1136 1592 1200 praeceptum
1613 1135 1696 1182 est
1720 1145 1731 1180 :
1765 1147 1782 1173 ι
1817 1125 1940 1178 Non
1960 1122 2110 1177 desi-

511 1235 727 1291 derabis
776 1247 1003 1288 uxorem
1046 1228 1275 1300 proximi
1325 1227 1399 1281 tui
1445 1227 1648 1295 (ibid.).
1693 1226 1815 1279 Non
1861 1238 2102 1287 servum,

511 1341 622 1380 non
649 1322 924 1379 ancillam.
964 1343 985 1368 n
1023 1318 1159 1373 Huic
1187 1324 1459 1387 praecepto
1481 1314 1754 1370 contraria
1784 1320 1868 1366 est
1895 1310 2106 1365 decima

518 1414 708 1484 plaga,
743 1409 953 1465 scilicet
982 1423 1128 1462 mors
1161 1405 1673 1476 primogenitorum.
1710 1401 1872 1463 Quod
1903 1398 2108 1470 signiﬁ-

511 1510 598 1558 cat
626 1499 772 1572 quod
805 1497 900 1567 qui
929 1496 1114 1552 volunt
1144 1493 1490 1548 barreditarie
1511 1491 1688 1547 aliena
1716 1489 2020 1561 possidere,
2056 1495 2109 1541 et

513 1598 830 1653 desiderant
885 1599 1118 1649 mortem
1166 1598 1600 1646 momentaneam
1631 1589 1880 1652 aliorum,
1918 1586 2104 1640 incur-

512 1693 633 1741 runt
662 1692 948 1739 aeternam.
987 1681 1083 1735 His
1113 1681 1303 1735 decem
1327 1679 1503 1751 plagis
1535 1694 1632 1748 pro
1666 1674 2104 1747 transgressione

2207 489 2328 554 bus,
2353 485 2598 557 quamvis
2629 485 2918 540 carnaliter
2958 485 3155 549 vivant,
3189 502 3298 540 non
3347 502 3522 556 posse
3553 485 3821 556 imputari

2207 584 2453 648 peccata.
2487 577 2545 628 In
2589 574 2843 629 cicatrice
2889 574 3062 628 sanati
3106 573 3306 629 ulceris
3344 575 3566 646 lepram
3615 587 3816 647 portat,

2211 676 2300 746 qui
2333 682 2454 746 post
2483 675 2852 746 cognitionem
2900 678 2954 728 et
3001 674 3328 729 medicinam
3357 677 3455 731 Dei
3491 685 3548 730 et
3580 678 3821 733 manife-

2211 767 2499 819 stationcm
2542 762 2664 818 ﬁdei
2696 779 2856 834 quam
2889 778 2922 817 a
2970 764 3186 819 Christo
3232 767 3496 835 suscepit,
3534 785 3742 824 rursus
3771 772 3820 824 in

2210 862 2330 931 ipsa
2363 860 2614 916 cicatrice
2643 860 2849 915 accedit
2881 859 2950 914 ad
2999 861 3221 933 aliquod
3253 867 3461 921 erroris
3496 869 3716 938 prioris
3744 877 3821 928 in-

2211 950 2432 1015 dicium,
2465 959 2555 1004 aut
2580 950 2644 1004 ad
2678 948 2958 1020 perﬁdiam
2985 952 3180 1006 veteris
3208 954 3517 1026 dogmatis.
3559 961 3624 1014 In
3658 978 3821 1019 carne

2212 1047 2335 1103 viva
2367 1056 2582 1118 gestant
2610 1049 2836 1117 lepram,
2872 1047 2963 1118 qui
2991 1049 3060 1103 de
3089 1050 3266 1104 anima
3304 1071 3424 1122 quze
3450 1056 3572 1112 vita
3603 1068 3692 1114 est
3722 1062 3822 1116 ali-

2213 1135 2354 1204 quod
2390 1136 2584 1190 falsum
2608 1135 2939 1201 existimant,
2973 1137 3111 1192 sicut
3133 1138 3207 1192 illi
3239 1141 3332 1211 qui
3361 1142 3557 1199 dicunt
3584 1151 3821 1205 animam

2214 1225 2283 1278 de
2313 1225 2500 1279 carnis
2533 1223 2845 1278 substantia
2883 1236 3263 1298 prOpagatam,
3291 1239 3343 1284 et
3373 1232 3524 1288 sicut
3555 1238 3651 1307 qui
3695 1241 3821 1293 ani-

2215 1328 2358 1366 mam
2391 1313 2551 1366 simul
2594 1328 2720 1368 cum
2757 1329 2990 1383 corpore
3028 1317 3167 1370 mori
3207 1327 3416 1387 putant.
3459 1325 3525 1377 In
3558 1328 3823 1385 cicatrice

2215 1401 2670 1471 ustionislepram
2699 1402 2900 1456 habent
2941 1403 3246 1472 Manichaai,
3301 1410 3394 1479 qui
3443 1413 3597 1469 inani
3647 1419 3823 1473 absti-

2217 1491 2414 1544 nentiae
2444 1491 2689 1546 cruciatu
2721 1505 2956 1561 corpora
2987 1508 3086 1547 sua
3116 1507 3364 1564 exurunt,
3399 1509 3452 1555 et
3483 1519 3591 1572 per
3623 1507 3824 1563 intide-

2216 1589 2429 1685 btateml
2463 1603 2571 1642 non
2615 1589 2952 1685 munditiam,
2988 1593 3083 1646 sed
3134 1593 3338 1664 lepram
3385 1598 3518 1655 inde
3550 1604 3816 1675 gignunt.

2215 1678 2294 1730 De
2325 1677 2518 1729 talibus
2550 1676 2693 1729 enim
2725 1677 2856 1732 dicit
2884 1680 3216 1748 Apostolus:
3253 1708 3272 1729 α
3308 1687 3638 1758 Discedent,
3685 1720 3707 1742 ρ
3742 1698 3826 1751 in-

513 1775 704 1830 decem
735 1780 1132 1844 praeceptorum
1179 1768 1319 1840 legis
1351 1749 1507 1822 erant
1537 1766 1785 1822 homines
1815 1763 2100 1827 maculosi,
2134 1749 2188 1809 Β
2220 1765 2348 1835 quit,
2388 1787 2408 1812 ‹«
2444 1765 2657 1834 quidam
2690 1780 2722 1818 a
2757 1764 2881 1832 ﬁde,
2915 1769 3259 1826 attendentes
3292 1775 3580 1844 spiritibus
3614 1749 3826 1840 erroris

514 1881 568 1929 et
598 1872 758 1944 quasi
783 1886 850 1925 ex
895 1868 1253 1939 percussione
1294 1882 1482 1920 earum
1517 1863 1746 1935 leprosi.
1809 1862 1912 1930 Qui
1941 1877 1973 1915 a
2004 1861 2105 1915 do-

514 1962 662 2016 mino
690 1959 756 2014 ad
787 1957 1102 2013 sacerdotes
1125 1954 1491 2020 destinantur,
1524 1954 1621 2008 sed
1653 1953 1705 2006 in
1729 1951 1921 2005 itinere
1952 1965 2109 2003 mun-

510 2047 863 2119 dantur,quia
875 2047 1003 2100 dum
1021 2051 1342 2115 peccatores
1354 2043 1553 2097 delicta
1571 2058 1666 2096 sua
1679 2039 1926 2096 conﬁteri
1943 2038 2013 2092 ad
2024 2053 2109 2091 sa-

511 2148 761 2204 cerdotes
778 2150 1024 2206 currunt,
1042 2141 1288 2212 protinus
1301 2140 1514 2195 veniam
1532 2139 1600 2194 de
1617 2137 1924 2193 commissis
1947 2135 2108 2191 habe-

510 2237 663 2291 bunt.
695 2236 846 2289 Unus
877 2231 968 2302 qui
990 2246 1086 2300 pro
1114 2229 1346 2283 sanitate
1375 2238 1562 2299 grates
1583 2227 1762 2282 retulit
1783 2234 1865 2282 est
1881 2224 2109 2281 catholi-

514 2340 610 2381 cus
623 2321 858 2394 populus
871 2319 960 2390 qui
982 2333 1080 2388 pro
1101 2317 1270 2372 salute
1284 2332 1384 2370 sua
1389 2316 1410 2386 j
1421 2317 1598 2388 ugiter
1612 2319 1723 2373 Deo
1743 2315 1955 2388 gratias
1973 2314 2104 2386 agit.

939 2427 1015 2480 De
1048 2440 1150 2479 sex
1177 2425 1460 2495 speciebus
1491 2425 1678 2494 leprw.

587 2559 609 2583 ι
647 2536 821 2590 Homo
850 2533 904 2586 in
935 2532 1091 2601 cujus
1118 2545 1284 2586 carne
1313 2539 1366 2586 et
1395 2537 1518 2586 cute
1551 2538 1698 2586 ortus
1729 2529 1888 2586 fuerit
1917 2529 2104 2586 diver-

522 2641 614 2681 sus
639 2624 792 2680 color
821 2622 938 2677 sine
985 2619 1225 2692 pustula,
1267 2620 1353 2675 vel
1397 2620 1550 2691 quasi
1580 2619 1766 2676 lucens
1803 2620 2104 2691 quidpiam,

510 2715 568 2770 id
595 2720 678 2770 est
706 2711 865 2784 plaga
895 2710 1083 2781 lepra),
1117 2709 1420 2765 adducetur
1447 2709 1515 2764 ad
1545 2711 1727 2764 Aaron
1761 2709 2104 2764 sacerdotem

511 2814 600 2870 vel
629 2810 1100 2884 unumquemlibet
1129 2807 1360 2863 ﬁliorum
1409 2808 1550 2877 ejus.
1585 2808 1828 2880 Quisque
1861 2823 1985 2863 cum
2017 2808 2101 2862 vi-

510 2902 653 2958 derit
678 2902 886 2972 lepram
917 2899 972 2953 in
1003 2906 1143 2964 cute,
1172 2907 1223 2952 et
1241 2897 1379 2968 pilos
1408 2897 1465 2950 in
1497 2897 1622 2952 albo
1653 2905 1887 2951 mutatos
1917 2898 2101 2953 colore

510 2991 665 3062 lepra
694 2997 795 3055 est,
823 2997 876 3044 et
905 2988 974 3042 ad
1004 2987 1288 3042 arbitrium
1334 2987 1455 3055 ejus
1505 2985 1851 3056 separabitur
1886 2985 2092 3055 (Leuit.

2217 1876 2266 1922 et
2318 1866 2579 1922 doctrinis
2622 1866 3029 1934 daemoniorum,
3097 1871 3152 1924 in
3203 1874 3479 1944 hypocrisi
3533 1881 3828 1954 laquentes

2217 1956 2579 2020 mendacium,
2631 1963 2683 2009 et
2743 1958 3095 2013 cauleriatam
3155 1979 3304 2017 suam
3362 1967 3645 2026 habentes
3707 1992 3827 2032 con-

2217 2045 2526 2110 scientiam,
2563 2046 2916 2115 prohibentes
2945 2049 3171 2116 nubere,
3220 2061 3272 2107 et
3297 2054 3581 2116 abstinere
3622 2078 3661 2117 ει
3695 2066 3829 2120 cibis

2217 2149 2352 2203 quos
2384 2135 2527 2188 Deus
2552 2134 2753 2188 creavit
2789 2135 2842 2202 (Ι
2874 2137 3010 2192 Tim.
3045 2142 3138 2207 iv).
3179 2163 3200 2188 η

2287 2240 2390 2294 Sed
2423 2240 2600 2294 adhuc
2630 2240 2808 2330 adjicit
2854 2242 3070 2298 colores
3109 2245 3404 2320 leprarum,
3450 2253 3506 2308 id
3551 2263 3642 2311 est
3675 2260 3830 2330 palli-

2215 2329 2359 2396 dam,
2395 2329 2700 2395 rubentem,
2732 2329 2932 2396 albam,
2957 2331 3201 2400 lividam,
3226 2338 3462 2410 nigram,
3509 2329 3826 2404 Ποτεέορη-

2217 2426 2324 2473 tem
2354 2417 2559 2488 (Leuit.
2597 2420 2738 2487 xm).
2766 2420 2952 2491 Itaque
2981 2421 3105 2476 dum
3137 2426 3394 2494 pallidam
3442 2431 3664 2503 lepram
3698 2439 3826 2494 dicit

2215 2515 2545 2606 imbecillem
2593 2523 2646 2569 et
2691 2513 2941 2606 fragilem
3001 2517 3166 2574 ﬁdem
3213 2521 3378 2578 animi
3411 2527 3668 2599 denotat,
3705 2553 3824 2606 qua

2216 2603 2431 2674 prodito
2461 2603 2642 2658 colore
2670 2603 2938 2676 nigritatis
2973 2609 3184 2664 erroris
3231 2612 3552 2673 inﬁrmitate
3583 2603 3820 2693 langue-

2213 2693 2333 2749 scit.
2369 2692 2502 2747 Cum
2544 2701 2724 2747 autem
2779 2695 3138 2751 rubicundam
3192 2698 3395 2771 lepram
3445 2692 3818 2769 ostenditiho-

2212 2791 2416 2846 micidii
2464 2807 2657 2846 cruore
2703 2791 2933 2848 infectos
2972 2795 3202 2852 denotat
3231 2809 3284 2854 et
3319 2803 3457 2870 urit;
3509 2821 3639 2862 cum
3689 2828 3819 2867 vero

2212 2881 2409 2971 albam,
2442 2880 2570 2934 illos
2602 2881 2690 2971 qui
2724 2898 2783 2971 se
2812 2884 3045 2938 mundos
3085 2888 3380 2956 appellant,
3415 2893 3540 2949 sive
3569 2896 3703 2953 illos
3732 2901 3819 2971 qui

2210 2971 2277 3025 de
2308 2969 2447 3024 falso
2481 2969 2672 3023 merito
2701 2969 3023 3040 gloriantur,
3060 2977 3189 3029 Cum
3237 2977 3420 3034 albam
3469 2984 3558 3039 vel
3589 2969 3818 3044 lividam

506 3060 692 3151 ﬁn)“,
735 3078 920 3149 Lepm
952 3076 1150 3148 quippe
1179 3077 1420 3130 doctrina
1452 3073 1585 3128 falsa
1606 3082 1703 3130 ρει,
1742 3075 1976 3130 proinde
2034 3075 2110 3131 ιε-
2137 3081 2186 3146 C
2213 3060 2421 3130 lepram
2448 3069 2858 3126 commemorat,
2878 3060 3096 3118 invidiae
3126 3065 3211 3120 vel
3239 3067 3424 3124 livoris
3442 3083 3608 3129 notas
3629 3080 3819 3148 expri-

511 3168 658 3242 prosi
687 3184 797 3223 non
819 3166 1058 3222 absurde
1090 3166 1468 3237 intelliguntur
1524 3164 1767 3219 haeretici
1797 3165 1887 3236 qui
1915 3167 2097 3222 unita-

507 3273 619 3324 tem
649 3283 795 3322 veraa
825 3263 951 3320 ﬁdei
975 3280 1083 3319 non
1112 3263 1374 3318 habentes
1400 3262 1582 3318 varias
1610 3262 1887 3318 doctrinas
1930 3265 2103 3335 proﬁ-

516 3363 696 3412 tentur
725 3369 968 3425 veraque
1000 3353 1148 3407 falsis
1170 3351 1476 3407 admiscent
1509 3366 1520 3405 :
1561 3351 1700 3406 sicut
1730 3363 1776 3406 et
1823 3352 1977 3423 lepra
2005 3370 2104 3410 vc-

511 3445 586 3499 ris
639 3443 873 3514 falsique
912 3441 1047 3496 locis
1094 3441 1329 3495 humana
1377 3455 1610 3510 corpora
1654 3441 1916 3498 variando
1947 3458 2106 3498 com-

519 3540 771 3595 maculat.
801 3538 975 3607 Hujus
1007 3538 1214 3594 scilicet
1269 3537 1434 3607 lepra:
1487 3537 1796 3592 invenimus
1827 3539 2106 3610 legislato-

511 3645 634 3683 rem
661 3644 757 3682 sex
788 3627 999 3696 species
1023 3627 1075 3678 in
1100 3626 1320 3679 homine
1349 3626 1600 3695 posuisse
1626 3644 1638 3680 :
1665 3627 1890 3696 primam
1913 3629 2106 3698 capitis

511 3726 565 3772 et
594 3717 797 3782 barbae,
822 3715 1119 3769 secundam
1149 3714 1353 3769 calvitii
1383 3722 1435 3768 et
1465 3715 1868 3781 recalvationis,
1898 3718 2106 3771 tertiam

513 3814 694 3871 carnis
725 3821 777 3868 et
807 3812 964 3879 cutis,
999 3819 1245 3883 quartam
1276 3810 1414 3866 cutis
1447 3819 1500 3865 et
1528 3813 1776 3882 corporis
1807 3821 1861 3867 et
1896 3813 2105 3869 cicatri-

517 3903 598 3960 cis
628 3903 770 3958 albae
822 3917 945 3957 cum
1001 3901 1232 3965 rubore;
1291 3899 1533 3970 quintam
1571 3900 1770 3955 ulceris
1801 3910 1857 3956 et
1884 3903 2106 3957 cicatri-

510 3994 647 4057 cis;
706 4000 917 4047 sextam
974 3989 1208 4044 ustionis
1264 3989 1462 4059 (ibid).
1551 3990 1605 4042 In
1665 3990 1840 4061 capite
1896 3991 2106 4062 lepram

509 4087 727 4154 portant
754 4081 844 4152 qui
875 4080 930 4134 in
959 4078 1243 4134 divinitate
1292 4078 1468 4132 Patris
1516 4079 1602 4134 vel
1649 4079 1704 4133 in
1746 4080 1865 4150 ipso
1909 4081 2104 4151 capite,

511 4170 660 4244 quod
698 4177 780 4224 est
810 4168 1074 4231 Christus,
1109 4174 1364 4238 peccant.
1411 4167 1583 4238 Caput
1629 4167 1772 4222 enim
1815 4168 1920 4223 viri
1952 4169 2106 4224 Chri-

517 4263 658 4308 stus.
706 4255 858 4308 Hanc
892 4252 1107 4324 lepram
1157 4252 1454 4306 habuerunt
1499 4252 1691 4312 Judaei.
1724 4253 2103 4324 Valentiniani,

514 4341 847 4398 Marcianitaa
877 4349 926 4396 et
952 4339 1158 4395 Fotiani
1207 4359 1218 4395 :
1272 4339 1363 4411 qui
1429 4357 1620 4396 omnes
1663 4341 1715 4395 in
1759 4341 1976 4398 calvitio
2021 4343 2106 4398 le-

513 4446 668 4502 pram
698 4437 916 4502 gerunt,
967 4428 1094 4500 quia
1141 4444 1378 4484 errorem
1420 4446 1578 4483 suum
1609 4438 1796 4500 aperta
1834 4431 2099 4501 pravitate

511 4518 831 4574 defendunt.
855 4519 913 4570 In
931 4517 1099 4571 barba
1116 4516 1319 4587 lepram
1342 4525 1560 4587 gerunt,
1584 4519 1675 4588 qui
1696 4519 1764 4574 de
1789 4520 2113 4589 apostoliset

529 4607 736 4664 sanctis
760 4605 1180 4676 Christialiquid
1217 4621 1480 4676 perverse
1514 4609 1774 4676 sentiunt,
1801 4616 1963 4679 atque
2016 4626 2111 4666 eos

527 4704 1052 4778 pravumquodlibet
1076 4704 1407 4774 praedicasse
1429 4705 1942 4776 conﬁngunt.'Sicut
1966 4707 2110 4761 enim

516 4797 687 4851 barba
725 4801 1101 4850 ornamentum
1145 4792 1386 4859 estlieri,
1422 4793 1496 4848 ita
1546 4793 1752 4848 scilicet
1782 4794 2030 4865 Apostoli
2061 4803 2112 4850 et

511 4886 762 4941 doctores
813 4889 1189 4937 ornamentum
1225 4889 1479 4951 praestant
1508 4881 1562 4935 in
1596 4897 1825 4951 corpore
1875 4884 2099 4937 Christi.

509 4975 751 5045 Corpore
782 4973 992 5043 lepram
1022 4971 1226 5024 habent
1256 4971 1345 5042 qui
1368 4969 1629 5026 Ecclesia:
1647 4972 1955 5035 detrahunt,
1975 4973 2110 5027 sicut

506 5063 760 5120 Exariani
791 5061 880 5133 qui
910 5068 1112 5133 negant
1143 5062 1331 5114 carnis
1362 5059 1844 5128 resurrectionem,
1879 5070 1929 5115 et
1971 5061 2108 5116 sicut

508 5151 818 5215 Novatiani,
853 5150 943 5222 qui
968 5149 1182 5219 nuptias
1213 5148 1490 5214 damnant,
1527 5156 1578 5203 et
1611 5150 1963 5219 peccantibus
1995 5166 2108 5220 pm-

508 5247 805 5302 nilentibus
853 5248 1147 5317 denegant,
1208 5252 1260 5299 et
1315 5245 1453 5301 sicut
1498 5262 1568 5300 ex
1617 5245 1790 5302 calice
1832 5248 1924 5318 qui
1965 5247 2108 5302 inter

509 5333 646 5389 alios
676 5352 895 5390 errores
928 5351 1157 5407 regnum
1201 5333 1457 5389 caelorum
1490 5337 1740 5406 parvulos
1767 5337 1967 5390 habere
1999 5353 2105 5391 non

510 5433 776 5500 credunt;
809 5440 861 5486 et
891 5432 1075 5486 Ariani
1127 5431 1216 5503 qui
1263 5440 1444 5487 vetant
1483 5448 1585 5502 pro
1621 5433 1888 5488 defunctis
1921 5434 2105 5489 offerri

509 5527 860 5585 sacriﬁcium.
897 5529 954 5581 In
984 5543 1148 5583 carne
1180 5537 1233 5583 et
1261 5537 1386 5584 cute
1416 5528 1624 5600 lepram
1658 5531 1817 5602 gerit,
1853 5531 1948 5602 qui
1973 5547 2105 5587 car-

508 5627 648 5684 nalia
671 5625 754 5681 vel
784 5623 1051 5702 exteriora
1082 5625 1314 5678 suadere
1344 5635 1592 5693 conatur,
1641 5637 1694 5683 ut
1736 5628 2092 5697 Cerinthiani,

507 5717 601 5794 qui
660 5711 1116 5772 resurrectionem
1182 5711 1416 5767 futuram
1470 5715 1523 5769 in
1577 5719 1757 5772 carnis
1817 5718 2098 5791 voluptate

2211 3159 2329 3212 mit.
2371 3158 2504 3212 Cum
2535 3173 2667 3212 vero
2699 3158 2915 3228 nigram
2945 3159 3199 3232 insinuat,
3250 3167 3658 3228 sacriﬁciorum
3704 3176 3815 3231 fur-

2211 3263 2283 3302 no
2314 3256 2366 3302 et
2395 3247 2553 3302 busto
2582 3247 2900 3305 idololatriae
2937 3250 3276 3324 denigratam
3295 3259 3699 3318 conscientiam
3718 3266 3816 3320 de-

2213 3343 2478 3426 testetur;
2511 3352 2632 3426 cum
2663 3335 3060 3406 ﬂoresccntem,
3109 3349 3221 3397 toto
3252 3358 3506 3416 corpore,
3535 3359 3590 3404 et
3618 3367 3818 3426 coope-

2215 3424 2446 3480 rientem
2475 3425 2784 3496 pelliculam
2838 3429 3087 3498 corporis
3117 3446 3149 3484 a
3176 3432 3356 3502 capite
3402 3451 3584 3509 usque
3613 3441 3685 3495 ad
3718 3424 3817 3513 pe-

2212 3525 2312 3580 des
2340 3525 2488 3587 dicit,
2530 3524 2772 3580 avaritiae
2801 3526 3006 3581 crimen
3039 3530 3293 3596 ostendit,
3335 3534 3467 3604 quia
3495 3552 3625 3591 cum
3660 3540 3817 3596 ﬂori-

2214 3614 2341 3668 dum
2371 3622 2424 3669 et
2446 3614 2748 3682 jucundum
2804 3615 3079 3670 hominem
3123 3627 3310 3688 putant
3341 3621 3565 3679 felicem
3597 3645 3728 3683 esse
3768 3632 3815 3684 in

2212 3705 2316 3758 hoc
2345 3704 2548 3757 mundo
2579 3711 2630 3758 et
2661 3703 2883 3758 divitem
2916 3705 3112 3772 videri,
3168 3717 3293 3763 tunc
3335 3715 3504 3781 pestis
3569 3719 3813 3775 avaritia:

2213 3818 2374 3857 omne
2411 3817 2586 3872 genus
2624 3800 2902 3855 hominum
2950 3804 3100 3873 quasi
3145 3813 3311 3861 totum
3359 3826 3566 3882 corpus
3616 3819 3811 3873 crebro

2216 3892 2417 3946 erroris
2446 3891 2592 3944 illitis
2623 3891 2881 3963 contagio
2910 3895 3294 3950 commaculet.
3330 3898 3464 3954 Cum
3509 3912 3699 3959 autem
3733 3907 3812 3963 le-

2214 3997 2372 4051 pram
2406 3980 2567 4034 habet
2597 3995 2720 4035 cum
2753 3981 2953 4036 rubore
2984 3990 3033 4036 et
3073 3984 3283 4053 pallore
3312 3990 3661 4061 permistam,
3697 4013 3810 4050 eum

2215 4069 2494 4124 hominem
2525 4069 2748 4124 denotat
2778 4068 2887 4141 qui,
2925 4086 3058 4126 cum
3111 4073 3180 4127 sit
3228 4073 3520 4134 imbecillis
3551 4084 3738 4139 animo
3765 4095 3812 4140 et

2217 4166 2478 4230 mendax,
2531 4165 2690 4222 facile
2737 4167 2790 4220 in
2839 4168 3080 4223 furorem
3129 4174 3448 4246 prorumpit,
3498 4186 3555 4232 et
3596 4179 3809 4238 levitate

2216 4271 2346 4310 mox
2378 4254 2533 4310 facile
2564 4255 2787 4325 petulat.
2822 4256 3001 4311 Pallor
3056 4261 3410 4318 mentientem
3452 4265 3705 4338 linguam
3752 4272 3813 4326 si-

2217 4342 2456 4414 gniﬁcat,
2500 4343 2669 4398 rubor
2713 4360 2849 4400 vero
2891 4344 3252 4405 iracundiam.
3302 4351 3395 4406 Est
3445 4363 3634 4412 autem
3665 4359 3814 4430 lepra

2133 4439 2187 4502 D
2218 4440 2441 4511 peccati,
2475 4457 2596 4511 quae
2624 4439 3022 4496 sacriﬁciorum
3071 4445 3435 4504 oblationibus
3465 4455 3812 4524 emundatur,

2219 4529 2273 4584 id
2305 4537 2387 4584 est
2413 4531 2580 4585 corde
2601 4529 2834 4585 contrito
2862 4539 2914 4585 et
2943 4532 3243 4590 humiliato.
3267 4537 3367 4591 Est
3387 4548 3441 4592 et
3461 4539 3809 4606 idololatriae.

2219 4635 2339 4689 qua:
2369 4633 2512 4689 aqua
2541 4618 2774 4673 abluitur
2802 4619 3074 4690 baptismi.
3134 4623 3233 4677 Est
3279 4625 3671 4686 haereticorum
3701 4635 3812 4706 qui,

2218 4723 2296 4762 vn
2327 4707 2542 4762 dierum
2572 4709 2898 4780 purgatione
2936 4717 3090 4764 extra
3137 4721 3320 4768 castra
3361 4731 3487 4772 θεεο
3521 4719 3812 4788 jubentur,

2218 4813 2276 4859 ut
2302 4821 2402 4874 per
2432 4805 2764 4874 septiformis
2796 4805 3027 4876 Spiritus
3051 4810 3383 4879 agnitionem
3416 4816 3805 4884 puriﬁcentur.

2217 4895 2314 4947 Est
2335 4901 2387 4948 et
2417 4910 2540 4966 quae
2569 4893 2707 4948 visui
2740 4896 3082 4950 sacerdotum
3107 4897 3334 4954 offertur
3362 4905 3810 4971 perdoctrinam.

2218 4983 2383 5038 Ulcus
2415 4992 2593 5036 autem
2627 4983 2794 5052 leprae
2825 4985 2970 5054 quod
3007 4987 3228 5042 omnino
3280 4993 3533 5047 mundari
3567 5013 3684 5052 non
3715 5016 3811 5069 po-

2217 5087 2340 5148 test,
2376 5096 2565 5135 eorum
2595 5089 2678 5135 est
2731 5080 2824 5153 qui
2869 5081 2924 5136 in
2973 5083 3233 5154 Spiritum
3274 5098 3522 5144 sanctum
3559 5105 3809 5163 peccant,

2214 5183 2322 5223 nec
2370 5167 2554 5223 dicunt
2585 5169 2905 5239 paenitentes
2935 5187 3099 5238 posse
3141 5177 3408 5247 consequi
3436 5181 3695 5238 veniam.
3738 5186 3813 5239 De

2215 5256 2299 5311 his
2328 5265 2505 5311 autem
2529 5256 2603 5311 ait
2625 5258 2836 5313 Veritas
2869 5276 2882 5313 :
2921 5280 2943 5309 ι
2979 5259 3085 5325 Qui
3114 5265 3433 5332 peccaverit
3463 5267 3518 5321 in
3553 5270 3814 5342 Spiritum

2215 5364 2483 5423 sanctum,
2523 5379 2544 5404 ι
2579 5372 2687 5411 non
2739 5357 3042 5413 remittetur
3084 5360 3134 5414 ei
3162 5377 3340 5434 neque
3387 5364 3444 5419 in
3475 5367 3581 5422 hoc
3613 5373 3815 5427 saeculo

2215 5461 2394 5516 neque
2451 5445 2504 5499 in
2555 5445 2760 5500 futuro.
2825 5445 2982 5516 Quod
3030 5465 3161 5505 vero
3213 5451 3438 5519 jubetur
3491 5455 3734 5529 leprosis
3764 5471 3814 5517 nt

2214 5548 2416 5596 exeant
2445 5541 2513 5596 de
2543 5542 2733 5597 castris
2764 5550 2816 5597 et
2845 5543 3075 5598 sedeant
3113 5544 3264 5610 foris,
3308 5547 3489 5606 donec
3519 5556 3816 5611 mundetur

2212 5631 2367 5701 lepra
2397 5647 2607 5697 eorum,
2627 5630 2948 5704 intelligitur
2977 5633 3260 5690 haereticos
3289 5635 3495 5695 debere
3516 5645 3718 5712 projici
3749 5647 3813 5700 ab

2216 5719 2484 5789 Ecclesia,
2515 5719 2691 5776 donec
2720 5735 2754 5776 a
2781 5720 3007 5792 proprio
3036 5736 3220 5780 errore
3259 5727 3622 5802 mundentur,
3654 5741 3707 5790 et
3739 5734 3812 5791 sic
