  <div class='ocr_page' id='page_1' title='image "/cluster/home/n/w/nwhite01/storage/ocr_20150623/157/hvd.32044054760152/574.png"; bbox 0 0 4008 6092; ppageno 0'>
   <div class='ocr_carea' id='block_1_1' title="bbox 269 257 406 311">
    <p class='ocr_par' dir='ltr' id='par_1_1' title="bbox 269 257 406 311">
     <span class='ocr_line' id='line_1_1' title="bbox 269 257 406 311; baseline 0.007 -1"><span class='ocrx_word' id='word_1_1' title='bbox 269 257 406 311; x_wconf 78' lang='grc'><strong>1137</strong></span> 
     </span>
    </p>
   </div>
   <div class='ocr_carea' id='block_1_2' title="bbox 1161 257 2599 316">
    <p class='ocr_par' dir='ltr' id='par_1_2' title="bbox 1161 257 2599 316">
     <span class='ocr_line' id='line_1_2' title="bbox 1161 257 2599 316; baseline 0 -3"><span class='ocrx_word' id='word_1_2' title='bbox 1161 257 1740 314; x_wconf 54' lang='lat' dir='ltr'><strong>DEFLOELXTIONES</strong></span> <span class='ocrx_word' id='word_1_3' title='bbox 1780 259 1884 313; x_wconf 79' lang='lat' dir='ltr'><strong>SS.</strong></span> <span class='ocrx_word' id='word_1_4' title='bbox 1935 261 2228 316; x_wconf 73' lang='lat' dir='ltr'><strong>PATRUM.</strong></span> <span class='ocrx_word' id='word_1_5' title='bbox 2269 292 2325 300; x_wconf 85' lang='lat'><strong>—-</strong></span> <span class='ocrx_word' id='word_1_6' title='bbox 2362 259 2487 314; x_wconf 82' lang='lat' dir='ltr'><strong>LIB.</strong></span> <span class='ocrx_word' id='word_1_7' title='bbox 2529 259 2599 314; x_wconf 90' lang='lat' dir='ltr'><strong>II.</strong></span> 
     </span>
    </p>
   </div>
   <div class='ocr_carea' id='block_1_3' title="bbox 3424 251 3557 304">
    <p class='ocr_par' dir='ltr' id='par_1_3' title="bbox 3424 251 3557 304">
     <span class='ocr_line' id='line_1_3' title="bbox 3424 251 3557 304; baseline 0.008 -1"><span class='ocrx_word' id='word_1_8' title='bbox 3424 251 3557 304; x_wconf 84' lang='grc'><strong>1133</strong></span> 
     </span>
    </p>
   </div>
   <div class='ocr_carea' id='block_1_4' title="bbox 262 373 3559 456">
    <p class='ocr_par' dir='ltr' id='par_1_4' title="bbox 262 373 3559 456">
     <span class='ocr_line' id='line_1_4' title="bbox 262 373 3559 456; baseline -0.002 -22"><span class='ocrx_word' id='word_1_9' title='bbox 262 384 628 436; x_wconf 79' lang='lat' dir='ltr'><strong>revertantur.</strong></span> <span class='ocrx_word' id='word_1_10' title='bbox 665 380 946 453; x_wconf 83' lang='lat' dir='ltr'><strong>Ejusmodi</strong></span> <span class='ocrx_word' id='word_1_11' title='bbox 987 399 1117 439; x_wconf 85' lang='lat' dir='ltr'><strong>vero</strong></span> <span class='ocrx_word' id='word_1_12' title='bbox 1159 384 1439 440; x_wconf 74' lang='lat' dir='ltr'><strong>dissolutis</strong></span> <span class='ocrx_word' id='word_1_13' title='bbox 1487 382 1706 446; x_wconf 90' lang='lat' dir='ltr'><strong>tunicis,</strong></span> <span class='ocrx_word' id='word_1_14' title='bbox 1753 395 1850 435; x_wconf 89' lang='lat' dir='ltr'><strong>ca-</strong></span> <span class='ocrx_word' id='word_1_15' title='bbox 1883 378 1937 438; x_wconf 89' lang='lat' dir='ltr'><strong>A</strong></span> <span class='ocrx_word' id='word_1_16' title='bbox 1972 382 2135 456; x_wconf 86' lang='lat' dir='ltr'><strong>vigila</strong></span> <span class='ocrx_word' id='word_1_17' title='bbox 2169 400 2328 452; x_wconf 80' lang='lat' dir='ltr'><strong>supra</strong></span> <span class='ocrx_word' id='word_1_18' title='bbox 2359 383 2602 438; x_wconf 74' lang='lat' dir='ltr'><strong>actiones</strong></span> <span class='ocrx_word' id='word_1_19' title='bbox 2633 391 2752 436; x_wconf 89' lang='lat' dir='ltr'><strong>tuas</strong></span> <span class='ocrx_word' id='word_1_20' title='bbox 2782 400 2793 435; x_wconf 93' lang='lat'>:</span> <span class='ocrx_word' id='word_1_21' title='bbox 2846 379 3155 453; x_wconf 72' lang='lat' dir='ltr'><strong>pastoribus</strong></span> <span class='ocrx_word' id='word_1_22' title='bbox 3210 373 3559 446; x_wconf 73' lang='lat' dir='ltr'><strong>vigilantibus</strong></span> 
     </span>
    </p>
   </div>
   <div class='ocr_carea' id='block_1_5' title="bbox 261 469 1847 542">
    <p class='ocr_par' dir='ltr' id='par_1_5' title="bbox 261 469 1847 542">
     <span class='ocr_line' id='line_1_5' title="bbox 261 469 1847 542; baseline -0.001 -18"><span class='ocrx_word' id='word_1_23' title='bbox 261 469 371 540; x_wconf 78' lang='lat' dir='ltr'><strong>pite</strong></span> <span class='ocrx_word' id='word_1_24' title='bbox 405 470 774 542; x_wconf 80' lang='lat' dir='ltr'><strong>discooperto,</strong></span> <span class='ocrx_word' id='word_1_25' title='bbox 807 481 860 528; x_wconf 91' lang='lat' dir='ltr'><strong>et</strong></span> <span class='ocrx_word' id='word_1_26' title='bbox 889 489 982 528; x_wconf 91' lang='lat' dir='ltr'><strong>ore</strong></span> <span class='ocrx_word' id='word_1_27' title='bbox 1039 473 1295 528; x_wconf 82' lang='lat' dir='ltr'><strong>obvoluto</strong></span> <span class='ocrx_word' id='word_1_28' title='bbox 1353 473 1544 528; x_wconf 82' lang='lat' dir='ltr'><strong>sedere</strong></span> <span class='ocrx_word' id='word_1_29' title='bbox 1567 472 1847 539; x_wconf 85' lang='lat' dir='ltr'><strong>jubentur,</strong></span> 
     </span>
    </p>
   </div>
   <div class='ocr_carea' id='block_1_6' title="bbox 264 559 1853 632">
    <p class='ocr_par' dir='ltr' id='par_1_6' title="bbox 264 559 1853 632">
     <span class='ocr_line' id='line_1_6' title="bbox 264 559 1853 632; baseline -0.001 -20"><span class='ocrx_word' id='word_1_30' title='bbox 264 560 667 615; x_wconf 84' lang='lat' dir='ltr'><strong>mundationem</strong></span> <span class='ocrx_word' id='word_1_31' title='bbox 703 562 870 631; x_wconf 85' lang='lat' dir='ltr'><strong>lepra</strong></span> <span class='ocrx_word' id='word_1_32' title='bbox 904 572 1292 632; x_wconf 78' lang='lat' dir='ltr'><strong>exspectantes</strong></span> <span class='ocrx_word' id='word_1_33' title='bbox 1323 581 1334 616; x_wconf 93' lang='lat'>:</span> <span class='ocrx_word' id='word_1_34' title='bbox 1387 561 1666 616; x_wconf 72' lang='lat' dir='ltr'><strong>dissolutis</strong></span> <span class='ocrx_word' id='word_1_35' title='bbox 1716 559 1853 611; x_wconf 91' lang='lat' dir='ltr'><strong>luni-</strong></span> 
     </span>
    </p>
   </div>
   <div class='ocr_carea' id='block_1_7' title="bbox 266 662 1856 733">
    <p class='ocr_par' dir='ltr' id='par_1_7' title="bbox 266 662 1856 733">
     <span class='ocr_line' id='line_1_7' title="bbox 266 662 1856 733; baseline -0.001 -17"><span class='ocrx_word' id='word_1_36' title='bbox 266 662 367 725; x_wconf 80' lang='lat' dir='ltr'><strong>cis,</strong></span> <span class='ocrx_word' id='word_1_37' title='bbox 401 663 450 716; x_wconf 90' lang='lat' dir='ltr'><strong>id</strong></span> <span class='ocrx_word' id='word_1_38' title='bbox 485 671 565 717; x_wconf 89' lang='lat' dir='ltr'><strong>est</strong></span> <span class='ocrx_word' id='word_1_39' title='bbox 597 664 850 718; x_wconf 89' lang='lat' dir='ltr'><strong>omnibus</strong></span> <span class='ocrx_word' id='word_1_40' title='bbox 883 666 1109 720; x_wconf 83' lang='lat' dir='ltr'><strong>secretis</strong></span> <span class='ocrx_word' id='word_1_41' title='bbox 1153 663 1470 728; x_wconf 77' lang='lat' dir='ltr'><strong>manifestis,</strong></span> <span class='ocrx_word' id='word_1_42' title='bbox 1531 662 1708 733; x_wconf 84' lang='lat' dir='ltr'><strong>capite</strong></span> <span class='ocrx_word' id='word_1_43' title='bbox 1740 662 1856 714; x_wconf 88' lang='lat' dir='ltr'><strong>dis-</strong></span> 
     </span>
    </p>
   </div>
   <div class='ocr_carea' id='block_1_8' title="bbox 263 753 1852 822">
    <p class='ocr_par' dir='ltr' id='par_1_8' title="bbox 263 753 1852 822">
     <span class='ocr_line' id='line_1_8' title="bbox 263 753 1852 822; baseline -0.003 -16"><span class='ocrx_word' id='word_1_44' title='bbox 263 760 538 822; x_wconf 84' lang='lat' dir='ltr'><strong>cooperto,</strong></span> <span class='ocrx_word' id='word_1_45' title='bbox 573 761 628 806; x_wconf 90' lang='lat' dir='ltr'><strong>ut</strong></span> <span class='ocrx_word' id='word_1_46' title='bbox 659 770 690 805; x_wconf 88' lang='lat' dir='ltr'><strong>a</strong></span> <span class='ocrx_word' id='word_1_47' title='bbox 719 754 923 808; x_wconf 83' lang='lat' dir='ltr'><strong>cunctis</strong></span> <span class='ocrx_word' id='word_1_48' title='bbox 983 756 1100 822; x_wconf 85' lang='lat' dir='ltr'><strong>ejus</strong></span> <span class='ocrx_word' id='word_1_49' title='bbox 1154 754 1379 807; x_wconf 83' lang='lat' dir='ltr'><strong>nudatio</strong></span> <span class='ocrx_word' id='word_1_50' title='bbox 1439 753 1721 812; x_wconf 81' lang='lat' dir='ltr'><strong>videatur;</strong></span> <span class='ocrx_word' id='word_1_51' title='bbox 1755 765 1852 802; x_wconf 88' lang='lat' dir='ltr'><strong>ore</strong></span> 
     </span>
    </p>
   </div>
   <div class='ocr_carea' id='block_1_9' title="bbox 265 838 1850 912">
    <p class='ocr_par' dir='ltr' id='par_1_9' title="bbox 265 838 1850 912">
     <span class='ocr_line' id='line_1_9' title="bbox 265 838 1850 912; baseline -0.002 -19"><span class='ocrx_word' id='word_1_52' title='bbox 265 840 467 904; x_wconf 85' lang='lat' dir='ltr'><strong>clauso,</strong></span> <span class='ocrx_word' id='word_1_53' title='bbox 502 858 568 896; x_wconf 90' lang='lat' dir='ltr'><strong>ne</strong></span> <span class='ocrx_word' id='word_1_54' title='bbox 599 841 828 896; x_wconf 88' lang='lat' dir='ltr'><strong>ulterius</strong></span> <span class='ocrx_word' id='word_1_55' title='bbox 859 843 1024 912; x_wconf 85' lang='lat' dir='ltr'><strong>impia</strong></span> <span class='ocrx_word' id='word_1_56' title='bbox 1069 843 1262 898; x_wconf 86' lang='lat' dir='ltr'><strong>doceat</strong></span> <span class='ocrx_word' id='word_1_57' title='bbox 1294 842 1381 896; x_wconf 85' lang='lat' dir='ltr'><strong>vel</strong></span> <span class='ocrx_word' id='word_1_58' title='bbox 1430 841 1704 912; x_wconf 89' lang='lat' dir='ltr'><strong>loquatur.</strong></span> <span class='ocrx_word' id='word_1_59' title='bbox 1745 838 1850 892; x_wconf 87' lang='lat' dir='ltr'><strong>Sed</strong></span> 
     </span>
    </p>
   </div>
   <div class='ocr_carea' id='block_1_10' title="bbox 265 938 1850 1011">
    <p class='ocr_par' dir='ltr' id='par_1_10' title="bbox 265 938 1850 1011">
     <span class='ocr_line' id='line_1_10' title="bbox 265 938 1850 1011; baseline -0.003 -18"><span class='ocrx_word' id='word_1_60' title='bbox 265 939 445 994; x_wconf 84' lang='lat' dir='ltr'><strong>adhuc</strong></span> <span class='ocrx_word' id='word_1_61' title='bbox 501 939 660 1008; x_wconf 88' lang='lat' dir='ltr'><strong>ejecit</strong></span> <span class='ocrx_word' id='word_1_62' title='bbox 717 940 996 1011; x_wconf 82' lang='lat' dir='ltr'><strong>Scriptura</strong></span> <span class='ocrx_word' id='word_1_63' title='bbox 1053 941 1258 1011; x_wconf 88' lang='lat' dir='ltr'><strong>lepram</strong></span> <span class='ocrx_word' id='word_1_64' title='bbox 1291 957 1415 995; x_wconf 87' lang='lat' dir='ltr'><strong>esse</strong></span> <span class='ocrx_word' id='word_1_65' title='bbox 1463 939 1515 992; x_wconf 89' lang='lat' dir='ltr'><strong>in</strong></span> <span class='ocrx_word' id='word_1_66' title='bbox 1548 938 1718 1000; x_wconf 87' lang='lat' dir='ltr'><strong>vasis,</strong></span> <span class='ocrx_word' id='word_1_67' title='bbox 1753 953 1850 1006; x_wconf 88' lang='lat' dir='ltr'><strong>pa-</strong></span> 
     </span>
    </p>
   </div>
   <div class='ocr_carea' id='block_1_11' title="bbox 265 1027 1843 1097">
    <p class='ocr_par' dir='ltr' id='par_1_11' title="bbox 265 1027 1843 1097">
     <span class='ocr_line' id='line_1_11' title="bbox 265 1027 1843 1097; baseline -0.001 -16"><span class='ocrx_word' id='word_1_68' title='bbox 265 1027 490 1082; x_wconf 83' lang='lat' dir='ltr'><strong>rietibus</strong></span> <span class='ocrx_word' id='word_1_69' title='bbox 512 1029 726 1093; x_wconf 87' lang='lat' dir='ltr'><strong>domus,</strong></span> <span class='ocrx_word' id='word_1_70' title='bbox 760 1029 812 1082; x_wconf 89' lang='lat' dir='ltr'><strong>in</strong></span> <span class='ocrx_word' id='word_1_71' title='bbox 846 1032 1192 1097; x_wconf 85' lang='lat' dir='ltr'><strong>vestimento,</strong></span> <span class='ocrx_word' id='word_1_72' title='bbox 1222 1029 1357 1082; x_wconf 90' lang='lat' dir='ltr'><strong>intra</strong></span> <span class='ocrx_word' id='word_1_73' title='bbox 1399 1027 1714 1082; x_wconf 78' lang='lat' dir='ltr'><strong>maceriam.</strong></span> <span class='ocrx_word' id='word_1_74' title='bbox 1747 1028 1843 1080; x_wconf 88' lang='lat' dir='ltr'><strong>Le-</strong></span> 
     </span>
    </p>
   </div>
   <div class='ocr_carea' id='block_1_12' title="bbox 263 1114 1850 1188">
    <p class='ocr_par' dir='ltr' id='par_1_12' title="bbox 263 1114 1850 1188">
     <span class='ocr_line' id='line_1_12' title="bbox 263 1114 1850 1188; baseline -0.002 -18"><span class='ocrx_word' id='word_1_75' title='bbox 263 1133 364 1188; x_wconf 88' lang='lat' dir='ltr'><strong>pra</strong></span> <span class='ocrx_word' id='word_1_76' title='bbox 398 1117 449 1170; x_wconf 90' lang='lat' dir='ltr'><strong>iu</strong></span> <span class='ocrx_word' id='word_1_77' title='bbox 497 1116 792 1187; x_wconf 80' lang='lat' dir='ltr'><strong>parietibus</strong></span> <span class='ocrx_word' id='word_1_78' title='bbox 823 1118 1020 1174; x_wconf 91' lang='lat' dir='ltr'><strong>domus</strong></span> <span class='ocrx_word' id='word_1_79' title='bbox 1064 1119 1452 1173; x_wconf 86' lang='lat' dir='ltr'><strong>hareticorum</strong></span> <span class='ocrx_word' id='word_1_80' title='bbox 1493 1114 1850 1187; x_wconf 79' lang='lat' dir='ltr'><strong>congregatio</strong></span> 
     </span>
    </p>
   </div>
   <div class='ocr_carea' id='block_1_13' title="bbox 261 1213 1853 1287">
    <p class='ocr_par' dir='ltr' id='par_1_13' title="bbox 261 1213 1853 1287">
     <span class='ocr_line' id='line_1_13' title="bbox 261 1213 1853 1287; baseline -0.003 -17"><span class='ocrx_word' id='word_1_81' title='bbox 261 1215 570 1280; x_wconf 87' lang='lat' dir='ltr'><strong>denotatur,</strong></span> <span class='ocrx_word' id='word_1_82' title='bbox 600 1233 721 1287; x_wconf 86' lang='lat' dir='ltr'><strong>qua</strong></span> <span class='ocrx_word' id='word_1_83' title='bbox 751 1233 850 1287; x_wconf 88' lang='lat' dir='ltr'><strong>per</strong></span> <span class='ocrx_word' id='word_1_84' title='bbox 899 1217 1237 1272; x_wconf 88' lang='lat' dir='ltr'><strong>sacerdotem</strong></span> <span class='ocrx_word' id='word_1_85' title='bbox 1269 1215 1493 1287; x_wconf 76' lang='lat' dir='ltr'><strong>purgati</strong></span> <span class='ocrx_word' id='word_1_86' title='bbox 1521 1214 1698 1269; x_wconf 88' lang='lat' dir='ltr'><strong>debet.</strong></span> <span class='ocrx_word' id='word_1_87' title='bbox 1743 1213 1853 1266; x_wconf 87' lang='lat' dir='ltr'><strong>Le-</strong></span> 
     </span>
    </p>
   </div>
   <div class='ocr_carea' id='block_1_14' title="bbox 263 1301 1854 1376">
    <p class='ocr_par' dir='ltr' id='par_1_14' title="bbox 263 1301 1854 1376">
     <span class='ocr_line' id='line_1_14' title="bbox 263 1301 1854 1376; baseline -0.002 -17"><span class='ocrx_word' id='word_1_88' title='bbox 263 1319 366 1376; x_wconf 88' lang='lat' dir='ltr'><strong>pra</strong></span> <span class='ocrx_word' id='word_1_89' title='bbox 395 1305 452 1358; x_wconf 93' lang='lat' dir='ltr'><strong>in</strong></span> <span class='ocrx_word' id='word_1_90' title='bbox 486 1304 718 1360; x_wconf 85' lang='lat' dir='ltr'><strong>vasculis</strong></span> <span class='ocrx_word' id='word_1_91' title='bbox 770 1305 1060 1376; x_wconf 87' lang='lat' dir='ltr'><strong>unicuique</strong></span> <span class='ocrx_word' id='word_1_92' title='bbox 1103 1305 1306 1361; x_wconf 88' lang='lat' dir='ltr'><strong>homini</strong></span> <span class='ocrx_word' id='word_1_93' title='bbox 1364 1303 1567 1375; x_wconf 88' lang='lat' dir='ltr'><strong>proprii</strong></span> <span class='ocrx_word' id='word_1_94' title='bbox 1610 1301 1854 1372; x_wconf 89' lang='lat' dir='ltr'><strong>corporis</strong></span> 
     </span>
    </p>
   </div>
   <div class='ocr_carea' id='block_1_15' title="bbox 263 1392 1853 1464">
    <p class='ocr_par' dir='ltr' id='par_1_15' title="bbox 263 1392 1853 1464">
     <span class='ocr_line' id='line_1_15' title="bbox 263 1392 1853 1464; baseline -0.001 -17"><span class='ocrx_word' id='word_1_95' title='bbox 263 1392 540 1448; x_wconf 83' lang='lat' dir='ltr'><strong>delictum.</strong></span> <span class='ocrx_word' id='word_1_96' title='bbox 574 1393 744 1464; x_wconf 87' lang='lat' dir='ltr'><strong>Lepra</strong></span> <span class='ocrx_word' id='word_1_97' title='bbox 774 1394 828 1448; x_wconf 91' lang='lat' dir='ltr'><strong>in</strong></span> <span class='ocrx_word' id='word_1_98' title='bbox 859 1395 1110 1449; x_wconf 81' lang='lat' dir='ltr'><strong>domibus</strong></span> <span class='ocrx_word' id='word_1_99' title='bbox 1141 1394 1225 1449; x_wconf 87' lang='lat' dir='ltr'><strong>vel</strong></span> <span class='ocrx_word' id='word_1_100' title='bbox 1256 1394 1310 1448; x_wconf 89' lang='lat' dir='ltr'><strong>in</strong></span> <span class='ocrx_word' id='word_1_101' title='bbox 1356 1393 1696 1459; x_wconf 88' lang='lat' dir='ltr'><strong>vestimento,</strong></span> <span class='ocrx_word' id='word_1_102' title='bbox 1732 1407 1853 1462; x_wconf 85' lang='lat' dir='ltr'><strong>qua</strong></span> 
     </span>
    </p>
   </div>
   <div class='ocr_carea' id='block_1_16' title="bbox 262 1491 1854 1564">
    <p class='ocr_par' dir='ltr' id='par_1_16' title="bbox 262 1491 1854 1564">
     <span class='ocr_line' id='line_1_16' title="bbox 262 1491 1854 1564; baseline -0.003 -17"><span class='ocrx_word' id='word_1_103' title='bbox 262 1499 408 1547; x_wconf 85' lang='lat' dir='ltr'><strong>extra</strong></span> <span class='ocrx_word' id='word_1_104' title='bbox 458 1506 656 1562; x_wconf 88' lang='lat' dir='ltr'><strong>corpus</strong></span> <span class='ocrx_word' id='word_1_105' title='bbox 712 1492 1032 1560; x_wconf 91' lang='lat' dir='ltr'><strong>nutriuntur,</strong></span> <span class='ocrx_word' id='word_1_106' title='bbox 1091 1492 1175 1547; x_wconf 89' lang='lat' dir='ltr'><strong>vel</strong></span> <span class='ocrx_word' id='word_1_107' title='bbox 1235 1507 1355 1564; x_wconf 86' lang='lat' dir='ltr'><strong>qua</strong></span> <span class='ocrx_word' id='word_1_108' title='bbox 1385 1491 1439 1545; x_wconf 90' lang='lat' dir='ltr'><strong>in</strong></span> <span class='ocrx_word' id='word_1_109' title='bbox 1470 1491 1588 1561; x_wconf 90' lang='lat' dir='ltr'><strong>ipso</strong></span> <span class='ocrx_word' id='word_1_110' title='bbox 1621 1504 1854 1559; x_wconf 88' lang='lat' dir='ltr'><strong>corpore</strong></span> 
     </span>
    </p>
   </div>
   <div class='ocr_carea' id='block_1_17' title="bbox 262 1578 1850 1652">
    <p class='ocr_par' dir='ltr' id='par_1_17' title="bbox 262 1578 1850 1652">
     <span class='ocr_line' id='line_1_17' title="bbox 262 1578 1850 1652; baseline -0.004 -16"><span class='ocrx_word' id='word_1_111' title='bbox 262 1587 657 1652; x_wconf 87' lang='lat' dir='ltr'><strong>perpetrantur,</strong></span> <span class='ocrx_word' id='word_1_112' title='bbox 712 1589 892 1636; x_wconf 91' lang='lat' dir='ltr'><strong>tamen</strong></span> <span class='ocrx_word' id='word_1_113' title='bbox 941 1590 994 1637; x_wconf 88' lang='lat' dir='ltr'><strong>et</strong></span> <span class='ocrx_word' id='word_1_114' title='bbox 1041 1581 1274 1636; x_wconf 90' lang='lat' dir='ltr'><strong>hominis</strong></span> <span class='ocrx_word' id='word_1_115' title='bbox 1302 1581 1482 1635; x_wconf 89' lang='lat' dir='ltr'><strong>anima</strong></span> <span class='ocrx_word' id='word_1_116' title='bbox 1511 1578 1850 1648; x_wconf 85' lang='lat' dir='ltr'><strong>intelligitur,</strong></span> 
     </span>
    </p>
   </div>
   <div class='ocr_carea' id='block_1_18' title="bbox 260 1665 1853 1742">
    <p class='ocr_par' dir='ltr' id='par_1_18' title="bbox 260 1665 1853 1742">
     <span class='ocr_line' id='line_1_18' title="bbox 260 1665 1853 1742; baseline -0.004 -16"><span class='ocrx_word' id='word_1_117' title='bbox 260 1679 314 1726; x_wconf 90' lang='lat' dir='ltr'><strong>et</strong></span> <span class='ocrx_word' id='word_1_118' title='bbox 335 1679 514 1724; x_wconf 89' lang='lat' dir='ltr'><strong>turma</strong></span> <span class='ocrx_word' id='word_1_119' title='bbox 543 1669 850 1726; x_wconf 90' lang='lat' dir='ltr'><strong>mollissimi</strong></span> <span class='ocrx_word' id='word_1_120' title='bbox 882 1670 1131 1742; x_wconf 89' lang='lat' dir='ltr'><strong>corporis</strong></span> <span class='ocrx_word' id='word_1_121' title='bbox 1173 1687 1387 1725; x_wconf 87' lang='lat' dir='ltr'><strong>sensus.</strong></span> <span class='ocrx_word' id='word_1_122' title='bbox 1423 1667 1581 1738; x_wconf 86' lang='lat' dir='ltr'><strong>Quod</strong></span> <span class='ocrx_word' id='word_1_123' title='bbox 1614 1683 1747 1722; x_wconf 88' lang='lat' dir='ltr'><strong>vero</strong></span> <span class='ocrx_word' id='word_1_124' title='bbox 1777 1665 1853 1720; x_wconf 86' lang='lat' dir='ltr'><strong>le-</strong></span> 
     </span>
    </p>
   </div>
   <div class='ocr_carea' id='block_1_19' title="bbox 259 1764 1852 1840">
    <p class='ocr_par' dir='ltr' id='par_1_19' title="bbox 259 1764 1852 1840">
     <span class='ocr_line' id='line_1_19' title="bbox 259 1764 1852 1840; baseline -0.004 -18"><span class='ocrx_word' id='word_1_125' title='bbox 259 1767 407 1840; x_wconf 91' lang='lat' dir='ltr'><strong>prosi</strong></span> <span class='ocrx_word' id='word_1_126' title='bbox 462 1770 517 1822; x_wconf 90' lang='lat' dir='ltr'><strong>in</strong></span> <span class='ocrx_word' id='word_1_127' title='bbox 578 1767 702 1837; x_wconf 87' lang='lat' dir='ltr'><strong>lege</strong></span> <span class='ocrx_word' id='word_1_128' title='bbox 760 1769 829 1822; x_wconf 90' lang='lat' dir='ltr'><strong>ad</strong></span> <span class='ocrx_word' id='word_1_129' title='bbox 879 1769 1219 1823; x_wconf 75' lang='lat' dir='ltr'><strong>sacerdotem</strong></span> <span class='ocrx_word' id='word_1_130' title='bbox 1249 1769 1553 1831; x_wconf 88' lang='lat' dir='ltr'><strong>mittuntur,</strong></span> <span class='ocrx_word' id='word_1_131' title='bbox 1581 1764 1852 1835; x_wconf 90' lang='lat' dir='ltr'><strong>judicatur</strong></span> 
     </span>
    </p>
   </div>
   <div class='ocr_carea' id='block_1_20' title="bbox 261 1852 1851 1929">
    <p class='ocr_par' dir='ltr' id='par_1_20' title="bbox 261 1852 1851 1929">
     <span class='ocr_line' id='line_1_20' title="bbox 261 1852 1851 1929; baseline -0.004 -17"><span class='ocrx_word' id='word_1_132' title='bbox 261 1873 364 1929; x_wconf 92' lang='lat' dir='ltr'><strong>pro</strong></span> <span class='ocrx_word' id='word_1_133' title='bbox 421 1857 771 1912; x_wconf 89' lang='lat' dir='ltr'><strong>mundatione</strong></span> <span class='ocrx_word' id='word_1_134' title='bbox 820 1857 1197 1913; x_wconf 83' lang='lat' dir='ltr'><strong>hareticorum</strong></span> <span class='ocrx_word' id='word_1_135' title='bbox 1251 1873 1430 1910; x_wconf 83' lang='lat' dir='ltr'><strong>annua</strong></span> <span class='ocrx_word' id='word_1_136' title='bbox 1488 1853 1755 1910; x_wconf 82' lang='lat' dir='ltr'><strong>sacriﬁcia</strong></span> <span class='ocrx_word' id='word_1_137' title='bbox 1796 1852 1851 1906; x_wconf 91' lang='lat' dir='ltr'><strong>in</strong></span> 
     </span>
    </p>
   </div>
   <div class='ocr_carea' id='block_1_21' title="bbox 262 1951 1852 2024">
    <p class='ocr_par' dir='ltr' id='par_1_21' title="bbox 262 1951 1852 2024">
     <span class='ocr_line' id='line_1_21' title="bbox 262 1951 1852 2024; baseline -0.004 -13"><span class='ocrx_word' id='word_1_138' title='bbox 262 1957 510 2013; x_wconf 86' lang='lat' dir='ltr'><strong>Ecclesia</strong></span> <span class='ocrx_word' id='word_1_139' title='bbox 540 1956 738 2012; x_wconf 87' lang='lat' dir='ltr'><strong>debere</strong></span> <span class='ocrx_word' id='word_1_140' title='bbox 770 1955 974 2024; x_wconf 72' lang='lat' dir='ltr'><strong>offerri,</strong></span> <span class='ocrx_word' id='word_1_141' title='bbox 1032 1965 1088 2011; x_wconf 90' lang='lat' dir='ltr'><strong>et</strong></span> <span class='ocrx_word' id='word_1_142' title='bbox 1142 1956 1221 2011; x_wconf 91' lang='lat' dir='ltr'><strong>sic</strong></span> <span class='ocrx_word' id='word_1_143' title='bbox 1279 1952 1618 2010; x_wconf 88' lang='lat' dir='ltr'><strong>reconciliari</strong></span> <span class='ocrx_word' id='word_1_144' title='bbox 1647 1951 1852 2005; x_wconf 89' lang='lat' dir='ltr'><strong>unitate</strong></span> 
     </span>
    </p>
   </div>
   <div class='ocr_carea' id='block_1_22' title="bbox 258 2046 550 2101">
    <p class='ocr_par' dir='ltr' id='par_1_22' title="bbox 258 2046 550 2101">
     <span class='ocr_line' id='line_1_22' title="bbox 258 2046 550 2101; baseline -0.003 0"><span class='ocrx_word' id='word_1_145' title='bbox 258 2046 524 2101; x_wconf 83' lang='lat' dir='ltr'><strong>Ecclesia</strong></span> <span class='ocrx_word' id='word_1_146' title='bbox 537 2087 550 2100; x_wconf 93' lang='lat'><strong>.</strong></span> 
     </span>
    </p>
   </div>
   <div class='ocr_carea' id='block_1_23' title="bbox 260 2150 1854 2224">
    <p class='ocr_par' dir='ltr' id='par_1_23' title="bbox 260 2150 1854 2224">
     <span class='ocr_line' id='line_1_23' title="bbox 260 2150 1854 2224; baseline -0.004 -15"><span class='ocrx_word' id='word_1_147' title='bbox 260 2154 548 2209; x_wconf 63' lang='lat' dir='ltr'><strong>Mor-alita:</strong></span> <span class='ocrx_word' id='word_1_148' title='bbox 581 2152 652 2209; x_wconf 84' lang='lat' dir='ltr'><strong>de</strong></span> <span class='ocrx_word' id='word_1_149' title='bbox 689 2155 946 2209; x_wconf 75' lang='lat' dir='ltr'><strong>Naaman</strong></span> <span class='ocrx_word' id='word_1_150' title='bbox 990 2153 1144 2224; x_wconf 85' lang='lat' dir='ltr'><strong>Syro,</strong></span> <span class='ocrx_word' id='word_1_151' title='bbox 1170 2156 1226 2208; x_wconf 83' lang='lat' dir='ltr'><strong>et</strong></span> <span class='ocrx_word' id='word_1_152' title='bbox 1241 2152 1328 2207; x_wconf 81' lang='lat' dir='ltr'><strong>die</strong></span> <span class='ocrx_word' id='word_1_153' title='bbox 1357 2151 1596 2223; x_wconf 79' lang='lat' dir='ltr'><strong>septimo</strong></span> <span class='ocrx_word' id='word_1_154' title='bbox 1630 2150 1854 2204; x_wconf 78' lang='lat' dir='ltr'><strong>lora-tur</strong></span> 
     </span>
    </p>
   </div>
   <div class='ocr_carea' id='block_1_24' title="bbox 866 2243 1230 2298">
    <p class='ocr_par' dir='ltr' id='par_1_24' title="bbox 866 2243 1230 2298">
     <span class='ocr_line' id='line_1_24' title="bbox 866 2243 1230 2298; baseline -0.005 0"><span class='ocrx_word' id='word_1_155' title='bbox 866 2244 929 2298; x_wconf 85' lang='lat' dir='ltr'><strong>in</strong></span> <span class='ocrx_word' id='word_1_156' title='bbox 967 2243 1230 2298; x_wconf 75' lang='lat' dir='ltr'><strong>Iordane.</strong></span> 
     </span>
    </p>
   </div>
   <div class='ocr_carea' id='block_1_25' title="bbox 330 2345 1852 2420">
    <p class='ocr_par' dir='ltr' id='par_1_25' title="bbox 330 2345 1852 2420">
     <span class='ocr_line' id='line_1_25' title="bbox 330 2345 1852 2420; baseline -0.002 -17"><span class='ocrx_word' id='word_1_157' title='bbox 330 2350 572 2403; x_wconf 87' lang='lat' dir='ltr'><strong>Naaman</strong></span> <span class='ocrx_word' id='word_1_158' title='bbox 601 2347 860 2420; x_wconf 79' lang='lat' dir='ltr'><strong>princeps</strong></span> <span class='ocrx_word' id='word_1_159' title='bbox 893 2348 1094 2404; x_wconf 84' lang='lat' dir='ltr'><strong>militia</strong></span> <span class='ocrx_word' id='word_1_160' title='bbox 1125 2349 1272 2419; x_wconf 89' lang='lat' dir='ltr'><strong>regis</strong></span> <span class='ocrx_word' id='word_1_161' title='bbox 1292 2347 1463 2420; x_wconf 81' lang='lat' dir='ltr'><strong>Syria</strong></span> <span class='ocrx_word' id='word_1_162' title='bbox 1479 2353 1597 2402; x_wconf 85' lang='lat' dir='ltr'><strong>erat</strong></span> <span class='ocrx_word' id='word_1_163' title='bbox 1624 2345 1704 2400; x_wconf 90' lang='lat' dir='ltr'><strong>vir</strong></span> <span class='ocrx_word' id='word_1_164' title='bbox 1732 2361 1852 2400; x_wconf 91' lang='lat' dir='ltr'><strong>ma-</strong></span> 
     </span>
    </p>
   </div>
   <div class='ocr_carea' id='block_1_26' title="bbox 259 2435 1855 2509">
    <p class='ocr_par' dir='ltr' id='par_1_26' title="bbox 259 2435 1855 2509">
     <span class='ocr_line' id='line_1_26' title="bbox 259 2435 1855 2509; baseline -0.001 -19"><span class='ocrx_word' id='word_1_165' title='bbox 259 2453 405 2509; x_wconf 83' lang='lat' dir='ltr'><strong>gnus</strong></span> <span class='ocrx_word' id='word_1_166' title='bbox 438 2446 492 2492; x_wconf 89' lang='lat' dir='ltr'><strong>et</strong></span> <span class='ocrx_word' id='word_1_167' title='bbox 515 2437 692 2502; x_wconf 83' lang='lat' dir='ltr'><strong>dives,</strong></span> <span class='ocrx_word' id='word_1_168' title='bbox 717 2438 815 2492; x_wconf 89' lang='lat' dir='ltr'><strong>sed</strong></span> <span class='ocrx_word' id='word_1_169' title='bbox 834 2439 1105 2507; x_wconf 88' lang='lat' dir='ltr'><strong>leprosus,</strong></span> <span class='ocrx_word' id='word_1_170' title='bbox 1130 2445 1183 2491; x_wconf 93' lang='lat' dir='ltr'><strong>et</strong></span> <span class='ocrx_word' id='word_1_171' title='bbox 1205 2436 1442 2490; x_wconf 84' lang='lat' dir='ltr'><strong>habebat</strong></span> <span class='ocrx_word' id='word_1_172' title='bbox 1476 2435 1528 2489; x_wconf 92' lang='lat' dir='ltr'><strong>in</strong></span> <span class='ocrx_word' id='word_1_173' title='bbox 1559 2435 1721 2489; x_wconf 92' lang='lat' dir='ltr'><strong>domo</strong></span> <span class='ocrx_word' id='word_1_174' title='bbox 1753 2449 1855 2488; x_wconf 90' lang='lat' dir='ltr'><strong>sua</strong></span> 
     </span>
    </p>
   </div>
   <div class='ocr_carea' id='block_1_27' title="bbox 256 2523 1846 2598">
    <p class='ocr_par' dir='ltr' id='par_1_27' title="bbox 256 2523 1846 2598">
     <span class='ocr_line' id='line_1_27' title="bbox 256 2523 1846 2598; baseline -0.002 -18"><span class='ocrx_word' id='word_1_175' title='bbox 256 2526 490 2598; x_wconf 91' lang='lat' dir='ltr'><strong>puellam</strong></span> <span class='ocrx_word' id='word_1_176' title='bbox 522 2527 810 2598; x_wconf 84' lang='lat' dir='ltr'><strong>quamdam</strong></span> <span class='ocrx_word' id='word_1_177' title='bbox 833 2527 1082 2582; x_wconf 86' lang='lat' dir='ltr'><strong>ancillam</strong></span> <span class='ocrx_word' id='word_1_178' title='bbox 1115 2541 1184 2580; x_wconf 81' lang='lat' dir='ltr'><strong>ex</strong></span> <span class='ocrx_word' id='word_1_179' title='bbox 1209 2535 1347 2580; x_wconf 90' lang='lat' dir='ltr'><strong>terra</strong></span> <span class='ocrx_word' id='word_1_180' title='bbox 1368 2523 1589 2579; x_wconf 85' lang='lat' dir='ltr'><strong>Israelis</strong></span> <span class='ocrx_word' id='word_1_181' title='bbox 1609 2524 1705 2591; x_wconf 89' lang='lat' dir='ltr'><strong>(IV</strong></span> <span class='ocrx_word' id='word_1_182' title='bbox 1720 2526 1846 2593; x_wconf 82' lang='lat' dir='ltr'><strong>Reg.</strong></span> 
     </span>
    </p>
   </div>
   <div class='ocr_carea' id='block_1_28' title="bbox 259 2621 1854 2694">
    <p class='ocr_par' dir='ltr' id='par_1_28' title="bbox 259 2621 1854 2694">
     <span class='ocr_line' id='line_1_28' title="bbox 259 2621 1854 2694; baseline -0.003 -17"><span class='ocrx_word' id='word_1_183' title='bbox 259 2622 336 2692; x_wconf 91' lang='lat' dir='ltr'><strong>v).</strong></span> <span class='ocrx_word' id='word_1_184' title='bbox 356 2623 482 2679; x_wconf 84' lang='lat' dir='ltr'><strong>Hac</strong></span> <span class='ocrx_word' id='word_1_185' title='bbox 495 2631 576 2678; x_wconf 89' lang='lat' dir='ltr'><strong>est</strong></span> <span class='ocrx_word' id='word_1_186' title='bbox 599 2623 772 2678; x_wconf 89' lang='lat' dir='ltr'><strong>series</strong></span> <span class='ocrx_word' id='word_1_187' title='bbox 790 2623 1031 2678; x_wconf 88' lang='lat' dir='ltr'><strong>historia</strong></span> <span class='ocrx_word' id='word_1_188' title='bbox 1051 2638 1212 2694; x_wconf 87' lang='lat' dir='ltr'><strong>quam</strong></span> <span class='ocrx_word' id='word_1_189' title='bbox 1238 2623 1585 2676; x_wconf 85' lang='lat' dir='ltr'><strong>retexuimus.</strong></span> <span class='ocrx_word' id='word_1_190' title='bbox 1611 2621 1854 2674; x_wconf 88' lang='lat' dir='ltr'><strong>Historia</strong></span> 
     </span>
    </p>
   </div>
   <div class='ocr_carea' id='block_1_29' title="bbox 264 2708 1844 2780">
    <p class='ocr_par' dir='ltr' id='par_1_29' title="bbox 264 2708 1844 2780">
     <span class='ocr_line' id='line_1_29' title="bbox 264 2708 1844 2780; baseline -0.002 -14"><span class='ocrx_word' id='word_1_191' title='bbox 264 2720 347 2766; x_wconf 91' lang='lat' dir='ltr'><strong>est</strong></span> <span class='ocrx_word' id='word_1_192' title='bbox 383 2711 708 2768; x_wconf 84' lang='lat' dir='ltr'><strong>ductrinalis</strong></span> <span class='ocrx_word' id='word_1_193' title='bbox 737 2727 888 2776; x_wconf 89' lang='lat' dir='ltr'><strong>area,</strong></span> <span class='ocrx_word' id='word_1_194' title='bbox 921 2711 972 2765; x_wconf 90' lang='lat' dir='ltr'><strong>in</strong></span> <span class='ocrx_word' id='word_1_195' title='bbox 1006 2727 1112 2780; x_wconf 91' lang='lat' dir='ltr'><strong>qua</strong></span> <span class='ocrx_word' id='word_1_196' title='bbox 1142 2711 1267 2766; x_wconf 92' lang='lat' dir='ltr'><strong>boni</strong></span> <span class='ocrx_word' id='word_1_197' title='bbox 1301 2710 1648 2764; x_wconf 89' lang='lat' dir='ltr'><strong>discursores</strong></span> <span class='ocrx_word' id='word_1_198' title='bbox 1677 2708 1844 2780; x_wconf 80' lang='lat' dir='ltr'><strong>ﬂagel</strong></span> 
     </span>
    </p>
   </div>
   <div class='ocr_carea' id='block_1_30' title="bbox 253 2799 1860 2872">
    <p class='ocr_par' dir='ltr' id='par_1_30' title="bbox 253 2799 1860 2872">
     <span class='ocr_line' id='line_1_30' title="bbox 253 2799 1860 2872; baseline -0.001 -19"><span class='ocrx_word' id='word_1_199' title='bbox 253 2799 323 2854; x_wconf 92' lang='lat' dir='ltr'><strong>lis</strong></span> <span class='ocrx_word' id='word_1_200' title='bbox 353 2799 649 2872; x_wconf 88' lang='lat' dir='ltr'><strong>diligentia</strong></span> <span class='ocrx_word' id='word_1_201' title='bbox 671 2809 718 2856; x_wconf 92' lang='lat' dir='ltr'><strong>et</strong></span> <span class='ocrx_word' id='word_1_202' title='bbox 751 2799 1059 2855; x_wconf 82' lang='lat' dir='ltr'><strong>ventilabro</strong></span> <span class='ocrx_word' id='word_1_203' title='bbox 1090 2799 1458 2872; x_wconf 86' lang='lat' dir='ltr'><strong>inquisitionis</strong></span> <span class='ocrx_word' id='word_1_204' title='bbox 1487 2813 1662 2870; x_wconf 89' lang='lat' dir='ltr'><strong>grana</strong></span> <span class='ocrx_word' id='word_1_205' title='bbox 1694 2813 1725 2851; x_wconf 90' lang='lat' dir='ltr'><strong>a</strong></span> <span class='ocrx_word' id='word_1_206' title='bbox 1759 2813 1860 2868; x_wconf 85' lang='lat' dir='ltr'><strong>pa-</strong></span> 
     </span>
    </p>
   </div>
   <div class='ocr_carea' id='block_1_31' title="bbox 255 2895 1838 2968">
    <p class='ocr_par' dir='ltr' id='par_1_31' title="bbox 255 2895 1838 2968">
     <span class='ocr_line' id='line_1_31' title="bbox 255 2895 1838 2968; baseline -0.001 -18"><span class='ocrx_word' id='word_1_207' title='bbox 255 2896 360 2952; x_wconf 90' lang='lat' dir='ltr'><strong>leis</strong></span> <span class='ocrx_word' id='word_1_208' title='bbox 394 2905 672 2968; x_wconf 88' lang='lat' dir='ltr'><strong>separant.</strong></span> <span class='ocrx_word' id='word_1_209' title='bbox 706 2898 856 2953; x_wconf 91' lang='lat' dir='ltr'><strong>Sicut</strong></span> <span class='ocrx_word' id='word_1_210' title='bbox 901 2897 1033 2953; x_wconf 86' lang='lat' dir='ltr'><strong>latet</strong></span> <span class='ocrx_word' id='word_1_211' title='bbox 1080 2898 1186 2952; x_wconf 89' lang='lat' dir='ltr'><strong>mel</strong></span> <span class='ocrx_word' id='word_1_212' title='bbox 1218 2898 1318 2952; x_wconf 85' lang='lat' dir='ltr'><strong>sub</strong></span> <span class='ocrx_word' id='word_1_213' title='bbox 1349 2913 1494 2962; x_wconf 89' lang='lat' dir='ltr'><strong>cera,</strong></span> <span class='ocrx_word' id='word_1_214' title='bbox 1529 2904 1582 2950; x_wconf 84' lang='lat' dir='ltr'><strong>ct</strong></span> <span class='ocrx_word' id='word_1_215' title='bbox 1611 2895 1838 2950; x_wconf 89' lang='lat' dir='ltr'><strong>nucleus</strong></span> 
     </span>
    </p>
   </div>
   <div class='ocr_carea' id='block_1_32' title="bbox 254 2985 1854 3043">
    <p class='ocr_par' dir='ltr' id='par_1_32' title="bbox 254 2985 1854 3043">
     <span class='ocr_line' id='line_1_32' title="bbox 254 2985 1854 3043; baseline 0.001 -2"><span class='ocrx_word' id='word_1_216' title='bbox 254 2986 355 3041; x_wconf 88' lang='lat' dir='ltr'><strong>sub</strong></span> <span class='ocrx_word' id='word_1_217' title='bbox 387 2995 518 3042; x_wconf 87' lang='lat' dir='ltr'><strong>testa</strong></span> <span class='ocrx_word' id='word_1_218' title='bbox 546 3005 558 3041; x_wconf 92' lang='lat'><strong>:</strong></span> <span class='ocrx_word' id='word_1_219' title='bbox 592 2987 670 3043; x_wconf 90' lang='lat' dir='ltr'><strong>sic</strong></span> <span class='ocrx_word' id='word_1_220' title='bbox 700 2987 802 3041; x_wconf 89' lang='lat' dir='ltr'><strong>sub</strong></span> <span class='ocrx_word' id='word_1_221' title='bbox 824 2987 1024 3043; x_wconf 91' lang='lat' dir='ltr'><strong>cortice</strong></span> <span class='ocrx_word' id='word_1_222' title='bbox 1072 2987 1312 3042; x_wconf 87' lang='lat' dir='ltr'><strong>historia</strong></span> <span class='ocrx_word' id='word_1_223' title='bbox 1357 2986 1590 3042; x_wconf 89' lang='lat' dir='ltr'><strong>dulcedo</strong></span> <span class='ocrx_word' id='word_1_224' title='bbox 1622 2985 1854 3043; x_wconf 89' lang='lat' dir='ltr'><strong>morali-</strong></span> 
     </span>
    </p>
   </div>
   <div class='ocr_carea' id='block_1_33' title="bbox 263 3050 2433 3152">
    <p class='ocr_par' dir='ltr' id='par_1_33' title="bbox 263 3050 2433 3152">
     <span class='ocr_line' id='line_1_33' title="bbox 263 3050 2433 3152; baseline -0.004 -22"><span class='ocrx_word' id='word_1_225' title='bbox 263 3076 412 3130; x_wconf 87' lang='lat' dir='ltr'><strong>tatis.</strong></span> <span class='ocrx_word' id='word_1_226' title='bbox 449 3078 699 3131; x_wconf 87' lang='lat' dir='ltr'><strong>Naaman</strong></span> <span class='ocrx_word' id='word_1_227' title='bbox 741 3077 1125 3147; x_wconf 87' lang='lat' dir='ltr'><strong>interpretatur</strong></span> <span class='ocrx_word' id='word_1_228' title='bbox 1155 3078 1338 3140; x_wconf 86' lang='lat' dir='ltr'><strong>decor,</strong></span> <span class='ocrx_word' id='word_1_229' title='bbox 1388 3077 1477 3132; x_wconf 89' lang='lat' dir='ltr'><strong>vel</strong></span> <span class='ocrx_word' id='word_1_230' title='bbox 1508 3078 1765 3140; x_wconf 80' lang='lat' dir='ltr'><strong>decorus,</strong></span> <span class='ocrx_word' id='word_1_231' title='bbox 1799 3084 1848 3131; x_wconf 93' lang='lat' dir='ltr'><strong>et</strong></span> <span class='ocrx_word' id='word_1_232' title='bbox 1881 3088 1929 3152; x_wconf 71' lang='grc' dir='ltr'><strong>Ο</strong></span> <span class='ocrx_word' id='word_1_233' title='bbox 1965 3056 2056 3128; x_wconf 59' lang='lat' dir='ltr'><strong>(illi</strong></span> <span class='ocrx_word' id='word_1_234' title='bbox 2089 3055 2166 3152; x_wconf 41' lang='lat' dir='ltr'><strong>de.</strong></span> <span class='ocrx_word' id='word_1_235' title='bbox 2189 3061 2366 3152; x_wconf 39' lang='lat' dir='ltr'><strong>sugg-9</strong></span> <span class='ocrx_word' id='word_1_236' title='bbox 2387 3050 2433 3152; x_wconf 39' lang='grc' dir='ltr'><strong>,ἢ</strong></span> 
     </span>
    </p>
   </div>
   <div class='ocr_carea' id='block_1_34' title="bbox 252 3163 1843 3236">
    <p class='ocr_par' dir='ltr' id='par_1_34' title="bbox 252 3163 1843 3236">
     <span class='ocr_line' id='line_1_34' title="bbox 252 3163 1843 3236; baseline 0 -17"><span class='ocrx_word' id='word_1_237' title='bbox 252 3163 527 3234; x_wconf 81' lang='lat' dir='ltr'><strong>significat</strong></span> <span class='ocrx_word' id='word_1_238' title='bbox 560 3165 759 3220; x_wconf 90' lang='lat' dir='ltr'><strong>divites</strong></span> <span class='ocrx_word' id='word_1_239' title='bbox 795 3166 959 3234; x_wconf 89' lang='lat' dir='ltr'><strong>hujus</strong></span> <span class='ocrx_word' id='word_1_240' title='bbox 988 3166 1193 3231; x_wconf 91' lang='lat' dir='ltr'><strong>mundi,</strong></span> <span class='ocrx_word' id='word_1_241' title='bbox 1220 3166 1319 3236; x_wconf 91' lang='lat' dir='ltr'><strong>qui</strong></span> <span class='ocrx_word' id='word_1_242' title='bbox 1352 3165 1606 3220; x_wconf 91' lang='lat' dir='ltr'><strong>videntur</strong></span> <span class='ocrx_word' id='word_1_243' title='bbox 1624 3164 1676 3218; x_wconf 91' lang='lat' dir='ltr'><strong>in</strong></span> <span class='ocrx_word' id='word_1_244' title='bbox 1708 3181 1843 3219; x_wconf 91' lang='lat' dir='ltr'><strong>ocu-</strong></span> 
     </span>
    </p>
   </div>
   <div class='ocr_carea' id='block_1_35' title="bbox 252 3262 1838 3334">
    <p class='ocr_par' dir='ltr' id='par_1_35' title="bbox 252 3262 1838 3334">
     <span class='ocr_line' id='line_1_35' title="bbox 252 3262 1838 3334; baseline -0.001 -17"><span class='ocrx_word' id='word_1_245' title='bbox 252 3262 318 3317; x_wconf 90' lang='lat' dir='ltr'><strong>lis</strong></span> <span class='ocrx_word' id='word_1_246' title='bbox 347 3263 462 3317; x_wconf 87' lang='lat' dir='ltr'><strong>suis</strong></span> <span class='ocrx_word' id='word_1_247' title='bbox 482 3271 734 3334; x_wconf 90' lang='lat' dir='ltr'><strong>potentes</strong></span> <span class='ocrx_word' id='word_1_248' title='bbox 767 3272 818 3317; x_wconf 91' lang='lat' dir='ltr'><strong>et</strong></span> <span class='ocrx_word' id='word_1_249' title='bbox 840 3263 1110 3333; x_wconf 90' lang='lat' dir='ltr'><strong>praclari.</strong></span> <span class='ocrx_word' id='word_1_250' title='bbox 1148 3264 1212 3317; x_wconf 84' lang='lat' dir='ltr'><strong>Hi</strong></span> <span class='ocrx_word' id='word_1_251' title='bbox 1247 3263 1626 3334; x_wconf 81' lang='lat' dir='ltr'><strong>praditicOpia</strong></span> <span class='ocrx_word' id='word_1_252' title='bbox 1647 3279 1838 3330; x_wconf 90' lang='lat' dir='ltr'><strong>rerum,</strong></span> 
     </span>
    </p>
   </div>
   <div class='ocr_carea' id='block_1_36' title="bbox 248 3351 1845 3423">
    <p class='ocr_par' dir='ltr' id='par_1_36' title="bbox 248 3351 1845 3423">
     <span class='ocr_line' id='line_1_36' title="bbox 248 3351 1845 3423; baseline 0.001 -18"><span class='ocrx_word' id='word_1_253' title='bbox 248 3351 477 3423; x_wconf 74' lang='lat' dir='ltr'><strong>gloriosi</strong></span> <span class='ocrx_word' id='word_1_254' title='bbox 505 3351 674 3406; x_wconf 87' lang='lat' dir='ltr'><strong>titulis</strong></span> <span class='ocrx_word' id='word_1_255' title='bbox 729 3361 1036 3422; x_wconf 89' lang='lat' dir='ltr'><strong>parentum,</strong></span> <span class='ocrx_word' id='word_1_256' title='bbox 1087 3353 1348 3406; x_wconf 89' lang='lat' dir='ltr'><strong>sublimes</strong></span> <span class='ocrx_word' id='word_1_257' title='bbox 1394 3352 1717 3407; x_wconf 90' lang='lat' dir='ltr'><strong>celsitudine</strong></span> <span class='ocrx_word' id='word_1_258' title='bbox 1748 3367 1845 3406; x_wconf 92' lang='lat' dir='ltr'><strong>no-</strong></span> 
     </span>
    </p>
   </div>
   <div class='ocr_carea' id='block_1_37' title="bbox 253 3440 1841 3507">
    <p class='ocr_par' dir='ltr' id='par_1_37' title="bbox 253 3440 1841 3507">
     <span class='ocr_line' id='line_1_37' title="bbox 253 3440 1841 3507; baseline -0.001 -12"><span class='ocrx_word' id='word_1_259' title='bbox 253 3450 452 3506; x_wconf 91' lang='lat' dir='ltr'><strong>torum,</strong></span> <span class='ocrx_word' id='word_1_260' title='bbox 510 3441 778 3495; x_wconf 74' lang='lat' dir='ltr'><strong>habentes</strong></span> <span class='ocrx_word' id='word_1_261' title='bbox 808 3441 1090 3497; x_wconf 89' lang='lat' dir='ltr'><strong>scientiam</strong></span> <span class='ocrx_word' id='word_1_262' title='bbox 1140 3441 1425 3496; x_wconf 90' lang='lat' dir='ltr'><strong>litteralem</strong></span> <span class='ocrx_word' id='word_1_263' title='bbox 1457 3449 1510 3495; x_wconf 91' lang='lat' dir='ltr'><strong>et</strong></span> <span class='ocrx_word' id='word_1_264' title='bbox 1547 3440 1841 3507; x_wconf 86' lang='lat' dir='ltr'><strong>forensem,</strong></span> 
     </span>
    </p>
   </div>
   <div class='ocr_carea' id='block_1_38' title="bbox 247 3538 1847 3610">
    <p class='ocr_par' dir='ltr' id='par_1_38' title="bbox 247 3538 1847 3610">
     <span class='ocr_line' id='line_1_38' title="bbox 247 3538 1847 3610; baseline 0.001 -17"><span class='ocrx_word' id='word_1_265' title='bbox 247 3538 449 3609; x_wconf 90' lang='lat' dir='ltr'><strong>leprosi</strong></span> <span class='ocrx_word' id='word_1_266' title='bbox 475 3547 657 3594; x_wconf 90' lang='lat' dir='ltr'><strong>tamen</strong></span> <span class='ocrx_word' id='word_1_267' title='bbox 687 3540 1114 3595; x_wconf 67' lang='lat' dir='ltr'><strong>sunt&#39;varietate</strong></span> <span class='ocrx_word' id='word_1_268' title='bbox 1157 3539 1469 3594; x_wconf 89' lang='lat' dir='ltr'><strong>criminum.</strong></span> <span class='ocrx_word' id='word_1_269' title='bbox 1511 3539 1847 3610; x_wconf 82' lang='lat' dir='ltr'><strong>Multiplicati</strong></span> 
     </span>
    </p>
   </div>
   <div class='ocr_carea' id='block_1_39' title="bbox 252 3633 1844 3706">
    <p class='ocr_par' dir='ltr' id='par_1_39' title="bbox 252 3633 1844 3706">
     <span class='ocr_line' id='line_1_39' title="bbox 252 3633 1844 3706; baseline 0.001 -18"><span class='ocrx_word' id='word_1_270' title='bbox 252 3633 435 3690; x_wconf 83' lang='lat' dir='ltr'><strong>fructu</strong></span> <span class='ocrx_word' id='word_1_271' title='bbox 464 3634 742 3699; x_wconf 82' lang='lat' dir='ltr'><strong>frumenti,</strong></span> <span class='ocrx_word' id='word_1_272' title='bbox 777 3635 884 3689; x_wconf 91' lang='lat' dir='ltr'><strong>vini</strong></span> <span class='ocrx_word' id='word_1_273' title='bbox 915 3643 967 3690; x_wconf 90' lang='lat' dir='ltr'><strong>et</strong></span> <span class='ocrx_word' id='word_1_274' title='bbox 1023 3635 1131 3688; x_wconf 91' lang='lat' dir='ltr'><strong>olei</strong></span> <span class='ocrx_word' id='word_1_275' title='bbox 1187 3643 1331 3697; x_wconf 82' lang='lat' dir='ltr'><strong>sunt,</strong></span> <span class='ocrx_word' id='word_1_276' title='bbox 1374 3635 1519 3706; x_wconf 91' lang='lat' dir='ltr'><strong>quod</strong></span> <span class='ocrx_word' id='word_1_277' title='bbox 1564 3643 1645 3690; x_wconf 89' lang='lat' dir='ltr'><strong>est</strong></span> <span class='ocrx_word' id='word_1_278' title='bbox 1676 3644 1844 3689; x_wconf 87' lang='lat' dir='ltr'><strong>mate-</strong></span> 
     </span>
    </p>
   </div>
   <div class='ocr_carea' id='block_1_40' title="bbox 261 3722 1845 3794">
    <p class='ocr_par' dir='ltr' id='par_1_40' title="bbox 261 3722 1845 3794">
     <span class='ocr_line' id='line_1_40' title="bbox 261 3722 1845 3794; baseline -0.001 -16"><span class='ocrx_word' id='word_1_279' title='bbox 261 3722 343 3778; x_wconf 90' lang='lat' dir='ltr'><strong>ria</strong></span> <span class='ocrx_word' id='word_1_280' title='bbox 375 3729 427 3778; x_wconf 88' lang='lat' dir='ltr'><strong>et</strong></span> <span class='ocrx_word' id='word_1_281' title='bbox 456 3724 836 3794; x_wconf 86' lang='lat' dir='ltr'><strong>Opportunitas</strong></span> <span class='ocrx_word' id='word_1_282' title='bbox 875 3723 1159 3794; x_wconf 89' lang='lat' dir='ltr'><strong>peccandi,</strong></span> <span class='ocrx_word' id='word_1_283' title='bbox 1186 3724 1473 3794; x_wconf 89' lang='lat' dir='ltr'><strong>proniores</strong></span> <span class='ocrx_word' id='word_1_284' title='bbox 1513 3733 1636 3778; x_wconf 87' lang='lat' dir='ltr'><strong>sunt</strong></span> <span class='ocrx_word' id='word_1_285' title='bbox 1667 3725 1737 3778; x_wconf 87' lang='lat' dir='ltr'><strong>ad</strong></span> <span class='ocrx_word' id='word_1_286' title='bbox 1769 3724 1845 3777; x_wconf 90' lang='lat' dir='ltr'><strong>vi-</strong></span> 
     </span>
    </p>
   </div>
   <div class='ocr_carea' id='block_1_41' title="bbox 249 3819 1843 3890">
    <p class='ocr_par' dir='ltr' id='par_1_41' title="bbox 249 3819 1843 3890">
     <span class='ocr_line' id='line_1_41' title="bbox 249 3819 1843 3890; baseline 0 -17"><span class='ocrx_word' id='word_1_287' title='bbox 249 3819 344 3889; x_wconf 88' lang='lat' dir='ltr'><strong>tia,</strong></span> <span class='ocrx_word' id='word_1_288' title='bbox 379 3827 432 3874; x_wconf 92' lang='lat' dir='ltr'><strong>et</strong></span> <span class='ocrx_word' id='word_1_289' title='bbox 459 3820 765 3890; x_wconf 89' lang='lat' dir='ltr'><strong>paratiores</strong></span> <span class='ocrx_word' id='word_1_290' title='bbox 795 3821 863 3874; x_wconf 88' lang='lat' dir='ltr'><strong>ad</strong></span> <span class='ocrx_word' id='word_1_291' title='bbox 900 3820 1126 3888; x_wconf 88' lang='lat' dir='ltr'><strong>scelera,</strong></span> <span class='ocrx_word' id='word_1_292' title='bbox 1161 3821 1232 3874; x_wconf 90' lang='lat' dir='ltr'><strong>ad</strong></span> <span class='ocrx_word' id='word_1_293' title='bbox 1261 3820 1511 3888; x_wconf 91' lang='lat' dir='ltr'><strong>injuriam</strong></span> <span class='ocrx_word' id='word_1_294' title='bbox 1554 3819 1843 3874; x_wconf 87' lang='lat' dir='ltr'><strong>liberiores</strong></span> 
     </span>
    </p>
   </div>
   <div class='ocr_carea' id='block_1_42' title="bbox 254 3907 1844 3979">
    <p class='ocr_par' dir='ltr' id='par_1_42' title="bbox 254 3907 1844 3979">
     <span class='ocr_line' id='line_1_42' title="bbox 254 3907 1844 3979; baseline 0 -17"><span class='ocrx_word' id='word_1_295' title='bbox 254 3907 395 3963; x_wconf 87' lang='lat' dir='ltr'><strong>sicut</strong></span> <span class='ocrx_word' id='word_1_296' title='bbox 455 3909 681 3963; x_wconf 90' lang='lat' dir='ltr'><strong>dicitur:</strong></span> <span class='ocrx_word' id='word_1_297' title='bbox 753 3932 773 3956; x_wconf 69' lang='grc' dir='ltr'><strong>η</strong></span> <span class='ocrx_word' id='word_1_298' title='bbox 839 3909 1042 3964; x_wconf 88' lang='lat' dir='ltr'><strong>Prodiit</strong></span> <span class='ocrx_word' id='word_1_299' title='bbox 1100 3909 1256 3979; x_wconf 89' lang='lat' dir='ltr'><strong>quasi</strong></span> <span class='ocrx_word' id='word_1_300' title='bbox 1302 3925 1368 3963; x_wconf 81' lang='lat' dir='ltr'><strong>ex</strong></span> <span class='ocrx_word' id='word_1_301' title='bbox 1400 3909 1559 3979; x_wconf 90' lang='lat' dir='ltr'><strong>adipe</strong></span> <span class='ocrx_word' id='word_1_302' title='bbox 1587 3908 1844 3978; x_wconf 81' lang='lat' dir='ltr'><strong>iniquitas</strong></span> 
     </span>
    </p>
   </div>
   <div class='ocr_carea' id='block_1_43' title="bbox 248 3997 1846 4068">
    <p class='ocr_par' dir='ltr' id='par_1_43' title="bbox 248 3997 1846 4068">
     <span class='ocr_line' id='line_1_43' title="bbox 248 3997 1846 4068; baseline -0.001 -16"><span class='ocrx_word' id='word_1_303' title='bbox 248 4012 441 4053; x_wconf 87' lang='lat' dir='ltr'><strong>eorum</strong></span> <span class='ocrx_word' id='word_1_304' title='bbox 475 3999 656 4064; x_wconf 79' lang='lat' dir='ltr'><strong>(Psal.</strong></span> <span class='ocrx_word' id='word_1_305' title='bbox 695 3999 902 4063; x_wconf 79' lang='lat' dir='ltr'><strong>Lxxu).</strong></span> <span class='ocrx_word' id='word_1_306' title='bbox 945 4021 967 4046; x_wconf 72' lang='grc' dir='ltr'>ι</span> <span class='ocrx_word' id='word_1_307' title='bbox 1021 3997 1156 4052; x_wconf 90' lang='lat' dir='ltr'><strong>Cum</strong></span> <span class='ocrx_word' id='word_1_308' title='bbox 1185 4006 1363 4052; x_wconf 89' lang='lat' dir='ltr'><strong>tamen</strong></span> <span class='ocrx_word' id='word_1_309' title='bbox 1393 3998 1602 4053; x_wconf 91' lang='lat' dir='ltr'><strong>venerit</strong></span> <span class='ocrx_word' id='word_1_310' title='bbox 1634 4005 1846 4068; x_wconf 89' lang='lat' dir='ltr'><strong>tempus</strong></span> 
     </span>
    </p>
   </div>
   <div class='ocr_carea' id='block_1_44' title="bbox 251 4086 1850 4157">
    <p class='ocr_par' dir='ltr' id='par_1_44' title="bbox 251 4086 1850 4157">
     <span class='ocr_line' id='line_1_44' title="bbox 251 4086 1850 4157; baseline 0.001 -18"><span class='ocrx_word' id='word_1_311' title='bbox 251 4086 573 4150; x_wconf 80' lang='lat' dir='ltr'><strong>miserandi,</strong></span> <span class='ocrx_word' id='word_1_312' title='bbox 634 4095 687 4141; x_wconf 89' lang='lat' dir='ltr'><strong>et</strong></span> <span class='ocrx_word' id='word_1_313' title='bbox 739 4095 953 4157; x_wconf 88' lang='lat' dir='ltr'><strong>tempus</strong></span> <span class='ocrx_word' id='word_1_314' title='bbox 1025 4087 1345 4142; x_wconf 81' lang='lat' dir='ltr'><strong>visitationis</strong></span> <span class='ocrx_word' id='word_1_315' title='bbox 1411 4103 1599 4142; x_wconf 89' lang='lat' dir='ltr'><strong>eornm</strong></span> <span class='ocrx_word' id='word_1_316' title='bbox 1651 4087 1850 4140; x_wconf 86' lang='lat' dir='ltr'><strong>habent</strong></span> 
     </span>
    </p>
   </div>
   <div class='ocr_carea' id='block_1_45' title="bbox 251 4173 1850 4247">
    <p class='ocr_par' dir='ltr' id='par_1_45' title="bbox 251 4173 1850 4247">
     <span class='ocr_line' id='line_1_45' title="bbox 251 4173 1850 4247; baseline -0.003 -14"><span class='ocrx_word' id='word_1_317' title='bbox 251 4175 537 4233; x_wconf 89' lang='lat' dir='ltr'><strong>consilium</strong></span> <span class='ocrx_word' id='word_1_318' title='bbox 571 4175 794 4245; x_wconf 91' lang='lat' dir='ltr'><strong>puella.</strong></span> <span class='ocrx_word' id='word_1_319' title='bbox 837 4173 1020 4230; x_wconf 89' lang='lat' dir='ltr'><strong>Puella</strong></span> <span class='ocrx_word' id='word_1_320' title='bbox 1050 4175 1155 4230; x_wconf 88' lang='lat' dir='ltr'><strong>ista</strong></span> <span class='ocrx_word' id='word_1_321' title='bbox 1211 4184 1293 4230; x_wconf 90' lang='lat' dir='ltr'><strong>est</strong></span> <span class='ocrx_word' id='word_1_322' title='bbox 1341 4176 1524 4230; x_wconf 86' lang='lat' dir='ltr'><strong>divina</strong></span> <span class='ocrx_word' id='word_1_323' title='bbox 1555 4176 1733 4247; x_wconf 87' lang='lat' dir='ltr'><strong>gratia</strong></span> <span class='ocrx_word' id='word_1_324' title='bbox 1764 4183 1850 4236; x_wconf 81' lang='lat' dir='ltr'><strong>vel</strong></span> 
     </span>
    </p>
   </div>
   <div class='ocr_carea' id='block_1_46' title="bbox 259 4269 1853 4344">
    <p class='ocr_par' dir='ltr' id='par_1_46' title="bbox 259 4269 1853 4344">
     <span class='ocr_line' id='line_1_46' title="bbox 259 4269 1853 4344; baseline 0.001 -17"><span class='ocrx_word' id='word_1_325' title='bbox 259 4271 527 4343; x_wconf 86' lang='lat' dir='ltr'><strong>sapientia.</strong></span> <span class='ocrx_word' id='word_1_326' title='bbox 558 4289 679 4343; x_wconf 89' lang='lat' dir='ltr'><strong>qua</strong></span> <span class='ocrx_word' id='word_1_327' title='bbox 711 4273 865 4344; x_wconf 91' lang='lat' dir='ltr'><strong>virgo</strong></span> <span class='ocrx_word' id='word_1_328' title='bbox 894 4282 976 4326; x_wconf 86' lang='lat' dir='ltr'><strong>est</strong></span> <span class='ocrx_word' id='word_1_329' title='bbox 1015 4280 1242 4343; x_wconf 90' lang='lat' dir='ltr'><strong>pr0pter</strong></span> <span class='ocrx_word' id='word_1_330' title='bbox 1289 4273 1680 4343; x_wconf 84' lang='lat' dir='ltr'><strong>integritatem,</strong></span> <span class='ocrx_word' id='word_1_331' title='bbox 1714 4269 1853 4330; x_wconf 74' lang='lat' dir='ltr'><strong>sicut</strong></span> 
     </span>
    </p>
   </div>
   <div class='ocr_carea' id='block_1_47' title="bbox 256 4361 1853 4432">
    <p class='ocr_par' dir='ltr' id='par_1_47' title="bbox 256 4361 1853 4432">
     <span class='ocr_line' id='line_1_47' title="bbox 256 4361 1853 4432; baseline -0.001 -16"><span class='ocrx_word' id='word_1_332' title='bbox 256 4362 346 4416; x_wconf 89' lang='lat' dir='ltr'><strong>illa</strong></span> <span class='ocrx_word' id='word_1_333' title='bbox 379 4361 584 4432; x_wconf 81' lang='lat' dir='ltr'><strong>Abisag</strong></span> <span class='ocrx_word' id='word_1_334' title='bbox 615 4377 722 4432; x_wconf 93' lang='lat' dir='ltr'><strong>qua</strong></span> <span class='ocrx_word' id='word_1_335' title='bbox 753 4377 914 4415; x_wconf 88' lang='lat' dir='ltr'><strong>senes</strong></span> <span class='ocrx_word' id='word_1_336' title='bbox 951 4361 1226 4428; x_wconf 81' lang='lat' dir='ltr'><strong>calefacit,</strong></span> <span class='ocrx_word' id='word_1_337' title='bbox 1283 4361 1517 4430; x_wconf 89' lang='lat' dir='ltr'><strong>juvenes</strong></span> <span class='ocrx_word' id='word_1_338' title='bbox 1567 4379 1673 4417; x_wconf 91' lang='lat' dir='ltr'><strong>non</strong></span> <span class='ocrx_word' id='word_1_339' title='bbox 1725 4363 1853 4417; x_wconf 90' lang='lat' dir='ltr'><strong>urit.</strong></span> 
     </span>
    </p>
   </div>
   <div class='ocr_carea' id='block_1_48' title="bbox 257 4439 1999 4522">
    <p class='ocr_par' dir='ltr' id='par_1_48' title="bbox 257 4439 1999 4522">
     <span class='ocr_line' id='line_1_48' title="bbox 257 4439 1999 4522; baseline 0.001 -18"><span class='ocrx_word' id='word_1_340' title='bbox 257 4450 392 4520; x_wconf 87' lang='lat' dir='ltr'><strong>Qua</strong></span> <span class='ocrx_word' id='word_1_341' title='bbox 423 4451 582 4504; x_wconf 89' lang='lat' dir='ltr'><strong>etiam</strong></span> <span class='ocrx_word' id='word_1_342' title='bbox 612 4450 794 4522; x_wconf 91' lang='lat' dir='ltr'><strong>puella</strong></span> <span class='ocrx_word' id='word_1_343' title='bbox 816 4450 1009 4504; x_wconf 87' lang='lat' dir='ltr'><strong>ancilla</strong></span> <span class='ocrx_word' id='word_1_344' title='bbox 1030 4459 1132 4518; x_wconf 87' lang='lat' dir='ltr'><strong>est,</strong></span> <span class='ocrx_word' id='word_1_345' title='bbox 1166 4449 1292 4520; x_wconf 88' lang='lat' dir='ltr'><strong>quia</strong></span> <span class='ocrx_word' id='word_1_346' title='bbox 1314 4450 1567 4505; x_wconf 90' lang='lat' dir='ltr'><strong>omnibus</strong></span> <span class='ocrx_word' id='word_1_347' title='bbox 1591 4451 1852 4507; x_wconf 79' lang='lat' dir='ltr'><strong>oﬂiciosa°</strong></span> <span class='ocrx_word' id='word_1_348' title='bbox 1883 4444 1936 4505; x_wconf 91' lang='lat' dir='ltr'><strong>D</strong></span> <span class='ocrx_word' id='word_1_349' title='bbox 1968 4439 1999 4478; x_wconf 60' lang='grc' dir='ltr'><strong>ν</strong></span> 
     </span>
    </p>
   </div>
   <div class='ocr_carea' id='block_1_49' title="bbox 253 4547 1852 4621">
    <p class='ocr_par' dir='ltr' id='par_1_49' title="bbox 253 4547 1852 4621">
     <span class='ocr_line' id='line_1_49' title="bbox 253 4547 1852 4621; baseline 0.001 -18"><span class='ocrx_word' id='word_1_350' title='bbox 253 4548 409 4604; x_wconf 90' lang='lat' dir='ltr'><strong>Unde</strong></span> <span class='ocrx_word' id='word_1_351' title='bbox 439 4548 636 4603; x_wconf 91' lang='lat' dir='ltr'><strong>dicitur</strong></span> <span class='ocrx_word' id='word_1_352' title='bbox 661 4565 673 4602; x_wconf 91' lang='lat'>:</span> <span class='ocrx_word' id='word_1_353' title='bbox 710 4572 731 4595; x_wconf 76' lang='grc' dir='ltr'><em>υ</em></span> <span class='ocrx_word' id='word_1_354' title='bbox 765 4547 1038 4618; x_wconf 90' lang='lat' dir='ltr'><strong>Sapientia</strong></span> <span class='ocrx_word' id='word_1_355' title='bbox 1061 4547 1298 4602; x_wconf 89' lang='lat' dir='ltr'><strong>clamitat</strong></span> <span class='ocrx_word' id='word_1_356' title='bbox 1330 4547 1382 4600; x_wconf 89' lang='lat' dir='ltr'><strong>in</strong></span> <span class='ocrx_word' id='word_1_357' title='bbox 1408 4548 1623 4618; x_wconf 88' lang='lat' dir='ltr'><strong>plateis.</strong></span> <span class='ocrx_word' id='word_1_358' title='bbox 1647 4551 1852 4621; x_wconf 84' lang='lat' dir='ltr'><strong>Usque-</strong></span> 
     </span>
    </p>
   </div>
   <div class='ocr_carea' id='block_1_50' title="bbox 247 4636 1848 4710">
    <p class='ocr_par' dir='ltr' id='par_1_50' title="bbox 247 4636 1848 4710">
     <span class='ocr_line' id='line_1_50' title="bbox 247 4636 1848 4710; baseline 0.001 -19"><span class='ocrx_word' id='word_1_359' title='bbox 247 4653 382 4710; x_wconf 88' lang='lat' dir='ltr'><strong>quo,</strong></span> <span class='ocrx_word' id='word_1_360' title='bbox 407 4637 640 4707; x_wconf 85' lang='lat' dir='ltr'><strong>parvuli,</strong></span> <span class='ocrx_word' id='word_1_361' title='bbox 675 4636 901 4707; x_wconf 87' lang='lat' dir='ltr'><strong>diligitis</strong></span> <span class='ocrx_word' id='word_1_362' title='bbox 937 4636 1218 4690; x_wconf 86' lang='lat' dir='ltr'><strong>infantiam</strong></span> <span class='ocrx_word' id='word_1_363' title='bbox 1249 4638 1426 4706; x_wconf 88' lang='lat' dir='ltr'><strong>(Prov.</strong></span> <span class='ocrx_word' id='word_1_364' title='bbox 1463 4641 1523 4707; x_wconf 83' lang='grc' dir='ltr'><strong>ι).</strong></span> <span class='ocrx_word' id='word_1_365' title='bbox 1562 4661 1582 4685; x_wconf 75' lang='grc' dir='ltr'>ιι</span> <span class='ocrx_word' id='word_1_366' title='bbox 1617 4639 1684 4692; x_wconf 82' lang='grc' dir='ltr'><strong>Ει</strong></span> <span class='ocrx_word' id='word_1_367' title='bbox 1715 4639 1848 4693; x_wconf 84' lang='lat' dir='ltr'><strong>sub-</strong></span> 
     </span>
    </p>
   </div>
   <div class='ocr_carea' id='block_1_51' title="bbox 247 4725 1842 4797">
    <p class='ocr_par' dir='ltr' id='par_1_51' title="bbox 247 4725 1842 4797">
     <span class='ocr_line' id='line_1_51' title="bbox 247 4725 1842 4797; baseline 0.001 -18"><span class='ocrx_word' id='word_1_368' title='bbox 247 4725 419 4780; x_wconf 88' lang='lat' dir='ltr'><strong>inde:</strong></span> <span class='ocrx_word' id='word_1_369' title='bbox 459 4747 480 4771; x_wconf 76' lang='grc' dir='ltr'>α</span> <span class='ocrx_word' id='word_1_370' title='bbox 519 4725 729 4779; x_wconf 89' lang='lat' dir='ltr'><strong>Donum</strong></span> <span class='ocrx_word' id='word_1_371' title='bbox 762 4727 961 4780; x_wconf 85' lang='lat' dir='ltr'><strong>bonum</strong></span> <span class='ocrx_word' id='word_1_372' title='bbox 995 4725 1223 4779; x_wconf 90' lang='lat' dir='ltr'><strong>tribuam</strong></span> <span class='ocrx_word' id='word_1_373' title='bbox 1256 4727 1410 4780; x_wconf 88' lang='lat' dir='ltr'><strong>vobis</strong></span> <span class='ocrx_word' id='word_1_374' title='bbox 1440 4729 1626 4797; x_wconf 83' lang='lat' dir='ltr'><strong>(Prov.</strong></span> <span class='ocrx_word' id='word_1_375' title='bbox 1670 4731 1765 4796; x_wconf 88' lang='lat' dir='ltr'><strong>tv).</strong></span> <span class='ocrx_word' id='word_1_376' title='bbox 1821 4751 1842 4775; x_wconf 75' lang='grc' dir='ltr'><strong><em>η</em></strong></span> 
     </span>
    </p>
   </div>
   <div class='ocr_carea' id='block_1_52' title="bbox 255 4822 1842 4894">
    <p class='ocr_par' dir='ltr' id='par_1_52' title="bbox 255 4822 1842 4894">
     <span class='ocr_line' id='line_1_52' title="bbox 255 4822 1842 4894; baseline 0.001 -17"><span class='ocrx_word' id='word_1_377' title='bbox 255 4823 325 4878; x_wconf 84' lang='grc' dir='ltr'><strong>Ει</strong></span> <span class='ocrx_word' id='word_1_378' title='bbox 377 4838 643 4876; x_wconf 87' lang='lat' dir='ltr'><strong>rursum:</strong></span> <span class='ocrx_word' id='word_1_379' title='bbox 686 4844 704 4868; x_wconf 79' lang='grc' dir='ltr'>ι</span> <span class='ocrx_word' id='word_1_380' title='bbox 758 4822 930 4876; x_wconf 90' lang='lat' dir='ltr'><strong>Bibite</strong></span> <span class='ocrx_word' id='word_1_381' title='bbox 990 4826 1182 4877; x_wconf 88' lang='lat' dir='ltr'><strong>vinum</strong></span> <span class='ocrx_word' id='word_1_382' title='bbox 1246 4825 1392 4894; x_wconf 90' lang='lat' dir='ltr'><strong>quod</strong></span> <span class='ocrx_word' id='word_1_383' title='bbox 1445 4824 1636 4880; x_wconf 88' lang='lat' dir='ltr'><strong>miscui</strong></span> <span class='ocrx_word' id='word_1_384' title='bbox 1683 4824 1842 4879; x_wconf 87' lang='lat' dir='ltr'><strong>vobis</strong></span> 
     </span>
    </p>
   </div>
   <div class='ocr_carea' id='block_1_53' title="bbox 249 4911 1845 4983">
    <p class='ocr_par' dir='ltr' id='par_1_53' title="bbox 249 4911 1845 4983">
     <span class='ocr_line' id='line_1_53' title="bbox 249 4911 1845 4983; baseline -0.009 -2"><span class='ocrx_word' id='word_1_385' title='bbox 249 4914 313 4981; x_wconf 83' lang='grc' dir='ltr'><strong>(Ρ</strong></span> <span class='ocrx_word' id='word_1_386' title='bbox 319 4927 438 4967; x_wconf 73' lang='lat'><strong>7&#39;0”-</strong></span> <span class='ocrx_word' id='word_1_387' title='bbox 478 4913 581 4980; x_wconf 78' lang='lat' dir='ltr'><strong>lx),</strong></span> <span class='ocrx_word' id='word_1_388' title='bbox 618 4933 640 4958; x_wconf 83' lang='lat'><strong>»</strong></span> <span class='ocrx_word' id='word_1_389' title='bbox 675 4912 804 4966; x_wconf 80' lang='lat' dir='ltr'><strong>Hac</strong></span> <span class='ocrx_word' id='word_1_390' title='bbox 835 4921 1018 4966; x_wconf 90' lang='lat' dir='ltr'><strong>tamen</strong></span> <span class='ocrx_word' id='word_1_391' title='bbox 1048 4911 1138 4966; x_wconf 90' lang='lat' dir='ltr'><strong>vel</strong></span> <span class='ocrx_word' id='word_1_392' title='bbox 1173 4912 1371 4967; x_wconf 89' lang='lat' dir='ltr'><strong>ancilla</strong></span> <span class='ocrx_word' id='word_1_393' title='bbox 1391 4913 1582 4967; x_wconf 89' lang='lat' dir='ltr'><strong>sedula</strong></span> <span class='ocrx_word' id='word_1_394' title='bbox 1610 4922 1661 4968; x_wconf 89' lang='lat' dir='ltr'><strong>et</strong></span> <span class='ocrx_word' id='word_1_395' title='bbox 1693 4913 1845 4983; x_wconf 92' lang='lat' dir='ltr'><strong>puel-</strong></span> 
     </span>
    </p>
   </div>
   <div class='ocr_carea' id='block_1_54' title="bbox 248 4998 1847 5071">
    <p class='ocr_par' dir='ltr' id='par_1_54' title="bbox 248 4998 1847 5071">
     <span class='ocr_line' id='line_1_54' title="bbox 248 4998 1847 5071; baseline 0.003 -19"><span class='ocrx_word' id='word_1_396' title='bbox 248 4998 320 5064; x_wconf 92' lang='lat' dir='ltr'><strong>la,</strong></span> <span class='ocrx_word' id='word_1_397' title='bbox 353 5014 478 5054; x_wconf 90' lang='lat' dir='ltr'><strong>cum</strong></span> <span class='ocrx_word' id='word_1_398' title='bbox 510 4999 566 5052; x_wconf 91' lang='lat' dir='ltr'><strong>in</strong></span> <span class='ocrx_word' id='word_1_399' title='bbox 595 5014 656 5054; x_wconf 91' lang='lat' dir='ltr'><strong>se</strong></span> <span class='ocrx_word' id='word_1_400' title='bbox 689 5013 800 5054; x_wconf 91' lang='lat' dir='ltr'><strong>non</strong></span> <span class='ocrx_word' id='word_1_401' title='bbox 833 4999 1026 5054; x_wconf 86' lang='lat' dir='ltr'><strong>habeat</strong></span> <span class='ocrx_word' id='word_1_402' title='bbox 1058 4999 1333 5055; x_wconf 88' lang='lat' dir='ltr'><strong>maculam</strong></span> <span class='ocrx_word' id='word_1_403' title='bbox 1366 5007 1457 5055; x_wconf 88' lang='lat' dir='ltr'><strong>aut</strong></span> <span class='ocrx_word' id='word_1_404' title='bbox 1486 5016 1697 5071; x_wconf 91' lang='lat' dir='ltr'><strong>rugam,</strong></span> <span class='ocrx_word' id='word_1_405' title='bbox 1729 5017 1847 5056; x_wconf 86' lang='lat' dir='ltr'><strong>ser-</strong></span> 
     </span>
    </p>
   </div>
   <div class='ocr_carea' id='block_1_55' title="bbox 251 5087 1847 5160">
    <p class='ocr_par' dir='ltr' id='par_1_55' title="bbox 251 5087 1847 5160">
     <span class='ocr_line' id='line_1_55' title="bbox 251 5087 1847 5160; baseline 0.002 -17"><span class='ocrx_word' id='word_1_406' title='bbox 251 5087 325 5143; x_wconf 89' lang='lat' dir='ltr'><strong>vit</strong></span> <span class='ocrx_word' id='word_1_407' title='bbox 351 5095 533 5142; x_wconf 88' lang='lat' dir='ltr'><strong>tamen</strong></span> <span class='ocrx_word' id='word_1_408' title='bbox 569 5087 773 5158; x_wconf 89' lang='lat' dir='ltr'><strong>leprosi</strong></span> <span class='ocrx_word' id='word_1_409' title='bbox 802 5087 1069 5158; x_wconf 81' lang='lat' dir='ltr'><strong>principis</strong></span> <span class='ocrx_word' id='word_1_410' title='bbox 1099 5089 1340 5160; x_wconf 90' lang='lat' dir='ltr'><strong>conjugi,</strong></span> <span class='ocrx_word' id='word_1_411' title='bbox 1398 5089 1526 5143; x_wconf 92' lang='lat' dir='ltr'><strong>dum</strong></span> <span class='ocrx_word' id='word_1_412' title='bbox 1557 5091 1847 5146; x_wconf 88' lang='lat' dir='ltr'><strong>scelerato-</strong></span> 
     </span>
    </p>
   </div>
   <div class='ocr_carea' id='block_1_56' title="bbox 250 5184 1845 5256">
    <p class='ocr_par' dir='ltr' id='par_1_56' title="bbox 250 5184 1845 5256">
     <span class='ocr_line' id='line_1_56' title="bbox 250 5184 1845 5256; baseline 0.001 -16"><span class='ocrx_word' id='word_1_413' title='bbox 250 5201 369 5240; x_wconf 91' lang='lat' dir='ltr'><strong>rum</strong></span> <span class='ocrx_word' id='word_1_414' title='bbox 402 5192 681 5256; x_wconf 91' lang='lat' dir='ltr'><strong>potentum</strong></span> <span class='ocrx_word' id='word_1_415' title='bbox 737 5184 965 5239; x_wconf 89' lang='lat' dir='ltr'><strong>naturali</strong></span> <span class='ocrx_word' id='word_1_416' title='bbox 1022 5185 1248 5241; x_wconf 88' lang='lat' dir='ltr'><strong>interius</strong></span> <span class='ocrx_word' id='word_1_417' title='bbox 1301 5186 1500 5241; x_wconf 89' lang='lat' dir='ltr'><strong>rationi</strong></span> <span class='ocrx_word' id='word_1_418' title='bbox 1529 5187 1714 5240; x_wconf 87' lang='lat' dir='ltr'><strong>salutis</strong></span> <span class='ocrx_word' id='word_1_419' title='bbox 1744 5188 1845 5242; x_wconf 93' lang='lat' dir='ltr'><strong>de-</strong></span> 
     </span>
    </p>
   </div>
   <div class='ocr_carea' id='block_1_57' title="bbox 251 5273 1848 5346">
    <p class='ocr_par' dir='ltr' id='par_1_57' title="bbox 251 5273 1848 5346">
     <span class='ocr_line' id='line_1_57' title="bbox 251 5273 1848 5346; baseline 0.001 -18"><span class='ocrx_word' id='word_1_420' title='bbox 251 5274 512 5329; x_wconf 90' lang='lat' dir='ltr'><strong>siderium</strong></span> <span class='ocrx_word' id='word_1_421' title='bbox 543 5289 609 5329; x_wconf 88' lang='lat' dir='ltr'><strong>ac</strong></span> <span class='ocrx_word' id='word_1_422' title='bbox 667 5273 1040 5346; x_wconf 86' lang='lat' dir='ltr'><strong>cognitionem</strong></span> <span class='ocrx_word' id='word_1_423' title='bbox 1085 5275 1520 5342; x_wconf 90' lang='lat' dir='ltr'><strong>subministrans,</strong></span> <span class='ocrx_word' id='word_1_424' title='bbox 1561 5276 1848 5331; x_wconf 88' lang='lat' dir='ltr'><strong>decolora-</strong></span> 
     </span>
    </p>
   </div>
   <div class='ocr_carea' id='block_1_58' title="bbox 256 5363 1848 5437">
    <p class='ocr_par' dir='ltr' id='par_1_58' title="bbox 256 5363 1848 5437">
     <span class='ocr_line' id='line_1_58' title="bbox 256 5363 1848 5437; baseline 0.002 -20"><span class='ocrx_word' id='word_1_425' title='bbox 256 5371 341 5418; x_wconf 91' lang='lat' dir='ltr'><strong>tos</strong></span> <span class='ocrx_word' id='word_1_426' title='bbox 371 5363 608 5433; x_wconf 84' lang='lat' dir='ltr'><strong>peccatis</strong></span> <span class='ocrx_word' id='word_1_427' title='bbox 637 5363 928 5432; x_wconf 85' lang='lat' dir='ltr'><strong>praclaros</strong></span> <span class='ocrx_word' id='word_1_428' title='bbox 962 5363 1142 5419; x_wconf 90' lang='lat' dir='ltr'><strong>reddit</strong></span> <span class='ocrx_word' id='word_1_429' title='bbox 1171 5372 1226 5419; x_wconf 90' lang='lat' dir='ltr'><strong>et</strong></span> <span class='ocrx_word' id='word_1_430' title='bbox 1258 5363 1518 5435; x_wconf 82' lang='lat' dir='ltr'><strong>fulgidos.</strong></span> <span class='ocrx_word' id='word_1_431' title='bbox 1553 5365 1678 5420; x_wconf 81' lang='lat' dir='ltr'><strong>Hac</strong></span> <span class='ocrx_word' id='word_1_432' title='bbox 1709 5381 1848 5437; x_wconf 89' lang='lat' dir='ltr'><strong>ergo</strong></span> 
     </span>
    </p>
   </div>
   <div class='ocr_carea' id='block_1_59' title="bbox 253 5449 1848 5516">
    <p class='ocr_par' dir='ltr' id='par_1_59' title="bbox 253 5449 1848 5516">
     <span class='ocr_line' id='line_1_59' title="bbox 253 5449 1848 5516; baseline 0.001 -10"><span class='ocrx_word' id='word_1_433' title='bbox 253 5451 345 5506; x_wconf 89' lang='lat' dir='ltr'><strong>dat</strong></span> <span class='ocrx_word' id='word_1_434' title='bbox 367 5449 650 5506; x_wconf 85' lang='lat' dir='ltr'><strong>consilium</strong></span> <span class='ocrx_word' id='word_1_435' title='bbox 664 5451 930 5516; x_wconf 89' lang='lat' dir='ltr'><strong>Naaman,</strong></span> <span class='ocrx_word' id='word_1_436' title='bbox 955 5451 1180 5507; x_wconf 90' lang='lat' dir='ltr'><strong>dicens:</strong></span> <span class='ocrx_word' id='word_1_437' title='bbox 1209 5470 1221 5505; x_wconf 91' lang='lat'><strong>:</strong></span> <span class='ocrx_word' id='word_1_438' title='bbox 1251 5476 1272 5500; x_wconf 80' lang='grc' dir='ltr'>α</span> <span class='ocrx_word' id='word_1_439' title='bbox 1300 5453 1447 5508; x_wconf 89' lang='lat' dir='ltr'><strong>Vade</strong></span> <span class='ocrx_word' id='word_1_440' title='bbox 1468 5453 1520 5508; x_wconf 91' lang='lat' dir='ltr'><strong>in</strong></span> <span class='ocrx_word' id='word_1_441' title='bbox 1544 5453 1848 5509; x_wconf 89' lang='lat' dir='ltr'><strong>Samariam</strong></span> 
     </span>
    </p>
   </div>
   <div class='ocr_carea' id='block_1_60' title="bbox 257 5547 1848 5622">
    <p class='ocr_par' dir='ltr' id='par_1_60' title="bbox 257 5547 1848 5622">
     <span class='ocr_line' id='line_1_60' title="bbox 257 5547 1848 5622; baseline 0.003 -19"><span class='ocrx_word' id='word_1_442' title='bbox 257 5549 329 5603; x_wconf 87' lang='lat' dir='ltr'><strong>ad</strong></span> <span class='ocrx_word' id='word_1_443' title='bbox 360 5547 610 5602; x_wconf 87' lang='lat' dir='ltr'><strong>Eliseum</strong></span> <span class='ocrx_word' id='word_1_444' title='bbox 644 5548 982 5617; x_wconf 87' lang='lat' dir='ltr'><strong>prophetam,</strong></span> <span class='ocrx_word' id='word_1_445' title='bbox 1033 5557 1086 5603; x_wconf 91' lang='lat' dir='ltr'><strong>et</strong></span> <span class='ocrx_word' id='word_1_446' title='bbox 1125 5550 1339 5604; x_wconf 89' lang='lat' dir='ltr'><strong>sanabit</strong></span> <span class='ocrx_word' id='word_1_447' title='bbox 1367 5559 1419 5605; x_wconf 89' lang='lat' dir='ltr'><strong>te</strong></span> <span class='ocrx_word' id='word_1_448' title='bbox 1448 5566 1481 5606; x_wconf 88' lang='lat' dir='ltr'><strong>a</strong></span> <span class='ocrx_word' id='word_1_449' title='bbox 1508 5551 1658 5622; x_wconf 88' lang='lat' dir='ltr'><strong>lepra</strong></span> <span class='ocrx_word' id='word_1_450' title='bbox 1687 5565 1848 5622; x_wconf 81' lang='lat' dir='ltr'><strong>quam</strong></span> 
     </span>
    </p>
   </div>
   <div class='ocr_carea' id='block_1_61' title="bbox 257 5635 1849 5709">
    <p class='ocr_par' dir='ltr' id='par_1_61' title="bbox 257 5635 1849 5709">
     <span class='ocr_line' id='line_1_61' title="bbox 257 5635 1849 5709; baseline 0.004 -17"><span class='ocrx_word' id='word_1_451' title='bbox 257 5637 430 5692; x_wconf 89' lang='lat' dir='ltr'><strong>habes</strong></span> <span class='ocrx_word' id='word_1_452' title='bbox 463 5636 554 5702; x_wconf 88' lang='lat' dir='ltr'><strong>(IV</strong></span> <span class='ocrx_word' id='word_1_453' title='bbox 595 5638 719 5708; x_wconf 77' lang='lat' dir='ltr'><strong>Reg.</strong></span> <span class='ocrx_word' id='word_1_454' title='bbox 765 5635 845 5705; x_wconf 92' lang='lat' dir='ltr'><strong>v).</strong></span> <span class='ocrx_word' id='word_1_455' title='bbox 892 5659 912 5682; x_wconf 74' lang='grc' dir='ltr'>η</span> <span class='ocrx_word' id='word_1_456' title='bbox 957 5636 1196 5692; x_wconf 82' lang='lat' dir='ltr'><strong>Samaria</strong></span> <span class='ocrx_word' id='word_1_457' title='bbox 1242 5639 1630 5709; x_wconf 85' lang='lat' dir='ltr'><strong>interpretatur</strong></span> <span class='ocrx_word' id='word_1_458' title='bbox 1659 5646 1849 5698; x_wconf 77' lang='lat' dir='ltr'><strong>custo-</strong></span> 
     </span>
    </p>
   </div>
   <div class='ocr_carea' id='block_1_62' title="bbox 261 5725 1842 5800">
    <p class='ocr_par' dir='ltr' id='par_1_62' title="bbox 261 5725 1842 5800">
     <span class='ocr_line' id='line_1_62' title="bbox 261 5725 1842 5800; baseline 0.001 -17"><span class='ocrx_word' id='word_1_459' title='bbox 261 5728 381 5784; x_wconf 81' lang='lat' dir='ltr'><strong>dia.</strong></span> <span class='ocrx_word' id='word_1_460' title='bbox 423 5725 573 5782; x_wconf 86' lang='lat' dir='ltr'><strong>Vade</strong></span> <span class='ocrx_word' id='word_1_461' title='bbox 605 5725 656 5780; x_wconf 89' lang='lat' dir='ltr'><strong>in</strong></span> <span class='ocrx_word' id='word_1_462' title='bbox 688 5725 1005 5794; x_wconf 89' lang='lat' dir='ltr'><strong>Samariam,</strong></span> <span class='ocrx_word' id='word_1_463' title='bbox 1063 5727 1181 5782; x_wconf 92' lang='lat' dir='ltr'><strong>redi</strong></span> <span class='ocrx_word' id='word_1_464' title='bbox 1227 5727 1294 5782; x_wconf 88' lang='lat' dir='ltr'><strong>ad</strong></span> <span class='ocrx_word' id='word_1_465' title='bbox 1333 5734 1477 5783; x_wconf 90' lang='lat' dir='ltr'><strong>tuam</strong></span> <span class='ocrx_word' id='word_1_466' title='bbox 1521 5731 1842 5800; x_wconf 83' lang='lat' dir='ltr'><strong>custodiam,</strong></span> 
     </span>
    </p>
   </div>
   <div class='ocr_carea' id='block_1_63' title="bbox 1880 1733 1933 1793">
    <p class='ocr_par' dir='ltr' id='par_1_63' title="bbox 1880 1733 1933 1793">
     <span class='ocr_line' id='line_1_63' title="bbox 1880 1733 1933 1793; baseline 0 0"><span class='ocrx_word' id='word_1_467' title='bbox 1880 1733 1933 1793; x_wconf 89' lang='grc' dir='ltr'>Β</span> 
     </span>
    </p>
   </div>
   <div class='ocr_carea' id='block_1_64' title="bbox 1967 462 3556 543">
    <p class='ocr_par' dir='ltr' id='par_1_64' title="bbox 1967 462 3556 543">
     <span class='ocr_line' id='line_1_64' title="bbox 1967 462 3556 543; baseline -0.006 -17"><span class='ocrx_word' id='word_1_468' title='bbox 1967 488 2130 541; x_wconf 88' lang='lat' dir='ltr'><strong>supra</strong></span> <span class='ocrx_word' id='word_1_469' title='bbox 2159 489 2386 543; x_wconf 79' lang='lat' dir='ltr'><strong>gregem</strong></span> <span class='ocrx_word' id='word_1_470' title='bbox 2417 489 2569 526; x_wconf 85' lang='lat' dir='ltr'><strong>suum</strong></span> <span class='ocrx_word' id='word_1_471' title='bbox 2604 471 2851 542; x_wconf 88' lang='lat' dir='ltr'><strong>angelica</strong></span> <span class='ocrx_word' id='word_1_472' title='bbox 2890 471 3031 525; x_wconf 83' lang='lat' dir='ltr'><strong>facta</strong></span> <span class='ocrx_word' id='word_1_473' title='bbox 3060 478 3140 523; x_wconf 90' lang='lat' dir='ltr'><strong>est</strong></span> <span class='ocrx_word' id='word_1_474' title='bbox 3179 467 3318 521; x_wconf 80' lang='lat' dir='ltr'><strong>visio</strong></span> <span class='ocrx_word' id='word_1_475' title='bbox 3343 473 3395 518; x_wconf 92' lang='lat' dir='ltr'><strong>et</strong></span> <span class='ocrx_word' id='word_1_476' title='bbox 3425 462 3556 518; x_wconf 90' lang='lat' dir='ltr'><strong>allo-</strong></span> 
     </span>
    </p>
   </div>
   <div class='ocr_carea' id='block_1_65' title="bbox 1965 561 2130 616">
    <p class='ocr_par' dir='ltr' id='par_1_65' title="bbox 1965 561 2130 616">
     <span class='ocr_line' id='line_1_65' title="bbox 1965 561 2130 616; baseline -0.006 -1"><span class='ocrx_word' id='word_1_477' title='bbox 1965 561 2130 616; x_wconf 84' lang='lat' dir='ltr'><strong>cutio.</strong></span> 
     </span>
    </p>
   </div>
   <div class='ocr_carea' id='block_1_66' title="bbox 2039 657 3556 740">
    <p class='ocr_par' dir='ltr' id='par_1_66' title="bbox 2039 657 3556 740">
     <span class='ocr_line' id='line_1_66' title="bbox 2039 657 3556 740; baseline -0.009 -16"><span class='ocrx_word' id='word_1_478' title='bbox 2039 669 2186 724; x_wconf 89' lang='lat' dir='ltr'><strong>Scito</strong></span> <span class='ocrx_word' id='word_1_479' title='bbox 2217 670 2468 740; x_wconf 84' lang='lat' dir='ltr'><strong>tcipsum,</strong></span> <span class='ocrx_word' id='word_1_480' title='bbox 2506 670 2648 723; x_wconf 86' lang='lat' dir='ltr'><strong>unde</strong></span> <span class='ocrx_word' id='word_1_481' title='bbox 2698 668 2896 722; x_wconf 87' lang='lat' dir='ltr'><strong>dicitur</strong></span> <span class='ocrx_word' id='word_1_482' title='bbox 2931 685 2943 720; x_wconf 91' lang='lat'><strong>:</strong></span> <span class='ocrx_word' id='word_1_483' title='bbox 2983 690 3003 711; x_wconf 78' lang='grc' dir='ltr'>α</span> <span class='ocrx_word' id='word_1_484' title='bbox 3039 664 3249 727; x_wconf 75' lang='lat' dir='ltr'><strong>Redite,</strong></span> <span class='ocrx_word' id='word_1_485' title='bbox 3285 657 3556 731; x_wconf 86' lang='lat' dir='ltr'><strong>pravari-</strong></span> 
     </span>
    </p>
   </div>
   <div class='ocr_carea' id='block_1_67' title="bbox 1966 756 3558 823">
    <p class='ocr_par' dir='ltr' id='par_1_67' title="bbox 1966 756 3558 823">
     <span class='ocr_line' id='line_1_67' title="bbox 1966 756 3558 823; baseline -0.007 -13"><span class='ocrx_word' id='word_1_486' title='bbox 1966 767 2198 815; x_wconf 88' lang='lat' dir='ltr'><strong>calores.</strong></span> <span class='ocrx_word' id='word_1_487' title='bbox 2226 759 2293 811; x_wconf 87' lang='lat' dir='ltr'><strong>ad</strong></span> <span class='ocrx_word' id='word_1_488' title='bbox 2323 775 2418 812; x_wconf 89' lang='lat' dir='ltr'><strong>cor</strong></span> <span class='ocrx_word' id='word_1_489' title='bbox 2466 759 2592 823; x_wconf 77' lang='lat' dir='ltr'><strong>(Isa.</strong></span> <span class='ocrx_word' id='word_1_490' title='bbox 2627 761 2801 822; x_wconf 73' lang='lat' dir='ltr'><strong>xm).</strong></span> <span class='ocrx_word' id='word_1_491' title='bbox 2847 780 2867 801; x_wconf 72' lang='grc' dir='ltr'><strong>-ι</strong></span> <span class='ocrx_word' id='word_1_492' title='bbox 2906 756 3041 809; x_wconf 74' lang='lat' dir='ltr'><strong>Dina</strong></span> <span class='ocrx_word' id='word_1_493' title='bbox 3074 770 3194 823; x_wconf 77' lang='lat' dir='ltr'><strong>qua</strong></span> <span class='ocrx_word' id='word_1_494' title='bbox 3223 757 3486 820; x_wconf 79' lang='lat' dir='ltr'><strong>evagatur</strong></span> <span class='ocrx_word' id='word_1_495' title='bbox 3526 761 3558 800; x_wconf 90' lang='lat' dir='ltr'><strong>a</strong></span> 
     </span>
    </p>
   </div>
   <div class='ocr_carea' id='block_1_68' title="bbox 1966 844 3554 926">
    <p class='ocr_par' dir='ltr' id='par_1_68' title="bbox 1966 844 3554 926">
     <span class='ocr_line' id='line_1_68' title="bbox 1966 844 3554 926; baseline -0.008 -18"><span class='ocrx_word' id='word_1_496' title='bbox 1966 855 2206 926; x_wconf 85' lang='lat' dir='ltr'><strong>principe</strong></span> <span class='ocrx_word' id='word_1_497' title='bbox 2241 865 2397 909; x_wconf 75' lang='lat' dir='ltr'><strong>terra</strong></span> <span class='ocrx_word' id='word_1_498' title='bbox 2418 856 2803 926; x_wconf 87' lang='lat' dir='ltr'><strong>corrumpitur.</strong></span> <span class='ocrx_word' id='word_1_499' title='bbox 2837 855 2957 908; x_wconf 90' lang='lat' dir='ltr'><strong>Non</strong></span> <span class='ocrx_word' id='word_1_500' title='bbox 2993 851 3134 905; x_wconf 81' lang='lat' dir='ltr'><strong>vadit</strong></span> <span class='ocrx_word' id='word_1_501' title='bbox 3173 851 3223 902; x_wconf 89' lang='lat' dir='ltr'><strong>in</strong></span> <span class='ocrx_word' id='word_1_502' title='bbox 3256 844 3554 901; x_wconf 86' lang='lat' dir='ltr'><strong>Samariam</strong></span> 
     </span>
    </p>
   </div>
   <div class='ocr_carea' id='block_1_69' title="bbox 1966 934 3551 1014">
    <p class='ocr_par' dir='ltr' id='par_1_69' title="bbox 1966 934 3551 1014">
     <span class='ocr_line' id='line_1_69' title="bbox 1966 934 3551 1014; baseline -0.008 -17"><span class='ocrx_word' id='word_1_503' title='bbox 1966 945 2055 1014; x_wconf 92' lang='lat' dir='ltr'><strong>qui</strong></span> <span class='ocrx_word' id='word_1_504' title='bbox 2087 959 2355 997; x_wconf 67' lang='lat' dir='ltr'><strong>excussus</strong></span> <span class='ocrx_word' id='word_1_505' title='bbox 2381 961 2407 995; x_wconf 89' lang='lat' dir='ltr'><strong>a</strong></span> <span class='ocrx_word' id='word_1_506' title='bbox 2450 944 2708 1014; x_wconf 77' lang='lat' dir='ltr'><strong>prOpriis,</strong></span> <span class='ocrx_word' id='word_1_507' title='bbox 2743 943 2921 996; x_wconf 86' lang='lat' dir='ltr'><strong>aliena</strong></span> <span class='ocrx_word' id='word_1_508' title='bbox 2953 939 3172 1011; x_wconf 88' lang='lat' dir='ltr'><strong>negotia</strong></span> <span class='ocrx_word' id='word_1_509' title='bbox 3203 943 3350 993; x_wconf 85' lang='lat' dir='ltr'><strong>curat</strong></span> <span class='ocrx_word' id='word_1_510' title='bbox 3402 934 3551 988; x_wconf 91' lang='lat' dir='ltr'><strong>Con-</strong></span> 
     </span>
    </p>
   </div>
   <div class='ocr_carea' id='block_1_70' title="bbox 1966 1021 3552 1103">
    <p class='ocr_par' dir='ltr' id='par_1_70' title="bbox 1966 1021 3552 1103">
     <span class='ocr_line' id='line_1_70' title="bbox 1966 1021 3552 1103; baseline -0.008 -17"><span class='ocrx_word' id='word_1_511' title='bbox 1966 1033 2087 1088; x_wconf 91' lang='lat' dir='ltr'><strong>silio</strong></span> <span class='ocrx_word' id='word_1_512' title='bbox 2115 1032 2308 1103; x_wconf 83' lang='lat' dir='ltr'><strong>puella</strong></span> <span class='ocrx_word' id='word_1_513' title='bbox 2333 1032 2466 1085; x_wconf 86' lang='lat' dir='ltr'><strong>abiit</strong></span> <span class='ocrx_word' id='word_1_514' title='bbox 2494 1032 2562 1086; x_wconf 88' lang='lat' dir='ltr'><strong>ad</strong></span> <span class='ocrx_word' id='word_1_515' title='bbox 2594 1032 2857 1096; x_wconf 86' lang='lat' dir='ltr'><strong>Eliseum,</strong></span> <span class='ocrx_word' id='word_1_516' title='bbox 2894 1039 2945 1083; x_wconf 91' lang='lat' dir='ltr'><strong>et</strong></span> <span class='ocrx_word' id='word_1_517' title='bbox 2975 1027 3214 1100; x_wconf 81' lang='lat' dir='ltr'><strong>pulsavit</strong></span> <span class='ocrx_word' id='word_1_518' title='bbox 3254 1025 3319 1079; x_wconf 90' lang='lat' dir='ltr'><strong>ad</strong></span> <span class='ocrx_word' id='word_1_519' title='bbox 3352 1021 3552 1076; x_wconf 90' lang='lat' dir='ltr'><strong>ostium</strong></span> 
     </span>
    </p>
   </div>
   <div class='ocr_carea' id='block_1_71' title="bbox 1964 1120 3556 1201">
    <p class='ocr_par' dir='ltr' id='par_1_71' title="bbox 1964 1120 3556 1201">
     <span class='ocr_line' id='line_1_71' title="bbox 1964 1120 3556 1201; baseline -0.005 -20"><span class='ocrx_word' id='word_1_520' title='bbox 1964 1131 2157 1186; x_wconf 86' lang='lat' dir='ltr'><strong>domus</strong></span> <span class='ocrx_word' id='word_1_521' title='bbox 2178 1131 2301 1201; x_wconf 89' lang='lat' dir='ltr'><strong>ejus</strong></span> <span class='ocrx_word' id='word_1_522' title='bbox 2332 1132 2427 1199; x_wconf 91' lang='lat' dir='ltr'><strong>(IV</strong></span> <span class='ocrx_word' id='word_1_523' title='bbox 2451 1133 2584 1200; x_wconf 83' lang='lat' dir='ltr'><strong>Reg.</strong></span> <span class='ocrx_word' id='word_1_524' title='bbox 2648 1134 2722 1200; x_wconf 90' lang='lat' dir='ltr'><strong>v).</strong></span> <span class='ocrx_word' id='word_1_525' title='bbox 2773 1130 2979 1184; x_wconf 82' lang='lat' dir='ltr'><strong>Eliseus</strong></span> <span class='ocrx_word' id='word_1_526' title='bbox 3034 1130 3189 1184; x_wconf 78' lang='lat' dir='ltr'><strong>salus</strong></span> <span class='ocrx_word' id='word_1_527' title='bbox 3221 1122 3446 1180; x_wconf 80' lang='lat' dir='ltr'><strong>Domi-ni</strong></span> <span class='ocrx_word' id='word_1_528' title='bbox 3475 1120 3556 1174; x_wconf 92' lang='lat' dir='ltr'><strong>in-</strong></span> 
     </span>
    </p>
   </div>
   <div class='ocr_carea' id='block_1_72' title="bbox 1965 1208 3557 1290">
    <p class='ocr_par' dir='ltr' id='par_1_72' title="bbox 1965 1208 3557 1290">
     <span class='ocr_line' id='line_1_72' title="bbox 1965 1208 3557 1290; baseline -0.008 -16"><span class='ocrx_word' id='word_1_529' title='bbox 1965 1228 2314 1290; x_wconf 89' lang='lat' dir='ltr'><strong>terpretatur.</strong></span> <span class='ocrx_word' id='word_1_530' title='bbox 2357 1219 2455 1274; x_wconf 86' lang='lat' dir='ltr'><strong>Hic</strong></span> <span class='ocrx_word' id='word_1_531' title='bbox 2485 1228 2566 1275; x_wconf 88' lang='lat' dir='ltr'><strong>est</strong></span> <span class='ocrx_word' id='word_1_532' title='bbox 2597 1220 2759 1274; x_wconf 87' lang='lat' dir='ltr'><strong>Jesus</strong></span> <span class='ocrx_word' id='word_1_533' title='bbox 2791 1218 3040 1273; x_wconf 89' lang='lat' dir='ltr'><strong>Salvator</strong></span> <span class='ocrx_word' id='word_1_534' title='bbox 3087 1213 3293 1276; x_wconf 90' lang='lat' dir='ltr'><strong>mundi,</strong></span> <span class='ocrx_word' id='word_1_535' title='bbox 3330 1211 3422 1282; x_wconf 90' lang='lat' dir='ltr'><strong>qui</strong></span> <span class='ocrx_word' id='word_1_536' title='bbox 3451 1208 3557 1263; x_wconf 89' lang='lat' dir='ltr'><strong>sal-</strong></span> 
     </span>
    </p>
   </div>
   <div class='ocr_carea' id='block_1_73' title="bbox 1964 1297 3545 1378">
    <p class='ocr_par' dir='ltr' id='par_1_73' title="bbox 1964 1297 3545 1378">
     <span class='ocr_line' id='line_1_73' title="bbox 1964 1297 3545 1378; baseline -0.009 -13"><span class='ocrx_word' id='word_1_537' title='bbox 1964 1325 2091 1365; x_wconf 91' lang='lat' dir='ltr'><strong>vum</strong></span> <span class='ocrx_word' id='word_1_538' title='bbox 2127 1309 2255 1364; x_wconf 85' lang='lat' dir='ltr'><strong>fecit</strong></span> <span class='ocrx_word' id='word_1_539' title='bbox 2285 1309 2544 1378; x_wconf 91' lang='lat' dir='ltr'><strong>populum</strong></span> <span class='ocrx_word' id='word_1_540' title='bbox 2577 1324 2731 1362; x_wconf 91' lang='lat' dir='ltr'><strong>suum</strong></span> <span class='ocrx_word' id='word_1_541' title='bbox 2764 1325 2795 1361; x_wconf 91' lang='lat' dir='ltr'><strong>a</strong></span> <span class='ocrx_word' id='word_1_542' title='bbox 2824 1306 3066 1378; x_wconf 89' lang='lat' dir='ltr'><strong>peccatis</strong></span> <span class='ocrx_word' id='word_1_543' title='bbox 3089 1319 3278 1359; x_wconf 90' lang='lat' dir='ltr'><strong>eorum</strong></span> <span class='ocrx_word' id='word_1_544' title='bbox 3319 1297 3545 1370; x_wconf 82' lang='lat' dir='ltr'><strong>(Matth.</strong></span> 
     </span>
    </p>
   </div>
   <div class='ocr_carea' id='block_1_74' title="bbox 1964 1387 3556 1470">
    <p class='ocr_par' dir='ltr' id='par_1_74' title="bbox 1964 1387 3556 1470">
     <span class='ocr_line' id='line_1_74' title="bbox 1964 1387 3556 1470; baseline -0.009 -16"><span class='ocrx_word' id='word_1_545' title='bbox 1964 1399 2028 1470; x_wconf 93' lang='lat' dir='ltr'><strong>t).</strong></span> <span class='ocrx_word' id='word_1_546' title='bbox 2069 1399 2151 1452; x_wconf 92' lang='lat' dir='ltr'><strong>De</strong></span> <span class='ocrx_word' id='word_1_547' title='bbox 2172 1413 2278 1468; x_wconf 91' lang='lat' dir='ltr'><strong>quo</strong></span> <span class='ocrx_word' id='word_1_548' title='bbox 2299 1397 2568 1468; x_wconf 85' lang='lat' dir='ltr'><strong>PrOpheta</strong></span> <span class='ocrx_word' id='word_1_549' title='bbox 2600 1414 2612 1450; x_wconf 89' lang='lat'><strong>:</strong></span> <span class='ocrx_word' id='word_1_550' title='bbox 2642 1418 2663 1443; x_wconf 77' lang='grc' dir='ltr'>α</span> <span class='ocrx_word' id='word_1_551' title='bbox 2687 1395 2850 1451; x_wconf 90' lang='lat' dir='ltr'><strong>Salus</strong></span> <span class='ocrx_word' id='word_1_552' title='bbox 2873 1403 2982 1462; x_wconf 88' lang='lat' dir='ltr'><strong>tua,</strong></span> <span class='ocrx_word' id='word_1_553' title='bbox 3015 1393 3182 1462; x_wconf 87' lang='lat' dir='ltr'><strong>Deus,</strong></span> <span class='ocrx_word' id='word_1_554' title='bbox 3209 1387 3447 1459; x_wconf 88' lang='lat' dir='ltr'><strong>suscepit</strong></span> <span class='ocrx_word' id='word_1_555' title='bbox 3466 1398 3556 1440; x_wconf 89' lang='lat' dir='ltr'><strong>me</strong></span> 
     </span>
    </p>
   </div>
   <div class='ocr_carea' id='block_1_75' title="bbox 1963 1485 3554 1566">
    <p class='ocr_par' dir='ltr' id='par_1_75' title="bbox 1963 1485 3554 1566">
     <span class='ocr_line' id='line_1_75' title="bbox 1963 1485 3554 1566; baseline -0.01 -14"><span class='ocrx_word' id='word_1_556' title='bbox 1963 1496 2138 1566; x_wconf 82' lang='lat' dir='ltr'><strong>(Psal.</strong></span> <span class='ocrx_word' id='word_1_557' title='bbox 2173 1494 2382 1563; x_wconf 84' lang='lat' dir='ltr'><strong>vam).</strong></span> <span class='ocrx_word' id='word_1_558' title='bbox 2423 1519 2444 1542; x_wconf 68' lang='grc' dir='ltr'><strong>»ι</strong></span> <span class='ocrx_word' id='word_1_559' title='bbox 2479 1495 2546 1548; x_wconf 91' lang='lat' dir='ltr'><strong>Et</strong></span> <span class='ocrx_word' id='word_1_560' title='bbox 2567 1493 2683 1564; x_wconf 92' lang='lat' dir='ltr'><strong>ipse</strong></span> <span class='ocrx_word' id='word_1_561' title='bbox 2712 1493 2780 1546; x_wconf 89' lang='lat' dir='ltr'><strong>de</strong></span> <span class='ocrx_word' id='word_1_562' title='bbox 2829 1509 2888 1547; x_wconf 92' lang='lat' dir='ltr'><strong>se</strong></span> <span class='ocrx_word' id='word_1_563' title='bbox 2919 1507 2930 1545; x_wconf 93' lang='lat'><strong>:</strong></span> <span class='ocrx_word' id='word_1_564' title='bbox 2968 1514 2986 1537; x_wconf 80' lang='grc' dir='ltr'>ι</span> <span class='ocrx_word' id='word_1_565' title='bbox 3023 1489 3179 1544; x_wconf 90' lang='lat' dir='ltr'><strong>Salus</strong></span> <span class='ocrx_word' id='word_1_566' title='bbox 3215 1485 3399 1558; x_wconf 92' lang='lat' dir='ltr'><strong>populi</strong></span> <span class='ocrx_word' id='word_1_567' title='bbox 3447 1497 3554 1555; x_wconf 88' lang='lat' dir='ltr'><strong>ego</strong></span> 
     </span>
    </p>
   </div>
   <div class='ocr_carea' id='block_1_76' title="bbox 1963 1572 3558 1653">
    <p class='ocr_par' dir='ltr' id='par_1_76' title="bbox 1963 1572 3558 1653">
     <span class='ocr_line' id='line_1_76' title="bbox 1963 1572 3558 1653; baseline -0.009 -14"><span class='ocrx_word' id='word_1_568' title='bbox 1963 1601 2083 1639; x_wconf 90' lang='lat' dir='ltr'><strong>sum</strong></span> <span class='ocrx_word' id='word_1_569' title='bbox 2115 1584 2288 1653; x_wconf 81' lang='lat' dir='ltr'><strong>(Psal.</strong></span> <span class='ocrx_word' id='word_1_570' title='bbox 2323 1583 2536 1653; x_wconf 82' lang='lat' dir='ltr'><strong>xxxtv).</strong></span> <span class='ocrx_word' id='word_1_571' title='bbox 2573 1606 2594 1629; x_wconf 80' lang='grc' dir='ltr'><strong><em>ι</em></strong></span> <span class='ocrx_word' id='word_1_572' title='bbox 2625 1584 2829 1636; x_wconf 90' lang='lat' dir='ltr'><strong>Domus</strong></span> <span class='ocrx_word' id='word_1_573' title='bbox 2861 1582 2978 1650; x_wconf 85' lang='lat' dir='ltr'><strong>ejus</strong></span> <span class='ocrx_word' id='word_1_574' title='bbox 3024 1587 3150 1633; x_wconf 90' lang='lat' dir='ltr'><strong>sunt</strong></span> <span class='ocrx_word' id='word_1_575' title='bbox 3178 1582 3380 1632; x_wconf 82' lang='lat' dir='ltr'><strong>sancta</strong></span> <span class='ocrx_word' id='word_1_576' title='bbox 3410 1572 3558 1628; x_wconf 81' lang='lat' dir='ltr'><strong>Scri-</strong></span> 
     </span>
    </p>
   </div>
   <div class='ocr_carea' id='block_1_77' title="bbox 1967 1661 3558 1744">
    <p class='ocr_par' dir='ltr' id='par_1_77' title="bbox 1967 1661 3558 1744">
     <span class='ocr_line' id='line_1_77' title="bbox 1967 1661 3558 1744; baseline -0.008 -18"><span class='ocrx_word' id='word_1_577' title='bbox 1967 1681 2160 1744; x_wconf 83' lang='lat' dir='ltr'><strong>ptura,</strong></span> <span class='ocrx_word' id='word_1_578' title='bbox 2193 1673 2279 1727; x_wconf 91' lang='lat' dir='ltr'><strong>vel</strong></span> <span class='ocrx_word' id='word_1_579' title='bbox 2305 1672 2550 1728; x_wconf 88' lang='lat' dir='ltr'><strong>Ecclesia</strong></span> <span class='ocrx_word' id='word_1_580' title='bbox 2573 1672 2660 1726; x_wconf 91' lang='lat' dir='ltr'><strong>vel</strong></span> <span class='ocrx_word' id='word_1_581' title='bbox 2683 1670 2954 1742; x_wconf 90' lang='lat' dir='ltr'><strong>religiosa</strong></span> <span class='ocrx_word' id='word_1_582' title='bbox 2974 1682 3243 1739; x_wconf 86' lang='lat' dir='ltr'><strong>persona,</strong></span> <span class='ocrx_word' id='word_1_583' title='bbox 3275 1665 3329 1718; x_wconf 92' lang='lat' dir='ltr'><strong>in</strong></span> <span class='ocrx_word' id='word_1_584' title='bbox 3363 1661 3558 1732; x_wconf 87' lang='lat' dir='ltr'><strong>quibus</strong></span> 
     </span>
    </p>
   </div>
   <div class='ocr_carea' id='block_1_78' title="bbox 1962 1759 3558 1840">
    <p class='ocr_par' dir='ltr' id='par_1_78' title="bbox 1962 1759 3558 1840">
     <span class='ocr_line' id='line_1_78' title="bbox 1962 1759 3558 1840; baseline -0.008 -17"><span class='ocrx_word' id='word_1_585' title='bbox 1962 1769 2166 1824; x_wconf 86' lang='lat' dir='ltr'><strong>habitat</strong></span> <span class='ocrx_word' id='word_1_586' title='bbox 2220 1785 2316 1839; x_wconf 90' lang='lat' dir='ltr'><strong>per</strong></span> <span class='ocrx_word' id='word_1_587' title='bbox 2367 1768 2624 1840; x_wconf 89' lang='lat' dir='ltr'><strong>gratiam.</strong></span> <span class='ocrx_word' id='word_1_588' title='bbox 2690 1767 2902 1822; x_wconf 88' lang='lat' dir='ltr'><strong>Ostium</strong></span> <span class='ocrx_word' id='word_1_589' title='bbox 2947 1772 3030 1820; x_wconf 91' lang='lat' dir='ltr'><strong>est</strong></span> <span class='ocrx_word' id='word_1_590' title='bbox 3076 1759 3410 1835; x_wconf 74' lang='lat' dir='ltr'><strong>panitentia,</strong></span> <span class='ocrx_word' id='word_1_591' title='bbox 3456 1772 3558 1828; x_wconf 91' lang='lat' dir='ltr'><strong>per</strong></span> 
     </span>
    </p>
   </div>
   <div class='ocr_carea' id='block_1_79' title="bbox 1963 1845 3561 1930">
    <p class='ocr_par' dir='ltr' id='par_1_79' title="bbox 1963 1845 3561 1930">
     <span class='ocr_line' id='line_1_79' title="bbox 1963 1845 3561 1930; baseline -0.008 -18"><span class='ocrx_word' id='word_1_592' title='bbox 1963 1874 2123 1930; x_wconf 90' lang='lat' dir='ltr'><strong>quam</strong></span> <span class='ocrx_word' id='word_1_593' title='bbox 2154 1857 2419 1912; x_wconf 88' lang='lat' dir='ltr'><strong>intramus</strong></span> <span class='ocrx_word' id='word_1_594' title='bbox 2451 1857 2520 1911; x_wconf 91' lang='lat' dir='ltr'><strong>ad</strong></span> <span class='ocrx_word' id='word_1_595' title='bbox 2551 1872 2694 1922; x_wconf 86' lang='lat' dir='ltr'><strong>eum,</strong></span> <span class='ocrx_word' id='word_1_596' title='bbox 2728 1864 2780 1910; x_wconf 91' lang='lat' dir='ltr'><strong>et</strong></span> <span class='ocrx_word' id='word_1_597' title='bbox 2807 1855 2923 1925; x_wconf 88' lang='lat' dir='ltr'><strong>ipse</strong></span> <span class='ocrx_word' id='word_1_598' title='bbox 2955 1853 3025 1908; x_wconf 90' lang='lat' dir='ltr'><strong>ad</strong></span> <span class='ocrx_word' id='word_1_599' title='bbox 3074 1867 3193 1906; x_wconf 90' lang='lat' dir='ltr'><strong>nos.</strong></span> <span class='ocrx_word' id='word_1_600' title='bbox 3243 1850 3396 1906; x_wconf 84' lang='lat' dir='ltr'><strong>Unde</strong></span> <span class='ocrx_word' id='word_1_601' title='bbox 3424 1845 3561 1901; x_wconf 84' lang='lat' dir='ltr'><strong>dici-</strong></span> 
     </span>
    </p>
   </div>
   <div class='ocr_carea' id='block_1_80' title="bbox 1961 1938 3557 2017">
    <p class='ocr_par' dir='ltr' id='par_1_80' title="bbox 1961 1938 3557 2017">
     <span class='ocr_line' id='line_1_80' title="bbox 1961 1938 3557 2017; baseline -0.009 -10"><span class='ocrx_word' id='word_1_602' title='bbox 1961 1961 2086 2007; x_wconf 88' lang='lat' dir='ltr'><strong>tur:</strong></span> <span class='ocrx_word' id='word_1_603' title='bbox 2122 1971 2143 1994; x_wconf 85' lang='lat'><strong>«</strong></span> <span class='ocrx_word' id='word_1_604' title='bbox 2179 1947 2375 2002; x_wconf 82' lang='lat' dir='ltr'><strong>Adhuc</strong></span> <span class='ocrx_word' id='word_1_605' title='bbox 2406 1953 2456 2001; x_wconf 90' lang='lat' dir='ltr'><strong>te</strong></span> <span class='ocrx_word' id='word_1_606' title='bbox 2477 1946 2752 2017; x_wconf 91' lang='lat' dir='ltr'><strong>loquente,</strong></span> <span class='ocrx_word' id='word_1_607' title='bbox 2786 1944 2983 2007; x_wconf 91' lang='lat' dir='ltr'><strong>dicam,</strong></span> <span class='ocrx_word' id='word_1_608' title='bbox 3016 1957 3144 1996; x_wconf 87' lang='lat' dir='ltr'><strong>ecce</strong></span> <span class='ocrx_word' id='word_1_609' title='bbox 3192 1939 3385 1994; x_wconf 89' lang='lat' dir='ltr'><strong>adsum</strong></span> <span class='ocrx_word' id='word_1_610' title='bbox 3423 1938 3557 2006; x_wconf 80' lang='lat' dir='ltr'><strong>(Isa.</strong></span> 
     </span>
    </p>
   </div>
   <div class='ocr_carea' id='block_1_81' title="bbox 1961 2041 3557 2116">
    <p class='ocr_par' dir='ltr' id='par_1_81' title="bbox 1961 2041 3557 2116">
     <span class='ocr_line' id='line_1_81' title="bbox 1961 2041 3557 2116; baseline -0.009 -15"><span class='ocrx_word' id='word_1_611' title='bbox 1961 2050 2054 2116; x_wconf 79' lang='grc' dir='ltr'><strong>ιιι)</strong></span> <span class='ocrx_word' id='word_1_612' title='bbox 2079 2065 2092 2110; x_wconf 87' lang='lat'><strong>;</strong></span> <span class='ocrx_word' id='word_1_613' title='bbox 2121 2071 2142 2094; x_wconf 74' lang='grc' dir='ltr'><strong>η</strong></span> <span class='ocrx_word' id='word_1_614' title='bbox 2178 2054 2230 2101; x_wconf 91' lang='lat' dir='ltr'><strong>et</strong></span> <span class='ocrx_word' id='word_1_615' title='bbox 2259 2045 2423 2099; x_wconf 91' lang='lat' dir='ltr'><strong>illud:</strong></span> <span class='ocrx_word' id='word_1_616' title='bbox 2462 2067 2484 2093; x_wconf 75' lang='grc' dir='ltr'><strong>ιι</strong></span> <span class='ocrx_word' id='word_1_617' title='bbox 2516 2041 2872 2100; x_wconf 84' lang='lat' dir='ltr'><strong>Revertimini</strong></span> <span class='ocrx_word' id='word_1_618' title='bbox 2920 2041 2990 2095; x_wconf 85' lang='lat' dir='ltr'><strong>ad</strong></span> <span class='ocrx_word' id='word_1_619' title='bbox 3021 2055 3128 2110; x_wconf 61' lang='lat' dir='ltr'><strong>me,</strong></span> <span class='ocrx_word' id='word_1_620' title='bbox 3163 2046 3214 2092; x_wconf 92' lang='lat' dir='ltr'><strong>et</strong></span> <span class='ocrx_word' id='word_1_621' title='bbox 3242 2052 3346 2108; x_wconf 89' lang='lat' dir='ltr'><strong>ego</strong></span> <span class='ocrx_word' id='word_1_622' title='bbox 3376 2049 3557 2090; x_wconf 90' lang='lat' dir='ltr'><strong>rever-</strong></span> 
     </span>
    </p>
   </div>
   <div class='ocr_carea' id='block_1_82' title="bbox 1962 2122 3560 2204">
    <p class='ocr_par' dir='ltr' id='par_1_82' title="bbox 1962 2122 3560 2204">
     <span class='ocr_line' id='line_1_82' title="bbox 1962 2122 3560 2204; baseline -0.01 -13"><span class='ocrx_word' id='word_1_623' title='bbox 1962 2143 2046 2191; x_wconf 90' lang='lat' dir='ltr'><strong>tar</strong></span> <span class='ocrx_word' id='word_1_624' title='bbox 2064 2135 2132 2190; x_wconf 89' lang='lat' dir='ltr'><strong>ad</strong></span> <span class='ocrx_word' id='word_1_625' title='bbox 2165 2149 2263 2188; x_wconf 93' lang='lat' dir='ltr'><strong>vos</strong></span> <span class='ocrx_word' id='word_1_626' title='bbox 2292 2133 2552 2204; x_wconf 82' lang='lat' dir='ltr'><strong>(Zachar.</strong></span> <span class='ocrx_word' id='word_1_627' title='bbox 2587 2133 2654 2202; x_wconf 82' lang='grc' dir='ltr'><strong>ι).</strong></span> <span class='ocrx_word' id='word_1_628' title='bbox 2700 2155 2722 2179; x_wconf 75' lang='grc' dir='ltr'><strong><em>ι</em></strong></span> <span class='ocrx_word' id='word_1_629' title='bbox 2759 2129 2964 2186; x_wconf 87' lang='lat' dir='ltr'><strong>Aversi</strong></span> <span class='ocrx_word' id='word_1_630' title='bbox 3023 2143 3210 2182; x_wconf 91' lang='lat' dir='ltr'><strong>sumus</strong></span> <span class='ocrx_word' id='word_1_631' title='bbox 3263 2124 3331 2178; x_wconf 91' lang='lat' dir='ltr'><strong>ab</strong></span> <span class='ocrx_word' id='word_1_632' title='bbox 3361 2122 3470 2191; x_wconf 88' lang='lat' dir='ltr'><strong>illo,</strong></span> <span class='ocrx_word' id='word_1_633' title='bbox 3506 2129 3560 2176; x_wconf 89' lang='lat' dir='ltr'><strong>et</strong></span> 
     </span>
    </p>
   </div>
   <div class='ocr_carea' id='block_1_83' title="bbox 1962 2210 3562 2286">
    <p class='ocr_par' dir='ltr' id='par_1_83' title="bbox 1962 2210 3562 2286">
     <span class='ocr_line' id='line_1_83' title="bbox 1962 2210 3562 2286; baseline -0.008 -7"><span class='ocrx_word' id='word_1_634' title='bbox 1962 2225 2054 2280; x_wconf 79' lang='lat' dir='ltr'><strong>ille</strong></span> <span class='ocrx_word' id='word_1_635' title='bbox 2084 2240 2306 2279; x_wconf 90' lang='lat' dir='ltr'><strong>aversus</strong></span> <span class='ocrx_word' id='word_1_636' title='bbox 2337 2229 2420 2277; x_wconf 89' lang='lat' dir='ltr'><strong>est</strong></span> <span class='ocrx_word' id='word_1_637' title='bbox 2449 2239 2480 2275; x_wconf 90' lang='lat' dir='ltr'><strong>a</strong></span> <span class='ocrx_word' id='word_1_638' title='bbox 2510 2221 2689 2286; x_wconf 89' lang='lat' dir='ltr'><strong>nobis,</strong></span> <span class='ocrx_word' id='word_1_639' title='bbox 2713 2227 3062 2274; x_wconf 89' lang='lat' dir='ltr'><strong>revertamur</strong></span> <span class='ocrx_word' id='word_1_640' title='bbox 3093 2215 3165 2270; x_wconf 89' lang='lat' dir='ltr'><strong>ad</strong></span> <span class='ocrx_word' id='word_1_641' title='bbox 3185 2215 3355 2278; x_wconf 91' lang='lat' dir='ltr'><strong>illum,</strong></span> <span class='ocrx_word' id='word_1_642' title='bbox 3388 2220 3441 2267; x_wconf 90' lang='lat' dir='ltr'><strong>et</strong></span> <span class='ocrx_word' id='word_1_643' title='bbox 3470 2210 3562 2266; x_wconf 87' lang='lat' dir='ltr'><strong>ille</strong></span> 
     </span>
    </p>
   </div>
   <div class='ocr_carea' id='block_1_84' title="bbox 1962 2302 3555 2369">
    <p class='ocr_par' dir='ltr' id='par_1_84' title="bbox 1962 2302 3555 2369">
     <span class='ocr_line' id='line_1_84' title="bbox 1962 2302 3555 2369; baseline -0.011 1"><span class='ocrx_word' id='word_1_644' title='bbox 1962 2321 2264 2369; x_wconf 90' lang='lat' dir='ltr'><strong>revertetur</strong></span> <span class='ocrx_word' id='word_1_645' title='bbox 2293 2311 2360 2366; x_wconf 90' lang='lat' dir='ltr'><strong>ad</strong></span> <span class='ocrx_word' id='word_1_646' title='bbox 2389 2327 2490 2366; x_wconf 91' lang='lat' dir='ltr'><strong>nos</strong></span> <span class='ocrx_word' id='word_1_647' title='bbox 2515 2327 2527 2364; x_wconf 92' lang='lat'>:</span> <span class='ocrx_word' id='word_1_648' title='bbox 2576 2309 2791 2364; x_wconf 89' lang='lat' dir='ltr'><strong>Eliseus</strong></span> <span class='ocrx_word' id='word_1_649' title='bbox 2819 2307 3018 2362; x_wconf 87' lang='lat' dir='ltr'><strong>sedens</strong></span> <span class='ocrx_word' id='word_1_650' title='bbox 3061 2304 3115 2358; x_wconf 93' lang='lat' dir='ltr'><strong>in</strong></span> <span class='ocrx_word' id='word_1_651' title='bbox 3146 2302 3406 2359; x_wconf 86' lang='lat' dir='ltr'><strong>cathedra</strong></span> <span class='ocrx_word' id='word_1_652' title='bbox 3436 2315 3555 2366; x_wconf 89' lang='lat' dir='ltr'><strong>sua,</strong></span> 
     </span>
    </p>
   </div>
   <div class='ocr_carea' id='block_1_85' title="bbox 1963 2389 3558 2470">
    <p class='ocr_par' dir='ltr' id='par_1_85' title="bbox 1963 2389 3558 2470">
     <span class='ocr_line' id='line_1_85' title="bbox 1963 2389 3558 2470; baseline -0.01 -12"><span class='ocrx_word' id='word_1_653' title='bbox 1963 2402 2110 2458; x_wconf 89' lang='lat' dir='ltr'><strong>misit</strong></span> <span class='ocrx_word' id='word_1_654' title='bbox 2139 2402 2209 2456; x_wconf 88' lang='lat' dir='ltr'><strong>ad</strong></span> <span class='ocrx_word' id='word_1_655' title='bbox 2242 2417 2362 2456; x_wconf 90' lang='lat' dir='ltr'><strong>eum</strong></span> <span class='ocrx_word' id='word_1_656' title='bbox 2426 2415 2648 2470; x_wconf 89' lang='lat' dir='ltr'><strong>puerum</strong></span> <span class='ocrx_word' id='word_1_657' title='bbox 2709 2413 2866 2452; x_wconf 92' lang='lat' dir='ltr'><strong>suum</strong></span> <span class='ocrx_word' id='word_1_658' title='bbox 2897 2396 2950 2450; x_wconf 91' lang='lat' dir='ltr'><strong>in</strong></span> <span class='ocrx_word' id='word_1_659' title='bbox 2999 2395 3114 2448; x_wconf 86' lang='lat' dir='ltr'><strong>hac</strong></span> <span class='ocrx_word' id='word_1_660' title='bbox 3144 2391 3351 2448; x_wconf 88' lang='lat' dir='ltr'><strong>verba:</strong></span> <span class='ocrx_word' id='word_1_661' title='bbox 3385 2389 3558 2454; x_wconf 85' lang='lat' dir='ltr'><strong>Vade,</strong></span> 
     </span>
    </p>
   </div>
   <div class='ocr_carea' id='block_1_86' title="bbox 1964 2487 3562 2563">
    <p class='ocr_par' dir='ltr' id='par_1_86' title="bbox 1964 2487 3562 2563">
     <span class='ocr_line' id='line_1_86' title="bbox 1964 2487 3562 2563; baseline -0.011 -7"><span class='ocrx_word' id='word_1_662' title='bbox 1964 2500 2241 2556; x_wconf 82' lang='lat' dir='ltr'><strong>descende</strong></span> <span class='ocrx_word' id='word_1_663' title='bbox 2270 2500 2324 2553; x_wconf 91' lang='lat' dir='ltr'><strong>in</strong></span> <span class='ocrx_word' id='word_1_664' title='bbox 2356 2499 2670 2563; x_wconf 78' lang='lat' dir='ltr'><strong>Iordanem,</strong></span> <span class='ocrx_word' id='word_1_665' title='bbox 2705 2503 2756 2552; x_wconf 91' lang='lat' dir='ltr'><strong>et</strong></span> <span class='ocrx_word' id='word_1_666' title='bbox 2786 2495 2972 2549; x_wconf 89' lang='lat' dir='ltr'><strong>lavare</strong></span> <span class='ocrx_word' id='word_1_667' title='bbox 3004 2491 3226 2562; x_wconf 87' lang='lat' dir='ltr'><strong>septies,</strong></span> <span class='ocrx_word' id='word_1_668' title='bbox 3256 2496 3308 2543; x_wconf 88' lang='lat' dir='ltr'><strong>et</strong></span> <span class='ocrx_word' id='word_1_669' title='bbox 3336 2487 3562 2541; x_wconf 89' lang='lat' dir='ltr'><strong>munda-</strong></span> 
     </span>
    </p>
   </div>
   <div class='ocr_carea' id='block_1_87' title="bbox 1963 2575 3561 2660">
    <p class='ocr_par' dir='ltr' id='par_1_87' title="bbox 1963 2575 3561 2660">
     <span class='ocr_line' id='line_1_87' title="bbox 1963 2575 3561 2660; baseline -0.01 -16"><span class='ocrx_word' id='word_1_670' title='bbox 1963 2589 2110 2644; x_wconf 90' lang='lat' dir='ltr'><strong>bcris</strong></span> <span class='ocrx_word' id='word_1_671' title='bbox 2141 2590 2236 2659; x_wconf 88' lang='lat' dir='ltr'><strong>(IV</strong></span> <span class='ocrx_word' id='word_1_672' title='bbox 2269 2591 2392 2660; x_wconf 80' lang='lat' dir='ltr'><strong>Reg.</strong></span> <span class='ocrx_word' id='word_1_673' title='bbox 2428 2590 2502 2657; x_wconf 93' lang='lat' dir='ltr'><strong>v).</strong></span> <span class='ocrx_word' id='word_1_674' title='bbox 2557 2587 2769 2640; x_wconf 90' lang='lat' dir='ltr'><strong>Eliseus</strong></span> <span class='ocrx_word' id='word_1_675' title='bbox 2821 2590 3010 2638; x_wconf 86' lang='lat' dir='ltr'><strong>noster</strong></span> <span class='ocrx_word' id='word_1_676' title='bbox 3057 2580 3307 2634; x_wconf 88' lang='lat' dir='ltr'><strong>sublatus</strong></span> <span class='ocrx_word' id='word_1_677' title='bbox 3337 2592 3370 2632; x_wconf 89' lang='lat' dir='ltr'><strong>a</strong></span> <span class='ocrx_word' id='word_1_678' title='bbox 3400 2575 3561 2630; x_wconf 90' lang='lat' dir='ltr'><strong>nobis</strong></span> 
     </span>
    </p>
   </div>
   <div class='ocr_carea' id='block_1_88' title="bbox 1963 2664 3558 2749">
    <p class='ocr_par' dir='ltr' id='par_1_88' title="bbox 1963 2664 3558 2749">
     <span class='ocr_line' id='line_1_88' title="bbox 1963 2664 3558 2749; baseline -0.012 -13"><span class='ocrx_word' id='word_1_679' title='bbox 1963 2677 2345 2749; x_wconf 89' lang='lat' dir='ltr'><strong>corporaliter,</strong></span> <span class='ocrx_word' id='word_1_680' title='bbox 2381 2677 2535 2731; x_wconf 90' lang='lat' dir='ltr'><strong>sedet</strong></span> <span class='ocrx_word' id='word_1_681' title='bbox 2556 2675 2626 2730; x_wconf 88' lang='lat' dir='ltr'><strong>ad</strong></span> <span class='ocrx_word' id='word_1_682' title='bbox 2658 2675 2910 2728; x_wconf 80' lang='lat' dir='ltr'><strong>dextram</strong></span> <span class='ocrx_word' id='word_1_683' title='bbox 2939 2670 3138 2737; x_wconf 91' lang='lat' dir='ltr'><strong>Patris,</strong></span> <span class='ocrx_word' id='word_1_684' title='bbox 3167 2668 3220 2722; x_wconf 89' lang='lat' dir='ltr'><strong>in</strong></span> <span class='ocrx_word' id='word_1_685' title='bbox 3244 2667 3327 2720; x_wconf 86' lang='lat' dir='ltr'><strong>his</strong></span> <span class='ocrx_word' id='word_1_686' title='bbox 3351 2664 3558 2722; x_wconf 87' lang='lat' dir='ltr'><strong>scilicet</strong></span> 
     </span>
    </p>
   </div>
   <div class='ocr_carea' id='block_1_89' title="bbox 1965 2760 3558 2853">
    <p class='ocr_par' dir='ltr' id='par_1_89' title="bbox 1965 2760 3558 2853">
     <span class='ocr_line' id='line_1_89' title="bbox 1965 2760 3558 2853; baseline -0.013 -17"><span class='ocrx_word' id='word_1_687' title='bbox 1965 2797 2086 2853; x_wconf 89' lang='lat' dir='ltr'><strong>qua</strong></span> <span class='ocrx_word' id='word_1_688' title='bbox 2117 2774 2496 2847; x_wconf 89' lang='lat' dir='ltr'><strong>suntpotiora,</strong></span> <span class='ocrx_word' id='word_1_689' title='bbox 2514 2787 2615 2827; x_wconf 90' lang='lat' dir='ltr'><strong>nec</strong></span> <span class='ocrx_word' id='word_1_690' title='bbox 2635 2777 2864 2841; x_wconf 88' lang='lat' dir='ltr'><strong>apparet</strong></span> <span class='ocrx_word' id='word_1_691' title='bbox 2884 2768 3048 2823; x_wconf 90' lang='lat' dir='ltr'><strong>modo</strong></span> <span class='ocrx_word' id='word_1_692' title='bbox 3063 2763 3442 2836; x_wconf 88' lang='lat' dir='ltr'><strong>corporaliter,</strong></span> <span class='ocrx_word' id='word_1_693' title='bbox 3459 2760 3558 2853; x_wconf 80' lang='lat' dir='ltr'><strong>sed</strong></span> 
     </span>
    </p>
   </div>
   <div class='ocr_carea' id='block_1_90' title="bbox 1966 2849 3558 2938">
    <p class='ocr_par' dir='ltr' id='par_1_90' title="bbox 1966 2849 3558 2938">
     <span class='ocr_line' id='line_1_90' title="bbox 1966 2849 3558 2938; baseline -0.013 -15"><span class='ocrx_word' id='word_1_694' title='bbox 1966 2849 2123 2923; x_wconf 83' lang='lat' dir='ltr'><strong>mittit</strong></span> <span class='ocrx_word' id='word_1_695' title='bbox 2155 2879 2379 2938; x_wconf 89' lang='lat' dir='ltr'><strong>puerum</strong></span> <span class='ocrx_word' id='word_1_696' title='bbox 2425 2877 2609 2916; x_wconf 90' lang='lat' dir='ltr'><strong>suum.</strong></span> <span class='ocrx_word' id='word_1_697' title='bbox 2676 2861 2813 2914; x_wconf 85' lang='lat' dir='ltr'><strong>Puer</strong></span> <span class='ocrx_word' id='word_1_698' title='bbox 2858 2858 2957 2912; x_wconf 90' lang='lat' dir='ltr'><strong>iste</strong></span> <span class='ocrx_word' id='word_1_699' title='bbox 2988 2855 3293 2910; x_wconf 89' lang='lat' dir='ltr'><strong>intellectus</strong></span> <span class='ocrx_word' id='word_1_700' title='bbox 3337 2858 3420 2906; x_wconf 90' lang='lat' dir='ltr'><strong>est</strong></span> <span class='ocrx_word' id='word_1_701' title='bbox 3468 2849 3558 2905; x_wconf 88' lang='lat' dir='ltr'><strong>vel</strong></span> 
     </span>
    </p>
   </div>
   <div class='ocr_carea' id='block_1_91' title="bbox 1965 2943 3556 3027">
    <p class='ocr_par' dir='ltr' id='par_1_91' title="bbox 1965 2943 3556 3027">
     <span class='ocr_line' id='line_1_91' title="bbox 1965 2943 3556 3027; baseline -0.013 -14"><span class='ocrx_word' id='word_1_702' title='bbox 1965 2958 2102 3013; x_wconf 90' lang='lat' dir='ltr'><strong>ratio</strong></span> <span class='ocrx_word' id='word_1_703' title='bbox 2164 2970 2320 3027; x_wconf 91' lang='lat' dir='ltr'><strong>pura,</strong></span> <span class='ocrx_word' id='word_1_704' title='bbox 2379 2952 2445 3006; x_wconf 90' lang='lat' dir='ltr'><strong>ad</strong></span> <span class='ocrx_word' id='word_1_705' title='bbox 2484 2949 2779 3020; x_wconf 90' lang='lat' dir='ltr'><strong>imaginem</strong></span> <span class='ocrx_word' id='word_1_706' title='bbox 2825 2946 2922 3001; x_wconf 92' lang='lat' dir='ltr'><strong>Dei</strong></span> <span class='ocrx_word' id='word_1_707' title='bbox 2977 2945 3146 3000; x_wconf 83' lang='lat' dir='ltr'><strong>facta.</strong></span> <span class='ocrx_word' id='word_1_708' title='bbox 3179 2943 3277 2998; x_wconf 84' lang='lat' dir='ltr'><strong>Hic</strong></span> <span class='ocrx_word' id='word_1_709' title='bbox 3305 2948 3389 2996; x_wconf 88' lang='lat' dir='ltr'><strong>est</strong></span> <span class='ocrx_word' id='word_1_710' title='bbox 3418 2955 3556 3010; x_wconf 88' lang='lat' dir='ltr'><strong>puer</strong></span> 
     </span>
    </p>
   </div>
   <div class='ocr_carea' id='block_1_92' title="bbox 2441 3039 3558 3104">
    <p class='ocr_par' dir='ltr' id='par_1_92' title="bbox 2441 3039 3558 3104">
     <span class='ocr_line' id='line_1_92' title="bbox 2441 3039 3558 3104; baseline -0.009 -2"><span class='ocrx_word' id='word_1_711' title='bbox 2441 3049 2634 3104; x_wconf 92' lang='lat' dir='ltr'><strong>liorum</strong></span> <span class='ocrx_word' id='word_1_712' title='bbox 2685 3056 2734 3102; x_wconf 88' lang='lat' dir='ltr'><strong>et</strong></span> <span class='ocrx_word' id='word_1_713' title='bbox 2783 3045 3018 3099; x_wconf 78' lang='lat' dir='ltr'><strong>filiarum</strong></span> <span class='ocrx_word' id='word_1_714' title='bbox 3059 3042 3208 3098; x_wconf 81' lang='lat' dir='ltr'><strong>solus</strong></span> <span class='ocrx_word' id='word_1_715' title='bbox 3255 3039 3446 3104; x_wconf 90' lang='lat' dir='ltr'><strong>evasit,</strong></span> <span class='ocrx_word' id='word_1_716' title='bbox 3499 3045 3558 3092; x_wconf 92' lang='lat' dir='ltr'><strong>ut</strong></span> 
     </span>
    </p>
   </div>
   <div class='ocr_carea' id='block_1_93' title="bbox 1959 3130 3553 3206">
    <p class='ocr_par' dir='ltr' id='par_1_93' title="bbox 1959 3130 3553 3206">
     <span class='ocr_line' id='line_1_93' title="bbox 1959 3130 3553 3206; baseline -0.013 -6"><span class='ocrx_word' id='word_1_717' title='bbox 1959 3143 2287 3200; x_wconf 90' lang='lat' dir='ltr'><strong>renuntiaret</strong></span> <span class='ocrx_word' id='word_1_718' title='bbox 2319 3139 2444 3194; x_wconf 84' lang='lat' dir='ltr'><strong>Job.</strong></span> <span class='ocrx_word' id='word_1_719' title='bbox 2486 3137 2581 3191; x_wconf 89' lang='lat' dir='ltr'><strong>Vel</strong></span> <span class='ocrx_word' id='word_1_720' title='bbox 2610 3152 2748 3206; x_wconf 90' lang='lat' dir='ltr'><strong>puer</strong></span> <span class='ocrx_word' id='word_1_721' title='bbox 2778 3135 2879 3188; x_wconf 91' lang='lat' dir='ltr'><strong>iste</strong></span> <span class='ocrx_word' id='word_1_722' title='bbox 2910 3141 2994 3188; x_wconf 91' lang='lat' dir='ltr'><strong>est</strong></span> <span class='ocrx_word' id='word_1_723' title='bbox 3041 3130 3269 3202; x_wconf 86' lang='lat' dir='ltr'><strong>Spiritus</strong></span> <span class='ocrx_word' id='word_1_724' title='bbox 3312 3136 3553 3193; x_wconf 90' lang='lat' dir='ltr'><strong>sanctus,</strong></span> 
     </span>
    </p>
   </div>
   <div class='ocr_carea' id='block_1_94' title="bbox 1953 3215 3552 3306">
    <p class='ocr_par' dir='ltr' id='par_1_94' title="bbox 1953 3215 3552 3306">
     <span class='ocr_line' id='line_1_94' title="bbox 1953 3215 3552 3306; baseline -0.013 -17"><span class='ocrx_word' id='word_1_725' title='bbox 1953 3234 2082 3306; x_wconf 90' lang='lat' dir='ltr'><strong>quia</strong></span> <span class='ocrx_word' id='word_1_726' title='bbox 2114 3246 2316 3303; x_wconf 90' lang='lat' dir='ltr'><strong>pueros</strong></span> <span class='ocrx_word' id='word_1_727' title='bbox 2346 3227 2471 3283; x_wconf 83' lang='lat' dir='ltr'><strong>facit</strong></span> <span class='ocrx_word' id='word_1_728' title='bbox 2502 3225 2705 3280; x_wconf 91' lang='lat' dir='ltr'><strong>malitia</strong></span> <span class='ocrx_word' id='word_1_729' title='bbox 2734 3222 3012 3294; x_wconf 90' lang='lat' dir='ltr'><strong>parvulos,</strong></span> <span class='ocrx_word' id='word_1_730' title='bbox 3045 3228 3097 3275; x_wconf 92' lang='lat' dir='ltr'><strong>et</strong></span> <span class='ocrx_word' id='word_1_731' title='bbox 3124 3234 3327 3289; x_wconf 89' lang='lat' dir='ltr'><strong>pueros</strong></span> <span class='ocrx_word' id='word_1_732' title='bbox 3345 3215 3552 3287; x_wconf 91' lang='lat' dir='ltr'><strong>simpli-</strong></span> 
     </span>
    </p>
   </div>
   <div class='ocr_carea' id='block_1_95' title="bbox 1949 3314 3549 3397">
    <p class='ocr_par' dir='ltr' id='par_1_95' title="bbox 1949 3314 3549 3397">
     <span class='ocr_line' id='line_1_95' title="bbox 1949 3314 3549 3397; baseline -0.013 -10"><span class='ocrx_word' id='word_1_733' title='bbox 1949 3333 2128 3390; x_wconf 89' lang='lat' dir='ltr'><strong>citate.</strong></span> <span class='ocrx_word' id='word_1_734' title='bbox 2160 3327 2260 3383; x_wconf 70' lang='grc' dir='ltr'><strong>γει</strong></span> <span class='ocrx_word' id='word_1_735' title='bbox 2309 3343 2444 3397; x_wconf 89' lang='lat' dir='ltr'><strong>puer</strong></span> <span class='ocrx_word' id='word_1_736' title='bbox 2493 3324 2548 3378; x_wconf 92' lang='lat' dir='ltr'><strong>in</strong></span> <span class='ocrx_word' id='word_1_737' title='bbox 2605 3337 2766 3378; x_wconf 89' lang='lat' dir='ltr'><strong>sacra</strong></span> <span class='ocrx_word' id='word_1_738' title='bbox 2813 3319 3096 3390; x_wconf 90' lang='lat' dir='ltr'><strong>Scriptura</strong></span> <span class='ocrx_word' id='word_1_739' title='bbox 3143 3317 3213 3370; x_wconf 93' lang='lat' dir='ltr'><strong>ob</strong></span> <span class='ocrx_word' id='word_1_740' title='bbox 3251 3314 3549 3387; x_wconf 89' lang='lat' dir='ltr'><strong>puritatem</strong></span> 
     </span>
    </p>
   </div>
   <div class='ocr_carea' id='block_1_96' title="bbox 1953 3402 3547 3483">
    <p class='ocr_par' dir='ltr' id='par_1_96' title="bbox 1953 3402 3547 3483">
     <span class='ocr_line' id='line_1_96' title="bbox 1953 3402 3547 3483; baseline -0.013 -6"><span class='ocrx_word' id='word_1_741' title='bbox 1953 3418 2244 3482; x_wconf 86' lang='lat' dir='ltr'><strong>sermonis,</strong></span> <span class='ocrx_word' id='word_1_742' title='bbox 2279 3424 2330 3470; x_wconf 91' lang='lat' dir='ltr'><strong>et</strong></span> <span class='ocrx_word' id='word_1_743' title='bbox 2363 3415 2434 3470; x_wconf 92' lang='lat' dir='ltr'><strong>ob</strong></span> <span class='ocrx_word' id='word_1_744' title='bbox 2464 3412 2678 3483; x_wconf 88' lang='lat' dir='ltr'><strong>eloquia</strong></span> <span class='ocrx_word' id='word_1_745' title='bbox 2733 3417 2902 3466; x_wconf 87' lang='lat' dir='ltr'><strong>casta.</strong></span> <span class='ocrx_word' id='word_1_746' title='bbox 2947 3408 3052 3462; x_wconf 88' lang='lat' dir='ltr'><strong>Hic</strong></span> <span class='ocrx_word' id='word_1_747' title='bbox 3094 3406 3277 3476; x_wconf 88' lang='lat' dir='ltr'><strong>itaque</strong></span> <span class='ocrx_word' id='word_1_748' title='bbox 3307 3418 3447 3475; x_wconf 89' lang='lat' dir='ltr'><strong>puer</strong></span> <span class='ocrx_word' id='word_1_749' title='bbox 3474 3402 3547 3456; x_wconf 89' lang='lat' dir='ltr'><strong>di-</strong></span> 
     </span>
    </p>
   </div>
   <div class='ocr_carea' id='block_1_97' title="bbox 1951 3490 3546 3572">
    <p class='ocr_par' dir='ltr' id='par_1_97' title="bbox 1951 3490 3546 3572">
     <span class='ocr_line' id='line_1_97' title="bbox 1951 3490 3546 3572; baseline -0.013 -7"><span class='ocrx_word' id='word_1_750' title='bbox 1951 3510 2022 3566; x_wconf 90' lang='lat' dir='ltr'><strong>cit</strong></span> <span class='ocrx_word' id='word_1_751' title='bbox 2056 3526 2067 3562; x_wconf 93' lang='lat'>:</span> <span class='ocrx_word' id='word_1_752' title='bbox 2106 3528 2127 3557; x_wconf 75' lang='grc' dir='ltr'><strong><em>ι</em></strong></span> <span class='ocrx_word' id='word_1_753' title='bbox 2161 3503 2448 3561; x_wconf 90' lang='lat' dir='ltr'><strong>Descende</strong></span> <span class='ocrx_word' id='word_1_754' title='bbox 2479 3502 2545 3556; x_wconf 87' lang='lat' dir='ltr'><strong>de</strong></span> <span class='ocrx_word' id='word_1_755' title='bbox 2579 3499 2757 3572; x_wconf 82' lang='lat' dir='ltr'><strong>Syria.</strong></span> <span class='ocrx_word' id='word_1_756' title='bbox 2790 3498 2846 3552; x_wconf 90' lang='lat' dir='ltr'><strong>id</strong></span> <span class='ocrx_word' id='word_1_757' title='bbox 2876 3505 2958 3554; x_wconf 90' lang='lat' dir='ltr'><strong>est</strong></span> <span class='ocrx_word' id='word_1_758' title='bbox 2988 3497 3056 3550; x_wconf 93' lang='lat' dir='ltr'><strong>de</strong></span> <span class='ocrx_word' id='word_1_759' title='bbox 3089 3493 3341 3550; x_wconf 85' lang='lat' dir='ltr'><strong>elatione.</strong></span> <span class='ocrx_word' id='word_1_760' title='bbox 3389 3490 3546 3563; x_wconf 85' lang='lat' dir='ltr'><strong>Syria</strong></span> 
     </span>
    </p>
   </div>
   <div class='ocr_carea' id='block_1_98' title="bbox 1952 3590 3546 3679">
    <p class='ocr_par' dir='ltr' id='par_1_98' title="bbox 1952 3590 3546 3679">
     <span class='ocr_line' id='line_1_98' title="bbox 1952 3590 3546 3679; baseline -0.012 -17"><span class='ocrx_word' id='word_1_761' title='bbox 1952 3607 2152 3679; x_wconf 89' lang='lat' dir='ltr'><strong>quippe</strong></span> <span class='ocrx_word' id='word_1_762' title='bbox 2182 3601 2436 3659; x_wconf 81' lang='lat' dir='ltr'><strong>sublimis</strong></span> <span class='ocrx_word' id='word_1_763' title='bbox 2467 3600 2876 3669; x_wconf 89' lang='lat' dir='ltr'><strong>interpretatur,</strong></span> <span class='ocrx_word' id='word_1_764' title='bbox 2925 3595 2978 3648; x_wconf 91' lang='lat' dir='ltr'><strong>in</strong></span> <span class='ocrx_word' id='word_1_765' title='bbox 3023 3593 3339 3657; x_wconf 67' lang='lat' dir='ltr'><strong>Iordanem,</strong></span> <span class='ocrx_word' id='word_1_766' title='bbox 3372 3590 3428 3645; x_wconf 92' lang='lat' dir='ltr'><strong>id</strong></span> <span class='ocrx_word' id='word_1_767' title='bbox 3458 3593 3546 3644; x_wconf 84' lang='lat' dir='ltr'><strong>est</strong></span> 
     </span>
    </p>
   </div>
   <div class='ocr_carea' id='block_1_99' title="bbox 1950 3679 3544 3756">
    <p class='ocr_par' dir='ltr' id='par_1_99' title="bbox 1950 3679 3544 3756">
     <span class='ocr_line' id='line_1_99' title="bbox 1950 3679 3544 3756; baseline -0.011 -6"><span class='ocrx_word' id='word_1_768' title='bbox 1950 3696 2019 3750; x_wconf 89' lang='lat' dir='ltr'><strong>ad</strong></span> <span class='ocrx_word' id='word_1_769' title='bbox 2054 3691 2490 3751; x_wconf 87' lang='lat' dir='ltr'><strong>conformitatem</strong></span> <span class='ocrx_word' id='word_1_770' title='bbox 2538 3685 2734 3742; x_wconf 89' lang='lat' dir='ltr'><strong>Christi</strong></span> <span class='ocrx_word' id='word_1_771' title='bbox 2782 3701 2902 3756; x_wconf 86' lang='lat' dir='ltr'><strong>qua</strong></span> <span class='ocrx_word' id='word_1_772' title='bbox 2934 3691 3012 3738; x_wconf 86' lang='lat' dir='ltr'><strong>est</strong></span> <span class='ocrx_word' id='word_1_773' title='bbox 3054 3680 3352 3736; x_wconf 90' lang='lat' dir='ltr'><strong>humilitas.</strong></span> <span class='ocrx_word' id='word_1_774' title='bbox 3390 3698 3412 3729; x_wconf 71' lang='grc' dir='ltr'>ι</span> <span class='ocrx_word' id='word_1_775' title='bbox 3448 3679 3544 3733; x_wconf 84' lang='lat' dir='ltr'><strong>Ti-</strong></span> 
     </span>
    </p>
   </div>
   <div class='ocr_carea' id='block_1_100' title="bbox 1951 3766 3544 3851">
    <p class='ocr_par' dir='ltr' id='par_1_100' title="bbox 1951 3766 3544 3851">
     <span class='ocr_line' id='line_1_100' title="bbox 1951 3766 3544 3851; baseline -0.011 -12"><span class='ocrx_word' id='word_1_776' title='bbox 1951 3784 2095 3839; x_wconf 92' lang='lat' dir='ltr'><strong>tulus</strong></span> <span class='ocrx_word' id='word_1_777' title='bbox 2124 3795 2360 3851; x_wconf 89' lang='lat' dir='ltr'><strong>namque</strong></span> <span class='ocrx_word' id='word_1_778' title='bbox 2415 3775 2621 3832; x_wconf 90' lang='lat' dir='ltr'><strong>diaboli</strong></span> <span class='ocrx_word' id='word_1_779' title='bbox 2678 3772 2933 3844; x_wconf 89' lang='lat' dir='ltr'><strong>superbia</strong></span> <span class='ocrx_word' id='word_1_780' title='bbox 2990 3778 3091 3838; x_wconf 91' lang='lat' dir='ltr'><strong>est,</strong></span> <span class='ocrx_word' id='word_1_781' title='bbox 3125 3769 3311 3824; x_wconf 89' lang='lat' dir='ltr'><strong>titulus</strong></span> <span class='ocrx_word' id='word_1_782' title='bbox 3350 3766 3544 3823; x_wconf 91' lang='lat' dir='ltr'><strong>Christi</strong></span> 
     </span>
    </p>
   </div>
   <div class='ocr_carea' id='block_1_101' title="bbox 1950 3867 3546 3946">
    <p class='ocr_par' dir='ltr' id='par_1_101' title="bbox 1950 3867 3546 3946">
     <span class='ocr_line' id='line_1_101' title="bbox 1950 3867 3546 3946; baseline -0.01 -10"><span class='ocrx_word' id='word_1_783' title='bbox 1950 3880 2242 3936; x_wconf 87' lang='lat' dir='ltr'><strong>humilitas.</strong></span> <span class='ocrx_word' id='word_1_784' title='bbox 2277 3877 2451 3946; x_wconf 84' lang='lat' dir='ltr'><strong>Hujus</strong></span> <span class='ocrx_word' id='word_1_785' title='bbox 2480 3874 2622 3930; x_wconf 91' lang='lat' dir='ltr'><strong>enim</strong></span> <span class='ocrx_word' id='word_1_786' title='bbox 2656 3871 2957 3942; x_wconf 87' lang='lat' dir='ltr'><strong>disciplina</strong></span> <span class='ocrx_word' id='word_1_787' title='bbox 3001 3867 3280 3939; x_wconf 90' lang='lat' dir='ltr'><strong>proposuit</strong></span> <span class='ocrx_word' id='word_1_788' title='bbox 3311 3882 3369 3921; x_wconf 89' lang='lat' dir='ltr'><strong>se</strong></span> <span class='ocrx_word' id='word_1_789' title='bbox 3386 3867 3546 3922; x_wconf 90' lang='lat' dir='ltr'><strong>scho-</strong></span> 
     </span>
    </p>
   </div>
   <div class='ocr_carea' id='block_1_102' title="bbox 1952 3956 3544 4039">
    <p class='ocr_par' dir='ltr' id='par_1_102' title="bbox 1952 3956 3544 4039">
     <span class='ocr_line' id='line_1_102' title="bbox 1952 3956 3544 4039; baseline -0.011 -14"><span class='ocrx_word' id='word_1_790' title='bbox 1952 3971 2126 4025; x_wconf 87' lang='lat' dir='ltr'><strong>larem</strong></span> <span class='ocrx_word' id='word_1_791' title='bbox 2154 3966 2539 4039; x_wconf 88' lang='lat' dir='ltr'><strong>magistrorum</strong></span> <span class='ocrx_word' id='word_1_792' title='bbox 2569 3963 2759 4016; x_wconf 89' lang='lat' dir='ltr'><strong>dicens</strong></span> <span class='ocrx_word' id='word_1_793' title='bbox 2792 3977 2805 4015; x_wconf 93' lang='lat'><strong><em>:</em></strong></span> <span class='ocrx_word' id='word_1_794' title='bbox 2863 3960 2983 4014; x_wconf 87' lang='lat' dir='ltr'><strong>Non</strong></span> <span class='ocrx_word' id='word_1_795' title='bbox 3039 3958 3107 4010; x_wconf 91' lang='lat' dir='ltr'><strong>ad</strong></span> <span class='ocrx_word' id='word_1_796' title='bbox 3155 3956 3380 4010; x_wconf 88' lang='lat' dir='ltr'><strong>oracula</strong></span> <span class='ocrx_word' id='word_1_797' title='bbox 3411 3969 3544 4025; x_wconf 89' lang='lat' dir='ltr'><strong>pro-</strong></span> 
     </span>
    </p>
   </div>
   <div class='ocr_carea' id='block_1_103' title="bbox 1953 4045 3546 4130">
    <p class='ocr_par' dir='ltr' id='par_1_103' title="bbox 1953 4045 3546 4130">
     <span class='ocr_line' id='line_1_103' title="bbox 1953 4045 3546 4130; baseline -0.009 -17"><span class='ocrx_word' id='word_1_798' title='bbox 1953 4060 2262 4130; x_wconf 87' lang='lat' dir='ltr'><strong>phetarum,</strong></span> <span class='ocrx_word' id='word_1_799' title='bbox 2294 4071 2403 4109; x_wconf 89' lang='lat' dir='ltr'><strong>non</strong></span> <span class='ocrx_word' id='word_1_800' title='bbox 2433 4053 2503 4106; x_wconf 91' lang='lat' dir='ltr'><strong>ad</strong></span> <span class='ocrx_word' id='word_1_801' title='bbox 2531 4050 2825 4122; x_wconf 88' lang='lat' dir='ltr'><strong>anigmata</strong></span> <span class='ocrx_word' id='word_1_802' title='bbox 2873 4063 2970 4102; x_wconf 92' lang='lat' dir='ltr'><strong>vos</strong></span> <span class='ocrx_word' id='word_1_803' title='bbox 3000 4046 3174 4109; x_wconf 89' lang='lat' dir='ltr'><strong>mitto,</strong></span> <span class='ocrx_word' id='word_1_804' title='bbox 3209 4045 3307 4099; x_wconf 85' lang='lat' dir='ltr'><strong>sed</strong></span> <span class='ocrx_word' id='word_1_805' title='bbox 3339 4067 3360 4092; x_wconf 85' lang='lat'><strong>«</strong></span> <span class='ocrx_word' id='word_1_806' title='bbox 3395 4058 3428 4098; x_wconf 90' lang='lat' dir='ltr'><strong>a</strong></span> <span class='ocrx_word' id='word_1_807' title='bbox 3457 4059 3546 4099; x_wconf 90' lang='lat' dir='ltr'><strong>me</strong></span> 
     </span>
    </p>
   </div>
   <div class='ocr_carea' id='block_1_104' title="bbox 1956 4133 3544 4218">
    <p class='ocr_par' dir='ltr' id='par_1_104' title="bbox 1956 4133 3544 4218">
     <span class='ocr_line' id='line_1_104' title="bbox 1956 4133 3544 4218; baseline -0.008 -16"><span class='ocrx_word' id='word_1_808' title='bbox 1956 4148 2077 4218; x_wconf 92' lang='lat' dir='ltr'><strong>ipso</strong></span> <span class='ocrx_word' id='word_1_809' title='bbox 2107 4144 2299 4200; x_wconf 86' lang='lat' dir='ltr'><strong>discite</strong></span> <span class='ocrx_word' id='word_1_810' title='bbox 2321 4141 2448 4213; x_wconf 88' lang='lat' dir='ltr'><strong>quia</strong></span> <span class='ocrx_word' id='word_1_811' title='bbox 2479 4139 2623 4194; x_wconf 91' lang='lat' dir='ltr'><strong>mitis</strong></span> <span class='ocrx_word' id='word_1_812' title='bbox 2655 4153 2773 4191; x_wconf 92' lang='lat' dir='ltr'><strong>sum</strong></span> <span class='ocrx_word' id='word_1_813' title='bbox 2804 4144 2856 4190; x_wconf 91' lang='lat' dir='ltr'><strong>et</strong></span> <span class='ocrx_word' id='word_1_814' title='bbox 2887 4133 3103 4188; x_wconf 90' lang='lat' dir='ltr'><strong>humilis</strong></span> <span class='ocrx_word' id='word_1_815' title='bbox 3132 4133 3294 4188; x_wconf 90' lang='lat' dir='ltr'><strong>corde</strong></span> <span class='ocrx_word' id='word_1_816' title='bbox 3323 4133 3544 4201; x_wconf 83' lang='lat' dir='ltr'><strong>(Matth.</strong></span> 
     </span>
    </p>
   </div>
   <div class='ocr_carea' id='block_1_105' title="bbox 1961 4227 3551 4313">
    <p class='ocr_par' dir='ltr' id='par_1_105' title="bbox 1961 4227 3551 4313">
     <span class='ocr_line' id='line_1_105' title="bbox 1961 4227 3551 4313; baseline -0.01 -15"><span class='ocrx_word' id='word_1_817' title='bbox 1961 4245 2057 4313; x_wconf 78' lang='grc' dir='ltr'><strong>χι).</strong></span> <span class='ocrx_word' id='word_1_818' title='bbox 2093 4262 2116 4291; x_wconf 74' lang='grc' dir='ltr'><strong>ι</strong></span> <span class='ocrx_word' id='word_1_819' title='bbox 2150 4243 2332 4310; x_wconf 92' lang='lat' dir='ltr'><strong>Ipsum</strong></span> <span class='ocrx_word' id='word_1_820' title='bbox 2365 4253 2453 4291; x_wconf 91' lang='lat' dir='ltr'><strong>me</strong></span> <span class='ocrx_word' id='word_1_821' title='bbox 2481 4248 2730 4305; x_wconf 92' lang='lat' dir='ltr'><strong>propono</strong></span> <span class='ocrx_word' id='word_1_822' title='bbox 2785 4231 2944 4287; x_wconf 89' lang='lat' dir='ltr'><strong>vobis</strong></span> <span class='ocrx_word' id='word_1_823' title='bbox 2976 4229 3275 4300; x_wconf 89' lang='lat' dir='ltr'><strong>speculum.</strong></span> <span class='ocrx_word' id='word_1_824' title='bbox 3329 4227 3551 4283; x_wconf 87' lang='lat' dir='ltr'><strong>Humili-</strong></span> 
     </span>
    </p>
   </div>
   <div class='ocr_carea' id='block_1_106' title="bbox 1963 4318 3546 4394">
    <p class='ocr_par' dir='ltr' id='par_1_106' title="bbox 1963 4318 3546 4394">
     <span class='ocr_line' id='line_1_106' title="bbox 1963 4318 3546 4394; baseline -0.009 -8"><span class='ocrx_word' id='word_1_825' title='bbox 1963 4341 2046 4386; x_wconf 88' lang='lat' dir='ltr'><strong>tas</strong></span> <span class='ocrx_word' id='word_1_826' title='bbox 2075 4339 2252 4384; x_wconf 91' lang='lat' dir='ltr'><strong>autem</strong></span> <span class='ocrx_word' id='word_1_827' title='bbox 2275 4324 2516 4381; x_wconf 84' lang='lat' dir='ltr'><strong>exterior</strong></span> <span class='ocrx_word' id='word_1_828' title='bbox 2545 4338 2736 4394; x_wconf 90' lang='lat' dir='ltr'><strong>parum</strong></span> <span class='ocrx_word' id='word_1_829' title='bbox 2769 4321 2932 4384; x_wconf 88' lang='lat' dir='ltr'><strong>valet,</strong></span> <span class='ocrx_word' id='word_1_830' title='bbox 2978 4319 3082 4373; x_wconf 91' lang='lat' dir='ltr'><strong>nisi</strong></span> <span class='ocrx_word' id='word_1_831' title='bbox 3129 4318 3272 4373; x_wconf 88' lang='lat' dir='ltr'><strong>adsit</strong></span> <span class='ocrx_word' id='word_1_832' title='bbox 3302 4318 3546 4388; x_wconf 86' lang='lat' dir='ltr'><strong>interior,</strong></span> 
     </span>
    </p>
   </div>
   <div class='ocr_carea' id='block_1_107' title="bbox 2005 4408 3549 4481">
    <p class='ocr_par' dir='ltr' id='par_1_107' title="bbox 2005 4408 3549 4481">
     <span class='ocr_line' id='line_1_107' title="bbox 2005 4408 3549 4481; baseline -0.01 -4"><span class='ocrx_word' id='word_1_833' title='bbox 2005 4437 2098 4477; x_wconf 90' lang='lat' dir='ltr'><strong>era</strong></span> <span class='ocrx_word' id='word_1_834' title='bbox 2129 4417 2334 4472; x_wconf 87' lang='lat' dir='ltr'><strong>scilicet</strong></span> <span class='ocrx_word' id='word_1_835' title='bbox 2361 4411 2684 4469; x_wconf 89' lang='lat' dir='ltr'><strong>obedientia.</strong></span> <span class='ocrx_word' id='word_1_836' title='bbox 2716 4411 2846 4466; x_wconf 86' lang='lat' dir='ltr'><strong>Hac</strong></span> <span class='ocrx_word' id='word_1_837' title='bbox 2873 4409 2975 4464; x_wconf 85' lang='lat' dir='ltr'><strong>tria</strong></span> <span class='ocrx_word' id='word_1_838' title='bbox 3003 4408 3173 4481; x_wconf 82' lang='lat' dir='ltr'><strong>exigit</strong></span> <span class='ocrx_word' id='word_1_839' title='bbox 3201 4423 3234 4462; x_wconf 88' lang='lat' dir='ltr'><strong>a</strong></span> <span class='ocrx_word' id='word_1_840' title='bbox 3263 4415 3335 4475; x_wconf 86' lang='lat' dir='ltr'><strong>te,</strong></span> <span class='ocrx_word' id='word_1_841' title='bbox 3353 4415 3410 4461; x_wconf 87' lang='lat' dir='ltr'><strong>ut</strong></span> <span class='ocrx_word' id='word_1_842' title='bbox 3435 4408 3549 4463; x_wconf 87' lang='lat' dir='ltr'><strong>hu-</strong></span> 
     </span>
    </p>
   </div>
   <div class='ocr_carea' id='block_1_108' title="bbox 1958 4507 3544 4581">
    <p class='ocr_par' dir='ltr' id='par_1_108' title="bbox 1958 4507 3544 4581">
     <span class='ocr_line' id='line_1_108' title="bbox 1958 4507 3544 4581; baseline -0.008 -6"><span class='ocrx_word' id='word_1_843' title='bbox 1958 4519 2159 4576; x_wconf 90' lang='lat' dir='ltr'><strong>militas</strong></span> <span class='ocrx_word' id='word_1_844' title='bbox 2191 4515 2379 4570; x_wconf 88' lang='lat' dir='ltr'><strong>sedeat</strong></span> <span class='ocrx_word' id='word_1_845' title='bbox 2408 4512 2463 4566; x_wconf 91' lang='lat' dir='ltr'><strong>in</strong></span> <span class='ocrx_word' id='word_1_846' title='bbox 2513 4511 2699 4576; x_wconf 89' lang='lat' dir='ltr'><strong>corde,</strong></span> <span class='ocrx_word' id='word_1_847' title='bbox 2749 4508 3008 4581; x_wconf 89' lang='lat' dir='ltr'><strong>patientia</strong></span> <span class='ocrx_word' id='word_1_848' title='bbox 3052 4515 3302 4564; x_wconf 89' lang='lat' dir='ltr'><strong>servetur</strong></span> <span class='ocrx_word' id='word_1_849' title='bbox 3345 4507 3401 4562; x_wconf 92' lang='lat' dir='ltr'><strong>in</strong></span> <span class='ocrx_word' id='word_1_850' title='bbox 3431 4524 3544 4575; x_wconf 89' lang='lat' dir='ltr'><strong>ore,</strong></span> 
     </span>
    </p>
   </div>
   <div class='ocr_carea' id='block_1_109' title="bbox 1957 4597 3544 4682">
    <p class='ocr_par' dir='ltr' id='par_1_109' title="bbox 1957 4597 3544 4682">
     <span class='ocr_line' id='line_1_109' title="bbox 1957 4597 3544 4682; baseline -0.008 -18"><span class='ocrx_word' id='word_1_851' title='bbox 1957 4603 2371 4682; x_wconf 89' lang='lat' dir='ltr'><strong>perseverantia</strong></span> <span class='ocrx_word' id='word_1_852' title='bbox 2401 4608 2651 4656; x_wconf 84' lang='lat' dir='ltr'><strong>teneatur</strong></span> <span class='ocrx_word' id='word_1_853' title='bbox 2678 4599 2729 4654; x_wconf 91' lang='lat' dir='ltr'><strong>in</strong></span> <span class='ocrx_word' id='word_1_854' title='bbox 2761 4613 2951 4669; x_wconf 89' lang='lat' dir='ltr'><strong>opere.</strong></span> <span class='ocrx_word' id='word_1_855' title='bbox 2990 4597 3164 4652; x_wconf 83' lang='lat' dir='ltr'><strong>Verba</strong></span> <span class='ocrx_word' id='word_1_856' title='bbox 3212 4597 3372 4652; x_wconf 91' lang='lat' dir='ltr'><strong>etiam</strong></span> <span class='ocrx_word' id='word_1_857' title='bbox 3402 4613 3544 4654; x_wconf 89' lang='lat' dir='ltr'><strong>con-</strong></span> 
     </span>
    </p>
   </div>
   <div class='ocr_carea' id='block_1_110' title="bbox 1956 4695 3547 4769">
    <p class='ocr_par' dir='ltr' id='par_1_110' title="bbox 1956 4695 3547 4769">
     <span class='ocr_line' id='line_1_110' title="bbox 1956 4695 3547 4769; baseline -0.007 -8"><span class='ocrx_word' id='word_1_858' title='bbox 1956 4713 2172 4769; x_wconf 89' lang='lat' dir='ltr'><strong>sonant,</strong></span> <span class='ocrx_word' id='word_1_859' title='bbox 2197 4726 2218 4750; x_wconf 76' lang='lat' dir='ltr'><strong>n</strong></span> <span class='ocrx_word' id='word_1_860' title='bbox 2246 4699 2517 4756; x_wconf 90' lang='lat' dir='ltr'><strong>descende</strong></span> <span class='ocrx_word' id='word_1_861' title='bbox 2534 4699 2588 4752; x_wconf 90' lang='lat' dir='ltr'><strong>in</strong></span> <span class='ocrx_word' id='word_1_862' title='bbox 2607 4697 2920 4752; x_wconf 72' lang='lat' dir='ltr'><strong>Iordanem.</strong></span> <span class='ocrx_word' id='word_1_863' title='bbox 2942 4720 2963 4743; x_wconf 73' lang='grc' dir='ltr'>η</span> <span class='ocrx_word' id='word_1_864' title='bbox 2988 4695 3547 4752; x_wconf 74' lang='lat' dir='ltr'><strong>Jordanisdescensu:</strong></span> 
     </span>
    </p>
   </div>
   <div class='ocr_carea' id='block_1_111' title="bbox 1954 4785 3549 4864">
    <p class='ocr_par' dir='ltr' id='par_1_111' title="bbox 1954 4785 3549 4864">
     <span class='ocr_line' id='line_1_111' title="bbox 1954 4785 3549 4864; baseline -0.006 -15"><span class='ocrx_word' id='word_1_865' title='bbox 1954 4795 2355 4864; x_wconf 88' lang='lat' dir='ltr'><strong>interpretatur.</strong></span> <span class='ocrx_word' id='word_1_866' title='bbox 2395 4789 2462 4842; x_wconf 91' lang='lat' dir='ltr'><strong>Et</strong></span> <span class='ocrx_word' id='word_1_867' title='bbox 2500 4787 2616 4842; x_wconf 85' lang='lat' dir='ltr'><strong>haec</strong></span> <span class='ocrx_word' id='word_1_868' title='bbox 2663 4793 2746 4840; x_wconf 91' lang='lat' dir='ltr'><strong>est</strong></span> <span class='ocrx_word' id='word_1_869' title='bbox 2772 4785 3017 4856; x_wconf 84' lang='lat' dir='ltr'><strong>quadam</strong></span> <span class='ocrx_word' id='word_1_870' title='bbox 3049 4800 3214 4840; x_wconf 87' lang='lat' dir='ltr'><strong>causa</strong></span> <span class='ocrx_word' id='word_1_871' title='bbox 3243 4800 3409 4855; x_wconf 90' lang='lat' dir='ltr'><strong>quare</strong></span> <span class='ocrx_word' id='word_1_872' title='bbox 3439 4786 3549 4840; x_wconf 89' lang='lat' dir='ltr'><strong>Do-</strong></span> 
     </span>
    </p>
   </div>
   <div class='ocr_carea' id='block_1_112' title="bbox 1953 4883 3550 4956">
    <p class='ocr_par' dir='ltr' id='par_1_112' title="bbox 1953 4883 3550 4956">
     <span class='ocr_line' id='line_1_112' title="bbox 1953 4883 3550 4956; baseline -0.005 -9"><span class='ocrx_word' id='word_1_873' title='bbox 1953 4893 2134 4947; x_wconf 89' lang='lat' dir='ltr'><strong>minus</strong></span> <span class='ocrx_word' id='word_1_874' title='bbox 2182 4891 2327 4944; x_wconf 91' lang='lat' dir='ltr'><strong>hunc</strong></span> <span class='ocrx_word' id='word_1_875' title='bbox 2379 4886 2602 4940; x_wconf 81' lang='lat' dir='ltr'><strong>ﬂuvium</strong></span> <span class='ocrx_word' id='word_1_876' title='bbox 2664 4883 2976 4954; x_wconf 90' lang='lat' dir='ltr'><strong>specialiter</strong></span> <span class='ocrx_word' id='word_1_877' title='bbox 3019 4885 3266 4956; x_wconf 89' lang='lat' dir='ltr'><strong>eligeret,</strong></span> <span class='ocrx_word' id='word_1_878' title='bbox 3311 4890 3366 4936; x_wconf 90' lang='lat' dir='ltr'><strong>ut</strong></span> <span class='ocrx_word' id='word_1_879' title='bbox 3395 4883 3450 4937; x_wconf 90' lang='lat' dir='ltr'><strong>in</strong></span> <span class='ocrx_word' id='word_1_880' title='bbox 3482 4898 3550 4939; x_wconf 91' lang='lat' dir='ltr'><strong>eo</strong></span> 
     </span>
    </p>
   </div>
   <div class='ocr_carea' id='block_1_113' title="bbox 1954 4972 3552 5052">
    <p class='ocr_par' dir='ltr' id='par_1_113' title="bbox 1954 4972 3552 5052">
     <span class='ocr_line' id='line_1_113' title="bbox 1954 4972 3552 5052; baseline -0.006 -16"><span class='ocrx_word' id='word_1_881' title='bbox 1954 4980 2348 5052; x_wconf 87' lang='lat' dir='ltr'><strong>baptizaretur.</strong></span> <span class='ocrx_word' id='word_1_882' title='bbox 2389 5000 2411 5023; x_wconf 84' lang='grc' dir='ltr'>α</span> <span class='ocrx_word' id='word_1_883' title='bbox 2448 4977 2653 5030; x_wconf 88' lang='lat' dir='ltr'><strong>Lavare</strong></span> <span class='ocrx_word' id='word_1_884' title='bbox 2675 4974 2898 5044; x_wconf 89' lang='lat' dir='ltr'><strong>septies,</strong></span> <span class='ocrx_word' id='word_1_885' title='bbox 2927 4997 2948 5022; x_wconf 75' lang='grc' dir='ltr'><strong>ι»</strong></span> <span class='ocrx_word' id='word_1_886' title='bbox 2977 4973 3028 5027; x_wconf 91' lang='lat' dir='ltr'><strong>id</strong></span> <span class='ocrx_word' id='word_1_887' title='bbox 3055 4981 3138 5028; x_wconf 91' lang='lat' dir='ltr'><strong>est</strong></span> <span class='ocrx_word' id='word_1_888' title='bbox 3170 4972 3440 5043; x_wconf 82' lang='lat' dir='ltr'><strong>perfecte.</strong></span> <span class='ocrx_word' id='word_1_889' title='bbox 3479 4972 3552 5026; x_wconf 89' lang='lat' dir='ltr'><strong>Et</strong></span> 
     </span>
    </p>
   </div>
   <div class='ocr_carea' id='block_1_114' title="bbox 1955 5061 3551 5140">
    <p class='ocr_par' dir='ltr' id='par_1_114' title="bbox 1955 5061 3551 5140">
     <span class='ocr_line' id='line_1_114' title="bbox 1955 5061 3551 5140; baseline -0.003 -17"><span class='ocrx_word' id='word_1_890' title='bbox 1955 5069 2274 5140; x_wconf 87' lang='lat' dir='ltr'><strong>indignatus</strong></span> <span class='ocrx_word' id='word_1_891' title='bbox 2297 5065 2560 5129; x_wconf 88' lang='lat' dir='ltr'><strong>Naaman,</strong></span> <span class='ocrx_word' id='word_1_892' title='bbox 2594 5062 2877 5134; x_wconf 88' lang='lat' dir='ltr'><strong>respondit</strong></span> <span class='ocrx_word' id='word_1_893' title='bbox 2907 5077 2919 5116; x_wconf 92' lang='lat'>:</span> <span class='ocrx_word' id='word_1_894' title='bbox 2957 5085 2977 5109; x_wconf 75' lang='grc' dir='ltr'>α</span> <span class='ocrx_word' id='word_1_895' title='bbox 3013 5061 3276 5132; x_wconf 91' lang='lat' dir='ltr'><strong>Nunquid</strong></span> <span class='ocrx_word' id='word_1_896' title='bbox 3306 5076 3416 5117; x_wconf 94' lang='lat' dir='ltr'><strong>non</strong></span> <span class='ocrx_word' id='word_1_897' title='bbox 3446 5077 3551 5118; x_wconf 81' lang='lat' dir='ltr'><strong>me-</strong></span> 
     </span>
    </p>
   </div>
   <div class='ocr_carea' id='block_1_115' title="bbox 1955 5163 3553 5236">
    <p class='ocr_par' dir='ltr' id='par_1_115' title="bbox 1955 5163 3553 5236">
     <span class='ocr_line' id='line_1_115' title="bbox 1955 5163 3553 5236; baseline -0.005 -10"><span class='ocrx_word' id='word_1_898' title='bbox 1955 5171 2124 5226; x_wconf 91' lang='lat' dir='ltr'><strong>liores</strong></span> <span class='ocrx_word' id='word_1_899' title='bbox 2155 5176 2277 5222; x_wconf 88' lang='lat' dir='ltr'><strong>sunt</strong></span> <span class='ocrx_word' id='word_1_900' title='bbox 2309 5167 2509 5221; x_wconf 87' lang='lat' dir='ltr'><strong>Abana</strong></span> <span class='ocrx_word' id='word_1_901' title='bbox 2540 5173 2593 5221; x_wconf 90' lang='lat' dir='ltr'><strong>et</strong></span> <span class='ocrx_word' id='word_1_902' title='bbox 2625 5166 2868 5236; x_wconf 87' lang='lat' dir='ltr'><strong>Parphar</strong></span> <span class='ocrx_word' id='word_1_903' title='bbox 2896 5163 3052 5219; x_wconf 86' lang='lat' dir='ltr'><strong>ﬂuvii</strong></span> <span class='ocrx_word' id='word_1_904' title='bbox 3081 5163 3337 5220; x_wconf 90' lang='lat' dir='ltr'><strong>Damasci</strong></span> <span class='ocrx_word' id='word_1_905' title='bbox 3371 5163 3553 5220; x_wconf 91' lang='lat' dir='ltr'><strong>omni-</strong></span> 
     </span>
    </p>
   </div>
   <div class='ocr_carea' id='block_1_116' title="bbox 1956 5253 3553 5328">
    <p class='ocr_par' dir='ltr' id='par_1_116' title="bbox 1956 5253 3553 5328">
     <span class='ocr_line' id='line_1_116' title="bbox 1956 5253 3553 5328; baseline -0.004 -14"><span class='ocrx_word' id='word_1_906' title='bbox 1956 5260 2060 5315; x_wconf 88' lang='lat' dir='ltr'><strong>bus</strong></span> <span class='ocrx_word' id='word_1_907' title='bbox 2088 5257 2242 5328; x_wconf 89' lang='lat' dir='ltr'><strong>aquis</strong></span> <span class='ocrx_word' id='word_1_908' title='bbox 2271 5255 2455 5321; x_wconf 89' lang='lat' dir='ltr'><strong>Israel,</strong></span> <span class='ocrx_word' id='word_1_909' title='bbox 2473 5262 2531 5309; x_wconf 91' lang='lat' dir='ltr'><strong>ut</strong></span> <span class='ocrx_word' id='word_1_910' title='bbox 2552 5254 2704 5309; x_wconf 87' lang='lat' dir='ltr'><strong>laver</strong></span> <span class='ocrx_word' id='word_1_911' title='bbox 2721 5254 2774 5308; x_wconf 90' lang='lat' dir='ltr'><strong>in</strong></span> <span class='ocrx_word' id='word_1_912' title='bbox 2790 5254 2870 5308; x_wconf 90' lang='lat' dir='ltr'><strong>eis</strong></span> <span class='ocrx_word' id='word_1_913' title='bbox 2893 5261 2946 5308; x_wconf 90' lang='lat' dir='ltr'><strong>et</strong></span> <span class='ocrx_word' id='word_1_914' title='bbox 2966 5253 3232 5309; x_wconf 83' lang='lat' dir='ltr'><strong>munder?</strong></span> <span class='ocrx_word' id='word_1_915' title='bbox 3250 5277 3272 5300; x_wconf 78' lang='grc' dir='ltr'><strong>ιι</strong></span> <span class='ocrx_word' id='word_1_916' title='bbox 3308 5255 3402 5322; x_wconf 91' lang='lat' dir='ltr'><strong>(IV</strong></span> <span class='ocrx_word' id='word_1_917' title='bbox 3426 5255 3553 5326; x_wconf 83' lang='lat' dir='ltr'><strong>Reg.</strong></span> 
     </span>
    </p>
   </div>
   <div class='ocr_carea' id='block_1_117' title="bbox 1956 5348 3563 5424">
    <p class='ocr_par' dir='ltr' id='par_1_117' title="bbox 1956 5348 3563 5424">
     <span class='ocr_line' id='line_1_117' title="bbox 1956 5348 3563 5424; baseline -0.002 -14"><span class='ocrx_word' id='word_1_918' title='bbox 1956 5357 2037 5424; x_wconf 92' lang='lat' dir='ltr'><strong>v.)</strong></span> <span class='ocrx_word' id='word_1_919' title='bbox 2072 5355 2372 5408; x_wconf 88' lang='lat' dir='ltr'><strong>Damascus</strong></span> <span class='ocrx_word' id='word_1_920' title='bbox 2401 5350 2788 5420; x_wconf 88' lang='lat' dir='ltr'><strong>interpretatur</strong></span> <span class='ocrx_word' id='word_1_921' title='bbox 2840 5349 3028 5406; x_wconf 78' lang='lat' dir='ltr'><strong>bibens</strong></span> <span class='ocrx_word' id='word_1_922' title='bbox 3059 5350 3422 5420; x_wconf 81' lang='lat' dir='ltr'><strong>sanguinem.</strong></span> <span class='ocrx_word' id='word_1_923' title='bbox 3461 5348 3563 5406; x_wconf 89' lang='lat' dir='ltr'><strong>Hic</strong></span> 
     </span>
    </p>
   </div>
   <div class='ocr_carea' id='block_1_118' title="bbox 1959 5447 3568 5521">
    <p class='ocr_par' dir='ltr' id='par_1_118' title="bbox 1959 5447 3568 5521">
     <span class='ocr_line' id='line_1_118' title="bbox 1959 5447 3568 5521; baseline -0.004 -13"><span class='ocrx_word' id='word_1_924' title='bbox 1959 5460 2042 5509; x_wconf 90' lang='lat' dir='ltr'><strong>est</strong></span> <span class='ocrx_word' id='word_1_925' title='bbox 2090 5449 2324 5504; x_wconf 89' lang='lat' dir='ltr'><strong>mundus</strong></span> <span class='ocrx_word' id='word_1_926' title='bbox 2355 5449 2446 5521; x_wconf 88' lang='lat' dir='ltr'><strong>qui</strong></span> <span class='ocrx_word' id='word_1_927' title='bbox 2501 5457 2682 5503; x_wconf 90' lang='lat' dir='ltr'><strong>nostra</strong></span> <span class='ocrx_word' id='word_1_928' title='bbox 2735 5449 3140 5518; x_wconf 54' lang='lat' dir='ltr'><strong>aternafmorte</strong></span> <span class='ocrx_word' id='word_1_929' title='bbox 3171 5447 3568 5504; x_wconf 88' lang='lat' dir='ltr'><strong>delectabiliter</strong></span> 
     </span>
    </p>
   </div>
   <div class='ocr_carea' id='block_1_119' title="bbox 1959 5537 3569 5614">
    <p class='ocr_par' dir='ltr' id='par_1_119' title="bbox 1959 5537 3569 5614">
     <span class='ocr_line' id='line_1_119' title="bbox 1959 5537 3569 5614; baseline -0.003 -18"><span class='ocrx_word' id='word_1_930' title='bbox 1959 5558 2057 5614; x_wconf 90' lang='lat' dir='ltr'><strong>per</strong></span> <span class='ocrx_word' id='word_1_931' title='bbox 2085 5547 2365 5595; x_wconf 91' lang='lat' dir='ltr'><strong>cruentum</strong></span> <span class='ocrx_word' id='word_1_932' title='bbox 2390 5539 2597 5609; x_wconf 89' lang='lat' dir='ltr'><strong>peccati</strong></span> <span class='ocrx_word' id='word_1_933' title='bbox 2647 5537 2903 5608; x_wconf 90' lang='lat' dir='ltr'><strong>poculum</strong></span> <span class='ocrx_word' id='word_1_934' title='bbox 2937 5537 3275 5594; x_wconf 73' lang='lat' dir='ltr'><strong>’inebriatur.</strong></span> <span class='ocrx_word' id='word_1_935' title='bbox 3321 5539 3569 5608; x_wconf 86' lang='lat' dir='ltr'><strong>Parphar</strong></span> 
     </span>
    </p>
   </div>
   <div class='ocr_carea' id='block_1_120' title="bbox 1963 5635 3572 5706">
    <p class='ocr_par' dir='ltr' id='par_1_120' title="bbox 1963 5635 3572 5706">
     <span class='ocr_line' id='line_1_120' title="bbox 1963 5635 3572 5706; baseline -0.004 -10"><span class='ocrx_word' id='word_1_936' title='bbox 1963 5641 2122 5705; x_wconf 81' lang='lat' dir='ltr'><strong>talpa</strong></span> <span class='ocrx_word' id='word_1_937' title='bbox 2153 5637 2368 5704; x_wconf 89' lang='lat' dir='ltr'><strong>dicitur,</strong></span> <span class='ocrx_word' id='word_1_938' title='bbox 2420 5636 2554 5690; x_wconf 90' lang='lat' dir='ltr'><strong>illud</strong></span> <span class='ocrx_word' id='word_1_939' title='bbox 2606 5635 2852 5693; x_wconf 89' lang='lat' dir='ltr'><strong>deforme</strong></span> <span class='ocrx_word' id='word_1_940' title='bbox 2900 5645 2953 5693; x_wconf 89' lang='lat' dir='ltr'><strong>et</strong></span> <span class='ocrx_word' id='word_1_941' title='bbox 2982 5653 3186 5694; x_wconf 85' lang='lat' dir='ltr'><strong>cacum</strong></span> <span class='ocrx_word' id='word_1_942' title='bbox 3237 5636 3443 5692; x_wconf 89' lang='lat' dir='ltr'><strong>animal</strong></span> <span class='ocrx_word' id='word_1_943' title='bbox 3473 5652 3572 5706; x_wconf 91' lang='lat' dir='ltr'><strong>pro</strong></span> 
     </span>
    </p>
   </div>
   <div class='ocr_carea' id='block_1_121' title="bbox 1961 5725 3572 5792">
    <p class='ocr_par' dir='ltr' id='par_1_121' title="bbox 1961 5725 3572 5792">
     <span class='ocr_line' id='line_1_121' title="bbox 1961 5725 3572 5792; baseline -0.004 -8"><span class='ocrx_word' id='word_1_944' title='bbox 1961 5727 2240 5784; x_wconf 89' lang='lat' dir='ltr'><strong>domicilio</strong></span> <span class='ocrx_word' id='word_1_945' title='bbox 2292 5725 2529 5782; x_wconf 89' lang='lat' dir='ltr'><strong>latebras</strong></span> <span class='ocrx_word' id='word_1_946' title='bbox 2588 5733 2746 5782; x_wconf 90' lang='lat' dir='ltr'><strong>terra</strong></span> <span class='ocrx_word' id='word_1_947' title='bbox 2806 5733 2858 5782; x_wconf 86' lang='lat' dir='ltr'><strong>et</strong></span> <span class='ocrx_word' id='word_1_948' title='bbox 2916 5742 3182 5784; x_wconf 88' lang='lat' dir='ltr'><strong>cavernas</strong></span> <span class='ocrx_word' id='word_1_949' title='bbox 3239 5725 3572 5792; x_wconf 91' lang='lat' dir='ltr'><strong>inhabitans,</strong></span> 
     </span>
    </p>
   </div>
  </div>
