3972 6076
493 154 596 208 139

1555 153 1895 208 WEBNERI
1935 153 2218 208 ABBATIS
2256 154 2318 209 S.
2367 155 2590 210 BLASII

3661 158 3797 208 Iiiﬂ

459 278 759 350 hortosque
789 284 843 332 et
870 285 988 332 sata
1017 275 1342 332 snﬂodiens.
1387 275 1674 348 Signiﬁcat
1720 284 1900 332 autem
1927 277 2050 331 avi-
2082 278 2132 339 A
2160 280 2307 335 Deus
2337 297 2491 336 meus
2519 281 2731 337 dederit
2761 283 2893 338 mihi
2922 301 3125 356 panem
3172 286 3239 340 ad
3281 283 3584 340 edendum
3619 289 3674 336 et
3706 297 3801 336 ve-

465 367 687 422 ditatem
715 375 1076 432 terrenorum,
1111 366 1201 436 qui
1231 365 1428 421 oculos
1459 380 1585 420 suos
1614 373 1912 420 statuerunt
1945 367 2047 422 de-

453 455 663 510 clinare
693 455 746 508 in
777 463 1002 510 terram.
1032 457 1159 510 l-lazc
1187 462 1267 509 est
1315 461 1370 508 et
1423 454 1628 508 mulier
1666 471 1852 520 curva,
1889 472 2046 526 quam

458 544 729 598 Dominus
759 544 950 600 erexit.
980 545 1171 598 Abana
1199 546 1374 598 latere
1397 543 1620 614 lapides
1638 545 1758 613 ejus
1789 544 2049 615 interpre-

453 648 611 695 tatur.

527 819 630 873 Per
658 818 800 887 quod
833 817 1292 888 praecipuiquique
1357 805 1644 888 Signantur
1677 818 1941 874 Ecclesiae
1964 821 2051 876 vel

454 908 614 976 hujus
643 906 844 962 saeculi.
893 906 1170 970 Ecclesiae,
1205 907 1502 962 secundum
1538 906 1703 960 illud:
1734 929 1755 956 ι
1805 909 2053 977 Dispersi

461 1004 589 1050 suut
619 995 829 1066 lapides
863 994 1118 1049 sactuarii
1149 995 1204 1048 in
1237 994 1410 1065 capita
1459 995 1700 1049 omnium
1749 996 2051 1066 platearum

461 1095 694 1161 (Thren.
735 1094 808 1160 iv)
837 1110 850 1158 ;
884 1115 904 1138 ιι
935 1091 1137 1156 saeculi,
1167 1092 1319 1158 juxta
1350 1091 1482 1145 illud
1513 1092 1752 1158 ejusdem
1777 1094 2053 1163 prOphetae

458 1190 651 1236 contra
680 1181 1046 1251 Babylonem:
1087 1204 1105 1226 -
1141 1179 1330 1234 Tollite
1362 1180 1429 1233 de
1458 1179 1541 1234 via
1573 1180 1783 1250 lapides
1816 1182 1954 1237 (Jer.
1990 1186 2050 1252 ι),

460 1270 586 1342 quia
616 1268 870 1324 videlicet
902 1269 1140 1323 honores
1191 1269 1434 1322 ambiunt
1471 1269 1561 1339 qui
1593 1270 1910 1324 humilitatis
1942 1273 2055 1326 for-

459 1373 605 1414 mam
637 1358 906 1412 abnuunt.
946 1358 1060 1411 Hoc
1092 1358 1431 1427 respondent
1479 1358 1718 1428 quotidie
1749 1360 2054 1414 dicentibus

460 1456 618 1510 nobis
641 1463 700 1509 ut
722 1455 958 1509 visibilia
982 1463 1333 1509 contemnant
1358 1472 1369 1507 :
1395 1455 1588 1509 Nonne
1610 1455 1803 1509 melius
1825 1464 1906 1509 est
1923 1456 2055 1509 divi-

461 1544 560 1599 tias
590 1543 816 1610 habere,
841 1543 1047 1614 epulari
1070 1543 1210 1597 laute
1227 1551 1280 1598 et
1300 1542 1553 1611 delicate,
1570 1543 1807 1598 molliter
1827 1544 2051 1611 cubare,

2157 369 2469 424 stimentum
2519 387 2627 442 quo
2673 373 2892 443 operiar
2940 375 3099 438 (Gen.
3143 380 3359 440 xxvm).
3411 398 3435 421 ι
3482 373 3629 426 Non
3661 370 3798 424 dixit

2157 474 2264 529 qua
2297 459 2630 530 superbiam,
2668 462 2763 516 sed
2807 463 2873 516 ad
2908 465 3201 534 tegendam
3246 464 3615 518 nuditatem.
3655 460 3799 513 Ter-

2157 556 2233 611 tia
2263 557 2462 612 lavatio
2491 557 2543 611 in
2585 575 2817 629 corpore
2862 569 2944 614 est
2981 561 3332 617 mortificatio
3360 559 3796 623 membrorum,

2158 646 2446 715 castigatio
2503 648 2766 718 corporis.
2819 649 2971 704 Unde
3033 651 3227 704 Paulus
3283 651 3356 704 ait
3400 665 3415 703 :
3478 674 3498 695 ιι
3549 646 3798 716 Castigo

2158 752 2357 806 corpus
2387 752 2590 798 meum,
2615 746 2665 792 et
2696 737 2749 791 in
2772 739 3088 794 servitutem
3119 740 3312 812 redigo
3344 741 3398 809 (I
3432 739 3578 794 Cor.
3631 741 3737 798 ιιίῖι.
3769 760 3787 783 ι

2159 835 2287 890 Haec
2318 834 2569 890 videlicet
2613 851 2743 890 caro
2781 843 2863 890 est
2893 843 3062 908 Agar,
3094 837 3492 892 contradicens
3537 834 3794 890 domine

2161 939 2298 977 suae.
2337 924 2416 978 De
2445 941 2553 996 qua
2608 925 2978 980 Ambrosius:
3028 927 3154 982 Jure
3198 925 3427 997 pertulit
3481 925 3792 993 injuriam,

2162 1029 2281 1083 quin
2323 1013 2572 1068 induerat
2631 1014 2995 1070 insolentiam.
3041 1015 3183 1071 Caro
3213 1023 3408 1070 nostra
3439 1022 3532 1069 est
3579 1014 3793 1068 animal

2161 1109 2473 1176 lasciviens,
2538 1111 2693 1166 asina
2747 1113 2985 1182 petulca,
3043 1113 3140 1167 sed
3196 1112 3536 1184 castiganda
3595 1120 3706 1175 est,
3741 1119 3794 1164 ut

2161 1200 2398 1255 domina:
2443 1200 2691 1254 obediat.
2755 1201 2890 1256 Duas
2929 1201 3232 1257 lavationes
3283 1203 3340 1256 in
3393 1202 3608 1273 lingua
3658 1209 3796 1253 sunt

2163 1303 2355 1344 cavere
2396 1290 2624 1342 verbum
2679 1290 2952 1357 jactautize
3000 1291 3053 1344 in
3110 1291 3412 1361 prosperis.
3462 1289 3513 1344 si
3560 1290 3793 1360 quando

2162 1378 2586 1449 prosperitatem
2617 1379 2706 1432 dat
2754 1380 2900 1434 Deus
2929 1379 2982 1432 in
3012 1381 3322 1435 carnalibus
3354 1380 3445 1435 vel
3480 1378 3794 1450 spirituali-

2163 1477 2282 1542 bus,
2319 1484 2371 1529 et
2413 1491 2610 1530 cavere
2658 1477 2884 1532 verbum
2926 1477 3199 1546 patientiae
3227 1477 3281 1530 in
3325 1476 3631 1531 adversis.
3680 1474 3790 1542 Qui

2158 1565 2301 1633 juste
2332 1566 2554 1634 punitur
2609 1573 2662 1620 et
2716 1565 3002 1636 impatiens
3042 1574 3143 1630 est,
3200 1565 3385 1621 socius
3423 1574 3514 1620 est
3543 1565 3792 1619 latroais

462 1633 532 1687 ad
562 1631 776 1685 “bimm
806 1631 1179 1727 df’ambEIaFCi
1241 1639 1292 1686 εί
1322 1632 1391 1727 ίΠ-
1423 1632 2050 1727 δουξῗίιξυεηοωθβθίξτίι
2085 1635 2136 1694 Β
2161 1631 2200 1708 a
2241 1631 2460 1708 sinistra
2499 1655 2717 1710 Domini
2755 1631 3077 1726 pendentis;
3131 1655 3222 1727 qui
3272 1655 3486 1724 injuste
3551 1655 3790 1724 punitur

463 1738 628 1793 quam
652 1721 964 1792 expendere
993 1721 1111 1776 dies
1135 1728 1354 1775 nostros
1378 1720 1434 1774 in
1479 1719 1860 1776 afﬂictionibus
1881 1722 1908 1774 ‘?
1938 1722 2054 1777 Hoc

462 1827 543 1874 est
572 1819 792 1874 dicere:
832 1841 853 1865 α
889 1817 1145 1889 Nunquid
1189 1833 1298 1873 non
1342 1818 1598 1872 meliores
1628 1825 1752 1871 sunt
1787 1818 1974 1873 Abana
2002 1826 2056 1873 et

459 1909 704 1979 Farphar
759 1907 1011 1962 omnibus
1061 1907 1215 1978 aquis
1272 1906 1535 1962 Israelis?
1579 1929 1600 1953 »ι
1648 1906 2054 1978 Constipatores

459 1997 710 2052 dixerunt
739 1996 789 2052 ei
819 2005 871 2051 et
899 1995 1186 2050 laterales:
1222 2013 1243 2045 ε
1275 1996 1338 2049 Ει
1368 1995 1413 2049 si
1443 2011 1556 2050 rem
1587 1995 1850 2068 grandem
1881 1996 2052 2050 dixis-

462 2095 549 2143 set
579 2086 674 2140 tibi
727 2085 1014 2156 propheta,
1075 2093 1224 2139 certe
1272 2084 1542 2139 debueras
1596 2085 1807 2149 facere;
1854 2093 2052 2156 quanto

463 2175 639 2246 magis
717 2175 836 2246 quia
916 2173 1050 2226 dixit
1118 2173 1258 2226 tibi:
1327 2173 1537 2228 Lavare
1591 2182 1643 2228 et
1701 2175 2052 2228 mundaberis

462 2275 557 2342 (IV
611 2275 737 2344 Reg.
772 2272 845 2340 v).
882 2293 902 2319 υ
967 2271 1237 2325 Laterales
1293 2271 1461 2325 nostri
1526 2270 1706 2342 angeli
1750 2279 1893 2337 sunt,
1943 2271 2052 2326 dati

461 2360 619 2416 nobis
641 2360 711 2414 ad
731 2359 1052 2427 custodiam,
1071 2367 1120 2413 et
1146 2358 1245 2414 viri
1272 2359 1549 2431 reliogiosi
1581 2361 1670 2430 qui
1695 2359 1907 2415 dicunt:
1945 2360 2052 2414 Etsi

461 2449 600 2504 ultra
622 2447 933 2505 facultatem
962 2456 1107 2502 esset
1159 2447 1303 2520 quod
1345 2448 1677 2519 pracipitur,
1727 2448 1911 2504 facere
1957 2449 2051 2504 de-

462 2548 683 2615 bueras,
715 2554 763 2601 et
823 2553 1132 2617 pr0ponunt
1187 2561 1405 2601 crucem
1456 2547 1616 2611 Petri,
1661 2561 1854 2601 ensem
1886 2547 2051 2621 Pauli,

461 2636 748 2708 equuleum
780 2635 1071 2701 Viucentii,
1104 2634 1369 2690 craticula
1397 2634 1701 2689 Laurentii.
1734 2635 1856 2706 lpse
1888 2636 2052 2691 etiam

461 2724 703 2781 camelus
731 2732 919 2779 noster
971 2740 1069 2795 per
1106 2723 1354 2778 foramen
1393 2739 1544 2790 acus,
1577 2724 1633 2779 id
1662 2733 1742 2780 est
1800 2724 2052 2781 Christus

467 2824 772 2897 angustiam
831 2823 1105 2894 passionis
1163 2823 1449 2887 transivit;
1483 2839 1605 2894 quae
1636 2824 1679 2878 si
1726 2824 2049 2892 intueamur,

461 2913 622 2968 etiam
651 2912 698 2967 si
726 2912 949 2985 grandis
980 2927 1070 2966 res
1101 2911 1259 2966 nobis
1289 2912 1605 2982 imperetur,
1656 2929 1912 2969 recusare
1944 2931 2052 2969 non

463 3001 749 3068 debemus,
784 3000 911 3072 quia
940 3016 1046 3055 non
1077 3009 1197 3054 sunt
1226 3001 1513 3072 condignae
1566 3001 1851 3071 passiones
1888 3003 2052 3072 hujus
2088 2995 2136 3056 C

465 3091 728 3162 temporis
781 3089 849 3144 ad
900 3087 1133 3144 futuram
1191 3089 1429 3160 gloriam
1485 3091 1658 3160 (Rom.
1696 3095 1835 3162 Vltl).
1894 3093 1958 3146 Et
2011 3094 2056 3148 si

467 3207 583 3246 rem
598 3191 884 3264 grandem,
908 3190 960 3244 in
978 3189 1155 3260 prima
1174 3191 1449 3246 creatione
1464 3191 1607 3245 Deus
1629 3207 1713 3246 me
1735 3191 1885 3246 dedit
1906 3192 2055 3259 mihi,

467 3280 523 3335 in
553 3279 968 3352 regeneratione
997 3296 1084 3334 me
1115 3279 1245 3332 mihi
1278 3279 1528 3344 reddidit,
1562 3295 1621 3334 se
1650 3281 1812 3335 etiam
1842 3297 1941 3352 pro
1970 3297 2059 3336 me

472 3369 639 3424 dedit.
673 3369 811 3438 Quid
845 3369 1029 3440 magni
1075 3368 1269 3423 faciam
1302 3384 1404 3438 pro
1445 3368 1536 3422 tali
1583 3368 1725 3434 dato,
1772 3385 1874 3440 pro
1913 3378 2060 3425 tanto

471 3458 668 3529 pretio,
701 3473 801 3528 pro
833 3474 917 3512 me
948 3467 1174 3528 erOgato
1198 3458 1225 3510 ἱ)
1251 3481 1271 3504 ι
1301 3456 1441 3525 Quid
1475 3457 1770 3512 retribuam
1807 3460 2057 3528 Domino,

471 3570 574 3626 pro
603 3555 854 3609 omnibus
886 3571 1008 3624 quae
1035 3554 1282 3608 retribuit
1311 3553 1483 3607 mihi?
1507 3577 1526 3601 ιι
1571 3556 1746 3622 (Psal.
1781 3559 1931 3628 cxv.)
1960 3559 2065 3613 Mo-

471 3643 600 3710 riar,
627 3644 765 3698 dixit
786 3643 1071 3713 Propheta,
1103 3643 1208 3697 hoc
1237 3650 1319 3697 est
1344 3641 1508 3711 enim,
1547 3642 1774 3698 calicem
1811 3645 2063 3703 salutaris

478 3732 745 3804 accipiam
775 3733 980 3803 (ibid.).

549 3907 749 3961 Eorum
780 3903 1022 3960 consiliis
1065 3903 1372 3971 descendit,
1425 3913 1476 3960 et
1522 3905 1649 3962 lavit
1687 3923 1745 3962 se
1775 3909 1977 3979 septies
2007 3910 2064 3965 in

474 3996 711 4052 Jordane
761 3996 852 4065 (IV
893 3997 1017 4066 Reg.
1061 3994 1141 4064 v).
1201 3995 1419 4066 Septem
1471 4004 1594 4050 sunt
1649 3996 1942 4054 lavationes
1980 4001 2068 4055 vel

479 4086 834 4159 purgationes
879 4102 891 4138 :
943 4083 1161 4139 Lavatio
1211 4092 1366 4139 extra
1418 4101 1636 4154 corpus,
1688 4086 1886 4143 lavatio
1927 4089 2068 4145 circa

477 4201 694 4256 corpus,
727 4182 928 4237 lavatio
963 4182 1017 4236 in
1047 4197 1291 4251 corpore,
1325 4183 1531 4254 duplex
1564 4183 1837 4256 inlingua,
1867 4187 2066 4259 duplex

479 4275 536 4329 in
582 4281 781 4327 mente.
825 4269 1040 4326 Lavatio
1080 4278 1233 4324 extra
1273 4285 1473 4342 corpus
1536 4281 1620 4327 est
1668 4274 2068 4332 abrenuntiatio

481 4363 791 4417 divitiarum
840 4369 892 4414 et
934 4359 1363 4430 possessionum,
1422 4377 1544 4431 quae
1583 4370 1734 4416 extra
1795 4364 2064 4436 dicuntur,
2097 4353 2146 4412 D

481 4460 609 4533 quia
637 4475 738 4514 nec
767 4457 985 4527 corpori
1023 4457 1323 4522 adhaerent,
1370 4473 1470 4513 nec
1513 4459 1580 4513 de
1619 4459 1738 4531 ejus
1768 4463 2071 4518 substantia

483 4557 637 4605 sunt.
695 4547 941 4602 Secunda
987 4545 1185 4600 lavatio
1241 4546 1386 4602 circa
1424 4562 1646 4618 corpus,
1707 4558 1789 4603 est
1823 4561 2074 4606 contem-

483 4646 612 4712 ptus
659 4635 914 4709 pretiosae
955 4633 1145 4699 vestis,
1194 4634 1318 4706 quia
1369 4635 1418 4689 si
1457 4651 1567 4690 non
1597 4642 1745 4692 esset
1791 4651 2074 4709 peccatum

477 4737 553 4792 uti
598 4734 837 4807 pretiosa
879 4739 1051 4796 veste,
1093 4745 1198 4785 non
1243 4731 1450 4786 diceret
1498 4733 1832 4803 Apostolus:
1877 4759 1898 4784 ‹‹
1951 4737 2071 4791 Non

478 4826 534 4882 in
565 4833 713 4881 veste
771 4821 1004 4893 pretiosa
1045 4821 1092 4889 (I
1123 4821 1262 4875 Tim.
1302 4821 1360 4890 ιι)
1411 4841 1431 4870 ι
1468 4821 1637 4878 Item:
1691 4823 1737 4877 si
1783 4840 1895 4879 non
1933 4834 2074 4880 esset

479 4913 755 4971 laudabile
783 4911 859 4966 uti
889 4917 1040 4965 veste
1070 4909 1180 4977 vili,
1207 4924 1315 4964 non
1347 4917 1424 4965 tot
1455 4911 1789 4966 haberemus
1819 4914 2072 4969 testimo-

479 5015 589 5081 nia,
627 5019 703 5068 tot
740 5007 1242 5067 commendationes
1283 5007 1484 5063 Christi
1513 5008 1582 5063 de
1610 5010 1816 5064 Joanne
1850 5018 1902 5064 et
1933 5011 2070 5078 Elia,

481 5109 572 5181 qui
603 5107 800 5163 vilibus
821 5105 903 5160 usi
917 5113 1058 5160 sunt.
1091 5103 1260 5160 Jacob
1285 5119 1502 5174 quoque
1531 5103 1604 5158 ait
1631 5122 1642 5158 :
1673 5127 1694 5151 α
1722 5105 1782 5160 Si
1811 5107 2074 5162 Dominus

2163 1756 2216 1808 et
2245 1752 2513 1823 patienter
2535 1753 2658 1819 fert,
2692 1769 2921 1808 consors
2973 1753 3172 1807 Christi
3218 1753 3338 1807 est]
3385 1751 3487 1824 qui
3531 1759 3594 1806 et
3641 1752 3790 1819 juste

2161 1841 2382 1913 punitur
2401 1849 2457 1896 et
2485 1842 2702 1913 patiens
2731 1850 2832 1909 est,
2867 1841 3058 1895 similis
3108 1849 3190 1897 est
3231 1840 3430 1895 latroni
3489 1855 3525 1894 a
3569 1839 3792 1894 dextris

2165 1938 2254 2009 qui
2291 1937 2462 1992 dixit:
2520 1962 2540 1986 α
2604 1939 2721 1993 Nos
2770 1939 2987 2009 quidem
3031 1939 3198 2010 digna
3255 1938 3412 1994 factis
3475 1936 3794 2008 recipimus

2165 2028 2321 2096 (Luc.
2356 2029 2544 2096 XXIII).
2574 2051 2596 2075 υ
2631 2028 2765 2083 Duae
2806 2027 3103 2083 lavationes
3143 2028 3197 2082 in
3237 2035 3420 2082 mente
3473 2036 3614 2080 sunt
3650 2042 3793 2096 pro-

2164 2116 2297 2186 pria:
2345 2115 2637 2170 voluntatis
2691 2116 2978 2180 abdicatio,
3027 2124 3080 2170 et
3127 2116 3483 2186 propriorum
3518 2115 3795 2170 consilio-

2164 2221 2283 2258 rum
2333 2221 2439 2258 non
2497 2213 2930 2274 praesumptuosa
2983 2204 3253 2260 defensio.
3304 2205 3653 2260 Abdicanda
3705 2214 3790 2258 est

2165 2293 2437 2360 voluntas,
2473 2301 2529 2347 ut
2561 2294 2650 2364 qui
2680 2293 2844 2348 habet
2871 2293 3104 2348 exterius
3135 2293 3412 2348 silentium
3457 2301 3517 2349 et
3548 2293 3611 2346 in
3645 2309 3788 2363 pro-

2163 2390 2338 2462 speris
2379 2399 2430 2444 et
2473 2390 2524 2444 in
2565 2389 2837 2454 adversis,
2888 2405 2996 2444 non
3055 2390 3288 2444 retineat
3342 2389 3587 2444 interius
3647 2405 3785 2459 pro-

2162 2480 2337 2551 priam
2377 2479 2726 2543 voluntatem,
2777 2495 2843 2533 ne
2878 2478 2948 2532 sit
2984 2478 3277 2534 conformis
3310 2478 3563 2533 diabolo.
3623 2478 3782 2534 Sicut

2163 2568 2304 2624 enim
2333 2569 2478 2622 Deus
2500 2583 2559 2622 se
2588 2566 2753 2622 voluit
2782 2583 2949 2621 unum
2979 2583 3102 2622 esse
3130 2567 3459 2638 principium
3491 2567 3777 2633 omnium,

2162 2667 2236 2722 ita
2279 2675 2333 2722 et
2389 2681 2540 2720 suam
2579 2665 2908 2720 voluntatem
2976 2665 3218 2719 retinens
3262 2681 3372 2719 non
3428 2665 3780 2719 submittens

2163 2771 2283 2811 eam
2323 2756 2460 2820 Deo,
2502 2753 2778 2809 constituit
2817 2754 2971 2824 quasi
3013 2753 3238 2808 alterum
3287 2753 3634 2824 principium
3678 2769 3782 2808 vo-

2168 2847 2460 2906 luntatum.
2500 2845 2620 2898 Non
2649 2850 2731 2897 est
2753 2842 3197 2914 pi'aasumendum
3230 2841 3298 2896 de
3329 2842 3599 2896 consilio.
3647 2841 3785 2910 Qui-

2163 2939 2288 2994 d'am
2351 2939 2497 2993 enirn
2556 2939 2763 2992 addunt
2818 2939 3193 2993 auctoritatem
3236 2937 3544 3008 Scriptura:
3577 2938 3656 2991 ab
3689 2939 3787 2992 ob-

2169 3029 2423 3083 struenda
2479 3045 2574 3083 ora
2631 3028 2862 3082 aliorum
2918 3037 2971 3081 et
3027 3026 3379 3082 astruendam
3438 3025 3784 3081 sententiam

2168 3133 2347 3171 suam.
2396 3117 2490 3170 Hae
2539 3125 2746 3187 septem
2803 3116 3111 3171 lavationes
3148 3114 3204 3168 in
3251 3113 3475 3170 Christo
3515 3114 3776 3169 fuerunt.

2171 3215 2391 3268 Lavatio
2439 3221 2596 3269 extra
2640 3230 2855 3284 corpus,
2916 3213 3036 3284 quia
3077 3227 3198 3268 cum
3241 3211 3396 3266 dives
3426 3221 3606 3274 esset,
3638 3228 3783 3282 pau-

2171 3319 2270 3373 per
2298 3318 2395 3372 pro
2427 3302 2584 3356 nobis
2619 3301 2791 3357 factus
2823 3309 2941 3363 est;
2974 3300 3169 3356 lavatio
3199 3299 3347 3354 circa
3377 3316 3612 3371 corpus,
3651 3299 3784 3371 quia

2172 3400 2330 3444 natus
2361 3398 2464 3457 est,
2489 3391 2541 3443 in
2560 3390 2792 3461 praesepi
2811 3398 2894 3444 est
2919 3390 3148 3460 positus,
3189 3388 3386 3459 pannis
3429 3389 3650 3444 obsitus
3677 3410 3691 3454 ;
3727 3390 3781 3441 in

2173 3504 2422 3558 corpore,
2455 3487 2579 3559 quia
2618 3487 2881 3556 jejunavit
2931 3494 2988 3542 et
3019 3487 3069 3540 in
3110 3486 3352 3542 oratione
3395 3489 3776 3557 pernoctavit;

2173 3587 2225 3640 in
2271 3587 2515 3657 linguam
2567 3602 2673 3641 non
2715 3584 2940 3641 offendit
2988 3601 3087 3656 per
3128 3599 3413 3655 prospera,
3467 3584 3602 3656 quia
3647 3601 3772 3641 cum

2176 3675 2374 3730 vellent
2393 3691 2517 3730 eum
2546 3691 2731 3745 regem
2763 3675 2968 3740 facere,
3003 3673 3140 3744 fugit
3165 3691 3178 3739 ;
3217 3687 3324 3727 non
3347 3671 3580 3728 offendit
3609 3675 3665 3728 in
3689 3676 3779 3729 ad-

2177 3773 2366 3839 versis,
2401 3773 2525 3845 quia
2556 3775 2690 3828 sicut
2721 3773 2836 3828 ovis
2868 3788 3050 3829 coram
3082 3771 3339 3827 tondente
3373 3788 3434 3827 se
3463 3773 3765 3828 obmutuit.

2179 3875 2527 3929 Lavationem
2558 3876 2615 3928 in
2646 3875 2813 3930 corde
2863 3874 3068 3939 habuit,
3103 3873 3228 3944 quia
3262 3889 3370 3927 non
3405 3875 3557 3929 venit
3595 3875 3774 3931 facere

2178 3972 2513 4028 voluntatem
2543 3988 2718 4039 suam,
2751 3973 2848 4027 sed
2897 3971 3082 4038 Patris,
3111 3979 3164 4026 et
3196 3969 3441 4026 divinum
3484 3974 3773 4028 consilium

2177 4062 2474 4132 prteposuit
2529 4061 2755 4116 consilio
2814 4061 2956 4116 Petri
3010 4061 3242 4116 dicentis
3289 4081 3302 4117 :
3353 4085 3374 4110 ι
3425 4062 3586 4116 Absit
3616 4078 3648 4116 a
3701 4071 3770 4126 te,

2180 4151 2428 4218 Domine,
2463 4167 2571 4206 non
2599 4150 2699 4205 erit
2755 4151 2851 4205 tibi
2905 4151 3008 4205 hoc
3062 4153 3282 4222 (Μαιιὴ.
3339 4153 3477 4220 xvr).
3516 4177 3539 4199 ιι
3576 4153 3770 4206 Iterum

2162 4273 2304 4321 cum
2335 4257 2575 4312 dicerent
2603 4256 2804 4325 Ioseph
2837 4263 2890 4310 et
2918 4265 3088 4311 mater
3116 4274 3210 4312 sua
3247 4276 3308 4312 ε·
3359 4257 3476 4321 Fili,
3513 4257 3646 4327 quid
3703 4256 3774 4311 fe-

2179 4346 2302 4402 cisti
2335 4345 2492 4400 nobis
2541 4345 2621 4400 sic
2643 4346 2670 4400 ?
2718 4345 3036 4415 respondit:
3088 4345 3228 4414 Quia
3257 4347 3312 4401 in
3343 4346 3427 4401 his
3458 4362 3582 4417 quae
3611 4345 3775 4399 Patris

2183 4443 2290 4499 mei
2321 4452 2442 4498 sunt
2471 4451 2681 4514 oportet
2710 4458 2794 4498 me
2823 4458 2946 4498 esse
2995 4444 3153 4512 (Luc.
3211 4448 3296 4512 ιι),
3335 4469 3356 4492 n
3389 4453 3441 4499 et
3469 4451 3652 4498 tamen
3682 4459 3770 4497 se-

2185 4541 2450 4610 quebatur
2507 4554 2620 4601 eos,
2671 4547 2724 4593 et
2779 4547 2895 4592 erat
2952 4538 3203 4595 subditus
3259 4538 3368 4593 illis
3395 4539 3608 4606 (ἱῡὶά.).
3651 4559 3673 4586 ι
3709 4539 3774 4593 Et

2184 4628 2325 4684 facta
2356 4637 2437 4682 est
2465 4643 2596 4682 caro
2626 4627 2768 4696 ejus,
2795 4627 2935 4682 sicut
2983 4643 3110 4682 caro
3162 4629 3313 4698 pueri
3341 4628 3431 4692 (IV
3460 4630 3593 4698 Reg.
3632 4625 3706 4692 v),
3746 4652 3766 4674 ι

2183 4717 2238 4771 id
2288 4726 2372 4772 est
2410 4717 2475 4770 ad
2517 4716 2927 4769 similitudinem
2975 4716 3190 4771 Christi.
3243 4719 3352 4770 Iste
3381 4722 3464 4772 est
3505 4731 3662 4784 puer,
3711 4716 3778 4769 de

2184 4833 2292 4888 quo
2333 4814 2574 4870 dicitur:
2623 4838 2644 4860 ιι
2694 4813 2844 4867 Puer
2891 4820 3053 4868 natus
3104 4821 3186 4868 est
3219 4812 3378 4868 nobis
3422 4813 3554 4884 (Isa.
3599 4817 3700 4876 ιι).
3753 4837 3772 4860 ι

2185 4907 2358 4961 Adam
2389 4903 2618 4975 perdidit
2647 4901 3034 4969 conditionem,
3067 4901 3458 4970 innocentiam,
3488 4901 3778 4956 immorta-

2184 5006 2410 5059 litatem.
2454 5004 2580 5058 Haec
2637 5000 2731 5054 tria
2784 4999 2961 5055 retulit
3003 4999 3162 5055 nobis
3205 4999 3310 5056 iste
3351 5016 3506 5071 puer.
3552 5000 3661 5054 Ista
3697 5008 3776 5054 est

2185 5111 2392 5174 septem
2424 5099 2597 5155 alutio
2627 5101 2872 5154 Naaman
2901 5099 2958 5153 in
2989 5098 3244 5154 Iordane.

1242 5276 1860 5382 DOMINICA
1940 5229 2415 5382 nix—cum
2495 5273 3008 5398 QUIN’I‘A.

1717 5469 2109 5535 Secundum
2151 5468 2563 5534 Matthaeum.

551 5657 572 5680 α
603 5631 781 5686 Nemo
855 5633 996 5683 otest
1025 5625 1236 5681 duobus
1266 5628 1499 5684 dominis
1537 5629 1767 5686 servire.
1802 5634 1908 5687 Aut
1938 5631 2081 5687 enim

2195 5645 2362 5685 unum
2412 5628 2538 5686 odio
2582 5625 2803 5682 habebit
2849 5635 2900 5682 et
2943 5625 3172 5681 alterum
3221 5623 3456 5696 diliget:
3501 5631 3588 5678 aut
3618 5639 3769 5678 unum
