4008 6092
271 242 403 294 1141

266 455 497 523 potestis
531 457 646 510 Deo
686 455 893 510 servire
934 462 984 508 et
1036 468 1382 515 mammona,
1419 452 1471 505 id
1497 459 1576 505 est
1597 467 1731 520 opus
1769 449 1856 503 di-

263 559 437 599 versae
476 544 740 599 voluntati
787 543 1131 598 dominorum
1196 557 1303 595 non
1343 540 1593 596 convenit
1629 556 1640 593 ε
1686 541 1855 593 Mam-

263 657 426 695 mona
459 642 702 712 Syrisce,
738 640 936 697 divitia:
982 646 1365 710 nuncupantur
1402 638 1613 696 Latine.
1663 637 1858 691 Audiat

263 730 368 785 hoc
395 747 618 785 avarus.
664 732 786 785 Non
825 729 983 794 dixit,
1027 728 1118 800 qui
1156 728 1319 782 habet
1364 727 1602 791 divitias,
1644 727 1739 780 sed
1766 726 1856 796 qui

262 820 451 887 servit,
494 820 548 874 id
581 829 659 874 est
683 820 773 891 qui
814 818 1047 874 custodit
1074 827 1130 872 ut
1161 833 1374 883 servus,
1435 825 1487 871 et
1520 832 1629 870 non
1668 815 1855 870 distri-

261 917 376 971 buit
407 925 462 971 ut
493 918 768 972 dominus.
812 918 1119 971 Mammona
1175 916 1320 986 apud
1364 915 1626 969 Hebrazos
1655 913 1856 968 divitiae

261 1006 535 1072 dicuntur,
581 1006 779 1062 Punice
819 1015 1001 1060 autem
1062 1021 1360 1071 mammon,
1433 1003 1486 1057 id
1526 1011 1607 1057 est
1645 1003 1854 1058 lucrum

258 1094 472 1150 dicitur.
519 1095 628 1164 Qui
682 1095 848 1150 servit
884 1110 1212 1148 mammonae
1259 1091 1477 1147 diabolo
1535 1091 1718 1156 servit,
1763 1091 1856 1162 qui

258 1193 513 1264 princeps
543 1194 706 1262 hujus
733 1193 923 1248 saeculi
952 1208 984 1247 a
1006 1191 1238 1246 Domino
1269 1191 1463 1246 dicitur
1501 1192 1687 1261 (Joan.
1720 1190 1849 1258 xxv).

265 1312 287 1341 ι
326 1292 391 1345 Et
446 1291 676 1347 alterum
733 1292 942 1362 diliget,
1008 1315 1027 1339 ι
1071 1290 1126 1345 id
1166 1299 1248 1345 est
1287 1290 1486 1344 Deum.
1536 1289 1670 1357 Quis
1712 1287 1854 1343 enim

260 1380 532 1434 diabolum
564 1380 798 1452 diligit?
832 1380 1032 1434 Patitur
1061 1390 1241 1433 tamen
1293 1378 1486 1450 aliquis
1540 1394 1684 1444 eum,
1719 1377 1857 1433 sicut

263 1467 357 1539 qui
388 1468 444 1521 in
487 1483 693 1540 magna
731 1467 895 1522 domo
943 1467 1123 1537 aliqua
1162 1466 1356 1522 alienae
1384 1465 1596 1522 ancillae
1625 1465 1855 1533 conjun-

260 1573 396 1631 ctus,
440 1574 664 1636 propter
701 1564 1051 1635 cupiditatem
1083 1579 1239 1618 suam
1299 1563 1488 1617 duram
1520 1562 1720 1633 patitur
1749 1579 1858 1616 ser-

258 1653 502 1719 vitutem,
581 1653 747 1708 etiam
790 1653 837 1707 si
909 1653 1161 1708 dominus
1198 1652 1408 1706 ancillae
1483 1667 1591 1706 non
1643 1651 1852 1722 diligat.

1202 235 1786 293 DEFLORATlONES
1825 235 1927 290 SS.
1978 236 2276 294 PATRUM.
2312 271 2377 279 —
2411 240 2540 295 LIB.
2585 243 2656 296 ll.

268 365 559 420 sustinebit
600 373 652 423 et
688 365 924 421 alterum
962 371 1268 419 contemnet
1300 365 1525 432 (Matth.
1557 361 1651 431 γι).
1692 385 1712 409 ι»
1736 362 1858 415 Non
1886 361 1941 420 A
1971 361 2260 418 rimentum
2337 366 2560 432 florum,
2621 367 2756 423 sicut
2829 369 3025 424 dicitur
3079 389 3088 425 :

3426 248 3560 300 1142

3150 369 3340 442 Oparit
3394 369 3554 425 istum

1965 453 2149 506 rubor.

2042 564 2062 587 ιι
2099 541 2154 596 Si
2183 552 2362 599 autem
2412 543 2616 612 fenum,
2655 546 2802 617 quod
2837 547 2999 602 hodie
3025 555 3107 602 est
3138 555 3190 602 et
3219 563 3338 603 cras
3367 548 3421 602 in
3451 548 3556 604 cli-

1967 638 2163 692 banum
2196 641 2443 707 mittitur,
2478 644 2626 698 Deus
2657 644 2734 699 sic
2763 646 2944 710 vestit,
2981 653 3183 716 quanto
3214 646 3390 717 magis
3435 663 3553 713 vos,

1966 728 2191 783 modicae
2222 728 2346 784 fidei
2393 733 2420 784 ‘?
2477 733 2663 798 Vestit,
2697 733 2752 786 id
2800 741 2882 788 est
2911 735 3142 788 adornat
3171 736 3318 790 Deus
3348 735 3552 802 fenum,

1965 817 2070 870 hoc
2101 826 2182 871 est
2211 818 2404 873 herbas
2461 828 2514 875 et
2565 822 2793 892 pulchro
2852 822 3038 878 colore
3087 831 3139 878 et
3190 823 3334 879 bono
3364 827 3553 880 odore.

1965 913 2124 982 Quod
2173 931 2296 970 cum
2347 917 2604 972 siccatum
2669 919 2832 975 fuerit
2880 921 3123 976 mittetur
3150 922 3204 975 in
3261 922 3580 989 clibanum,.

1964 1002 2017 1056 id
2047 1011 2128 1058 est
2159 1003 2213 1058 in
2244 1021 2502 1060 acervum
2533 1008 2824 1062 habentem
2872 1009 3111 1079 speciem
3159 1010 3375 1066 clibani.
3437 1013 3557 1066 Mo-

1963 1091 2081 1147 dica
2109 1090 2246 1148 ﬁdes
2277 1102 2359 1150 est
2390 1111 2510 1166 quae
2540 1112 2644 1152 nec
2691 1097 2759 1151 de
2791 1098 3029 1152 minimis
3074 1107 3218 1154 certa
3274 1108 3376 1166 est,
3423 1115 3559 1154 nec-

1965 1190 2092 1244 dum
2121 1200 2328 1246 asterna
2385 1201 2593 1263 sperat.
2645 1218 2667 1242 «ι
2713 1195 2893 1250 Nolite
2951 1213 3086 1269 ergo
3117 1197 3336 1254 solliciti
3409 1214 3556 1266 esse,

1965 1279 2206 1335 dicentes
2241 1299 2253 1334 :
2286 1280 2429 1349 Quid
2475 1282 2944 1353 manducabimus,
2977 1293 3070 1340 aut
3117 1286 3248 1356 quid
3277 1285 3554 1354 bibemus,

1967 1376 2060 1422 aut
2089 1384 2195 1441 quo
2225 1369 2577 1439 operiemur?
2609 1371 2735 1427 Haec
2765 1373 2907 1427 enim
2938 1373 3117 1428 omnia
3147 1383 3341 1445 gentes
3369 1374 3561 1445 iniqui-

1965 1472 2107 1518 runt.
2186 1466 2296 1520 Scit
2325 1466 2472 1521 enim
2529 1467 2687 1522 Pater
2739 1476 2921 1524 vester
2992 1469 3118 1541 quia
3172 1471 3260 1525 his
3305 1471 3560 1526 omnibus

1964 1553 2240 1626 indigetis.
2299 1554 2534 1623 Quaerite
2564 1564 2744 1611 autem
2791 1559 3029 1628 primum
3078 1575 3308 1632 regnum
3335 1560 3457 1628 Dei,
3510 1569 3564 1616 et

1958 1642 2221 1712 justitiam
2245 1645 2414 1714 ejus:
2463 1652 2518 1700 et
2571 1646 2690 1700 haec
2719 1646 2902 1701 omnia
2948 1647 3274 1716 adjicientur
3301 1649 3477 1704 vobis.
3539 1672 3562 1699 ι

263 1765 285 1790 α
319 1744 381 1797 Et
402 1717 632 1798 alterum
662 1750 997 1798 contemnet.
1015 1762 1038 1792 υ
1066 1742 1200 1810 Quis
1219 1743 1398 1796 Deum
1417 1749 1596 1811 potest
1625 1717 1808 1796 odisse
1828 1743 1855 1795 ‘?
1886 1717 1940 1777 B
1971 1739 2246 1795 Gentibus
2269 1741 2578 1798 nulla‘cura
2615 1750 2696 1797 est
2725 1742 2794 1798 de
2825 1744 3040 1812 futuris,
3073 1745 3169 1800 sed
3192 1761 3411 1816 semper
3430 1761 3574 1817 prae-

259 1840 567 1896 Contemnit
621 1849 799 1895 tamen
873 1839 1070 1911 aliquis
1109 1856 1253 1905 eum,
1295 1839 1351 1894 id
1418 1843 1502 1894 est
1532 1855 1639 1893 non
1682 1839 1856 1904 timet,

257 1945 381 1985 cum
457 1929 618 1983 nimis
656 1929 725 1983 de
765 1929 883 1998 ejus
921 1928 1302 1984 misericordia
1353 1927 1654 1998 praesumit.
1697 1926 1859 1981 Unde

257 2018 430 2073 illud:
469 2042 490 2065 «
530 2018 645 2083 Fili,
679 2034 746 2072 ne
776 2017 1004 2089 adjicias
1035 2025 1314 2087 peccatum
1353 2033 1518 2086 super
1549 2024 1854 2086 peccatum,

259 2125 315 2171 et
350 2115 503 2171 dicas
537 2134 549 2169 :
584 2115 962 2171 misericordia
992 2115 1091 2169 Dei
1121 2130 1322 2186 magna
1347 2122 1430 2170 est
1469 2115 1667 2180 (Eccli.
1711 2116 1788 2183 v).
1822 2135 1846 2162 ι»

259 2207 434 2261 Lucas
463 2205 622 2260 habet
659 2228 680 2252 α
716 2204 1011 2260 adhaerebit
1036 2207 1194 2268 (Luc.
1232 2210 1370 2272 xui),
1409 2226 1429 2250 η
1455 2202 1546 2257 ubi
1576 2204 1860 2256 Matthaeus

257 2295 388 2350 dicit
424 2315 446 2345 κ
479 2294 784 2348 sustinebit.
825 2318 844 2341 η
881 2295 948 2347 Et
977 2302 1263 2365 utrumque
1314 2292 1535 2362 respicit
1564 2292 1627 2345 ad
1660 2291 1858 2346 diabo-

255 2393 389 2460 lum,
421 2393 508 2450 cui
542 2394 680 2449 male
710 2392 1064 2464 acquirentes
1109 2392 1328 2446 divitias
1359 2391 1687 2447 adhaerendo
1726 2407 1857 2445 sus-

257 2483 504 2537 tinebunt
533 2482 704 2538 illum.

334 2592 356 2622 α
392 2571 521 2627 Ideo
552 2572 674 2626 dico
706 2571 880 2638 vobis,
923 2586 1024 2625 nec
1063 2568 1286 2624 solliciti
1343 2568 1459 2623 sitis
1506 2567 1698 2623 anima:
1759 2585 1857 2624 ve-

265 2675 395 2724 stra:
427 2669 558 2741 quid
587 2668 948 2736 manducetis,
990 2685 1170 2740 neque
1215 2668 1431 2739 corpori
1476 2676 1663 2723 vestro
1721 2668 1859 2740 quid

257 2757 585 2813 induamini.
626 2781 645 2805 ιι
679 2759 760 2813 De
789 2757 996 2813 carnali
1025 2757 1148 2812 cibo
1179 2765 1232 2812 et
1255 2756 1578 2812 vestimento
1607 2757 1712 2812 hoc
1767 2772 1850 2812 ac-

261 2847 575 2917 cipiendum
605 2855 708 2911 est,
742 2847 866 2919 quia
891 2847 958 2901 de
989 2845 1364 2916 spiritualibus
1420 2861 1646 2916 semper
1675 2845 1850 2900 debe-

260 2959 381 2998 mus
412 2960 534 2998 esse
591 2943 826 2999 solliciti.
881 2944 1064 2998 Labor
1120 2944 1474 3008 exercendus,
1535 2943 1630 2998 sed
1660 2943 1856 2998 sollici-

262 3032 392 3087 tudo
447 3044 526 3087 est
558 3032 820 3098 tollenda,
897 3033 964 3088 de
994 3032 1301 3089 carnalibus
1357 3031 1574 3104 quidam
1622 3031 1849 3099 addunt,

261 3137 440 3192 neque
473 3121 602 3192 quid
631 3121 852 3175 bibatis.

339 3240 360 3264 α
394 3217 589 3272 Nonne
622 3217 803 3272 anima
842 3218 964 3290 plus
1013 3225 1096 3272 est
1153 3234 1310 3288 quam
1369 3233 1517 3282 esca,
1550 3225 1603 3272 et
1649 3233 1849 3288 corpus

253 3305 377 3376 plus
407 3323 571 3376 quam
604 3307 984 3362 vestimentum
1005 3307 1060 3360 ‘3»
1084 3307 1288 3361 Sensus
1320 3315 1432 3362 est:
1468 3306 1571 3375 Qui
1604 3306 1851 3376 praestitit

253 3395 479 3464 majora,
511 3395 795 3466 praestabit
835 3403 885 3450 et
920 3395 1152 3450 minora.
1233 3397 1331 3449 Pro
1374 3396 1478 3450 hac
1529 3395 1636 3448 vita
1669 3395 1850 3466 posuit

253 3491 514 3558 animam,
586 3493 746 3564 juxta
794 3493 973 3548 illud:
1032 3518 1053 3540 ιι
1084 3491 1188 3561 Qui
1237 3501 1378 3547 amat
1425 3493 1656 3547 animam
1688 3509 1846 3547 suam

253 3581 446 3652 perdet
477 3597 598 3636 eam
631 3583 821 3649 (Joan.
860 3585 984 3652 x11).
1022 3604 1043 3629 υ

325 3665 597 3736 Respicite
671 3666 910 3721 volatilia
965 3665 1108 3734 cceli,
1187 3667 1444 3738 quoniam
1492 3681 1599 3721 non
1657 3673 1844 3721 serunt

249 3778 435 3833 neque
511 3771 734 3829 metunt,
786 3779 964 3834 neque
1021 3772 1364 3836 congregant
1420 3763 1476 3818 in
1518 3765 1733 3830 horrea,
1790 3774 1842 3820 et

249 3853 410 3906 Pater
465 3860 645 3906 vester
674 3852 915 3907 caelestis
973 3853 1148 3923 pascit
1177 3870 1238 3907 ea
1273 3871 1286 3907 :
1318 3853 1512 3907 Nonne
1543 3870 1642 3908 vos
1663 3856 1840 3927 magis

247 3940 419 4011 pluris
477 3941 615 3995 estis
646 3940 751 3994 illis
781 3941 808 3994 ?
863 3942 980 3996 Hoc
1036 3942 1106 3996 ad
1146 3942 1380 3996 litteram
1417 3943 1839 4015 intelligendum

248 4047 358 4105 est,
391 4038 519 4108 quia
549 4039 810 4094 Dominus
839 4039 1128 4095 manifeste
1171 4055 1389 4094 omnem
1437 4056 1620 4095 curam
1652 4059 1837 4096 rerum

251 4127 610 4199 praesentium
667 4128 940 4192 admonet,
1019 4137 1070 4182 et
1116 4135 1350 4183 attentos
1393 4135 1599 4183 tantum
1631 4147 1752 4185 esse
1783 4131 1836 4186 in

247 4233 346 4286 spe
377 4216 540 4270 futuri
569 4217 748 4272 docet.
827 4216 1104 4272 Rationale
1156 4218 1354 4271 animal
1411 4219 1498 4273 cui
1554 4220 1836 4275 aeternitas

246 4312 575 4384 promittitur
603 4313 724 4384 plus
755 4321 834 4368 est
873 4330 1035 4384 quam
1078 4313 1413 4369 irrationale.
1450 4337 1472 4362 α
1508 4316 1682 4387 Magis
1710 4317 1835 4386 plu—

1885 3075 1934 3137 C

1968 1830 2143 1885 sentia
2173 1839 2443 1901 quaerunt.
2493 1831 2752 1886 Filiorum
2804 1840 2986 1888 autem
3043 1842 3125 1888 est
3176 1850 3422 1904 quaarere
3478 1851 3570 1890 re-

1969 1935 2138 1992 gnum
2174 1919 2276 1974 Dei
2309 1938 2322 1987 ;
2357 1927 2409 1975 et
2437 1921 2555 1977 haec
2572 1922 2755 1976 omnia
2777 1929 3013 1992 paterna
3039 1922 3209 1994 gratia
3240 1923 3574 1994 adjiciantur

1971 2018 2133 2073 etiam
2165 2033 2272 2073 non
2303 2019 2692 2090 quaerentibus,
2725 2027 2784 2074 ut
2837 2036 2939 2075 nec
2969 2021 3024 2074 in
3064 2021 3323 2091 praesenti
3364 2037 3468 2077 nec
3513 2023 3572 2076 in

1971 2106 2147 2162 futuro
2180 2107 2322 2162 desit
2352 2107 2431 2162 eis
2461 2107 2647 2179 aliqua
2675 2109 2877 2180 gratia.
2918 2110 3305 2165 Verumtamen
3353 2111 3399 2164 si
3428 2127 3571 2179 prse-

1971 2197 2146 2252 sentia
2168 2197 2579 2263 subtrahuntur,
2612 2198 2677 2251 ad
2709 2198 3092 2268 probationem
3124 2207 3234 2269 est;
3270 2199 3317 2254 si
3346 2199 3566 2266 dantur,

1968 2294 2039 2348 ad
2068 2295 2370 2366 gratiarum
2429 2295 2701 2351 actionem
2737 2310 2749 2349 :
2787 2313 2909 2366 quae
2940 2297 3120 2351 omnia
3179 2306 3570 2368 comparantur

1967 2385 2020 2438 in
2054 2385 2274 2438 bonum.
2333 2382 2443 2438 Scit
2474 2384 2615 2438 enim
2642 2384 2884 2440 cmlestis
2925 2385 3168 2441 medicus
3227 2403 3350 2458 quas
3405 2387 3568 2442 nobis

1966 2475 2194 2528 daturus
2224 2480 2308 2526 est
2353 2473 2422 2526 ad
2477 2473 2904 2529 consolationem
2941 2492 2954 2538 ;
3009 2475 3138 2546 quid
3167 2491 3303 2531 vero
3359 2476 3569 2531 subtra-

1966 2580 2152 2626 cturus
2181 2570 2251 2624 ad
2282 2569 2748 2626 exercitationem.
2820 2573 2942 2626 Non
2989 2573 3135 2627 enim
3187 2573 3436 2641 jumento
3467 2590 3568 2630 suo

1966 2661 2129 2715 homo
2160 2659 2360 2714 cibaria
2392 2659 2512 2714 sine
2545 2675 2713 2716 causa
2741 2661 3148 2716 detrahit.Cum
3178 2662 3319 2717 dixit
3351 2681 3365 2717 :
3403 2686 3424 2711 ε
3454 2664 3568 2718 Pri-

1965 2766 2111 2804 mum
2146 2749 2375 2820 quaerite
2407 2765 2639 2820 regnum
2669 2749 2790 2816 Dei,
2831 2772 2852 2798 υ
2887 2749 3213 2822 significavit
3269 2751 3566 2822 temporale

1963 2848 2234 2919 posterius
2278 2846 2627 2919 quaerendum
2680 2862 2789 2901 non
2822 2856 3086 2918 tempore,
3145 2849 3244 2903 sed
3274 2848 3559 2920 dignitate.

1964 2937 2100 2991 Illud
2159 2944 2416 3008 tanquam
2463 2935 2684 3005 bonum,
2745 2937 2846 2992 hoc
2877 2945 3125 3009 tanquam
3168 2938 3558 3006 necessarium,

1965 3027 2061 3082 sed
2093 3025 2465 3081 necessarium
2497 3033 2722 3096 propter
2746 3024 2875 3080 illud
2909 3025 3137 3081 bonum.
3185 3029 3382 3097 Aperte
3413 3027 3556 3082 enim

1962 3123 2200 3179 ostendit
2228 3139 2337 3177 non
2395 3121 2712 3194 temporalia
2743 3121 2820 3178 sic
2847 3123 3175 3193 appetenda,
3224 3132 3281 3178 ut
3334 3132 3558 3196 propter

1959 3215 2076 3284 ipsa
2105 3213 2245 3267 bene
2279 3212 2456 3266 facere
2515 3211 2827 3281 debeamus,
2892 3212 3018 3268 licet
3063 3212 3170 3266 sint
3219 3215 3552 3268 necessaria.

1960 3301 2313 3372 Qumcunque
2363 3300 2510 3355 enim
2584 3300 2836 3366 facimus,
2880 3307 3104 3371 propter
3149 3317 3382 3373 regnum
3455 3303 3555 3357 Dei

1958 3402 2138 3457 facere
2194 3399 2548 3453 instituimur.
2624 3401 2747 3454 Non
2788 3399 2930 3454 enim
2982 3399 3361 3469 evangelizare
3389 3401 3554 3456 debe-

1955 3507 2076 3545 mus
2107 3497 2163 3544 ut
2193 3488 2610 3554 manducemus,
2654 3487 2752 3542 sed
2808 3487 3141 3544 manducare
3198 3497 3256 3543 ut
3301 3504 3549 3560 evange-

1955 3580 2180 3634 lizemus
2213 3597 2226 3645 ;
2262 3577 2385 3650 quia
2414 3575 2675 3648 quidquid
2708 3584 2930 3647 propter
2976 3575 3184 3649 aliquid
3212 3577 3360 3632 aliud
3392 3595 3547 3648 qum-

1953 3679 2105 3742 ritur,
2141 3676 2300 3731 vilius
2339 3682 2425 3730 est
2478 3691 2639 3747 quam
2671 3675 2729 3729 id
2785 3683 3007 3746 propter
3062 3676 3204 3748 quod
3253 3677 3534 3748 qumritur.

1949 3768 2071 3821 Non
2127 3781 2316 3820 omnes
2355 3772 2580 3835 propter
2653 3763 2879 3818 salutem
2911 3763 3166 3820 Ecclesiae
3209 3765 3538 3833 ministrant,

1949 3856 2045 3911 sed
2069 3862 2293 3926 propter
2315 3853 2648 3923 temporalia,
2681 3861 2773 3907 aut
2805 3862 3028 3924 propter
3057 3861 3365 3924 utrumque.
3431 3855 3537 3909 Sed

1948 3968 2113 4023 supra
2143 3951 2342 4007 dictum
2373 3959 2456 4005 est
2487 3967 2500 4003 :
2539 3973 2561 3997 α
2593 3949 2770 4004 Nemo
2800 3957 2986 4020 potest
3040 3950 3252 4004 duobus
3299 3949 3537 4004 dominis

1947 4041 2179 4106 servire,
2219 4064 2240 4088 η
2295 4054 2426 4109 ergo
2455 4038 2833 4092 tantummodo
2889 4046 3112 4108 propter
3157 4054 3389 4110 regnum
3438 4038 3539 4093 Dei

1945 4131 2210 4185 debemus
2239 4125 2456 4198 cperari
2488 4127 2706 4191 bonum,
2738 4134 2791 4179 et
2821 4141 2928 4180 non
2981 4125 3033 4179 in
3079 4126 3181 4181 hac
3213 4126 3536 4196 operatione

1945 4227 2030 4282 vel
2063 4226 2185 4296 spla
2214 4224 2301 4279 vel
2332 4240 2455 4277 cum
2481 4238 2654 4294 regno
2685 4222 2783 4276 Dei
2817 4222 3128 4277 mercedem
3158 4223 3536 4295 temporalium

1943 4315 2205 4386 cogitare.
2266 4312 2512 4381 Quorum
2586 4311 2829 4366 omnium
2885 4312 3263 4384 temporalium
3315 4314 3535 4370 nomine

246 4401 344 4468 ris,
383 4424 403 4448 υ
439 4402 542 4456 hoc
573 4409 657 4456 est
687 4401 852 4458 multo
883 4402 1055 4473 pluris
1082 4403 1241 4474 pretii
1263 4403 1392 4458 estis
1422 4419 1519 4459 vos
1541 4420 1703 4476 quam
1733 4420 1832 4460 vo-
1862 4425 1916 4485 D
1945 4402 2307 4459 Christianum
2339 4400 2534 4471 posuit,
2559 4400 2747 4455 dicens
2779 4419 2789 4455 :

244 4489 411 4544 latilia
437 4489 559 4546 οωιὶ
591 4490 740 4546 aerii.

320 4615 342 4639 ιι
380 4591 515 4660 Quis
545 4601 732 4648 autem
791 4601 1030 4649 vestrum
1089 4593 1336 4665 cogitans
1393 4603 1572 4665 potest
1601 4596 1836 4664 adjicere

243 4679 311 4735 ad
342 4685 608 4735 staturam
640 4698 794 4736 suam
825 4683 1067 4738 cubitum
1093 4699 1258 4736 unum
1279 4684 1307 4737 ?
1348 4705 1368 4731 ››
1395 4683 1452 4738 Si
1491 4700 1628 4756 ergo
1659 4701 1837 4757 neque

249 4769 396 4841 quod
425 4770 706 4824 minimum
740 4778 829 4826 est
860 4771 1102 4839 potestis,
1128 4771 1255 4842 quid
1288 4772 1352 4826 de
1384 4773 1594 4827 caeteris
1624 4774 1837 4829 solliciti

245 4867 377 4922 estis
405 4869 432 4922 ἶ)
463 4867 545 4921 Illi
576 4867 866 4939 relinquite
897 4868 1115 4941 tegen‘di
1155 4869 1398 4939 corporis
1437 4886 1642 4940 curam,
1677 4874 1836 4942 cujus

244 4970 374 5011 cura
406 4955 605 5011 factum
635 4965 735 5011 est.

320 5067 341 5091 α
378 5044 738 5100 Considerate
769 5044 873 5099 lilia
905 5045 1026 5118 agri
1086 5046 1354 5117 quomodo
1402 5055 1690 5102 crescunt:
1726 5063 1833 5103 non

243 5141 491 5197 laborant
521 5159 698 5214 neque
754 5151 901 5198 nent.
955 5166 976 5191 »ι
1013 5144 1132 5199 Non
1191 5144 1280 5200 hic
1332 5150 1418 5200 est
1463 5144 1627 5216 igitur
1683 5163 1834 5216 quaa-

244 5230 408 5285 renda
440 5230 722 5302 allegoria,
758 5230 895 5286 sicut
916 5247 1017 5287 nec
1045 5231 1099 5286 in
1129 5233 1338 5300 avibus,
1372 5234 1470 5288 sed
1500 5234 1567 5288 de
1617 5234 1838 5289 minori-

243 5319 345 5374 bus
378 5319 661 5389 persuasio
691 5317 747 5372 fit
775 5319 844 5374 ad
873 5319 1104 5389 majora.

321 5440 343 5464 α
379 5417 514 5472 Dico
572 5425 752 5471 autem
809 5417 962 5472 vobis
1016 5418 1269 5490 quoniam
1326 5435 1428 5475 nec
1483 5421 1738 5476 Salomon
1779 5423 1835 5475 in

241 5505 391 5563 omni
447 5505 627 5578 gloria
682 5521 779 5558 sua
806 5514 1096 5576 coopertus
1156 5516 1238 5562 est
1267 5508 1404 5564 sicut
1435 5527 1597 5565 unum
1660 5528 1724 5566 ex
1755 5511 1835 5565 is-

237 5604 330 5662 tis.
367 5626 390 5651 ι»
426 5602 558 5673 Quae
588 5618 829 5673 purpura
862 5619 1079 5677 regum,
1144 5622 1264 5677 quae
1314 5607 1521 5677 pictura
1551 5609 1836 5664 textricum

240 5709 421 5774 potest
468 5699 695 5758 ﬂoribus
726 5703 1026 5773 comparari
1055 5703 1082 5756 ἰ)
1147 5705 1271 5775 Ipse
1300 5703 1454 5762 color
1481 5705 1675 5763 dicitur
1695 5722 1834 5779 ope-

2023 4520 2044 4544 υ
2079 4497 2258 4553 Nolite
2307 4497 2521 4552 solliciti
2552 4513 2675 4553 esse
2700 4496 2769 4552 de
2800 4497 3093 4553 crastino.»
3128 4498 3250 4552 Non
3281 4499 3422 4554 enim
3454 4500 3535 4555 di-

1945 4587 2084 4642 citur
2113 4586 2379 4642 crastinus
2406 4585 2541 4651 dies,
2605 4585 2709 4640 nisi
2756 4585 2812 4641 in
2863 4593 3130 4657 tempore.
3170 4587 3352 4644 Nolite
3399 4605 3535 4662 ergo

1946 4676 2162 4732 solliciti
2193 4692 2316 4731 esse
2346 4675 2399 4729 in
2432 4673 2750 4732 crastinum.
2786 4676 3066 4732 Crastinus
3095 4675 3238 4732 enim
3270 4677 3388 4733 dies
3417 4678 3536 4734 sol-

1945 4774 2124 4832 licitus
2154 4775 2255 4829 erit
2284 4773 2387 4829 sibi
2421 4774 2555 4844 ipse.

2023 4904 2044 4935 ι
2079 4881 2289 4938 Sufﬁcit
2317 4880 2423 4935 diei
2450 4880 2660 4936 malitia
2688 4897 2810 4937 sua.
2853 4903 2875 4934 ι
2910 4885 2990 4940 De
3019 4884 3379 4955 praesentibus
3408 4899 3536 4940 con-

1945 4978 2088 5034 cedit
2118 4995 2240 5034 esse
2269 4977 2551 5044 sollicitos,
2611 4993 2718 5034 non
2749 4980 2818 5034 de
2849 4979 3070 5036 futuris.
3126 4981 3284 5038 Unde
3310 4985 3536 5053 Aposto-

1944 5067 2031 5122 lus
2061 5088 2078 5123 :
2116 5091 2136 5114 α
2171 5069 2344 5123 Nocte
2391 5075 2443 5122 et
2495 5065 2582 5121 die
2626 5067 2873 5122 manibus
2939 5069 3143 5124 nostris
3197 5070 3531 5140 laborantes,

1945 5173 2015 5212 ne
2046 5173 2204 5227 quem
2237 5163 2474 5211 vestrum
2505 5170 2862 5226 gravaremus
2891 5158 2941 5230 (Ι
2981 5159 3164 5215 Thess.
3215 5158 3303 5231 ιι).
3351 5181 3372 5208 ιι
3399 5160 3534 5216 Cras

1944 5255 2000 5309 in
2033 5253 2328 5324 Scripturis
2365 5251 2609 5308 futurum
2656 5261 2870 5324 tempus
2917 5254 3263 5327 intelligitur,
3322 5257 3536 5315 dicente

1945 5344 2115 5399 Jacob
2151 5357 2163 5397 :
2197 5364 2217 5389 -
2240 5340 2505 5396 Exaudiet
2527 5357 2615 5397 me
2635 5357 2759 5398 cras
2771 5343 2982 5412 justitia
3000 5360 3117 5400 mea
3141 5345 3309 5415 (Gen.
3333 5348 3529 5418 xxx)»

1946 5432 2052 5488 Per
2068 5431 2211 5486 diem
2256 5430 2635 5501 intelliguntur
2665 5431 2914 5486 homines
2951 5437 3178 5503 quorum
3199 5434 3318 5490 dies
3346 5443 3450 5506 est,
3483 5445 3541 5492 ut

1947 5529 2024 5583 ait
2045 5526 2343 5598 Apostolus
2377 5541 2388 5580 :
2430 5550 2451 5575 α
2486 5525 2844 5582 Redimentes
2890 5535 3109 5600 tempus
3137 5531 3391 5602 quoniam
3422 5532 3542 5588 dies

1950 5616 2086 5673 mali
2113 5622 2234 5670 sunt
2265 5615 2500 5685 (Coloss.
2535 5619 2631 5686 tv).
2657 5637 2678 5663 »
2712 5613 2922 5672 Sensus
2943 5633 3074 5688 ergo
3103 5627 3186 5674 est
3218 5637 3230 5673 :
3262 5621 3392 5674 Dies
3421 5635 3544 5675 cra-

1948 5705 2138 5776 stinus,
2169 5703 2227 5760 id
2259 5713 2340 5760 est
2369 5703 2534 5760 futuri
2588 5705 2872 5778 temporis,
2939 5707 3187 5765 homines
3234 5715 3392 5765 erunt
3421 5708 3539 5763 sol-
