3972 6076
389 230 522 284 1143

1521 225 1870 282 WERNERI
1899 223 2188 279 ABBATIS
2227 225 2283 278 S.
2325 226 2545 282 BLASII

3577 219 3722 272 1144

387 352 520 408 liciti
550 352 685 409 sibi.
721 353 800 407 Tu
851 367 980 408 vero
1009 352 1084 408 sis
1113 352 1380 409 sollicitus
1437 351 1504 406 de
1545 359 1596 406 te
1636 351 1690 404 in
1731 365 1976 421 prresen-
2005 349 2062 410 A
2089 349 2264 403 aliena
2297 366 2356 405 se
2385 365 2612 405 manum
2644 367 2751 406 non
2781 350 3012 415 mittere,
3055 350 3101 404 si
3135 365 3232 403 sua
3273 347 3674 402 redderentur
3705 357 3721 409 ς

391 441 608 496 tiarum.
652 442 927 497 Sollicitus
983 441 1039 496 in
1109 441 1443 512 supradictis
1469 438 1736 513 signiﬁcat
1793 438 1986 493 anxie-

393 537 557 584 tatem
586 548 599 592 ;
633 531 720 586 hic
750 546 880 584 vero
929 531 1352 601 providentiam,
1387 545 1549 602 quam
1579 529 1812 583 futurum
1844 536 1986 582 tem-

393 641 498 697 pus
526 626 713 682 alferet
745 643 949 692 secum,
985 635 1041 681 ut
1070 643 1196 682 cum
1227 643 1453 682 necesse
1485 626 1589 680 erit
1643 639 1861 679 sumere
1891 624 1988 677 ali-

399 715 530 786 quid
563 716 860 787 temporale
891 716 1053 783 adsit,
1130 717 1258 787 quia
1302 718 1456 770 novit
1506 716 1654 769 Deus
1703 714 1832 786 quid
1863 713 1999 767 indi'

398 820 614 876 gemas.
656 805 855 858 Curam
905 813 1082 858 autem
1132 805 1473 874 praesentium
1514 803 1772 857 malitiam
1813 811 1990 868 vocat,

399 900 527 971 quia
572 901 804 970 pmnalis
855 909 936 953 est
965 907 1018 954 et
1050 900 1276 970 pertinet
1321 902 1388 954 ad
1417 899 1799 954 mortalitatem
1831 915 1994 970 quam

400 989 682 1060 peccando
713 989 1007 1042 meruimus
1041 1005 1054 1058 ;
1098 1006 1220 1060 quae
1266 989 1322 1042 in
1367 1005 1425 1042 se
1465 989 1596 1043 satis
1626 1002 1859 1042 onerosa
1889 996 1991 1052 est,

403 1076 636 1132 necdum
685 1081 844 1131 etiam
913 1077 1206 1132 futurorum
1273 1093 1462 1132 curam
1540 1077 1992 1146 superaddamus.

405 1175 519 1229 Hoc
545 1173 668 1229 loco
699 1175 1051 1228 vehementer
1080 1174 1377 1229 cavendum
1411 1182 1510 1238 est,
1536 1189 1604 1228 ne
1635 1189 1755 1229 cum
1788 1174 1992 1228 videri-

406 1280 528 1317 mus
549 1263 788 1334 aliquem
819 1279 1034 1317 servum
1098 1263 1196 1316 Dei
1226 1263 1536 1332 providere,
1569 1279 1637 1316 ne
1666 1263 1768 1316 ista
1798 1279 1984 1318 neces-

406 1351 550 1405 saria
578 1352 755 1406 desint
809 1351 893 1404 vel
925 1351 1048 1418 sibi,
1090 1351 1176 1405 vel
1223 1351 1329 1405 sibi
1371 1351 1698 1417 commissis,
1733 1350 1869 1406 forte
1899 1352 1996 1420 ju-

408 1448 655 1503 dicemus
686 1465 808 1501 eum
839 1456 1028 1503 contra
1057 1457 1333 1519 praecepta
1363 1448 1581 1503 Domini
1609 1448 1812 1503 facere.
1857 1451 1996 1503 Nam

409 1545 467 1590 et
493 1536 612 1605 ipse
642 1537 906 1590 Dominus
957 1537 1169 1592 loculos
1209 1537 1412 1592 habere
1453 1537 1709 1610 dignatus
1765 1548 1848 1592 est
1875 1555 1997 1593 cum

411 1625 646 1694 pecunia
701 1642 714 1680 :
782 1641 849 1680 ne
915 1625 1038 1695 quis
1075 1625 1131 1679 in
1169 1626 1273 1681 hoc
1313 1626 1626 1680 scandalum
1665 1631 1941 1696 pateretur
1983 1645 1995 1680 :

2092 439 2344 495 diabolus
2373 439 2504 494 dixit
2537 457 2595 495 se
2623 441 2800 495 aliena
2819 448 3062 509 paratum
3095 437 3349 501 reddere,
3377 437 3426 490 si
3459 449 3576 490 sua
3608 447 3724 486 non

2095 528 2466 583 auferrentur.
2507 530 2657 583 Deus
2686 529 2820 583 dixit
2849 545 2910 583 se
2959 527 3163 582 nullum
3226 541 3259 581 a
3308 521 3728 580 misericordia

2097 642 2259 696 posse
2299 627 2564 696 repellere
2597 646 2610 692 ;
2653 627 2904 681 diabolus
2942 625 3074 679 dixit
3111 625 3157 678 si
3195 639 3394 679 omnes
3421 621 3721 691 perderet,

2097 731 2206 770 non
2246 731 2305 769 se
2343 731 2506 786 posse
2547 714 2926 786 aequanimiter
2955 714 3214 769 tolerare.
3277 713 3432 766 Deus
3461 709 3619 764 dixit
3663 724 3727 760 se

2099 805 2330 860 suadere
2366 813 2418 858 ut
2448 804 2500 858 in
2533 813 2643 860 toto
2682 805 2750 859 ab
2788 805 2968 858 alieno
2995 803 3119 873 jure
3149 802 3441 857 secederet
3476 817 3492 863 ;
3523 797 3730 852 diabo-

2099 903 2184 956 lus
2205 903 2338 956 dixit
2368 919 2426 958 se
2458 903 2736 973 postulare
2769 910 2825 957 ut
2856 902 3054 957 saltem
3112 916 3209 971 pro
3239 897 3568 955 reverentia
3600 895 3724 965 pri-

2101 992 2256 1046 stinae
2285 991 2672 1046 dominationis
2719 991 2956 1062 aliquam
2987 990 3043 1044 in
3100 996 3251 1060 parte
3305 987 3576 1056 requiem
3617 983 3728 1037 sibi

2101 1096 2211 1134 non
2242 1087 2496 1152 negaret.
2529 1081 2676 1135 Deus
2715 1079 2847 1134 dixit
2879 1096 2937 1134 se
2965 1094 3086 1134 cum
3128 1079 3278 1149 prius
3316 1076 3543 1147 potiora
3601 1072 3725 1127 ele-

2103 1178 2293 1250 gisset,
2337 1186 2461 1248 post
2499 1177 2577 1230 illi
2615 1177 2914 1246 abjectiora
2954 1190 3345 1232 concessurum
3389 1192 3405 1240 ;
3448 1170 3729 1226 diabole

2103 1267 2237 1320 dixit
2261 1267 2388 1334 jure
2419 1283 2499 1331 se,
2540 1266 2671 1319 dum
2699 1265 3026 1320 electionem
3064 1265 3270 1319 habere
3329 1277 3443 1316 non
3497 1268 3724 1331 posset,

2104 1356 2299 1409 saltem
2330 1355 2670 1424 partitionem
2704 1355 2996 1410 facturum.
3037 1355 3185 1409 Deus
3213 1352 3351 1406 dixit
3381 1365 3449 1406 se
3479 1348 3728 1420 privile-

2105 1453 2197 1526 gio
2227 1453 2620 1508 dominationis
2679 1453 2962 1523 utriusque
3016 1459 3337 1523 potistatem
3371 1448 3675 1503 vindicare
3712 1461 3725 1513 ;

2105 1543 2356 1597 diabolus
2408 1541 2545 1595 dixit
2577 1559 2655 1606 se,
2713 1543 2840 1613 quia
2870 1542 2988 1611 jam
3034 1540 3265 1611 amplius
3322 1555 3434 1592 non
3483 1544 3719 1607 posset.

2107 1631 2238 1685 nihil
2269 1647 2333 1684 ex
2361 1631 2501 1697 jure,
2535 1630 2631 1684 sed
2671 1647 2735 1684 ex
2776 1630 3141 1701 permissione
3190 1625 3502 1700 postulare.
3565 1626 3728 1678 Deus

410 1721 608 1776 Paulus
633 1722 792 1777 etiam
824 1722 1034 1777 videtur
1062 1724 1338 1795 cOgitasse
1367 1724 1434 1778 de
1464 1725 1722 1790 crastino,
1757 1742 1881 1780 cum
1912 1726 2000 1780 di—
2029 1704 2082 1762 B
2111 1729 2244 1783 dixit
2274 1745 2333 1784 se
2362 1737 2569 1783 tantum
2605 1729 2998 1799 permissurum
3054 1727 3206 1797 quod
3237 1726 3396 1782 etiam
3429 1722 3594 1779 avari
3637 1721 3729 1775 fa-

412 1811 531 1867 cit:
570 1834 592 1858 ις
649 1812 730 1865 De
794 1811 1036 1867 collectis
1092 1817 1273 1866 autem
1326 1813 1465 1868 sicut
1521 1814 1764 1868 ordiuavi
1844 1814 2002 1870 tacite

415 1901 467 1970 (I
493 1901 614 1956 Cor.
649 1901 786 1970 xvi).
823 1923 844 1947 η
890 1901 975 1954 Ad
1031 1901 1175 1956 hanc
1214 1917 1350 1973 ergo
1391 1903 1633 1973 regulam
1672 1910 1840 1957 totum
1900 1904 2003 1958 hoc

414 2007 749 2072 praeceptum
818 1999 1111 2071 redigitur,
1164 2007 1222 2055 ut
1259 2000 1415 2055 etiam
1456 2001 1510 2054 in
1550 2001 1775 2056 istorum
1814 2002 2004 2072 provi-

413 2088 568 2144 sione
599 2104 832 2159 regnum
906 2087 1004 2142 Dei
1041 2088 1366 2159 cogitemus,
1407 2089 1461 2143 in
1500 2089 1703 2143 malitia
1742 2105 1876 2144 vero
1915 2105 2006 2144 re—

418 2177 513 2248 gni
587 2176 686 2231 Dei
724 2191 834 2230 non
882 2176 988 2230 ista
1027 2177 1356 2247 cogitemus.
1405 2178 1591 2248 Itaque
1664 2194 1771 2232 non
1849 2177 2009 2232 labor

421 2282 476 2329 et
515 2273 867 2344 providentia
903 2273 1245 2340 damnantur,
1294 2275 1391 2329 sed
1431 2283 1670 2330 mentem
1709 2275 2009 2347 przel'ocans

419 2376 571 2417 cura.

497 2470 734 2525 Collatia
749 2469 847 2524 Dei
863 2485 992 2524 cum
1009 2469 1223 2526 diabolo
1240 2469 1305 2524 de
1318 2470 1452 2540 jure
1473 2471 1571 2526 Dei
1586 2474 1642 2526 et
1663 2471 1906 2526 hominis
1919 2513 1932 2526 .

493 2568 664 2635 Deus,
707 2583 805 2638 per
844 2566 1120 2621 hominem
1187 2567 1452 2621 mundum
1511 2568 1915 2639 redempturus,
1960 2569 2014 2623 in

426 2657 691 2711 mundum
719 2655 886 2721 venit,
920 2663 973 2710 et
1029 2654 1126 2710 toti
1165 2655 1368 2710 mundo
1409 2656 1684 2712 diabolum
1724 2658 2014 2713 dominan-

421 2752 533 2802 tem
561 2745 788 2800 invenit.
822 2745 968 2800 Deus
997 2760 1097 2816 per
1119 2745 1393 2800 hominem
1423 2745 1684 2801 mundum
1715 2747 1942 2802 visitans
1963 2747 2018 2801 in

421 2841 648 2914 propria
686 2841 854 2910 venit,
896 2848 950 2896 et
1015 2841 1178 2896 homo
1217 2857 1316 2912 per
1379 2841 1554 2896 Deum
1607 2844 1867 2898 mundum
1908 2862 2018 2900 non

423 2947 632 2995 amans,
710 2929 802 2984 ubi
841 2929 1134 2984 reclinaret
1193 2937 1356 3001 caput
1411 2946 1518 2985 non
1577 2932 1788 2986 habuit.
1873 2935 2020 2990 Deus

424 3020 590 3075 homo
622 3019 674 3072 in
705 3019 805 3074 hoc
837 3019 1040 3073 mundo
1105 3018 1396 3074 elementis
1435 3019 1736 3088 imperavit,
1777 3031 1830 3076 et
1859 3023 2021 3078 homo

429 3117 579 3172 Deus
611 3117 680 3171 de
709 3117 814 3171 hoc
843 3116 1046 3171 mundo
1101 3133 1340 3188 regnum
1381 3133 1440 3172 se
1478 3133 1588 3172 non
1628 3119 1828 3174 habere
1869 3121 2021 3174 dixit.

429 3207 575 3277 Ergo
607 3205 678 3259 ad
707 3205 913 3276 aliquid
947 3213 1116 3261 totum
1149 3205 1248 3260 Dei
1280 3214 1416 3273 erat,
1449 3214 1501 3261 et
1529 3207 1596 3261 ad
1629 3207 1827 3280 aliquid
1859 3217 2025 3264 totum

433 3295 866 3350 diaboli.Totum
897 3295 998 3350 Dei
1031 3294 1177 3366 quod
1210 3295 1328 3366 ipse
1356 3294 1592 3361 fecerat;
1631 3305 1796 3351 totum
1827 3297 2028 3352 diaboli

436 3395 578 3466 quod
623 3393 739 3464 ipse
784 3393 1128 3464 possidebat.
1189 3394 1338 3448 Deus
1376 3394 1431 3448 in
1469 3395 1740 3466 principio
1768 3397 2030 3451 mundum

434 3490 737 3548 creaverat,
771 3491 824 3537 et
855 3482 1101 3537 diabolus
1131 3483 1182 3535 in
1209 3483 1476 3554 principio
1498 3484 1761 3538 mundum
1789 3486 2034 3556 posside-

430 3569 546 3624 bat.
586 3571 736 3642 Ergo
767 3578 1042 3624 certamen
1075 3571 1271 3625 factum
1302 3580 1390 3625 est
1417 3573 1632 3642 Deo,|et
1661 3583 1938 3628 certamen
1959 3575 2034 3628 la-

434 3674 581 3722 ctum
612 3674 693 3721 est
721 3665 966 3721 diabolo.
1005 3667 1153 3721 Deus
1183 3667 1321 3721 dixit
1352 3684 1410 3722 se
1440 3669 1584 3740 quod
1616 3686 1772 3724 suum
1804 3681 1918 3725 erat
1949 3672 2036 3726 de-

435 3755 568 3811 bere
600 3755 843 3826 recipere
877 3773 890 3818 ;
929 3754 1178 3809 diabolus
1208 3755 1350 3809 dixit
1379 3773 1439 3811 se
1468 3757 1522 3810 in
1561 3773 1660 3812 suo
1690 3775 1796 3813 non
1831 3761 2034 3816 debere

436 3844 762 3902 calumniam
792 3844 1089 3899 sustinere.
1122 3845 1269 3900 Deus
1300 3844 1432 3900 dixit
1462 3862 1521 3902 se
1543 3855 1665 3916 post
1689 3859 1796 3901 tam
1815 3848 2032 3921 longam

435 3942 755 4015 patientiam
786 3942 952 4015 digne
983 3941 1352 3998 satisfactione
1395 3943 1806 4009 honorandum;
1839 3945 2034 4001 diabo-

437 4031 524 4086 lus
554 4030 687 4086 dixit
717 4047 777 4085 se
821 4037 946 4101 post
977 4039 1088 4085 tam
1130 4030 1350 4102 longam
1380 4032 1773 4104 negligentiam
1798 4051 1892 4089 sua
1916 4052 2038 4105 pos-

440 4121 687 4176 sessione
743 4136 862 4174 non
903 4119 1257 4190 privandum.
1336 4121 1486 4175 Deus
1525 4121 1654 4176 dixit
1695 4122 1874 4177 aliena
1913 4141 2039 4179 eum

443 4217 816 4274 lraudulenter
847 4216 1162 4282 abstulisse,
1188 4217 1453 4272 violenter
1482 4219 1724 4274 tenuisse
1749 4238 1761 4283 ;
1786 4221 2039 4277 diabolus

442 4307 575 4360 dixit
605 4322 727 4360 eum
761 4322 863 4360 nec
902 4322 1026 4360 cum
1058 4306 1286 4361 abstulit
1326 4308 1744 4376 contradixisse,
1778 4325 1878 4366 nec
1916 4327 2039 4366 cum

2107 1835 2250 1872 mem
2281 1817 2480 1871 satiare
2510 1822 2698 1887 posset
2731 1837 2744 1881 ;
2777 1817 3028 1872 diabolus
3057 1816 3191 1871 dixit
3220 1832 3278 1870 se
3331 1830 3445 1869 non
3500 1819 3728 1865 tantum

2109 1914 2454 1976 accepturum
2491 1907 2616 1977 quin
2649 1906 2882 1977 amplius
2917 1905 3118 1975 cupiat,
3151 1904 3197 1958 si
3227 1903 3348 1957 ﬁeri
3377 1901 3592 1973 possit.
3627 1899 3732 1954 His

2112 2005 2270 2060 dictis
2293 2005 2460 2074 jussit
2487 2007 2632 2060 Deus
2651 2006 2802 2060 tendi
2843 2004 3112 2060 funiculos
3143 2005 3196 2057 in
3226 2000 3614 2074 partitionem,
3674 2004 3735 2053 et

2111 2095 2316 2149 invenit
2344 2095 2572 2149 virentia
2601 2103 2655 2148 et
2684 2095 2883 2166 irrigua
2914 2095 2969 2148 in
3011 2093 3246 2148 vallibus
3287 2089 3413 2144 imis
3445 2107 3460 2153 ;
3503 2089 3731 2143 minora

2115 2182 2308 2252 spatio,
2357 2183 2566 2249 majora
2617 2182 2814 2252 pretio,
2877 2190 2928 2237 et
2967 2183 3072 2236 hoc
3109 2181 3368 2252 prazcepit
3409 2177 3622 2247 seponi
3661 2177 3733 2231 ad

2115 2287 2323 2351 partem
2355 2279 2581 2333 alteram
2616 2297 2629 2341 ;
2663 2280 2879 2334 deserta
2907 2286 3086 2334 autem
3114 2287 3166 2332 et
3203 2278 3360 2332 arida
3398 2275 3458 2330 in
3491 2274 3736 2345 rupibus

2117 2376 2171 2424 et
2203 2367 2476 2423 montibus
2507 2367 2630 2422 altis
2661 2388 2676 2434 ;
2717 2369 2825 2422 lata
2867 2377 2920 2423 et
2957 2367 3200 2438 aspectui
3247 2365 3488 2436 patentia
3517 2377 3738 2434 magna

2120 2458 2294 2528 spatio
2324 2472 2337 2527 ;
2371 2457 2502 2510 vilia
2532 2457 2728 2527 pretio,
2761 2466 2813 2512 et
2839 2457 2946 2513 hoc
2961 2457 3118 2524 jussit
3143 2455 3210 2510 ad
3242 2460 3476 2510 alteram
3507 2462 3736 2525 partem

2120 2555 2385 2609 discerni.
2424 2555 2576 2609 Tunc
2605 2553 2882 2608 mandavit
2911 2552 3191 2608 diabolum
3229 2553 3456 2607 adesse.
3489 2552 3557 2605 Et
3590 2549 3739 2604 assi-

2122 2642 2280 2697 stenti
2311 2642 2387 2698 sic
2414 2643 2486 2697 ait
2519 2661 2532 2697 :
2566 2644 2647 2697 Ne
2670 2641 2810 2697 forte
2843 2649 2935 2696 aut
2964 2640 3742 2710 violentiamjudicantis,aut

2121 2731 2400 2786 avaritiam
2424 2731 2602 2786 dantis
2622 2731 2830 2786 causari
2856 2731 3064 2796 valeas,
3103 2729 3364 2802 quidquid
3386 2728 3588 2784 oculus
3610 2735 3741 2780 tuus

2124 2830 2289 2893 videt,
2325 2829 2424 2883 tibi
2457 2829 2624 2884 dabo.
2665 2830 2818 2884 Tunc
2858 2828 3113 2883 diabolus
3161 2829 3254 2897 qui
3293 2843 3457 2882 omne
3489 2825 3741 2880 sublime

2125 2919 2451 2983 considerat,
2483 2927 2535 2973 et
2563 2918 2786 2972 humilia
2817 2935 2922 2972 non
2957 2918 3100 2972 valet
3129 2917 3349 2982 intueri,
3373 2916 3570 2970 levans
3605 2929 3744 2970 ocu-

2128 2999 2214 3061 los
2243 3007 2452 3078 aspexit
2479 3015 2690 3062 montes
2721 3005 2863 3061 altos
2895 3013 2946 3060 et
2976 3021 3110 3060 saxa
3140 3005 3509 3076 prominentia
3539 3003 3598 3057 in
3631 3019 3737 3056 ru-

2135 3103 2313 3173 pibus,
2385 3118 2450 3158 ac
2479 3104 2702 3158 deserta
2759 3103 3010 3174 patentia,
3064 3112 3117 3158 et
3175 3101 3332 3172 quasi
3389 3110 3564 3155 totum
3633 3099 3740 3154 sibi

2135 3192 2374 3247 cessisse
2403 3192 2666 3262 glorians,
2701 3193 2950 3263 despexit
2982 3190 3126 3262 quod
3158 3192 3303 3246 Deus
3345 3190 3614 3257 elegerat.
3646 3187 3744 3242 Cui

2138 3283 2286 3336 Deus
2342 3281 2633 3351 increpans
2664 3297 2727 3336 ac
2774 3281 3080 3336 caecitatem
3136 3281 3265 3335 elati
3318 3279 3585 3334 deridens
3618 3278 3740 3332 ait:

2144 3402 2165 3426 ει
2189 3379 2366 3434 Funes
2389 3377 2703 3433 ceciderunt
2728 3377 2857 3432 mihi
2880 3379 2934 3432 in
2956 3376 3230 3448 prmclaris
3255 3376 3430 3437 (Psal.
3455 3379 3578 3444 xv).
3612 3395 3637 3424 ι
3664 3376 3744 3429 Tu

2139 3468 2332 3523 laudas
2364 3468 2508 3539 quod
2539 3466 2713 3534 vides,
2743 3474 2792 3521 et
2822 3482 2928 3538 ego
2960 3466 3120 3520 laudo
3168 3465 3318 3537 quod
3346 3463 3540 3519 video.
3575 3464 3662 3518 Tu
3691 3463 3746 3517 in

2140 3558 2249 3612 imo
2279 3573 2358 3622 es,
2392 3567 2443 3611 et
2473 3564 2765 3627 propterea
2793 3555 2962 3612 oculis
2988 3555 3092 3608 tuis
3121 3554 3224 3608 nisi
3253 3553 3358 3607 alta
3390 3560 3443 3607 et
3471 3552 3744 3608 exstantia

2141 3671 2247 3709 non
2279 3661 2466 3723 patent
2495 3671 2508 3706 :
2544 3668 2650 3724 ego
2677 3653 2915 3722 desuper
2942 3649 3281 3719 contemplor
3309 3665 3470 3720 quam
3501 3648 3745 3702 habeant

2141 3742 2510 3798 amoenitatem
2566 3741 2808 3806 humilia,
2866 3740 3068 3795 etenim
3096 3737 3392 3793 haereditas
3422 3752 3550 3792 mea
3594 3754 3743 3807 prm-

2144 3833 2294 3888 clara
2325 3839 2410 3886 est
2438 3830 2590 3886 mihi.

2144 3931 2218 3986 De
2239 3930 2447 3986 duobus
2479 3927 2740 3991 dominis,
2757 3931 2815 3981 et
2835 3925 3051 3981 duabus
3066 3923 3418 3988 civitatibus,
3436 3926 3493 3978 et
3507 3921 3743 3978 diversi:

2768 4017 2902 4070 aliis
2933 4015 3117 4070 rebus.

2215 4127 2350 4180 Dure
2383 4131 2509 4177 sunt
2565 4121 2831 4188 civitates,
2891 4120 3229 4176 Hierusalem
3275 4127 3327 4174 et
3382 4118 3651 4188 Babylon,
3693 4126 3742 4172 et

2146 4222 2252 4276 duo
2282 4220 2470 4291 papuli
2497 4237 2511 4285 ;
2535 4227 2803 4274 amatores
2830 4218 2949 4284 Dei,
2975 4217 3122 4272 cives
3143 4215 3508 4280 Hierusalem,
3528 4225 3582 4270 et
3601 4229 3737 4268 ama-

2148 4320 2292 4365 tores
2321 4308 2528 4369 mundi,
2561 4308 2708 4362 cives
2728 4306 3020 4378 Babylonis
3045 4324 3058 4370 ;
3091 4314 3146 4361 et
3165 4306 3274 4360 duo
3295 4321 3479 4376 reges,
3499 4304 3742 4358 Christus

444 4395 611 4450 tenuit
645 4394 938 4465 aliquando
969 4395 1255 4465 repetisse.
1289 4396 1437 4449 Deus
1468 4395 1601 4450 dixit
1627 4405 1881 4468 potenter
1895 4417 1951 4454 se
1975 4404 2040 4458 ad
2080 4413 2130 4472 ι)
2157 4415 2248 4454 rex
2282 4397 2623 4452 Hierusalem
2655 4405 2707 4451 et
2739 4396 2991 4450 diabolus
3015 4411 3109 4450 rex
3133 4394 3446 4464 Babylonis.
3471 4395 3620 4447 Inter
3647 4390 3742 4445 has

447 4507 548 4546 sua
579 4490 914 4561 recipienda,
949 4491 995 4545 si
1024 4491 1207 4555 vellet,
1250 4491 1452 4547 viribus
1484 4492 1558 4546 uti
1593 4511 1604 4557 ;
1639 4493 1887 4550 diabolus
1910 4497 2045 4553 dixit

444 4597 570 4638 eum
599 4589 787 4636 contra
810 4580 1068 4648 justitiam
1101 4597 1208 4635 non
1228 4581 1426 4636 debere
1458 4581 1659 4637 viribus
1677 4583 1861 4637 abutii.
1896 4587 2042 4643 Deus

447 4671 803 4740 dixitjustum
834 4685 945 4724 non
975 4685 1097 4724 esse
1143 4671 1188 4723 si
1249 4670 1393 4741 quod
1425 4671 1513 4741 pie
1543 4681 1831 4726 creaverat
1870 4677 2049 4745 perire

451 4770 787 4842 permitteret
820 4783 833 4838 ;
875 4767 1124 4823 diabolus
1160 4767 1302 4822 dixit
1349 4769 1614 4839 injustum
1674 4786 1797 4825 esse
1829 4771 1874 4825 si
1905 4774 2050 4844 quod

452 4867 645 4930 sponte
702 4858 958 4930 perierat,
1037 4865 1395 4912 restauraret.
1434 4858 1582 4912 Deus
1629 4857 1762 4912 dixit
1807 4876 1866 4914 se
1911 4862 2052 4918 velle

451 4948 704 5004 misereri
735 4964 835 5018 per
875 4945 1265 5019 benignitatem
1296 4946 1616 5017 pr0priam;
1651 4947 1901 5003 diabolus
1922 4950 2055 5006 dixit

455 5063 514 5102 se
552 5062 719 5102 nosse
757 5047 1018 5101 damnum
1062 5045 1170 5116 pati
1228 5060 1328 5116 per
1395 5051 1721 5114 potestatem
1782 5045 2042 5103 alienam.

455 5135 604 5191 Deus
641 5134 774 5190 dixit
807 5136 1013 5204 justum
1072 5150 1194 5189 esse
1231 5141 1288 5188 ut
1326 5133 1394 5188 de
1453 5141 1678 5203 peccato
1730 5135 2054 5204 poenitentes

455 5224 526 5278 ad
584 5224 812 5279 salutem
878 5223 1301 5295 reciperentur:
1354 5221 1604 5277 diabolus
1659 5222 1791 5277 dixit
1841 5224 2051 5290 justum

455 5337 565 5379 non
640 5339 762 5377 esse
801 5330 857 5376 ut
894 5323 948 5376 in
986 5328 1212 5395 peccato
1268 5319 1624 5391 persistentes
1685 5320 1755 5374 ad
1818 5319 2050 5374 salutem

456 5419 808 5484 cogerentur.
839 5412 987 5465 Deus
1027 5410 1164 5463 dixit
1203 5425 1261 5464 se
1297 5409 1513 5463 venisse
1571 5417 1625 5462 ut
1652 5408 1902 5464 volentes
1942 5425 2050 5464 non

455 5503 703 5574 cogeret,
737 5498 835 5554 sed
856 5507 912 5552 ut
933 5497 1178 5553 volentes
1199 5498 1478 5566 adjuvaret
1504 5512 1517 5567 ;
1541 5497 1793 5552 diabolus
1811 5497 1944 5552 dixit
1961 5499 2050 5551 in-

454 5603 608 5660 terim
639 5615 736 5671 pro
767 5607 1017 5668 tempore
1043 5597 1422 5665 aequanimitur
1443 5613 1502 5650 se
1532 5613 1819 5666 passurum
1852 5597 2046 5652 volen-

455 5709 536 5756 tes
575 5699 848 5762 amitte‘re,
890 5695 936 5749 si
975 5691 1222 5746 nolentes
1286 5693 1564 5747 retineret.
1613 5695 1759 5749 Deus
1820 5694 1952 5748 dixit
1992 5695 2047 5750 in

2154 4497 2289 4550 duas
2321 4495 2574 4550 civitates
2597 4502 2646 4547 et
2678 4493 2816 4548 duos
2849 4490 3099 4564 pepulos,
3161 4499 3214 4546 et
3242 4491 3380 4544 duos
3410 4505 3596 4560 reges,
3628 4487 3743 4542 bel-

2155 4585 2266 4638 lum
2317 4593 2401 4637 est
2426 4583 2653 4654 jugiter,
2713 4590 2766 4636 et
2820 4580 3118 4646 discordia,
3151 4587 3202 4634 et
3232 4594 3433 4651 pugna,
3483 4586 3538 4632 et
3569 4577 3746 4648 signat

2157 4682 2392 4744 uterque
2414 4671 2610 4725 milites
2625 4686 2754 4724 suos
2775 4689 2788 4724 :
2815 4670 3061 4724 Christus
3084 4684 3228 4735 suos,
3258 4676 3311 4722 et
3331 4666 3583 4721 diabolus
3600 4681 3744 4732 suos,

2158 4774 2216 4824 ut
2244 4777 2542 4842 agnoscant
2575 4767 2774 4839 quique
2831 4783 3020 4839 regem
3052 4781 3230 4830 suum,
3277 4772 3329 4819 et
3384 4773 3747 4833 agnos-cantur

2159 4858 2227 4913 ab
2283 4874 2348 4913 eo
2378 4865 2431 4912 et
2461 4866 2757 4928 sequantur
2787 4872 2930 4910 eum.
2990 4853 3330 4910 Hierusalem
3360 4853 3504 4907 enim
3565 4852 3746 4907 civitas

2160 4966 2246 5013 est
2301 4957 2355 5010 in
2411 4955 2568 5022 cmlo,
2604 4954 2860 5026 Babylon
2913 4954 3175 5009 deorsum
3204 4952 3258 5006 in
3289 4961 3468 5016 terra;
3501 4950 3747 5005 similiter

2161 5045 2408 5102 Christus
2471 5060 2689 5099 sursum
2746 5052 2851 5109 est,
2908 5042 3162 5098 diabolus
3216 5041 3498 5096 deorsum.
3554 5039 3745 5093 Milites

2162 5134 2363 5192 Christi
2395 5141 2697 5206 sequuntur
2744 5148 2933 5204 regem
2963 5149 3148 5197 suum,
3207 5139 3259 5186 et
3303 5128 3505 5184 milites
3548 5127 3744 5182 diaboli

2160 5241 2463 5306 sequuntur
2517 5248 2703 5305 regem
2735 5248 2917 5286 suum.
2977 5231 3222 5287 Christus
3255 5229 3430 5284 tribus
3487 5227 3743 5297 exemplis

2160 5325 2303 5378 viam
2351 5321 2512 5377 nobis
2539 5321 2795 5386 ostendit,
2855 5336 3017 5393 quam
3069 5335 3194 5375 cum
3245 5318 3396 5388 sequi
3426 5317 3740 5380 debeamus,

2159 5412 2405 5467 similiter
2431 5410 2684 5465 diabolus
2741 5409 2840 5464 tria
2889 5411 3186 5479 proposuit,
3220 5407 3414 5479 quibus
3441 5414 3572 5477 post
3626 5419 3741 5459 eum

2158 5507 2561 5579 praecipitentur
2616 5505 2710 5577 qui
2752 5521 2874 5560 eum
2949 5511 3268 5576 sequuntur.
3315 5503 3424 5556 Iter
3478 5501 3622 5556 enim
3677 5499 3740 5553 ad

2156 5597 2450 5662 Christum,
2484 5595 2604 5665 quia
2635 5611 2855 5648 sursum
2883 5601 2987 5658 est,
3045 5593 3268 5647 arduum
3318 5599 3400 5645 est
3431 5598 3484 5645 et
3540 5597 3736 5645 arctum

2157 5702 2257 5758 est,
2292 5701 2344 5748 et
2375 5691 2596 5763 longum
2653 5690 2709 5745 in
2739 5690 2969 5745 sublime
3003 5707 3015 5752 ;
3049 5689 3151 5745 iter
3177 5689 3244 5743 ad
3273 5687 3568 5756 diabolum,
3622 5685 3737 5756 quia
