4008 6092
258 312 395 366 1145

1184 299 1770 356 DEFLORATIONES
1811 299 1915 355 SS.
1965 299 2263 354 PATRUM.
2304 331 2371 340 —-
2411 300 2543 354 LIB.
2595 303 2662 355 ΙΙ.

3431 303 3567 355 1146

259 436 514 492 deorsum
549 441 648 500 est,
675 434 839 489 latum
873 439 974 498 est,
1008 431 1285 502 breveque
1333 427 1385 481 in
1433 425 1762 498 profundum
1807 432 1861 480 et
1888 423 1944 484 A
1975 424 2354 494 addidit(Gen.
2379 436 2410 497 ι)
2437 441 2449 495 ;
2476 434 2530 480 ut
2550 428 2858 483 ostenderet
2883 429 3026 499 quod
3050 427 3295 483 similiter
3314 427 3367 482 in
3402 429 3560 485 ratio-

259 533 331 589 ad
375 532 730 603 prmeipitium
781 530 964 587 facile.
1036 529 1168 583 Ideo
1235 525 1483 581 Christus
1551 523 1856 593 exemplum

263 621 600 694 paupertatis
633 620 864 690 reliquit,
894 627 949 673 ut
981 615 1258 673 exonerati
1283 614 1496 669 sarcina
1519 621 1858 668 terrenarum

265 727 461 775 rerum,
488 710 636 766 leves
657 708 1014 765 ascendamus
1044 722 1143 777 per
1173 705 1398 759 arduum
1415 701 1726 772 exemplum
1749 699 1856 754 hu—

271 808 538 873 militatis,
571 816 624 861 ut
657 807 862 861 modici
890 805 1008 860 sine
1036 803 1354 858 difficultate
1384 810 1730 855 transeamus
1760 815 1858 868 per

264 905 474 952 arctum
507 895 825 966 exemplum
856 893 1145 965 patientia,
1181 909 1247 946 ne
1277 889 1598 946 deficiamus
1629 889 1684 942 in
1724 889 1849 942 lon-

261 1001 415 1056 gum.
450 984 769 1055 Exemplum
799 983 1131 1054 paupertatis
1162 981 1308 1036 dedit
1331 996 1454 1036 cum
1471 980 1604 1033 dixit
1638 995 1648 1029 :
1681 1001 1701 1024 α
1728 977 1854 1031 Vul-

265 1099 363 1154 pes
394 1083 577 1138 foveas
609 1082 829 1148 habent,
862 1089 914 1135 et
963 1081 1208 1136 volucres
1266 1078 1396 1134 coeli
1453 1077 1631 1143 nidos,
1692 1075 1856 1129 Filius

267 1180 445 1226 autem
477 1171 712 1226 hominis
745 1187 851 1225 non
874 1170 1038 1225 habet
1067 1169 1160 1223 ubi
1201 1177 1360 1239 caput
1407 1182 1568 1221 suum
1627 1164 1858 1220 reclinet

264 1260 423 1331 (Luc.
447 1266 547 1330 Ix).
585 1280 607 1310 ι
643 1259 960 1330 Exemplum
992 1257 1308 1312 humilitatis
1337 1256 1504 1319 dedit,
1538 1270 1660 1310 cum
1677 1253 1804 1307 dixit
1839 1271 1852 1306 :

275 1379 298 1409 ι
337 1358 598 1413 Discitea
631 1374 718 1412 me
766 1357 887 1426 quia
934 1357 1078 1411 mitis
1135 1373 1254 1410 sum
1305 1364 1358 1410 et
1412 1354 1629 1408 humilis
1689 1351 1855 1408 corde

267 1445 500 1516 (Matth.
540 1452 638 1514 χι).
676 1469 699 1495 ιι
734 1447 1055 1517 Exemplum
1095 1445 1369 1516 patientiae
1416 1443 1566 1498 dedit
1613 1441 1852 1512 quando,

267 1552 394 1592 cum
424 1544 820 1608 percuteretur,
853 1551 961 1590 non
986 1533 1338 1606 repercussit,
1371 1549 1490 1588 cum
1515 1533 1642 1601 joco
1672 1530 1853 1585 caede-

267 1643 437 1699 retur,
462 1634 722 1688 sustinuit
751 1655 769 1700 ;
797 1633 1112 1704 exemplum
1144 1631 1497 1702 paupertatis,
1532 1629 1652 1700 quia
1679 1629 1730 1682 in
1751 1629 1855 1683 hoc

267 1721 470 1778 mundo
492 1722 707 1778 divitias
736 1723 941 1776 habere
970 1721 1141 1777 noluit
1172 1737 1185 1791 ;
1228 1719 1541 1790 exemplum
1573 1717 1857 1772 humilita-

1969 513 2077 567 nali
2107 522 2308 569 natura
2338 517 2481 587 quod
2513 517 2747 586 primum
2780 535 2902 572 esse
2932 518 3161 588 primum
3196 518 3395 573 factum
3417 527 3556 587 erat,

1967 611 2158 673 postea
2187 613 2365 658 autem
2396 605 2676 675 pulchrum
2710 623 2832 661 esse
2863 616 2911 660 et
2943 606 3242 660 formosum
3285 623 3406 663 esse
3442 619 3456 665 ζ
3506 617 3560 663 et

1967 700 2161 754 melius
2192 701 2502 756 addendum
2533 712 2665 770 erat,
2702 713 2757 758 ut
2786 721 2890 758 non
2935 705 3096 759 nimis
3141 704 3464 775 gloriaretur
3502 707 3558 760 in

1966 805 2032 844 eo
2056 791 2195 861 quod
2217 791 2418 845 bonum
2443 793 2673 861 primum
2698 803 3000 864 acceperat,
3027 793 3121 848 sed
3137 794 3202 847 ad
3228 794 3358 848 illud
3380 794 3558 864 potius

1966 877 2256 934 festinaret
2274 881 2416 950 quod
2436 891 2624 950 postea
2643 883 2834 936 melius
2855 892 3142 950 acceptura
3163 891 3296 938 erat.
3321 884 3426 938 Sed
3443 884 3559 954 pri-

1965 975 2276 1046 mogenitus
2309 977 2547 1045 primum
2578 979 2771 1033 dilexit
2792 989 2846 1034 ut
2888 980 3135 1049 perderet
3183 979 3558 1045 novissimum,

1966 1071 2018 1118 et
2046 1064 2167 1118 ideo
2200 1065 2522 1135 reprobatus
2553 1075 2634 1122 est
2665 1077 2717 1122 et
2747 1067 2839 1122 ille
2868 1068 2920 1122 in
2953 1069 3090 1124 coelo
3112 1076 3163 1122 et
3187 1067 3239 1122 in
3265 1076 3427 1124 terra.
3451 1067 3563 1123 Sed

1965 1151 2055 1207 ille
2085 1153 2153 1208 de
2185 1153 2324 1209 ccelo
2355 1154 2564 1223 ejectus
2594 1155 2649 1209 in
2679 1165 2881 1211 terram
2932 1158 3203 1213 hominem
3259 1174 3359 1228 per
3415 1157 3558 1211 invi-

1965 1249 2112 1303 diam
2145 1251 2512 1321 supplantavit
2546 1272 2559 1319 ;
2595 1252 2696 1308 iste
2726 1254 2779 1307 in
2833 1262 2977 1308 terra
3020 1253 3287 1324 reprobus
3336 1253 3562 1310 effectus

1963 1337 2180 1394 fratrem
2203 1357 2356 1394 suum
2382 1340 2606 1396 zelando
2637 1342 2852 1410 occidit,
2908 1342 3035 1413 quia
3081 1343 3220 1397 enim
3263 1342 3371 1396 vita
3420 1342 3562 1398 illius

1963 1428 2158 1498 gravis
2183 1428 2230 1483 ei
2263 1428 2358 1482 fuit
2390 1448 2404 1483 :
2435 1429 2560 1486 ideo
2590 1431 2660 1484 ad
2685 1439 2914 1485 mortem
2937 1431 3080 1485 illius
3109 1431 3403 1486 festinavit.
3427 1431 3564 1486 Cru-

1964 1525 2209 1582 ciabatur
2236 1527 2382 1582 enim
2411 1545 2643 1599 nequam
2693 1529 3031 1585 conscientia
3078 1529 3321 1600 quotidie
3369 1537 3563 1586 contra

1965 1630 2026 1669 se
2055 1615 2416 1672 testimonium
2446 1633 2682 1672 cernens
2712 1619 2883 1673 vitam
2907 1617 3064 1688 justi,
3100 1625 3155 1672 et
3184 1617 3334 1688 quasi
3383 1618 3565 1690 gravis

1964 1701 2015 1758 ei
2047 1703 2111 1756 ad
2147 1705 2438 1760 videndum
2473 1705 2591 1771 fuit,
2625 1723 2689 1762 ex
2721 1707 2874 1774 cujus
2919 1707 3238 1777 pmnitentia
3286 1723 3380 1760 sua
3427 1721 3565 1762 con-

268 1813 356 1876 tis,
392 1811 518 1882 quia
547 1811 784 1883 gloriam
816 1810 1041 1882 sprevit,
1073 1786 1708 1881 exe'mplum-patientize,
1732 1806 1860 1877 quia
1889 1786 1940 1845 Β
1971 1801 2332 1858 demnabatur
2386 1805 2586 1860 malitia
2666 1805 2871 1860 Idcirco
2929 1805 3144 1861 auferre
3204 1804 3480 1861 festinavit
3533 1820 3565 1860 e

267 1908 414 1962 mala
447 1909 722 1963 sustinuit.
756 1908 889 1964 Cum
921 1909 1236 1963 laudaretur
1263 1923 1370 1962 non
1404 1906 1712 1970 laetabatur;
1737 1919 1860 1959 cum

270 1997 710 2065 malediceretur,
759 2013 866 2052 non
918 1998 1277 2062 tristabatur;
1329 2012 1449 2051 cum
1500 2002 1858 2064 premeretur,

271 2101 380 2140 non
410 2084 802 2158 frangebatur.
842 2087 938 2140 Ait
967 2086 1184 2155 quidam
1216 2085 1296 2139 illi
1331 2102 1344 2138 :
1375 2107 1396 2128 κ
1423 2083 1682 2155 Magister
1697 2082 1858 2135 bone.

272 2181 342 2234 Et
369 2179 680 2250 respondit.
721 2180 862 2249 Quid
889 2197 976 2235 me
1003 2179 1142 2234 dicis
1173 2181 1370 2235 bonum
1391 2177 1419 2232 ?
1467 2202 1488 2226 ιι
1543 2178 1732 2244 (Marc.
1768 2181 1857 2242 x.)

268 2278 414 2334 Ecce
446 2279 744 2334 humilitas.
775 2279 844 2333 Et
873 2279 967 2334 alii
999 2278 1250 2333 dixerunt
1281 2293 1293 2332 :
1332 2300 1354 2325 α
1389 2275 1726 2332 Daemonium
1759 2275 1861 2328 ha-

271 2367 390 2423 bes.
423 2368 493 2422 Et
519 2368 694 2422 dixit:
719 2369 840 2440 Ego
871 2368 1201 2423 darmonium
1233 2383 1342 2422 non
1374 2366 1568 2432 habeo,
1620 2365 1715 2419 sed
1755 2365 1860 2417 ho-

271 2455 505 2512 norifico
539 2459 757 2512 Patrem
783 2473 965 2511 meum
998 2459 1178 2527 (Joan.
1203 2471 1341 2525 Vill).
1369 2479 1389 2503 ιι
1416 2457 1558 2510 Ecce
1580 2452 1857 2525 patientia.

268 2553 485 2610 Etcum
520 2553 823 2624 requireret
850 2570 972 2609 eum
1006 2553 1258 2624 populus,
1293 2561 1350 2606 ut
1393 2568 1583 2622 regem
1637 2550 1857 2616 faceret,

268 2643 362 2698 ille
390 2643 703 2698 humilitatis
735 2643 1048 2713 exemplum
1073 2641 1230 2696 nobis
1261 2642 1570 2711 relinquens
1611 2639 1764 2710 fugit,
1807 2645 1861 2693 et

267 2731 500 2804 gloriam
529 2732 732 2803 sprevit
767 2750 780 2786 :
813 2740 866 2786 et
895 2731 1061 2786 multa
1091 2738 1217 2786 Sunt
1254 2730 1323 2785 ad
1364 2731 1480 2786 haec
1539 2727 1860 2799 pertinentia

265 2821 544 2892 exempla.

339 2927 524 2982 Prima
570 2943 702 2998 ergo
741 2935 1174 2997 est'paupertas,
1229 2935 1285 2981 ut
1339 2925 1663 2995 abjiciamus
1711 2925 1856 2996 quod

265 3025 478 3089 gravat,
511 3017 564 3070 in
595 3034 703 3089 quo
734 3025 816 3071 est
839 3016 1100 3087 peccandi
1149 3017 1388 3073 occasio.
1434 3017 1498 3069 Et
1539 3015 1666 3087 quia
1716 3030 1856 3085 pau-

271 3123 451 3187 pertas
473 3114 791 3186 despicitur,
828 3113 1069 3185 sequitur
1094 3113 1388 3180 humilitas,
1414 3129 1518 3184 qua
1541 3112 1659 3181 ipsa
1690 3112 1850 3166 etiam
1884 3139 1934 3203 Ο

265 3213 489 3276 propter
527 3203 820 3259 Dominum
861 3203 1044 3258 vilitas
1083 3211 1309 3266 amatur,
1351 3209 1404 3256 et
1459 3203 1588 3273 quia
1644 3217 1853 3254 rursum

269 3293 361 3366 qui
393 3293 514 3348 vilis
544 3302 625 3347 est
655 3292 772 3347 sine
795 3292 1094 3347 reverentia
1123 3291 1358 3356 laeditur,
1409 3289 1723 3346 necessaria
1775 3298 1857 3344 est

265 3399 389 3463 post
425 3390 778 3445 humilitatem
837 3389 1114 3460 patientia,
1185 3405 1307 3444 cum
1374 3389 1558 3445 omnia
1624 3388 1856 3442 adversa

265 3487 490 3551 propter
519 3478 700 3533 Deum
735 3478 944 3533 fortiter
972 3478 1301 3533 tolerentur.
1341 3480 1643 3548 Paupertas
1673 3478 1854 3531 levem

263 3569 388 3624 facit
415 3575 466 3622 et
521 3567 852 3638 expeditum,
911 3566 1190 3621 humilitas
1247 3567 1544 3632 modicum,
1601 3565 1855 3636 patientia

261 3665 458 3721 fortem
490 3673 544 3720 et
574 3665 877 3720 robustum.
910 3666 1144 3720 Econtra
1173 3664 1429 3719 diabolus
1459 3681 1588 3720 suos
1620 3664 1856 3734 primum

260 3753 570 3808 divitiarum
597 3755 840 3824 pondere
869 3753 923 3807 in
953 3769 1134 3808 amore
1165 3763 1218 3807 et
1247 3753 1298 3806 in
1334 3752 1694 3807 sollicitudine
1725 3767 1857 3807 one-

262 3850 348 3897 rat
375 3850 436 3896 ut
462 3843 728 3898 deorsum
756 3851 918 3896 ruant
952 3861 964 3908 ;
1001 3842 1241 3896 secundo
1267 3858 1367 3912 per
1409 3842 1726 3912 superbiam
1775 3839 1858 3894 in-

263 3938 376 4004 ﬂat,
410 3946 467 3993 ut
497 3955 594 4008 per
623 3938 785 3993 latum
818 3939 1072 3994 incedant
1105 3957 1119 4005 ;
1151 3939 1308 3993 tertio
1339 3954 1438 4008 per
1468 3937 1855 4008 impatientiam

267 4026 473 4098 frangit
500 4036 557 4081 ut
586 4027 690 4082 cito
719 4026 995 4083 deﬁciant.
1029 4027 1095 4081 Hi
1123 4027 1230 4082 duo
1261 4027 1444 4097 populi
1473 4027 1542 4081 ab
1575 4027 1725 4081 initio
1769 4025 1856 4080 sui

263 4115 402 4170 duas
431 4115 682 4171 civitates
714 4116 1122 4172 aeditieaverunt
1147 4135 1160 4171 :
1193 4117 1432 4188 Babylon
1462 4131 1495 4172 a
1521 4116 1651 4172 Cain
1667 4115 1853 4186 coepit,

266 4221 318 4269 et
347 4213 689 4269 Hierusalem
723 4213 790 4268 ab
820 4214 981 4269 Abel.

337 4311 552 4365 Primus
582 4311 726 4366 enim
760 4313 922 4366 homo
953 4312 1094 4366 duos
1126 4312 1313 4384 genuit
1359 4310 1514 4377 filios,
1576 4310 1857 4365 divisionis

263 4399 611 4470 principium,
643 4409 692 4455 et
727 4400 1010 4454 divisionis
1057 4400 1274 4470 signum
1310 4417 1324 4465 ;
1375 4401 1500 4471 quia
1546 4399 1635 4453 illa
1677 4414 1854 4453 massa

1972 1892 2152 1946 medio
2181 1893 2378 1962 ipsum,
2403 1910 2472 1949 ne
2503 1910 2625 1949 eum
2659 1894 2871 1949 videret
2900 1894 2970 1948 ad
3003 1893 3380 1949 confusionem
3411 1909 3563 1948 suam

1971 1996 2128 2052 quem
2160 1981 2344 2036 videre
2373 1982 2545 2038 noluit
2574 1984 2642 2037 ad
2673 1983 3070 2039 correctionem
3103 1999 3255 2036 suam
3287 1990 3340 2037 et
3369 1997 3563 2037 emen-

1972 2079 2262 2145 dationem,
2298 2080 2527 2136 fortasse
2556 2081 2835 2136 aestimans
2867 2087 3056 2152 postea
3088 2097 3194 2136 non
3242 2080 3358 2136 fore
3391 2082 3566 2136 Deum

1970 2167 2242 2224 vindicem
2265 2169 2580 2239 iniquitatis,
2614 2170 2659 2224 si
2699 2186 2807 2225 non
2849 2178 3159 2240 superesset
3197 2170 3360 2224 homo
3384 2169 3565 2237 justus

1971 2258 2124 2312 testis
2145 2257 2406 2313 veritatis.
2443 2259 2534 2314 Sic
2564 2275 2698 2331 ergo
2726 2260 2855 2314 Cain
2896 2257 3216 2313 interfector
3248 2257 3424 2312 fratris
3469 2259 3565 2312 Ba-

1971 2355 2182 2428 bylonis
2213 2355 2564 2411 fundamenta
2593 2356 2792 2427 posuit,
2827 2357 2968 2411 Abel
3015 2363 3196 2411 autem
3244 2353 3566 2410 interfectus

1971 2446 2239 2518 sanguine
2269 2462 2368 2500 suo
2398 2446 2692 2516 primordia
2724 2445 3068 2500 Hierusalem
3102 2445 3152 2498 in
3187 2453 3334 2500 terra
3373 2459 3566 2500 conse-

1970 2536 2160 2588 cravit.
2195 2534 2284 2590 Sic
2314 2534 2512 2589 Ismael
2538 2534 2948 2607 primogenitus
2979 2533 3249 2605 reprobus
3269 2533 3385 2598 fuit,
3410 2534 3566 2589 Isaac

1970 2645 2102 2684 vero
2133 2629 2340 2685 electus
2372 2649 2384 2692 ;
2417 2631 2560 2684 Esau
2591 2646 2811 2701 quoque
2841 2631 2911 2684 ab
2942 2629 3280 2685 hereditatis
3310 2636 3453 2685 sorte
3510 2635 3565 2684 et

1968 2719 2116 2774 dono
2150 2719 2548 2774 benedictionis
2579 2719 2921 2788 reprobatur.
2954 2727 3008 2773 et
3034 2719 3206 2774 Jacob
3231 2717 3480 2790 diligitur
3508 2725 3564 2773 et

1969 2807 2241 2880 erigitur;
2283 2816 2337 2862 et
2374 2807 2670 2878 reprobat-3
2728 2807 2888 2862 Eliab
2937 2807 3327 2878 primogenita,
3389 2806 3564 2863 David

1961 2902 2150 2971 junior
2166 2901 2234 2957 ad
2259 2903 2415 2973 regni
2440 2902 2719 2972 fastigium
2748 2902 3094 2958 sublimatur.
3131 2903 3360 2973 Semper
3381 2911 3560 2957 autem

1966 2991 2162 3046 milites
2182 2991 2586 3047 diabolifurore
2625 2999 3021 3064 pugnaverunt,
3046 3000 3099 3048 et
3131 2991 3331 3047 milites
3365 2991 3563 3048 Christi

1965 3081 2221 3150 patientia
2251 3081 2448 3147 vicere,
2484 3099 2670 3154 regem
2704 3099 2858 3136 suum
2891 3081 3228 3151 paupertatis
3275 3097 3464 3136 amore
3509 3088 3564 3135 et

1966 3177 2285 3232 humilitatis
2324 3178 2503 3233 studio
2565 3187 2876 3250 sequentes,
2931 3176 3194 3248 patientia
3248 3185 3423 3232 autem
3492 3175 3563 3231 ad

1965 3267 2141 3338 ipsum
2173 3267 2574 3337 pervenientes.

2197 3366 2473 3436 Exempla
2505 3365 2571 3420 de
2601 3365 2774 3420 variis
2805 3364 3102 3435 generibus
3123 3365 3334 3420 avium.

2036 3469 2323 3539 Quomodo
2360 3471 2412 3524 in
2446 3471 2701 3540 praesenti
2732 3469 3026 3544 evangelio
3055 3470 3261 3526 mentio
3290 3470 3434 3526 facta
3478 3477 3562 3525 est

1965 3567 2143 3622 avium
2178 3576 2230 3621 et
2260 3567 2569 3632 herbarum,
2605 3575 2782 3622 ratum
2814 3567 3074 3622 duximus
3129 3567 3312 3638 aliqua
3360 3567 3428 3622 de
3476 3567 3556 3622 eis

1963 3656 2086 3711 huic
2113 3656 2267 3726 operi
2311 3657 2553 3712 inserere
2584 3656 2649 3710 ad
2680 3656 2966 3711 utilitatem
3031 3655 3371 3712 moralitatis.
3423 3655 3564 3711 Dicit

1964 3745 2108 3799 enim
2138 3745 2328 3800 beatus
2360 3745 2682 3800 Ambrosius
2713 3745 2765 3798 in
2792 3747 3098 3800 Exameron
3127 3745 3194 3800 de
3226 3743 3520 3800 hirundine
3547 3761 3560 3797 :

1964 3843 2211 3897 Hirundo
2252 3842 2555 3898 minuscula
2601 3858 2855 3912 corpore,
2902 3842 2998 3896 sed
3050 3842 3277 3914 egregie
3325 3841 3432 3911 pia,
3486 3858 3568 3895 sn-

1966 3931 2145 3985 hlimis
2162 3929 2355 3985 aﬂ'ectu
2376 3949 2387 3984 :
2407 3947 2528 4001 quae
2547 3930 2733 4001 indiga
2752 3947 2934 3984 rerum
2953 3929 3193 3984 omnium
3213 3928 3565 3999 pretiosiores

1964 4035 2099 4075 auro
2130 4019 2288 4074 nidos
2321 4019 2500 4085 struit,
2536 4018 2664 4089 quia
2714 4019 2995 4088 sapienter
3024 4018 3281 4073 aedificat.
3334 4040 3354 4064 υ
3389 4017 3564 4071 Nidus

1965 4119 2109 4175 enim
2140 4119 2420 4189 sapientiae
2450 4117 2744 4187 pretiosior
2786 4125 2869 4172 est
2916 4133 3078 4172 auro.
3123 4116 3264 4185 Quid
3286 4116 3432 4171 enim
3477 4130 3567 4169 sa-

1963 4208 2201 4278 pientius
2231 4223 2393 4278 quam
2427 4213 2486 4260 ut
2517 4215 2568 4260 et
2599 4205 2816 4260 volandi
2855 4221 2989 4277 vaga
3035 4205 3284 4260 libertate
3329 4205 3565 4275 potiatur

1965 4305 2017 4351 et
2045 4295 2323 4351 hominum
2355 4293 2642 4350 domiciliis
2673 4294 2935 4364 parvulos
2966 4310 3097 4349 suos
3127 4301 3178 4348 et
3221 4301 3364 4349 tecta
3407 4309 3563 4348 com-

1965 4395 2202 4459 mendet,
2253 4393 2346 4448 ubi
2397 4393 2641 4448 sobolem
2675 4391 2856 4446 nullus
2888 4392 3329 4448 incurset?Nam
3355 4398 3408 4447 et
3430 4390 3564 4445 illud

263 4497 471 4543 natura;
501 4490 772 4554 humanae,
807 4506 928 4559 quae
959 4489 1011 4543 in
1042 4489 1162 4559 ipso
1192 4489 1424 4559 primum
1456 4504 1552 4559 per
1581 4488 1850 4543 conditio-
1882 4492 1934 4552 D
1965 4492 2046 4537 est
2076 4483 2379 4553 pulchrum,
2408 4490 2463 4535 ut
2493 4498 2520 4535 a
2553 4496 2732 4552 primo
2763 4489 2885 4536 ortu
2915 4481 3092 4551 pullos
3137 4496 3266 4536 suos
3311 4481 3563 4536 humanae

262 4601 388 4640 nem
420 4593 533 4640 tota
563 4586 784 4640 condita
806 4593 918 4640 erat
949 4586 1018 4640 ad
1050 4585 1299 4656 gloriam,
1361 4595 1551 4655 postea
1603 4593 1652 4639 et
1711 4601 1858 4655 prte-

263 4674 649 4729 varicationem
680 4682 790 4728 tota
821 4682 935 4728 erat
965 4674 1186 4728 addicta
1215 4675 1284 4728 ad
1316 4690 1555 4743 poenam,
1589 4683 1643 4728 ut
1663 4682 1852 4728 osten-

263 4762 485 4818 deretur
515 4763 660 4834 quod
688 4763 1062 4818 misericordia
1087 4772 1138 4817 et
1161 4764 1360 4818 veritas
1378 4764 1490 4834 jam
1528 4773 1653 4818 tunc
1688 4763 1853 4817 dividi

265 4868 546 4930 cmperunt
575 4859 628 4912 in
658 4875 786 4913 vasa
817 4849 1210 4915 misericordiae
1231 4859 1359 4913 etin
1384 4876 1508 4913 vasa
1542 4859 1657 4926 ira},
1683 4867 1734 4913 et
1765 4860 1855 4912 ab-

256 4947 438 5018 jectus
469 4957 550 5003 est
578 4947 975 5018 primogenitus
1019 4957 1201 5012 terra},
1258 4948 1406 5003 sicut
1461 4947 1857 5019 primogenitus

263 5036 387 5093 coeli
419 5045 726 5100 corruerat,
759 5037 805 5091 si
838 5045 1019 5092 tamen
1050 5037 1448 5107 primogenitus
1479 5044 1594 5091 erat
1626 5037 1716 5107 qui
1765 5053 1858 5108 ge-

263 5133 407 5188 nitus
437 5148 543 5189 non
574 5139 713 5188 erat.
748 5135 827 5188 De
857 5133 977 5203 ipso
1027 5133 1173 5187 enim
1221 5133 1425 5188 dictum
1486 5141 1568 5186 est
1602 5150 1614 5186 :
1671 5156 1693 5181 «
1728 5132 1858 5202 Ipse

263 5221 583 5293 principium
616 5222 822 5275 viarum
857 5221 953 5277 Dei
985 5222 1101 5292 (Job
1133 5221 1242 5276 κω.
1274 5245 1296 5269 ι
1321 5222 1387 5275 Et
1417 5221 1710 5291 reprobata
1735 5230 1859 5276 sunt

262 5311 439 5382 prima
471 5319 529 5364 ut
560 5311 890 5365 ostendatur
920 5311 1045 5383 quia
1078 5311 1199 5364 ﬁnis
1229 5310 1500 5381 principio
1548 5310 1742 5365 melior
1779 5319 1862 5365 est

265 5409 359 5480 qui
388 5425 510 5478 quae
533 5408 584 5461 in
607 5409 874 5479 principio
905 5409 1048 5464 facta
1087 5416 1230 5473 sunt,
1264 5425 1293 5462 a
1339 5409 1454 5463 Deo
1476 5408 1614 5463 bona
1637 5408 1857 5480 quidem

263 5496 402 5550 facta
437 5506 579 5560 sunt,
613 5497 711 5550 sed
745 5498 885 5550 bona
918 5495 1229 5566 incipientia
1260 5515 1272 5559 ;
1307 5514 1428 5568 quae
1447 5508 1627 5551 autem
1657 5497 1711 5550 in
1752 5496 1857 5552 ﬁne

262 5583 516 5641 facienda
546 5593 719 5650 erant,
755 5585 897 5639 bona
928 5584 1172 5640 facienda
1205 5593 1378 5650 erant,
1426 5593 1482 5639 et
1532 5586 1675 5640 bona
1721 5603 1856 5641 con-

266 5692 560 5740 summata.
594 5685 823 5754 Propter
851 5684 953 5738 hoc
985 5684 1146 5738 etiam
1178 5682 1230 5737 in
1282 5685 1402 5754 ipsa
1442 5702 1620 5738 rerum
1663 5685 1858 5740 condi-

263 5773 406 5829 tione
436 5773 669 5845 primum
699 5773 988 5830 materiam
1016 5773 1164 5841 fecit,
1196 5781 1385 5844 postea
1409 5773 1639 5828 formam
1663 5791 1856 5845 super-

1970 4589 2068 4626 usu
2102 4570 2534 4627 conversationis
2575 4578 2870 4634 assuescat,
2918 4579 2970 4625 et
3005 4578 3228 4640 praestet
3275 4570 3344 4625 ab
3389 4569 3567 4624 inimi-

1967 4684 2149 4725 carum
2181 4669 2360 4724 avium
2392 4668 2606 4723 insidiis
2637 4669 2887 4723 tutiores.
2923 4670 3015 4723 Est
3054 4678 3234 4723 tamen
3265 4667 3396 4723 illud
3427 4684 3564 4738 prae-

1966 4757 2194 4822 clarum,
2225 4773 2332 4828 qua
2349 4757 2523 4829 gratia
2556 4758 2749 4811 domos
2773 4757 2876 4811 sibi
2905 4757 3021 4811 sine
3052 4757 3162 4811 ullo
3177 4757 3423 4826 adjutore
3444 4763 3565 4810 tan-

1966 4863 2126 4918 quam
2156 4846 2289 4899 artis
2324 4845 2494 4910 perita
2525 4853 2834 4912 componat.
2858 4845 3166 4917 Legitenim
3192 4844 3425 4900 festucas
3446 4859 3562 4909 ore,

1967 4957 2173 5012 easque
2191 4940 2492 5004 lutoillinit,
2519 4948 2572 4994 ut
2598 4940 2975 5012 conglutinare
2995 4941 3188 5012 possit.
3212 4940 3316 4994 Sed
3341 4939 3466 5011 quia
3487 4939 3563 4994 lu'

1967 5039 2075 5085 tum
2108 5029 2339 5097 pedibus
2361 5046 2466 5084 non
2486 5037 2664 5099 potest
2680 5028 2917 5094 deferre,
2939 5029 3302 5084 summitatem
3360 5044 3564 5100 penna-

1965 5143 2083 5181 rum
2108 5143 2245 5198 aqua
2264 5125 2524 5193 infundit,
2545 5135 2602 5180 ut
2624 5125 2780 5182 facile
2802 5126 2885 5179 his
2907 5125 3087 5196 pulvis
3103 5126 3380 5180 adhaereat
3403 5134 3456 5180 et
3475 5124 3567 5180 ﬁat

1966 5224 2146 5291 limus,
2168 5239 2275 5295 quo
2296 5223 2556 5293 paulatim
2584 5222 2839 5289 festucas,
2893 5222 2978 5276 vel
3033 5222 3272 5277 minutos
3318 5223 3568 5278 surculos

1967 5313 2070 5366 sibi
2103 5312 2341 5384 colligat,
2373 5320 2536 5384 atque
2566 5311 2845 5366 adhaarere
2877 5310 3064 5366 faciat.
3104 5311 3185 5366 Eo
3213 5328 3416 5383 genere
3448 5312 3561 5367 nidi

1968 5410 2132 5465 totius
2160 5409 2420 5464 fabricam
2454 5409 2632 5474 struit,
2668 5416 2724 5462 ut
2754 5409 2906 5479 quasi
2938 5409 3233 5479 pavimenti
3264 5409 3403 5476 solo,
3431 5410 3565 5482 pulli

1967 5500 2087 5568 ejus
2118 5498 2262 5553 intra
2292 5499 2440 5553 zedes
2465 5513 2592 5550 suas
2622 5497 2738 5552 sine
2773 5496 3078 5554 offensione
3112 5507 3414 5563 versentur,
3466 5514 3568 5554 nec

1967 5588 2165 5659 pedem
2211 5587 2407 5658 aliquis
2461 5587 2744 5641 interserat
2782 5603 2880 5657 per
2928 5587 3153 5642 rimulas
3204 5595 3564 5653 texturarum,

1965 5693 2056 5740 aut
2082 5685 2284 5740 teneris
2326 5685 2500 5756 frigus
2519 5683 2742 5754 irrepat.
2776 5683 2884 5738 Sed
2906 5685 3008 5739 hoc
3026 5684 3303 5738 industriae
3323 5682 3562 5738 oﬂicium

1965 5790 2138 5847 prope
2167 5790 2455 5830 commune
2490 5773 2671 5828 multis
2693 5773 2881 5827 avibus
2913 5793 2926 5838 ;
2951 5773 3083 5827 illud
3105 5788 3235 5828 vero
3259 5770 3561 5838 singulare,
