3972 6076
380 159 441 213 ii
451 160 517 215 47
1518 159 1731 215 WERN
1739 160 1853 216 ERI
1889 160 2000 215 ΑΒε

2116 157 2176 213 [S
2215 158 2272 214 S.
2305 158 2522 214 BLASII
2944 178 2953 181 ·
3562 156 3699 208 1148

378 282 435 339 in
464 301 571 356 quo
599 293 679 341 est
708 287 968 358 praeclara
997 304 1124 344 cura
1158 287 1370 361 pietatis
1399 294 1452 341 et
1488 286 1766 357 prudentis
1812 286 1975 341 intel—
2004 283 2060 346 A
2088 284 2327 356 degener
2347 290 2396 338 el
2420 291 2565 339 tanto
2587 282 2842 356 indignus
2860 289 3080 352 parente
3101 281 3364 351 rejicitur,
3398 298 3505 337 nec
3549 281 3701 335 aesti-

377 372 568 443 lectus,
593 383 644 430 et
663 376 1240 451 cognitionisinsigne,
1266 386 1376 431 tum
1408 376 1653 447 quaedam
1695 375 1978 431 medicinae
2087 380 2265 428 matur
2301 372 2617 427 educatione
2656 372 2851 444 dignus
2888 371 2977 441 qui
3033 370 3134 426 fuit
3189 371 3449 443 indignus
3506 386 3705 424 susce—

373 462 501 516 artis
531 463 739 533 peritia,
777 465 921 535 quod
950 466 995 520 si
1026 483 1131 537 qua
1159 466 1289 537 pulli
1340 466 1455 535 ejus
1504 464 1698 518 fuerint
1742 464 1979 519 caecitate

377 549 561 605 suffusi
590 552 645 606 in
700 554 883 608 oculos
937 555 1050 610 sive
1104 555 1433 625 compuncti,
1495 553 1654 607 habet
1709 552 1978 623 quoddam

378 639 630 695 medendi
662 658 835 713 genus
864 660 969 713 quo
997 643 1167 714 possit
1196 659 1381 699 eorum
1434 643 1640 697 lumina
1686 642 1982 711 intercepto

376 736 515 794 visui
554 740 874 796 reformare.
921 742 1095 797 Nemo
1135 741 1298 814 igitur
1333 741 1399 795 de
1453 740 1636 811 inopia
1693 745 1979 809 qumratur,

380 827 526 896 quod
548 844 745 884 vacuas
765 830 1008 901 pecuniae
1028 831 1271 902 proprias
1314 829 1459 884 mdes
1501 828 1796 898 reliquerit,
1845 844 1985 898 pau-

382 916 569 984 perior
596 926 675 973 est
702 920 953 988 hirundo,
988 936 1107 989 qua:
1151 934 1323 973 vacua
1370 918 1492 973 aeris
1535 917 1777 971 abundat
1822 916 1987 969 indu-

380 1004 542 1061 stria.
582 1006 827 1063 1Ediﬁcat
856 1024 955 1063 nec
985 1008 1268 1078 impendit,
1317 1015 1452 1061 tecta
1494 1006 1702 1074 attollit,
1748 1012 1802 1059 et
1857 1004 1988 1058 nihil

392 1095 570 1151 aufert
595 1096 665 1151 de
695 1097 929 1167 proximi
959 1096 1276 1168 indigentia,
1310 1111 1408 1150 nec
1436 1101 1751 1166 paupertate
1780 1093 1847 1149 ad
1895 1109 1991 1147 no-

394 1191 626 1247 cendum
657 1192 747 1247 alii
774 1193 1136 1264 compellitur,
1167 1208 1267 1247 nec
1304 1192 1361 1245 in
1404 1191 1557 1264 gravi
1603 1190 1834 1245 ﬁliorum
1881 1191 1990 1243 im-

392 1279 685 1336 becillitate
715 1280 980 1350 desperat.
1012 1282 1125 1335 Nos
1156 1295 1285 1335 vero
1317 1289 1369 1335 et
1398 1287 1684 1351 paupertas
1713 1277 1892 1343 afﬁcit,
1940 1284 1993 1331 et

394 1369 681 1440 plerosque
709 1369 1007 1441 indigentia
1026 1369 1173 1440 cogit
1197 1370 1253 1423 in
1281 1369 1565 1440 ﬂagitium,
1600 1368 1731 1423 lucri
1781 1381 1992 1437 quoque

396 1458 572 1514 studio
603 1459 656 1512 in
686 1458 901 1513 fraudes
929 1474 1207 1514 versamus
1236 1458 1535 1530 ingenium,
1569 1465 1728 1527 atque
1758 1457 1812 1510 in
1860 1471 1993 1528 gra-

395 1546 629 1603 vissimis
656 1547 995 1619 passionibus
1022 1563 1175 1616 spem
1213 1546 1551 1618 deponimus,
1600 1545 1892 1618 improvidi
1944 1550 1997 1599 et

2088 463 2298 534 ptione.
2336 461 2459 515 Non
2490 477 2618 534 ergo
2651 477 2774 515 eum
2805 460 3093 517 acerbitate
3126 468 3348 526 naturae,
3401 460 3501 515 sed
3551 460 3704 513 indi-

2090 551 2159 606 cii
2188 550 2497 622 integritate
2520 550 2865 619 condemnat,
2898 565 2998 606 nec
3036 549 3187 620 quasi
3236 565 3395 604 suum
3452 549 3700 617 abdicat,

2090 640 2184 695 sed
2214 640 2363 710 quasi
2384 640 2618 694 alienum
2647 647 2873 695 recusat.
2900 676 2903 679 -

2587 754 2664 810 De
2691 756 2824 822 fene
2858 753 2942 808 vel
2968 752 3171 823 fulica.

2169 868 2299 924 Avis
2327 885 2446 938 quae
2502 869 2692 924 Graece
2748 869 2942 923 dicitur
2997 868 3119 922 fene
3176 875 3487 939 susceptum
3551 866 3709 921 illum

2099 959 2214 1014 sive
2251 958 2558 1013 abdicatum
2596 957 2791 1027 aquilae
2829 958 3035 1028 pullum
3074 973 3197 1011 cum
3233 972 3331 1011 sua
3368 956 3528 1027 prole
3566 971 3707 1010 con-

2098 1047 2281 1113 nectit,
2313 1054 2473 1116 atque
2501 1046 2872 1101 intermiscens
2897 1045 3026 1112 suis,
3060 1045 3251 1101 eodem
3294 1060 3403 1114 quo
3452 1044 3710 1115 proprios

2102 1135 2241 1191 fetus
2278 1144 2534 1191 maternae
2572 1135 2868 1189 sedulitatis
2904 1133 3085 1190 oﬁicio
3123 1142 3177 1189 et
3221 1134 3339 1206 pari
3394 1134 3711 1188 nutrimen-

2100 1242 2276 1290 torum
2309 1232 2801 1287 subministratione
2832 1233 3000 1305 pascit
3028 1240 3082 1287 et
3122 1232 3313 1286 nutrit.
3368 1232 3521 1303 Ergo
3584 1230 3711 1285 fene

2102 1321 2309 1377 alienos
2337 1321 2501 1376 nutrit
2530 1336 2543 1390 ;
2578 1338 2678 1376 nos
2704 1337 2833 1377 vero
2882 1329 3096 1376 nostros
3142 1320 3337 1375 immiti
3384 1319 3712 1375 crudelitate

2104 1410 2438 1482 projicimus.
2473 1410 2665 1482 Aquila
2694 1426 2822 1467 vero
2851 1410 2896 1464 si
2923 1408 3158 1481 projicit,
3188 1424 3297 1464 non
3352 1409 3510 1479 quasi
3550 1424 3714 1461 suum

2105 1499 2359 1571 projicit;
2399 1499 2494 1554 sed
2532 1499 2683 1569 quasi
2739 1498 3064 1571 degenerem
3133 1513 3242 1553 non
3306 1496 3711 1570 recognoscit:

2104 1604 2219 1653 nos,
2254 1588 2397 1658 quod
2437 1588 2589 1660 pejus
2643 1595 2742 1658 est,
2803 1603 2938 1658 quos
2999 1594 3211 1643 nostros
3262 1585 3720 1659 recognoscimus

395 1635 595 1691 inertes
624 1635 892 1705 jacemus,
933 1653 1055 1691 cum
1096 1635 1163 1691 de
1214 1636 1399 1691 divina
1460 1634 1802 1690 miseratione
1868 1641 1993 1688 tunc
2020 1645 2073 1704 Β

396 1725 723 1794 sperandum
762 1726 995 1798 amplius
1025 1726 1111 1795 sit,
1144 1741 1265 1780 cum
1296 1725 1548 1798 praesidia
1575 1726 1812 1779 humana
1848 1723 1997 1778 defe-

397 1813 591 1870 cerint.

1021 1933 1098 1988 De
1129 1931 1376 1987 cornice.

473 2044 694 2101 Discant
720 2047 968 2102 homines
996 2062 1181 2102 amare
1218 2045 1360 2101 ﬁlios
1416 2062 1483 2099 ex
1538 2061 1637 2099 usu
1696 2051 1745 2098 et
1802 2042 1999 2114 pietate

405 2134 705 2202 cornicum,
738 2152 858 2205 quae
893 2135 1057 2190 etiam
1110 2135 1353 2191 volantes
1409 2132 1548 2188 ﬁlios
1595 2132 1850 2187 comitatu
1905 2148 1997 2187 se-

404 2222 531 2278 dulo
563 2232 960 2295 prosequuntur
989 2233 1042 2279 et
1069 2224 1315 2288 sollicite,
1358 2238 1426 2277 ne
1473 2221 1639 2275 teneri
1684 2221 1821 2276 forte
1867 2219 1999 2275 deﬁ-

402 2311 566 2375 ciant,
600 2311 779 2366 cibum
824 2320 1141 2385 suggerunt,
1200 2328 1262 2366 ac
1313 2310 1544 2383 plurimo
1600 2317 1839 2382 tempore
1893 2326 1998 2363 nu-

404 2398 598 2454 triendi
626 2399 803 2457 ofﬁcia
833 2417 939 2456 non
968 2401 1294 2470 relinquunt.

962 2525 1032 2581 De
1060 2524 1448 2596 accipitribus.

478 2632 780 2705 Accipitres
810 2632 1051 2689 feruntur
1076 2634 1271 2689 duram
1300 2632 1700 2688 inclementiam
1731 2632 1786 2686 in
1816 2648 1880 2688 eo
1911 2631 2004 2687 ad-

409 2737 621 2779 versum
650 2723 902 2794 proprios
927 2723 1069 2779 fetus
1096 2722 1316 2792 habere,
1352 2722 1497 2793 quod
1526 2722 1618 2777 ubi
1665 2737 1760 2778 eos
1803 2722 2002 2777 adver-

408 2812 570 2867 terint
598 2820 801 2868 tentare
827 2813 1039 2870 volatus
1064 2812 1380 2882 primordia,
1423 2811 1563 2866 nidis
1608 2810 1829 2880 ejiciunt
1872 2811 1999 2879 suis,

408 2900 771 2971 continuoque
799 2902 1099 2969 eliminant,
1128 2918 1192 2957 ac
1229 2900 1274 2956 si
1320 2907 1613 2969 morentur,
1668 2900 1999 2970 propulsant,

2663 1793 2739 1848 De
2770 1791 3093 1848 turturibu:
3105 1832 3119 1845 .

2177 1889 2495 1945 Turturibus
2523 1890 2669 1946 Deus
2696 1890 2895 1945 infudit
2922 1891 3065 1945 hunc
3086 1888 3356 1957 affectum,
3406 1890 3563 1943 hanc
3611 1888 3723 1943 vir-

2107 1986 2272 2034 tutem
2311 1980 2657 2035 continentiae
2686 1979 2835 2034 dedit
2866 1998 2878 2034 :
2911 1979 3001 2049 qui
3041 1979 3185 2034 solus
3228 1986 3405 2047 potest
3453 1977 3721 2049 praescri-

2106 2067 2235 2124 bere
2274 2068 2417 2139 quod
2478 2084 2669 2123 omnes
2731 2076 3040 2138 sequantur.
3108 2068 3300 2122 Turtur
3365 2081 3481 2121 non
3546 2066 3726 2120 uritur

2106 2166 2238 2221 flore
2263 2165 2576 2236 juventutis,
2608 2181 2719 2221 non
2768 2172 2997 2220 tentatur
3041 2164 3374 2220 occasionnis
3429 2162 3718 2218 illecebra.

2108 2255 2302 2309 Turtur
2336 2253 2505 2309 nescit
2540 2254 2773 2325 primam
2830 2253 3037 2308 irritam
3102 2253 3299 2319 facere,
3368 2252 3501 2322 quia
3564 2251 3724 2305 novit

2107 2343 2477 2398 castimoniam
2517 2358 2732 2398 servare
2766 2384 2781 2411 ,
2822 2343 2997 2413 prima
3049 2341 3303 2398 connubii
3361 2349 3510 2396 sorte
3566 2355 3721 2411 pra-

2108 2432 2289 2487 missa.
2332 2432 2537 2487 Caetera
2574 2431 2640 2486 de
2679 2438 2880 2486 turture
2917 2447 3035 2501 quae
3075 2431 3131 2485 in
3165 2430 3496 2503 Evangelia,
3541 2453 3566 2476 α
3619 2429 3721 2483 Vi-

2110 2520 2243 2576 dens
2279 2521 2545 2576 Dominus
2582 2520 2856 2577 civitatem
2894 2519 3043 2577 ﬂevit
3096 2535 3258 2591 super
3321 2518 3475 2574 illam
3538 2516 3714 2588 (Luc.

2110 2612 2249 2680 XIX).
2287 2632 2309 2658 ιι

2712 2719 2789 2773 De
2819 2718 3070 2774 vulture.

2181 2816 2463 2888 Negantur
2490 2815 2725 2871 vultures
2753 2814 3035 2887 indulgere
3062 2813 3374 2871 concubitui
3408 2820 3467 2869 et
3512 2816 3723 2887 conju-

2113 2905 2222 2977 gali
2254 2906 2486 2975 quodam
2518 2921 2615 2959 usu
2644 2904 3003 2975 nuptialisque
3031 2904 3239 2975 copulae
3284 2910 3426 2959 sorte
3473 2905 3720 2971 misceri,

412 2990 699 3046 verberant
735 2991 853 3059 alis,
893 2997 1203 3062 coguntque
1256 2989 1455 3045 audere
1513 2988 1657 3059 quod
1714 2989 2001 3057 trepidant,
2034 2997 2084 3062 α
2112 3001 2272 3064 atque
2302 2993 2376 3048 ita
2403 2992 2521 3048 sine
2547 2993 2655 3048 ullo
2711 2993 3072 3048 masculorum
3129 2992 3342 3062 concipi
3395 2992 3613 3048 semine
3669 3000 3723 3048 et

406 3094 507 3135 nec
534 3079 700 3135 ullum
731 3087 919 3150 postea
947 3078 1196 3134 deferunt
1222 3078 1306 3133 his
1334 3094 1527 3132 munus
1555 3077 1847 3133 alimonia.
1892 3076 2001 3132 Ca-

404 3175 534 3224 vent
568 3170 747 3238 itaque
779 3183 848 3223 ne
874 3168 932 3222 in
960 3176 1145 3223 tenera
1184 3174 1342 3223 aetate
1388 3167 1713 3239 pigrescant,
1763 3182 1831 3221 ne
1885 3166 2001 3221 sol-

405 3274 599 3322 vantur
627 3267 855 3335 deliciis,
890 3282 959 3323 ne
989 3273 1328 3322 marcescant
1370 3265 1499 3331 otio,
1555 3282 1622 3319 ne
1667 3264 1874 3320 discant
1918 3265 2002 3319 ci-

408 3354 539 3409 bum
570 3357 748 3428 magis
786 3364 1100 3427 exspectare
1146 3371 1306 3426 quam
1364 3370 1623 3424 quaerere,
1683 3370 1749 3408 ne
1800 3360 2002 3409 naturae

410 3458 519 3498 suae
567 3444 843 3514 deponant
902 3445 1170 3517 vigorem.
1243 3443 1604 3498 Intermittunt
1659 3442 1834 3497 studia
1896 3459 2002 3496 nu-

410 3531 624 3597 triendi,
656 3540 715 3587 ut
742 3533 798 3587 in
826 3550 952 3587 usus
980 3532 1227 3604 rapiendi
1255 3532 1451 3587 audere
1480 3532 1831 3602 compellant.

1039 3658 1114 3712 De
1142 3657 1359 3728 aquila.

477 3770 669 3841 Aquila
706 3770 936 3842 plurimo
1005 3786 1257 3826 sermone
1307 3778 1608 3841 usurpatur,
1677 3771 1820 3842 quod
1881 3786 2005 3826 suos

408 3859 622 3916 abdicet
654 3859 792 3914 fetus
823 3877 837 3927 ;
870 3860 965 3914 sed
994 3875 1102 3915 non
1132 3867 1416 3929 utrumque
1447 3876 1634 3915 verum
1669 3879 1681 3915 :
1722 3876 1887 3914 unum
1936 3876 2004 3914 ex

406 3949 568 4020 pullis
601 3949 833 4017 duobus,
866 3949 1009 4019 quod
1038 3948 1204 4018 aliqui
1249 3957 1591 4019 putaverunt,
1640 3948 2004 4021 geminando-

406 4055 527 4094 rum
548 4038 925 4095 alimentorum
947 4037 1162 4093 fastidio
1190 4037 1455 4094 occidere.
1507 4038 1615 4094 Sed
1659 4037 1714 4091 id
1762 4053 1869 4092 non
1917 4036 2004 4092 fa-

408 4135 511 4192 cile
540 4135 789 4204 creditur,
822 4135 1119 4207 prmsertim
1150 4152 1271 4190 cum
1327 4137 1537 4207 Moyses
1592 4142 1795 4190 tantum
1852 4134 2004 4189 testi-

409 4225 654 4279 monium
684 4224 898 4296 pietatis
926 4225 981 4279 in
1026 4226 1200 4297 pullos
1255 4242 1380 4281 suos
1435 4226 1558 4281 huic
1611 4224 1757 4279 dedit
1814 4224 1899 4279 avi
1951 4231 2007 4278 ut

413 4313 616 4369 diceret
646 4332 657 4368 :
692 4314 841 4369 Sicut
873 4314 1054 4383 aquila
1082 4315 1316 4386 protegit
1342 4314 1529 4368 nidum
1558 4331 1731 4380 suum,
1767 4322 1815 4369 et
1849 4328 2010 4384 super

412 4401 593 4472 pullos
620 4417 746 4456 suos
773 4402 1019 4471 considit,
1051 4403 1309 4475 expandit
1353 4403 1467 4458 alas
1522 4419 1645 4458 suas
1694 4410 1745 4457 et
1800 4418 2002 4456 assum-

410 4490 519 4561 psit
547 4505 663 4559 eos,
694 4497 747 4544 et
775 4491 1009 4561 suscepit
1055 4507 1219 4562 super
1258 4492 1505 4563 scapulas
1553 4507 1696 4559 suas,
1747 4490 2009 4545 Dominus

410 4588 558 4643 solus
591 4585 820 4642 ducebat
845 4602 938 4641 eos
966 4588 1155 4654 (Deut.
1187 4590 1383 4658 xxx").
1415 4586 1700 4656 Quomodo
1731 4603 1861 4659 ergo
1911 4602 2007 4641 ex-

412 4676 605 4747 pandit
633 4676 747 4731 alas
774 4692 917 4742 suas,
950 4676 992 4729 si
1040 4675 1296 4731 occiderit
1350 4676 1577 4731 alterum
1606 4677 1635 4729 ‘t
1691 4676 1845 4732 Unde
1900 4691 2007 4729 non

413 4773 543 4837 puto
572 4766 796 4821 avaritia
824 4764 1090 4819 nutriendi
1119 4781 1243 4820 cum
1288 4765 1663 4821 inclementem
1721 4762 1855 4830 ﬁeri,
1914 4762 2009 4818 sed

414 4855 664 4910 examine
697 4854 994 4926 judicandi.
1052 4853 1280 4923 Semper
1341 4854 1486 4908 enim
1552 4852 1720 4909 fertur
1780 4852 2010 4923 probare

417 4960 551 5013 quos
579 4944 784 5016 genuit,
816 4960 883 4997 ne
913 4943 1128 5015 generis
1155 4943 1236 4997 sui
1266 4943 1403 4997 inter
1428 4957 1618 4998 omnes
1656 4957 1784 4997 aves
1829 4940 2009 5011 quod-

417 5032 542 5087 dam
571 5033 755 5105 regale
798 5032 1070 5103 fastigium
1128 5031 1412 5102 degeneris
1464 5037 1646 5101 partus
1698 5029 2014 5085 deformitas

417 5119 708 5175 decoloret.
743 5123 929 5190 Itaque
957 5119 1211 5175 asseritur
1239 5118 1383 5189 quod
1432 5118 1608 5188 pullos
1664 5134 1789 5173 suos
1850 5118 2015 5173 radiis

418 5207 548 5262 solis
574 5207 815 5276 objiciet,
848 5216 1008 5277 atque
1033 5208 1088 5262 in
1118 5208 1258 5263 aeris
1285 5207 1467 5263 medio
1495 5208 1586 5278 pio
1615 5206 1869 5278 parvulos
1905 5222 2012 5260 un-

418 5310 527 5367 gue
556 5296 847 5366 suspendat
878 5314 893 5363 ;
925 5312 987 5351 ac
1014 5296 1058 5351 si
1081 5295 1201 5367 quis
1246 5312 1590 5368 repercussus
1633 5295 1762 5350 solis
1810 5294 2015 5350 lumine

419 5382 743 5454 intrepidam
773 5384 1052 5439 oculorum
1082 5386 1256 5441 aciem
1312 5383 1574 5441 inoffenso
1630 5384 1870 5439 intuendi
1925 5384 2013 5441 vi-

419 5487 553 5547 gore
583 5470 879 5528 servaverit
907 5485 921 5538 ;
956 5472 1000 5525 is
1030 5473 1286 5543 probatur
1314 5473 1457 5543 quod
1485 5472 1763 5529 veritatem
1813 5479 2015 5527 naturae

422 5560 619 5618 sinceri
658 5560 875 5616 obtutus
921 5561 1218 5615 constantia
1260 5561 1747 5630 demonstraverit;
1798 5561 1839 5614 si
1889 5575 2015 5618 vero

426 5652 631 5707 lumina
661 5665 757 5705 sua
786 5646 1111 5721 praestrictus
1155 5648 1283 5703 solis
1321 5648 1472 5705 radio
1520 5649 1805 5717 inﬂexerit,
1864 5650 2014 5721 quasi

2034 4360 2088 4421 D

2110 3091 2225 3146 sine
2258 3090 2636 3161 conjunctione
2665 3106 2945 3162 generare,
2978 3098 3233 3160 natosque
3264 3105 3331 3145 ex
3360 3089 3441 3143 his
3465 3090 3526 3143 in
3565 3090 3721 3144 mul-

2112 3188 2220 3235 tam
2250 3186 2464 3235 aetatem
2495 3180 2674 3252 longae
2702 3180 2827 3235 vitae
2855 3178 3165 3251 procedere,
3195 3186 3255 3233 ut
3280 3195 3446 3248 usque
3476 3179 3549 3233 ad
3570 3196 3714 3234 cen-

2114 3276 2223 3323 tum
2255 3284 2424 3323 annos
2452 3269 2578 3324 vitae
2607 3284 2791 3323 eorum
2821 3268 2987 3323 series
3015 3267 3357 3339 producatur,
3393 3283 3494 3323 nec
3542 3267 3710 3323 facile

2107 3374 2202 3413 eos
2230 3358 2442 3430 angusti
2473 3358 2577 3413 aevi
2605 3355 2728 3411 ﬁnis
2757 3357 3008 3428 excipiat.
3041 3355 3184 3424 Quid
3213 3356 3359 3411 aiunt
3388 3356 3481 3426 qui
3531 3357 3711 3413 solent

2110 3454 2292 3502 nostra
2333 3446 2507 3500 ridere
2562 3445 2834 3517 mysteria,
2891 3461 3014 3500 cum
3070 3444 3292 3500 audiunt
3345 3443 3492 3514 quod
3546 3444 3712 3517 virgo

2109 3534 2410 3608 generavit,
2442 3542 2494 3589 et
2521 3534 2910 3604 impossibilem
2938 3533 3195 3605 innuptae,
3246 3532 3401 3603 cujus
3437 3531 3711 3605 pudorem

2112 3623 2258 3678 nulla
2297 3622 2397 3680 viri
2431 3623 2759 3679 consuetudo
2814 3629 3144 3688 temerasset,
3204 3621 3518 3676 existimant
3575 3638 3711 3693 par-

2114 3728 2222 3776 tum
2253 3721 2281 3773 ‘?
2309 3718 2650 3791 Impossibile
2670 3726 2889 3788 putatur
2915 3717 2971 3772 in
3003 3717 3098 3773 Dei
3126 3724 3317 3785 matre,
3347 3717 3495 3787 quod
3517 3718 3573 3772 in
3591 3718 3714 3773 vul-

2114 3809 2318 3864 turibus
2347 3807 2601 3880 possibile
2632 3823 2740 3862 non
2782 3813 3033 3879 negatur.
3096 3806 3244 3860 Alius
3297 3806 3412 3860 sine
3464 3806 3713 3862 masculo

2111 3898 2271 3968 parit,
2303 3904 2357 3952 et
2382 3896 2559 3951 nullus
2584 3896 2801 3961 refellit,
2834 3903 2887 3950 et
2914 3895 3040 3964 quia
3066 3893 3387 3965 desponsata
3424 3893 3543 3950 viro
3587 3896 3710 3950 Ma-

2113 3987 2194 4041 ria
2221 3984 2450 4057 peperit,
2485 3983 2705 4056 pudoris
2736 3982 2854 4053 ejus
2882 3983 3083 4038 faciunt
3103 3983 3472 4053 quaestionem.
3514 3984 3712 4040 Nonne

2115 4082 2444 4140 advertimus
2471 4081 2614 4152 quod
2640 4081 2902 4136 Dominus
2947 4096 3014 4135 ex
3058 4079 3171 4152 ipsa
3230 4086 3420 4134 natura
3474 4080 3711 4151 plurima

2117 4172 2366 4243 exempla
2404 4179 2527 4226 ante
2567 4170 2845 4243 praamisit,
2895 4169 3089 4238 quibus
3143 4176 3402 4240 suscepta
3453 4168 3709 4224 incarna-

2118 4261 2277 4317 tionis
2305 4260 2559 4315 decorem
2588 4258 2861 4329 probaret,
2894 4266 2945 4312 et
2974 4264 3231 4313 astrueret
3258 4257 3539 4313 veritatem
3566 4259 3598 4311 ‘2

2476 4377 2552 4432 De
2581 4375 2801 4449 apibus.
2839 4373 3113 4443 Quomon
3142 4374 3357 4434 vivant.

2182 4479 2324 4548 Apes
2352 4475 2481 4531 solae
2510 4474 2566 4529 in
2606 4472 2754 4528 omni
2809 4487 3010 4544 genere
3060 4470 3414 4526 animantium
3456 4485 3709 4526 commu-

2115 4582 2242 4621 nem
2279 4565 2530 4621 omnibus
2564 4561 2807 4617 sobolem
2846 4559 3065 4629 habent,
3106 4576 3268 4615 unam
3319 4575 3511 4615 omnes
3565 4559 3716 4615 inco-

2115 4655 2232 4710 lunt
2261 4654 2617 4721 mansionem,
2649 4650 2805 4705 unius
2858 4647 3046 4720 patriae
3101 4647 3419 4725 clauduntur
3472 4648 3658 4702 limine
3692 4663 3710 4717 ;

2116 4744 2172 4799 in
2213 4758 2499 4799 commune
2553 4740 2805 4796 omnibus
2864 4737 3110 4793 laborum
3174 4737 3477 4793 communis
3537 4737 3711 4806 cibus,

2118 4831 2420 4888 communis
2461 4829 2722 4901 operatio,
2769 4835 2821 4882 et
2866 4826 3169 4882 communis
3224 4842 3349 4880 usus
3402 4833 3456 4880 et
3510 4826 3715 4881 fructus

2119 4937 2216 4996 est,
2251 4928 2553 4985 communis
2579 4926 2816 4982 volatus.
2851 4923 2992 4993 Quid
3023 4924 3177 4996 plura
3196 4924 3224 4977 ?
3244 4923 3561 4979 Communis
3604 4939 3716 4979 om-

2118 5019 2278 5073 nibus
2305 5015 2603 5089 generatio,
2635 5013 2913 5085 integritas
2941 5027 3156 5083 quoque
3186 5011 3424 5082 corporis
3460 5011 3710 5086 virgina-

2119 5108 2185 5162 lis
2211 5126 2225 5172 ;
2250 5106 2503 5161 omnibus
2531 5102 2834 5159 communis
2864 5109 2915 5156 et
2942 5108 3143 5172 partus,
3176 5100 3429 5171 quoniam
3458 5100 3571 5155 ullo
3609 5117 3714 5156 ne—

2121 5212 2225 5268 que
2251 5194 2539 5251 concubitu
2566 5191 2872 5257 miscentur,
2927 5205 3026 5245 nec
3082 5188 3304 5245 libidine
3357 5189 3713 5255 resolvuntur,

2121 5301 2221 5341 nec
2249 5291 2432 5357 partus
2461 5280 2768 5352 quatiuntur
2795 5278 3089 5335 doloribus.
3114 5279 3177 5333 Et
3208 5277 3384 5333 subito
3415 5278 3717 5333 maximum

2119 5381 2354 5439 ﬁliorum
2385 5395 2615 5436 examen
2644 5377 2913 5443 emittunt,
2944 5392 2975 5431 e
3005 5376 3150 5432 foliis
3178 5383 3229 5432 et
3256 5374 3437 5430 herbis
3480 5391 3576 5431 ore
3621 5390 3717 5431 suo

2122 5471 2330 5543 prolem
2370 5469 2636 5542 legentes.
2684 5467 2824 5538 Ipsae
2861 5464 2964 5520 sibi
3021 5480 3211 5537 regem
3266 5463 3533 5532 ordinant,
3590 5466 3721 5535 ipse

2121 5560 2224 5615 sibi
2254 5558 2483 5630 populos
2510 5563 2711 5621 creant,
2744 5564 2797 5610 et
2822 5555 2947 5610 licet
2991 5554 3183 5625 positae
3234 5552 3334 5608 sub
3389 5569 3539 5625 rege,
3601 5560 3719 5607 sunt

2124 5656 2305 5706 tamen
2330 5646 2534 5704 liberae.
2564 5646 2706 5702 Nam
2734 5651 2788 5700 et
2824 5643 3236 5717 praerogativam
3278 5641 3470 5714 judicii
3514 5649 3715 5709 tenent,
