4008 6092
267 259 412 313 1149

1182 249 1765 307 DEFLORATIONES
1810 247 1914 303 SS.
1967 247 2274 303 PATRUM.
2322 278 2388 286 —
2429 248 2562 302 LIB.
2613 249 2685 301 ll.

3439 246 3576 298 1150

268 391 322 440 et
350 381 456 438 ﬁde
497 381 812 438 devotionis
861 379 1131 446 affectum,
1195 379 1321 450 quia
1379 385 1432 433 et
1463 386 1716 448 tanqnam
1751 394 1779 432 a
1813 393 1870 432 se
1901 372 1957 432 A
1985 382 2042 428 ut
2073 374 2204 428 mihi
2233 373 2483 430 videatur
2536 375 2655 430 haec
2708 389 2914 429 summa
2975 372 3094 442 ejus
3152 386 3274 426 esse
3323 369 3570 438 intentio,

268 472 620 528 substitutum
677 471 930 541 diligunt,
991 473 1047 523 et
1103 475 1253 522 tanto
1300 469 1563 522 honorant
1597 467 1866 522 examine.

273 561 482 632 Apibus
522 577 616 615 rex
647 568 852 615 naturae
900 558 1081 614 clarus
1130 556 1391 612 formatur
1436 557 1782 630 insignibus;
1817 560 1874 610 ut

272 659 655 732 magnitudine
687 656 933 728 corporis
976 663 1197 726 praestet
1246 663 1296 710 et
1353 655 1552 725 specie.
1589 663 1698 709 tum
1731 658 1875 726 quod

273 750 330 803 in
376 764 508 817 rege
565 747 900 818 praecipuum
941 749 1026 800 est
1063 760 1271 799 morum
1314 745 1694 799 mansuetudo.
1737 747 1876 799 Nam

275 837 376 894 etsi
407 837 571 891 habet
597 836 879 900 aculeum,
928 843 1114 889 tamen
1144 849 1211 888 eo
1242 849 1348 888 non
1382 833 1550 888 utitur
1593 833 1664 888 ad
1695 833 1875 889 vindi-

274 935 526 990 candum.
566 933 707 988 Sunt
739 933 881 988 enim
925 932 1079 1004 leges
1125 940 1348 997 naturae,
1397 948 1505 986 non
1535 931 1752 1002 scripta!
1781 932 1874 986 lit-

274 1024 427 1089 teris,
461 1024 558 1079 sed
617 1024 904 1094 impressae
953 1022 1220 1085 moribus,
1280 1027 1339 1076 ut
1396 1021 1632 1076 leniores
1672 1022 1778 1077 sint
1807 1023 1875 1077 ad

272 1113 609 1184 puniendum
641 1112 730 1184 qui
763 1111 998 1166 maxima
1023 1118 1292 1180 potestate
1337 1111 1641 1181 potiuntur.
1684 1112 1793 1166 Sed
1823 1120 1876 1167 et

275 1227 408 1282 apes
459 1211 569 1265 illa
609 1228 730 1281 quae
767 1225 877 1264 non
915 1208 1411 1280 obtemperaverint
1471 1208 1686 1278 legibus
1725 1211 1874 1280 regis

277 1299 562 1371 pcenitenti
589 1315 649 1354 se
680 1299 907 1353 multant
935 1297 1409 1364 condemnatione,
1463 1306 1520 1351 ut
1550 1297 1873 1353 immorian-

278 1395 368 1443 tur
398 1388 574 1443 aculei
607 1388 688 1443 sui
733 1387 976 1443 vulnere.
1032 1387 1212 1442 Nullae
1258 1403 1288 1449 e
1319 1386 1572 1441 domibus
1599 1387 1753 1442 exire
1782 1404 1874 1441 au-

275 1485 428 1549 dent,
458 1501 568 1540 non
600 1485 654 1540 in
685 1486 900 1556 aliquos
929 1485 1154 1555 prodire
1184 1493 1394 1555 pastus,
1439 1485 1540 1538 nisi
1589 1501 1678 1540 rex
1712 1485 1875 1540 fuerit

275 1590 560 1646 egressus,
593 1582 644 1629 et
672 1574 887 1630 volatus
936 1574 1038 1628 sibi
1085 1574 1440 1629 vindicaverit
1470 1574 1864 1643 principatum.

276 1664 568 1718 Processus
600 1672 783 1720 autem
815 1671 897 1719 est
925 1679 1024 1734 per
1054 1678 1178 1717 rura
1208 1662 1536 1729 redolentia,
1580 1663 1671 1718 ubi
1711 1664 1871 1717 inha—

279 1759 445 1815 lantis
483 1761 626 1816 horti
654 1761 841 1827 ﬂores,
875 1733 967 1815 ubi
998 1759 1212 1830 fugiens
1260 1760 1412 1814 rivus
1450 1777 1551 1831 per
1595 1761 1869 1832 gramina,
1902 1733 1955 1792 B

281 1849 376 1904 ubi
405 1865 617 1905 amuana
651 1850 891 1920 riparum
926 1869 943 1904 :
972 1849 1083 1904 illic
1125 1849 1283 1903 ludus
1313 1849 1505 1905 alacris
1552 1850 1868 1919 juventutis,

283 1937 394 1993 illic
422 1947 732 2009 campestre
763 1938 1105 2004 exercitium,
1143 1938 1254 1993 illic
1289 1953 1544 1992 curarum
1586 1938 1862 1994 remissio.

284 2032 440 2104 Opus
477 2035 656 2106 ipsum
687 2051 855 2090 suave
883 2035 956 2090 de
983 2035 1228 2101 ﬂoribus,
1264 2035 1333 2091 de
1362 2035 1547 2090 herbis
1584 2036 1868 2092 dulcibus:

281 2123 603 2178 fundamina
629 2132 930 2180 castrorum
983 2125 1160 2193 prima
1215 2133 1512 2195 ponuntur.
1547 2123 1688 2192 Quid
1720 2125 1869 2180 enim

282 2212 430 2266 aliud
462 2220 544 2268 est
580 2213 754 2278 favus,
795 2212 903 2267 nisi
942 2213 1186 2284 quasdam
1254 2221 1556 2268 castrorum
1596 2214 1808 2284 species
1845 2215 1874 2270 τ

280 2310 531 2382 Denique
563 2310 633 2365 ab
687 2310 773 2365 bis
827 2311 1162 2381 praesepibus
1191 2327 1350 2382 apum
1401 2328 1598 2368 succus
1627 2320 1864 2368 arcetur.

279 2397 488 2454 Omnes
521 2407 732 2455 certant
761 2401 830 2455 de
860 2415 1105 2465 munere,
1139 2400 1560 2473 aliaeinvigilant
1581 2403 1874 2473 quaerendo

283 2488 466 2554 victui,
511 2487 632 2544 aliae
667 2489 961 2544 sollicitant
1012 2489 1205 2544 castris
1245 2490 1507 2544 adbibere
1546 2490 1870 2556 custodiam,

284 2589 406 2645 alia;
433 2588 640 2644 futuros
693 2589 975 2660 explorare
1002 2589 1213 2644 imbres
1267 2597 1319 2644 et
1365 2591 1634 2660 speculari
1682 2606 1874 2646 cursus

280 2678 542 2744 nubium;
573 2678 690 2733 alia:
721 2678 790 2733 de
817 2678 1047 2733 ﬂoribus
1072 2695 1224 2733 ceras
1273 2677 1507 2750 fingere,
1539 2679 1661 2734 alia:
1690 2697 1873 2735 rorem

277 2765 516 2820 infusum
548 2765 771 2821 ﬂoribus
802 2782 895 2822 ore
923 2767 1183 2838 colligere
1233 2767 1512 2822 videntur.
1557 2768 1726 2822 Nulla
1769 2783 1872 2822 au-

279 2863 387 2910 tem
418 2854 609 2909 alienis
637 2855 914 2910 laboribus
942 2855 1226 2909 insidiatur
1257 2863 1306 2911 et
1332 2864 1490 2926 rapto
1518 2856 1680 2911 vitam
1712 2873 1870 2929 quaa-

278 2950 345 3006 rit
375 2969 388 3005 :
425 2959 585 3024 atque
615 2951 816 3006 utinam
849 2961 1131 3022 raptorum
1168 2952 1394 3007 insidias
1441 2969 1552 3008 non
1609 2954 1823 3008 timeret
1857 2953 1869 3009 ι

278 3040 494 3096 Habent
522 3051 705 3094 tamen
735 3041 952 3110 spicula
983 3057 1101 3107 sua,
1153 3049 1206 3095 et
1251 3041 1395 3096 inter
1448 3042 1607 3096 mella
1649 3042 1874 3097 fundunt

279 3145 516 3186 venena.
557 3130 614 3184 Si
641 3129 839 3184 fuerint
883 3129 1171 3196 lacessitaa,
1197 3131 1410 3185 animas
1433 3147 1649 3203 quoque
1669 3139 1876 3202 ponunt

279 3227 335 3282 in
365 3227 590 3283 vulnere
614 3227 811 3283 ardore
841 3227 1114 3283 vindictae.
1156 3229 1304 3299 Ergo
1334 3229 1530 3284 mediis
1564 3237 1871 3285 castrorum

275 3321 505 3378 vallibas
558 3322 758 3376 humor
812 3321 906 3376 ille
961 3322 1100 3376 roris
1129 3321 1411 3387 funditur;
1457 3323 1717 3393 paulatim
1751 3339 1875 3393 pro-

275 3425 435 3467 cessu
467 3411 730 3481 temporis
760 3411 815 3465 in
845 3409 1011 3465 mella
1059 3411 1306 3483 cogitur:
1362 3427 1486 3466 cum
1517 3412 1680 3467 fuerit
1708 3412 1873 3484 liqui-

279 3507 378 3564 dus
410 3509 477 3562 ab
509 3508 737 3562 exordio
768 3516 820 3562 et
849 3507 1048 3563 coalitu
1077 3523 1217 3563 cerae
1243 3508 1540 3579 ﬂorumque
1567 3510 1737 3565 odore
1768 3509 1873 3565 ﬂa-

277 3613 442 3671 grare
493 3597 654 3652 melle
707 3596 899 3667 incipit
951 3597 1298 3652 suavitatem.
1368 3596 1525 3666 Quod
1578 3598 1708 3664 mel,
1766 3613 1874 3653 non

279 3695 454 3750 solum
487 3694 765 3765 voluptati,
826 3693 923 3748 sed
955 3693 1114 3749 etiam
1176 3695 1332 3748 saluti
1378 3703 1460 3748 est
1492 3713 1505 3749 :
1555 3695 1740 3752 fauces
1771 3697 1874 3750 ob-

278 3785 460 3839 dulcat
491 3792 543 3838 et
574 3791 731 3839 curat
759 3783 1024 3847 vulnera;
1074 3783 1303 3837 internis
1351 3800 1566 3854 quoque
1601 3784 1875 3839 ulceribus

278 3873 738 3927 medicamentum
769 3871 1017 3926 infundit.
1062 3872 1253 3942 Itaque
1283 3887 1407 3927 cum
1436 3872 1504 3926 sit
1551 3873 1759 3926 infirma
1790 3889 1877 3928 ro-

281 3970 438 4034 bore,
470 3969 586 4039 apis
615 3969 795 4023 valida
823 3977 902 4024 est
935 3969 1132 4040 vigore
1165 3969 1452 4040 sapientiae
1481 3979 1534 4024 et
1564 3987 1749 4026 amore
1778 3971 1878 4026 vir-

282 4059 436 4114 tutis.
477 4059 726 4129 Denique
757 4074 946 4129 regem
978 4075 1132 4112 suum
1167 4075 1381 4112 summa
1409 4059 1744 4129 protectione
1784 4061 1880 4114 de-

287 4148 538 4216 fendunt,
605 4147 862 4202 incolumi
898 4162 1031 4215 rege
1061 4147 1311 4202 nesciunt
1339 4156 1544 4202 mutare
1593 4148 1877 4216 judicium,

282 4255 518 4302 mentem
550 4246 827 4301 inﬂectere
858 4245 1101 4310 amisso;
1161 4243 1325 4298 fidem
1357 4245 1611 4300 servandi
1642 4246 1881 4300 muneris

286 4335 688 4406 derelinquunt,
721 4341 884 4404 atque
906 4334 1039 4403 ipsa:
1059 4348 1159 4388 sua
1176 4333 1335 4388 mella
1361 4333 1640 4404 diripiunt,
1665 4335 1882 4404 quando

1984 479 2090 535 quo
2129 463 2324 535 possit,
2357 479 2462 517 non
2493 464 2670 517 minus
2701 463 2948 518 dulcibus
2987 460 3224 515 modulis
3255 474 3419 530 quam
3450 459 3560 513 lotu

1988 553 2238 622 corporis
2284 551 2530 606 animare
2597 553 2650 606 in
2713 552 2852 606 fetus
2904 567 3004 605 ova
3044 566 3163 618 quae
3202 548 3373 602 fovet.
3423 548 3576 600 Hanc

1985 645 2230 699 imitatur
2286 645 2461 701 tenuis
2513 645 2607 699 illa
2666 645 2858 699 mulier
2905 645 3002 699 sed
3068 642 3283 713 pudica,
3326 641 3378 694 in
3419 656 3576 694 usum

1986 735 2146 789 mola:
2171 735 2406 804 lapidem
2438 736 2664 791 brachio
2696 735 2930 801 trahens,
2963 739 3023 786 ut
3061 731 3232 802 possit
3262 728 3577 782 alimentum

1985 822 2145 893 panis
2185 824 2300 878 suis
2339 825 2576 894 parvulis
2598 840 2704 879 non
2737 824 2930 877 deesse
2956 829 3222 876 nocturno
3251 826 3410 874 cantu
3449 831 3582 871 mte-

1985 930 2126 976 stum
2158 925 2493 994 paupertatis
2519 925 2720 980 mulcet
2771 923 3045 983 affectum,
3089 929 3140 975 et
3171 918 3419 991 quamvis
3452 933 3579 970 sua-

1983 1011 2203 1067 vitatem
2237 1012 2481 1068 luscinia:
2511 1029 2618 1067 non
2643 1012 2822 1082 possit
2852 1011 3072 1077 imitari,
3114 1009 3359 1063 imitatur
3401 1015 3579 1060 tamen

1984 1117 2108 1161 eam
2137 1103 2426 1159 sedulitate
2465 1102 2704 1172 pietatis.

2612 1209 2688 1262 De
2718 1210 2952 1262 noctua.

2052 1319 2256 1374 Noctua
2305 1315 2442 1386 ipsa,
2502 1312 2969 1386 quemadmodum
2998 1309 3208 1382 magnis
3266 1317 3318 1364 et
3349 1306 3554 1380 glaucis

1982 1407 2160 1464 oculis
2229 1414 2618 1460 nocturnarum
2686 1402 3035 1456 tenebrarum
3103 1398 3428 1470 caligantem
3469 1413 3579 1452 non

1982 1497 2146 1552 sentit
2186 1497 2493 1558 horrorem,
2537 1501 2586 1546 et
2627 1507 2732 1563 quo
2786 1489 2944 1544 fuerit
2993 1503 3104 1543 nox
3143 1487 3457 1552 obscurior,
3501 1502 3568 1540 eo

1981 1602 2173 1650 contra
2212 1608 2371 1647 usum
2409 1591 2593 1646 avium
2649 1596 2976 1644 caeterarum
3017 1583 3318 1640 inoffensos
3358 1589 3583 1637 exercet

1983 1684 2216 1738 volatus.
2257 1682 2463 1735 Exorto
2493 1687 2672 1734 autem
2701 1677 2810 1746 die,
2851 1685 2904 1732 et
2933 1674 3257 1731 circumfuso
3287 1671 3582 1743 splendore

1987 1771 2139 1840 solis,
2182 1770 2330 1826 visus
2369 1770 2493 1840 ejus
2531 1768 2836 1834 hebetatur,
2882 1766 3038 1837 quasi
3080 1762 3404 1835 quibusdam
3437 1765 3582 1814 erret

1981 1870 2039 1926 in
2077 1869 2340 1926 tenebris.
2377 1867 2497 1936 Quo
2528 1866 2730 1922 indicio
2769 1865 2852 1919 sui
2892 1864 3128 1918 declarat
3186 1877 3309 1916 esse
3342 1860 3578 1932 aliquos,

1985 1959 2075 2030 qui
2117 1975 2240 2014 cum
2269 1958 2460 2013 oculos
2525 1957 2759 2010 habeant
2811 1955 2879 2009 ad
2938 1951 3231 2007 videndum
3265 1950 3452 2004 videre
3472 1963 3583 2002 non

1983 2047 2214 2115 soleant,
2249 2054 2303 2100 et
2333 2045 2479 2100 visus
2510 2043 2591 2098 sui
2622 2042 2855 2098 ofﬁcium
2886 2041 3018 2095 solis
3047 2038 3403 2093 infundantur
3432 2044 3582 2090 tene-

1986 2144 2116 2198 bris.
2143 2141 2292 2211 Quos
2323 2140 2525 2194 habent
2565 2138 2837 2208 sapientes
2877 2135 3061 2190 mundi
3117 2141 3169 2188 et
3222 2149 3329 2188 non
3371 2131 3574 2198 vident,

1983 2233 2036 2286 in
2077 2233 2195 2286 luce
2226 2229 2360 2283 nihil
2417 2235 2664 2291 cernunt,
2708 2227 2760 2280 in
2802 2224 3044 2279 tenebris
3095 2222 3391 2286 ambulant,
3449 2220 3577 2273 dum

1985 2319 2386 2376 daemoniorum
2445 2316 2738 2371 tenebrosa
2785 2314 3074 2376 rimantur,
3119 2319 3171 2365 et
3210 2309 3334 2365 cceli
3375 2309 3479 2363 alta
3519 2324 3578 2362 se

1982 2410 2170 2464 videre
2203 2407 2450 2470 credunt,
2494 2404 2868 2460 describantes
2902 2400 3051 2456 radio
3089 2399 3372 2463 mundum,
3413 2411 3580 2452 mem-

1983 2523 2164 2562 suram
2197 2505 2341 2560 aeris
2369 2504 2540 2575 ipsius
2570 2502 2908 2572 colligentes,
2945 2508 2996 2554 et
3027 2507 3226 2554 cratera
3249 2493 3577 2564 huiusmodi;

1983 2597 2208 2652 hebetes
2247 2594 2311 2648 ad
2353 2601 2577 2660 aeterna,
2620 2599 2672 2646 et
2713 2589 2866 2663 quasi
2911 2588 3147 2644 scientes
3199 2584 3383 2642 omnia
3421 2590 3580 2639 acuta

1982 2686 2050 2741 ad
2081 2699 2246 2740 vana.

2505 2788 2579 2841 De
2611 2784 3010 2856 vespertiliono
3025 2824 3037 2836 .

2053 2877 2398 2949 Vespertilio,
2456 2874 2653 2928 animal
2712 2872 2974 2944 ignobile,
3035 2887 3067 2925 a
3112 2885 3345 2940 vespere
3376 2883 3574 2921 nomen

1981 2968 2218 3038 accepit.
2269 2967 2362 3020 Est
2396 2973 2576 3019 autem
2632 2961 2865 3018 volatilis
2922 2961 3108 3016 eadem
3152 2958 3486 3030 quadrupes,
3528 2963 3581 3010 et

1909 3091 1957 3153 Ο
1987 3057 2237 3112 dentibus
2269 3055 2434 3108 utitur
2466 3071 2478 3107 :
2514 3068 2650 3124 quos
2689 3051 2746 3105 in
2792 3051 2911 3105 aliis
2944 3049 3134 3103 avibus
3188 3046 3432 3116 reperire
3472 3059 3578 3099 non

2057 3146 2066 3153 .
2236 3145 2270 3153 κ
2345 3143 2373 3153 ..
2476 3151 2482 3153 _
2650 3141 2664 3153 .
2828 3139 2862 3153 ..
3339 3135 3358 3153 λ
3406 3151 3422 3153 μ
3463 3133 3578 3153 γι.--

1985 3146 2195 3201 soleas.
2236 3143 2398 3209 Parit,
2433 3151 2487 3196 ut
2528 3139 2919 3213 quadrupedia,
2963 3155 3072 3192 non
3103 3153 3222 3200 ova,
3265 3135 3363 3190 sed
3404 3133 3580 3204 pullos

1982 3243 2266 3308 viventes;
2300 3241 2486 3295 volitat
2532 3247 2714 3294 autem
2770 3238 2824 3292 in
2856 3253 2985 3292 aere
3035 3235 3215 3290 avium
3260 3248 3434 3298 more,
3484 3231 3581 3285 sed

1983 3331 2306 3402 crepusculo
2373 3331 2689 3399 vespertino
2753 3325 3037 3382 consuevit
3075 3322 3307 3379 oﬂ'undi.
3383 3320 3582 3376 Volitat

1983 3430 2158 3477 autem
2199 3436 2308 3474 non
2350 3419 2535 3489 aliquo
2589 3433 2908 3488 pennarum,
2965 3415 3060 3468 sed
3101 3412 3431 3467 membrana
3469 3425 3581 3464 sua:

1984 3511 2116 3566 fulta
2158 3508 2412 3580 remigio,
2448 3522 2556 3578 quo
2597 3521 2866 3576 suspensa
2894 3503 3359 3573 velutpennarum
3400 3499 3581 3555 volatu

1985 3608 2370 3664 circumfertur
2434 3615 2591 3676 atque
2650 3612 2960 3677 vegetatur.
3009 3603 3181 3656 Habet
3219 3608 3270 3655 et
3309 3599 3438 3654 illud
3481 3600 3583 3652 hoc

1987 3697 2095 3753 vile
2135 3695 2354 3761 animal,
2401 3695 2546 3765 quod
2578 3694 2686 3747 sibi
2727 3693 2963 3747 invicem
3003 3691 3301 3754 adhaerent,
3334 3695 3385 3742 et
3426 3685 3580 3758 quasi

1986 3786 2039 3840 in
2082 3785 2319 3856 speciem
2361 3783 2500 3837 botri
2540 3799 2610 3837 ex
2651 3782 2832 3853 aliquo
2872 3781 2994 3836 loco
3024 3779 3302 3851 pendent;
3346 3792 3408 3832 ac
3448 3775 3493 3829 si
3525 3789 3585 3829 se

1989 3883 2178 3938 ultima
2216 3897 2444 3953 quaeque
2476 3880 2754 3943 laxaverit,
2787 3893 2983 3933 omnes
3017 3876 3382 3930 resolvuntur.
3425 3871 3584 3940 Quod

1986 3972 2043 4026 ﬂt
2114 3971 2348 4041 quodam
2415 3985 2650 4023 munere
2709 3965 3042 4022 cbaritatis:
3104 3979 3223 4036 quae
3275 3961 3491 4016 difﬁcile
3530 3960 3582 4014 in

1990 4059 2299 4116 hominibus
2336 4057 2647 4128 bujusmodi
2679 4056 2971 4126 reperitur.

2661 4156 2739 4209 De
2764 4153 2932 4224 gallo.

2063 4249 2206 4304 Galli
2242 4257 2433 4306 cantus
2500 4247 2682 4301 suavis
2722 4254 2803 4300 est
2841 4245 2895 4298 in
2935 4242 3225 4298 noctibus:
3258 4256 3357 4295 nec
3411 4238 3586 4294 solum

1992 4338 2198 4404 suavis,
2227 4339 2325 4394 sed
2380 4346 2538 4392 etiam
2572 4335 2740 4390 utilis.
2809 4333 2920 4401 Qui
2953 4330 3113 4403 quasi
3145 4331 3319 4385 bonus
3360 4327 3584 4384 cohabi-

285 4433 333 4488 is
363 4433 451 4503 qui
482 4433 838 4504 principatum
888 4430 1076 4485 habuit
1106 4431 1346 4483 muneris
1389 4430 1746 4502 interemptus
1776 4439 1876 4486 est.
1909 4448 1962 4508 Ι)
1993 4437 2137 4484 tator
2175 4436 2228 4484 et
2258 4427 2619 4483 dormientem
2655 4423 2875 4487 excitat,
2911 4430 2961 4476 et
2992 4419 3280 4475 sollicitum
3310 4418 3587 4482 admonet,

285 4524 471 4594 Itaque
501 4537 624 4576 cum
656 4536 786 4575 aves
814 4518 933 4574 alia:
997 4519 1093 4572 vix
1149 4518 1200 4572 in
1261 4534 1404 4573 anno
1436 4519 1599 4573 edant
1636 4519 1882 4591 singulos

287 4610 447 4679 fetus,
483 4627 612 4682 apes
643 4610 893 4681 geminos
924 4614 1128 4673 creant,
1160 4615 1212 4661 et
1239 4607 1441 4677 duplici
1463 4609 1675 4663 caeteris
1697 4609 1884 4664 fecun-

287 4707 457 4763 ditate
488 4704 933 4777 praeponderent.
960 4703 1146 4758 Merito
1169 4703 1322 4775 quasi
1345 4703 1541 4758 bonam
1575 4703 1883 4774 operai-iam

293 4798 571 4868 Scriptura
610 4811 767 4866 apem
807 4793 1067 4864 praedicat
1117 4793 1350 4847 dicens:
1396 4793 1541 4847 Vade
1597 4793 1664 4846 ad
1723 4808 1882 4863 apem

290 4894 342 4942 et
367 4885 490 4941 vide
521 4885 794 4954 quomodo
824 4882 1078 4952 Operaria
1109 4890 1216 4936 est.
1299 4881 1685 4951 Operationem
1735 4898 1881 4952 quo-

292 4992 400 5047 que
458 4989 620 5046 quam
680 4971 1050 5028 venerabilem
1105 4979 1400 5034 mereatur,
1443 4970 1596 5038 cujus
1637 4971 1883 5025 laborem

290 5081 458 5136 reges
489 5071 542 5118 et
572 5062 880 5117 mediocres
910 5061 977 5114 ad
1001 5060 1230 5115 salutem
1267 5057 1521 5113 sumunt!
1556 5059 1726 5114 Audis
1758 5060 1885 5130 quid

293 5153 438 5208 dicat
485 5153 770 5222 propheta.
827 5148 989 5204 Mittit
1045 5148 1231 5219 utique
1287 5156 1358 5211 te,
1401 5155 1458 5202 ut
1486 5147 1715 5217 apicula:
1741 5147 1886 5204 illius

293 5249 542 5322 sequaris
571 5247 899 5318 exemplum,
952 5246 1176 5300 imiteris
1207 5245 1598 5316 operationem,
1632 5247 1758 5318 quia
1786 5263 1885 5318 ap-

292 5346 533 5420 petibilis
562 5348 719 5400 estet
750 5343 1001 5400 omnibus
1033 5343 1203 5399 clara.

896 5441 971 5496 De
1013 5441 1282 5496 luscinia.

372 5536 630 5593 Luscinia
660 5542 743 5591 est
772 5534 888 5590 avis
942 5550 1063 5606 quae
1120 5535 1351 5605 pervigil
1382 5543 1587 5603 custos,
1630 5551 1753 5593 cum
1783 5552 1888 5593 ova

301 5627 540 5701 quodam
571 5625 690 5680 sinu
721 5623 965 5694 corporis
1022 5631 1074 5678 et
1104 5624 1314 5694 gremio
1369 5624 1532 5690 fovet,
1579 5625 1883 5682 insomnem

298 5719 480 5792 longae
509 5716 683 5774 noctis
715 5714 959 5770 laborem
1011 5712 1296 5769 cantilenae
1353 5713 1622 5771 suavitate
1654 5715 1881 5787 solatur,

1989 4536 2041 4583 et
2079 4527 2316 4582 viantem
2352 4525 2573 4590 solatur,
2613 4537 2931 4593 processum
2979 4519 3153 4574 noctis
3183 4534 3388 4574 canora
3419 4516 3586 4588 signi-

1991 4612 2242 4670 ficatione
2282 4622 2618 4685 protestans.
2670 4612 2788 4665 Hoc
2822 4617 3046 4665 canente
3078 4608 3210 4662 latro
3259 4623 3386 4661 suas
3419 4605 3590 4660 relin-

1992 4705 2109 4775 quit
2146 4704 2401 4758 insidias.
2478 4703 2592 4756 IIoc
2630 4701 2748 4770 ipse
2817 4697 3008 4754 lucifer
3075 4697 3338 4752 excitatus
3395 4695 3588 4758 oritur,

1993 4792 2298 4864 ccelumquc
2338 4791 2629 4845 illuminat.
2688 4789 2803 4844 Hoc
2843 4795 3072 4842 canente
3095 4784 3407 4840 muastitiam
3467 4790 3580 4836 tre-

1990 4889 2149 4959 pidus
2189 4899 2346 4943 nauta
2386 4887 2626 4958 deponit,
2669 4885 2956 4956 omnisque
3016 4884 3210 4938 crebro
3260 4879 3587 4950 vespertinis

1994 4979 2211 5032 flatibus
2250 4978 2492 5033 excitata
2513 4984 2806 5046 tempestas
2836 4984 2886 5029 et
2919 4973 3156 5044 parcella
3195 4970 3449 5025 mitescit.
3478 4969 3593 5023 Hoc

1994 5068 2222 5122 devotus
2254 5065 2450 5120 affectu
2479 5064 2744 5119 exsilitad
2764 5062 3120 5135 precandum,
3142 5059 3360 5131 legendi
3379 5073 3592 5128 quoque

1994 5172 2194 5210 munus
2227 5155 2516 5208 instaurat.
2577 5154 2692 5208 Hoc
2725 5161 2998 5223 postremo
3042 5156 3272 5205 canente
3319 5148 3458 5218 ipse,
3492 5147 3592 5201 Ec-

1995 5244 2176 5299 clesiae
2215 5252 2385 5314 petra,
2423 5242 2636 5313 culpam
2694 5255 2848 5294 suam
2879 5239 3058 5302 diluit,
3093 5253 3276 5308 quam,
3329 5236 3591 5308 priusque

1995 5341 2175 5413 gallus
2214 5347 2470 5406 cantaret,
2504 5337 2760 5409 negando
2809 5343 3177 5393 contraxerat.
3221 5334 3380 5389 Istius
3420 5340 3591 5388 cantu

1998 5453 2124 5508 spes
2161 5437 2412 5493 omnibus
2461 5436 2622 5500 redit,
2683 5433 2845 5505 aegris
2895 5433 3106 5488 levatur
3161 5430 3587 5496 incommodum,

1997 5526 2255 5583 minuitur
2294 5525 2451 5580 dolor
2478 5524 2786 5589 vulnerum,
2831 5521 3059 5576 febrium
3115 5519 3400 5593 ﬂagrantia
3445 5517 3593 5572 miti-

1995 5635 2174 5699 gatur,
2208 5623 2508 5679 revertitur
2546 5621 2681 5677 fides
2735 5620 2923 5691 lapsis.
2953 5621 3112 5675 Jesus
3144 5619 3438 5673 titubantes
3481 5632 3578 5670 re-

2001 5715 2179 5788 spicit,
2214 5720 2458 5770 errantes
2496 5711 2741 5783 corrigit.
2776 5709 3017 5781 Denique
3065 5708 3307 5779 respexit
3347 5707 3584 5768 Petrum,
