3972 6076
408 192 541 247 ΗἾῙ
1531 182 1868 239 WERNIiBl
1909 181 2198 236 ABBATIS
2238 181 2301 234 S.
2353 179 2571 234 BLASH

405 324 458 372 et
488 317 663 371 statim
693 332 851 372 error
879 314 1166 376 abscessit,
1216 311 1368 384 pulsa
1417 319 1495 366 est
1530 309 1769 382 negatio,
1804 314 1987 362 secuta
2019 305 2072 365 A
2100 303 2423 358 medicinam
2458 301 2720 372 suggerit,
2746 310 2795 356 et
2828 319 2974 373 saepe
3006 302 3202 357 eadem
3247 321 3373 375 qua:
3414 304 3522 359 tibi
3581 303 3767 358 noxia

407 404 700 458 confessio.
735 402 967 471 Respice
999 417 1100 456 nos
1133 416 1372 470 quoque,
1408 398 1635 453 Domine
1683 397 1832 459 Jesu,
1871 402 1923 448 ut
1955 401 2007 447 ct
2117 400 2265 457 sunt,
2324 401 2413 445 aut
2473 391 2689 456 avibus,
2740 399 2831 445 aut
2861 392 2992 446 feris
3045 393 3331 447 innoxium
3392 393 3760 447 ministrant

408 503 510 542 nos
539 487 758 557 propria
800 501 1265 557 recognoscamus
1314 492 1508 549 errata,
1571 482 1845 536 solvamus
1905 477 2008 548 piis
2116 481 2400 550 pabulum.
2457 481 2704 552 Denique
2759 481 2936 534 sturni
2995 492 3292 536 vescuntur
3339 482 3517 536 conio
3555 502 3578 536 :
3655 498 3766 536 nec

411 585 626 640 ﬂetibus
683 585 920 655 culpam.
976 600 1290 638 mereamur
1337 580 1724 652 indulgentiam
1757 586 2011 648 peccalo-
2117 575 2288 631 fraudi
2319 588 2401 632 est
2431 579 2535 642 eis,
2570 580 2819 650 quoniam
2853 580 3112 650 qualitate
3144 581 3223 634 sui
3257 581 3532 650 corporis
3572 596 3768 634 vene-

413 690 559 728 rum.
599 674 728 728 Haec
777 674 845 726 de
883 672 1074 726 avitus
1113 671 1256 726 dicta
1316 669 1602 724 sufficiant.
1660 666 1796 734 Quid
1831 673 2010 719 autem
2118 682 2247 720 num
2277 668 2425 722 succi
2475 667 2688 722 lethalis
2741 669 2996 724 evadunt:
3060 670 3280 739 Frigida
3314 670 3468 723 enim
3503 669 3599 722 vis
3639 671 3767 736 ejus

409 771 480 826 de
521 771 700 825 herbis
729 770 1190 825 considerandum
1225 769 1314 834 sit,
1349 767 1532 837 aliqua
1566 765 1901 820 intimemus.
2121 764 2201 810 esl
2233 756 2406 820 succi,
2440 773 2600 827 quam
2634 758 2924 811 subtilibus
2945 759 3093 828 poris
3127 758 3179 812 in
3194 759 3387 814 cordis
3420 759 3518 812 sui
3556 759 3763 812 sedem

917 869 1191 938 Exempla
1222 867 1286 921 de
1318 865 1524 921 herbis.
2119 851 2463 918 ducentibus,
2498 854 2729 922 praecoci
2786 855 3093 924 digestione
3125 855 3498 924 praeveniunt,
3560 856 3763 923 prius—

482 968 756 1022 Admonet
809 984 909 1022 nos
974 968 1163 1021 beatus
1220 964 1545 1020 Ambrosius
1608 962 1660 1014 in
1702 962 2010 1015 Examcron

410 1056 760 1111 considerare
792 1055 904 1109 lilia
936 1055 1052 1124 agri
1081 1073 1094 1108 :
1127 1063 1361 1125 quantus
1393 1052 1462 1104 sit
1499 1050 1712 1105 candor
1753 1048 1806 1100 in
1848 1046 2011 1114 foliis,

406 1145 865 1216 quemadmodum
897 1144 1093 1213 stipata
1115 1143 1233 1212 ipsa
1260 1141 1387 1196 folia
1417 1140 1486 1193 ab
1511 1140 1620 1192 imo
1644 1137 1711 1191 ad
1747 1151 2016 1190 summum

416 1233 704 1288 videantur
725 1248 1037 1302 assurgere,
1070 1239 1126 1285 ut
1173 1230 1364 1300 scyphi
1415 1227 1722 1297 exprimant
1769 1223 2016 1278 formam.

412 1332 471 1377 ut
500 1322 617 1377 auri
648 1321 896 1393 quaedam
947 1321 1157 1390 species
1217 1319 1363 1373 intus
1423 1315 1724 1386 eﬂ'ulgeat:
1787 1328 1905 1384 quae
1940 1315 2018 1365 ta-

425 1437 552 1475 men
590 1420 736 1476 vallo
775 1420 830 1474 in
881 1418 1107 1474 circuitu
1170 1417 1319 1471 ﬂoris
1374 1416 1603 1482 obsepta
1641 1412 1771 1467 nulli
1818 1417 1997 1480 pateat

413 1509 656 1578 injurize.
697 1508 752 1563 Si
782 1507 903 1580 quis
936 1509 1078 1562 hunc
1125 1507 1315 1562 ﬂorem
1372 1505 1652 1574 decerpat.
1688 1509 1739 1555 et
1769 1516 1869 1554 sua
1899 1499 2011 1553 sol-

416 1606 508 1653 vat
537 1598 592 1651 in
624 1597 772 1662 folia,
799 1596 1082 1666 quatanti
1112 1604 1193 1650 est
1226 1593 1455 1650 artificis
1485 1608 1678 1646 manus
1710 1607 1832 1661 quze
1849 1587 2022 1659 possit

2122 955 2286 1012 quam
2335 941 2522 994 vitalia
2579 943 2697 1012 ipsa
2758 951 3052 1012 pertentet.
3123 944 3488 997 Helleborum
3563 951 3760 996 autem

2122 1029 2286 1100 periti
2316 1030 2607 1101 loquuntur
2674 1048 2855 1086 escam
2901 1048 3024 1086 esse
3069 1033 3452 1095 coturnicum,
3487 1048 3564 1086 eo
3600 1036 3756 1102 quod

2123 1127 2358 1181 naturali
2391 1129 2624 1198 quodam
2682 1138 3123 1199 temperamento
3170 1130 3252 1184 sui
3311 1131 3590 1200 corporis
3644 1131 3760 1184 vim

2125 1215 2306 1287 pabuli
2335 1218 2579 1271 nocentis
2611 1218 2833 1274 evitent.
2868 1220 3074 1274 Etenim
3118 1219 3164 1273 si
3195 1220 3411 1274 ratione
3445 1219 3760 1275 medic-ine

2125 1313 2450 1387 plerumque
2503 1318 2569 1372 ad
2629 1319 2994 1374 salubritatem
3052 1319 3274 1373 humani
3333 1335 3575 1391 quoque
3633 1334 3763 1374 cor—

2127 1404 2277 1472 poris
2333 1411 2689 1476 temperatur,
2757 1407 2848 1463 cui
2900 1408 3110 1462 videtur
3165 1425 3291 1463 esse
3370 1407 3754 1472 contrarium,

2128 1501 2326 1562 quanto
2352 1496 2528 1566 magis
2585 1496 2903 1566 proprietati
2955 1507 3162 1552 naturae
3202 1497 3269 1552 ad
3302 1498 3497 1551 cibum
3534 1495 3764 1567 proﬁcit

2133 1589 2273 1659 quod
2305 1592 2516 1647 medica
2576 1609 2738 1647 manu
2797 1596 3132 1650 convertitur
3176 1595 3246 1649 ad
3277 1595 3527 1649 salutem
3559 1597 3592 1648 ?
3653 1595 3766 1648 Per

413 1693 510 1748 lilii
540 1693 777 1763 speciem
818 1693 1161 1748 reformare?
1193 1691 1328 1761 Quis
1393 1699 1573 1744 tantus
1622 1688 1864 1742 imitator
1921 1699 2022 1738 na-
2051 1657 2104 1716 Β
2135 1679 2558 1748 mandragoram
2611 1699 2825 1754 quoque
2890 1699 3114 1738 somnus
3167 1683 3504 1754 frequenter
3556 1698 3762 1739 accer-

415 1789 570 1846 turae,
613 1790 669 1836 ut
725 1781 911 1837 ﬂorem
945 1783 1088 1836 hunc
1154 1782 1535 1852 redintegrare
1581 1783 1895 1848 praesumat,
1938 1777 2024 1830 cui

421 1871 685 1926 Dominus
741 1877 950 1925 tantum
1011 1869 1378 1926 testimonium
1418 1868 1585 1933 dedit,
1651 1874 1707 1921 ut
1762 1865 2020 1919 diceret:

429 1992 451 2017 ι
494 1970 611 2024 Nec
649 1968 907 2023 Salomon
949 1967 1002 2021 in
1043 1968 1228 2022 omnia
1265 1965 1441 2036 gloria
1494 1980 1596 2020 sua
1636 1964 1714 2019 sic
1753 1961 2025 2019 vestieba-

421 2064 527 2124 tur,
560 2057 700 2113 sicut
730 2073 870 2111 unus
901 2073 966 2112 ex
999 2056 1114 2110 istis
1177 2055 1394 2121 (Matth,
1455 2056 1556 2123 IV).
1614 2054 1732 2108 Rex
1791 2051 2024 2122 opulen-

423 2146 668 2203 tissimus
749 2154 802 2200 et
887 2144 1329 2216 sapientissimus
1419 2141 1646 2197 inferior
1706 2139 2023 2209 judicatur;

425 2262 695 2319 quamque
752 2244 908 2312 hujus
964 2242 1111 2298 ﬂoris
1161 2241 1485 2310 puchritudo
1540 2247 1645 2294 est.
1682 2237 1827 2305 Quid
1883 2252 2024 2290 enu-

428 2351 632 2390 merem
663 2348 860 2388 succos
920 2332 1204 2386 herbarum
1261 2330 1508 2384 salubres
1535 2329 1564 2382 τ
1592 2327 1720 2400 quid
1751 2324 2020 2397 virgulto-

429 2439 557 2478 rum
614 2437 680 2477 ac
730 2421 989 2476 foliorum
1056 2418 1292 2474 remedia
1321 2418 1348 2471 τ
1408 2418 1615 2472 Cervus
1659 2431 1808 2486 aeger
1836 2429 2025 2467 ramu-

430 2512 612 2568 sculos
644 2510 780 2566 oleae
839 2509 1062 2574 mandit,
1126 2516 1172 2562 et
1199 2523 1360 2562 sanus
1391 2504 1448 2559 fit
1483 2524 1494 2558 :
1530 2505 1766 2561 locustas
1812 2518 2026 2574 quoque

432 2608 565 2664 folia
595 2607 730 2662 oleas
768 2622 956 2661 arrosa
996 2605 1226 2660 liberant
1258 2603 1327 2657 ab
1359 2601 1704 2674 aegritudine.
1738 2599 1876 2655 Rubi
1906 2598 2026 2652 folia

431 2698 734 2769 superjecta
791 2695 1028 2766 serpenti
1074 2694 1392 2748 interimunt
1448 2707 1591 2746 eum.
1639 2690 1854 2744 Culiccs
1918 2702 2025 2741 non

430 2793 663 2859 tangunt
693 2793 764 2850 te,
797 2784 845 2838 si
879 2783 1155 2854 absynthii
1213 2781 1434 2835 herbam
1465 2797 1589 2835 cum
1639 2778 1763 2833 oleo
1795 2791 2025 2847 coquas,

429 2892 482 2941 et
512 2900 578 2939 eo
599 2892 651 2939 te
682 2881 1032 2953 perunxeris.
1072 2879 1179 2935 Sed
1212 2878 1353 2933 forte
1385 2877 1566 2934 dicant
1594 2875 1760 2946 aliqui
1795 2893 1806 2928 :
1842 2873 2026 2942 Quid?

429 2973 574 3046 quod
603 2988 726 3028 cum
757 2970 977 3026 utilibus
1006 2968 1170 3023 etiam
1228 2967 1448 3020 lethalia
1487 2974 1540 3020 et
1571 2963 1883 3035 perniciosa
1924 2977 2027 3031 ge-

434 3069 721 3125 nerantur,
755 3075 877 3116 cum
909 3058 1084 3112 tritico
1144 3056 1353 3119 lolium,
1405 3053 1549 3125 quod
1597 3053 1736 3107 inter
1766 3051 2028 3105 alimenta

434 3151 559 3207 vitae
610 3149 829 3204 noxium
888 3146 1180 3216 reperitur,
1223 3153 1277 3199 et
1328 3143 1432 3198 nisi
1500 3141 1794 3212 pravisum
1853 3137 2028 3204 fuerit,

434 3248 715 3306 consuevit
745 3245 899 3302 saluti
930 3260 1148 3300 nocere.
1166 3244 1312 3297 Inter
1339 3241 1444 3296 alia
1467 3255 1684 3311 quoque
1710 3237 2034 3293 nutrimenta

433 3339 558 3395 vitae
590 3337 935 3392 helleborum
966 3332 1407 3403 deprehenditur,
1439 3329 1655 3385 aconita
1687 3342 1901 3400 quoque
1941 3323 2035 3379 (al-

434 3426 550 3481 lunt
581 3425 892 3496 frequenter
921 3430 974 3476 et
996 3421 1273 3492 decipiunt
1304 3419 1681 3490 colligentem,
1702 3418 1799 3470 sed
1832 3416 1935 3470 hoc
1966 3413 2036 3467 ita

441 3531 528 3578 est
585 3537 651 3576 ac
707 3521 753 3574 si
811 3519 1185 3588 reprehendas
1243 3526 1461 3584 terram,
1515 3515 1642 3586 quia
1689 3529 1799 3569 non
1845 3527 2038 3566 omnes

441 3610 691 3666 homines
723 3609 852 3663 boni
887 3621 899 3660 :
935 3607 1031 3660 sed
1073 3606 1216 3676 quod
1249 3605 1370 3676 plus
1399 3611 1487 3659 est
1518 3603 1726 3672 accipe,
1773 3601 1900 3673 quia
1929 3616 2037 3654 non

440 3715 635 3755 omnes
668 3697 794 3752 boni
823 3694 1004 3767 angeli
1033 3695 1085 3748 in
1119 3694 1282 3748 crulo.
1332 3693 1475 3746 Num
1507 3692 1669 3764 igitur
1698 3691 1920 3762 dignum
1954 3697 2040 3743 est

442 3795 582 3850 utin
618 3793 701 3848 his
749 3809 869 3864 quae
918 3790 1068 3845 utilia
1125 3798 1249 3844 sunt
1310 3788 1701 3859 posthabentes
1744 3785 2040 3841 conditoris

441 3884 676 3956 gratiam
705 3880 975 3949 conﬁteri,
1009 3894 1172 3951 quam
1202 3887 1423 3949 propter
1451 3877 1637 3948 aliqua
1665 3876 2037 3929 alimentorum

443 3973 610 4029 noxia
667 3969 946 4026 Creatoris
1005 3963 1410 4038 prospicientia:
1480 3965 1826 4036 derogemus,
1885 3960 2042 4031 quasi

442 4063 622 4118 omnia
666 4059 807 4132 gulae
865 4072 1031 4114 causa
1083 4056 1330 4112 debuerit
1385 4053 1689 4125 procreari.
1721 4060 1812 4106 aut
1843 4051 2040 4121 exigua

441 4161 566 4225 sint,
602 4175 723 4231 quas
755 4156 932 4211 ventri
993 4164 1179 4211 nostro
1232 4154 1418 4208 divina
1475 4150 1814 4224 indulgentia
1846 4149 2039 4203 minis-

441 4247 663 4304 travcrit
690 4250 717 4300 ?
751 4244 998 4300 Deﬂuitae
1019 4244 1178 4298 nobis
1207 4259 1348 4298 escae
1379 4251 1504 4296 sunt
1533 4250 1585 4297 et
1614 4249 1756 4296 notae
1784 4238 2042 4294 omnibus

2133 1775 2269 1830 situr
2315 1777 2406 1830 ubi
2452 1778 2759 1850 vigiliarum
2808 1781 2945 1850 aegri
2985 1779 3312 1836 aﬂlictantur
3348 1781 3756 1836 incommodo.

2132 1865 2270 1919 Nam
2303 1866 2392 1936 qui
2423 1866 2492 1921 de
2522 1868 2648 1938 Opio
2681 1867 2871 1939 loquar
2899 1870 2928 1924 ?
2977 1870 3121 1940 quod
3171 1869 3335 1924 etiam
3368 1871 3542 1924 nobis
3577 1870 3764 1939 quoti-

2133 1953 2294 2008 diano
2317 1971 2589 2026 propensu
2613 1957 2860 2022 innotuit,
2892 1969 3158 2029 quantum
3181 1957 3410 2012 dolores
3428 1975 3501 2013 eo
3524 1959 3762 2029 gravis-

2134 2049 2256 2103 simi
2282 2051 2621 2106 internorum
2653 2069 2800 2123 saepe
2824 2053 3096 2109 viscerum
3127 2053 3434 2124 sopiuntur.
3465 2055 3597 2109 Nec
3627 2053 3764 2108 illud

2133 2140 2383 2211 praeterit
2414 2141 2558 2212 quod
2597 2142 2756 2197 conio
2815 2142 3132 2212 plerumque
3187 2142 3408 2196 furores
3457 2142 3760 2196 libidinum

2133 2238 2496 2295 marcuerunt,
2520 2238 2571 2285 et
2593 2230 2874 2285 helleboro
2903 2239 3130 2285 vetustae
3152 2231 3452 2302 passiones
3471 2231 3620 2304 aegri
3641 2247 3760 2287 con

2132 2327 2279 2398 p0ris
2317 2336 2443 2382 sunt
2501 2328 2718 2384 soluta).
2786 2330 2910 2384 Non
2957 2329 3131 2384 solum
3190 2328 3362 2400 igitur
3391 2329 3548 2382 nulla
3582 2330 3644 2383 in
3674 2331 3757 2383 his

2135 2417 2492 2486 reprehensio
2524 2417 2821 2483 Creatoris,
2883 2418 2980 2472 sed
3027 2417 3193 2472 etiam
3225 2419 3647 2472 incrementum
3676 2427 3757 2473 est

2134 2506 2460 2578 gratiarum.
2491 2506 2546 2560 Si
2578 2507 2800 2578 quidem
2841 2507 2988 2578 quod
3043 2507 3113 2561 ad
3167 2507 3479 2577 periculum
3513 2508 3754 2577 putabas

2135 2621 2257 2661 esse
2288 2613 2624 2678 generatum,
2680 2605 2751 2661 ad
2809 2605 3051 2660 remedia
3078 2605 3173 2659 tibi
3205 2605 3398 2660 salutis
3433 2615 3748 2676 operatur.

2131 2696 2273 2751 Nam
2305 2703 2358 2750 et
2386 2695 2442 2750 id
2473 2696 2613 2765 quod
2644 2696 2874 2766 periculi
2905 2703 2987 2750 est
3017 2711 3116 2766 per
3144 2694 3558 2765 providentiam
3591 2695 3757 2752 decli-

2134 2791 2310 2851 natur,
2341 2790 2393 2837 et
2423 2783 2478 2836 id
2503 2784 2655 2853 quod
2683 2783 2872 2837 salutis
2900 2799 2999 2854 per
3037 2782 3359 2836 industriam
3391 2798 3509 2838 non
3544 2784 3756 2838 admit-

2136 2881 2279 2935 titur.
2338 2883 2419 2935 An
2457 2896 2594 2935 oves
2649 2887 2703 2935 et
2757 2897 2937 2951 caprae
2994 2896 3056 2934 ea
3109 2896 3229 2951 quae
3260 2889 3388 2934 sunt
3439 2880 3557 2934 sibi
3590 2881 3758 2935 noxia

2060 3007 2109 3069 Ο
2138 2969 2412 3025 declinare
2476 2968 2807 3036 didicerunt,
2869 2977 2921 3024 et
2968 2969 3093 3024 solo
3121 2969 3290 3023 odore
3329 2985 3430 3038 per
3463 2970 3757 3040 quoddam

2139 3059 2390 3113 naturale
2445 3059 2784 3129 mysterium,
2841 3075 2965 3112 cum
3023 3058 3128 3112 sint
3177 3057 3406 3112 rationis
3462 3069 3756 3128 expertes,

2142 3148 2406 3202 rationem
2441 3155 2622 3201 tamen
2650 3147 2919 3202 evadendi
2938 3145 3166 3217 periculi
3193 3146 3280 3201 vel
3303 3146 3532 3201 tuendm
3560 3146 3760 3202 salutis

2143 3259 2470 3315 agnoscunt.
2531 3245 2807 3316 noxiaque
2854 3245 3058 3316 pariter
3113 3259 3176 3299 ac
3233 3242 3521 3313 profutura
3551 3244 3759 3299 distin-

2144 3344 2278 3406 gunt
2313 3352 2323 3387 :
2359 3335 2434 3388 ita
2462 3342 2518 3387 ut
2549 3334 2873 3405 plerumque
2924 3349 3048 3388 cum
3097 3341 3308 3387 armata
3352 3332 3590 3387 venenis
3652 3333 3761 3388 tela

2145 3423 2436 3488 senserint,
2470 3431 2626 3477 notas
2657 3432 2842 3493 petere
2879 3423 3100 3484 herbas,
3129 3429 3294 3492 atque
3321 3421 3410 3475 his
3441 3422 3758 3477 remedium

2147 3520 2362 3575 vulneri
2394 3520 2645 3574 dicantur
2675 3519 2957 3574 adhibere.
2985 3518 3149 3573 Cibus
3170 3518 3315 3573 illius
3335 3518 3624 3574 medicina
3654 3529 3755 3585 est,

2145 3619 2199 3664 ut
2235 3609 2445 3664 resilire
2478 3610 2710 3679 sagittas
2737 3608 2925 3663 videas
2949 3625 2978 3662 e
2999 3606 3222 3663 vulnere
3237 3615 3290 3661 et
3303 3606 3759 3678 fugere,venena

2147 3716 2256 3754 non
2325 3714 2568 3768 serpere.
2630 3698 2876 3769 Denique
2925 3698 3103 3753 cervis
3133 3696 3286 3751 cibus
3324 3712 3611 3769 venenum
3641 3706 3749 3752 est.

2149 3797 2385 3852 Coluber
2415 3812 2646 3852 cervum
2676 3795 2834 3868 fugit,
2868 3795 3085 3851 leonem
3113 3793 3388 3850 interﬁcit.
3419 3795 3609 3850 Draco
3639 3796 3755 3850 ele-

2148 3888 2410 3957 phantem
2469 3887 2616 3956 ligat,
2669 3887 2826 3954 cujus
2872 3884 3026 3938 ruina
3066 3899 3213 3938 mors
3269 3883 3498 3938 victoris
3541 3893 3628 3939 est
3661 3903 3675 3938 :
3707 3892 3754 3939 et

2144 3975 2273 4030 ideo
2305 3991 2513 4028 summe
2563 3974 2814 4045 utrinque
2856 3980 3065 4028 certant
3099 3991 3112 4027 :
3158 3972 3247 4026 ille
3279 3980 3336 4026 ut
3367 3972 3573 4043 pedem
3631 3972 3753 4027 alli-

2149 4072 2264 4136 get,
2295 4064 2348 4117 in
2381 4080 2488 4135 quo
2517 4079 2676 4117 casus
2705 4063 2830 4118 victi
2878 4063 2982 4116 sibi
3040 4077 3237 4117 nocere
3259 4076 3368 4115 non
3413 4063 3622 4132 possit;
3658 4062 3753 4116 istc

2149 4170 2217 4208 ne
2272 4153 2576 4223 posteriore
2635 4161 2910 4207 extremus
2985 4150 3126 4223 pede
3173 4159 3264 4204 aut
3309 4149 3452 4206 calle
3504 4151 3753 4220 capiatur

2149 4260 2406 4324 angusto,
2439 4251 2533 4305 ubi
2588 4250 2672 4305 vel
2723 4250 2840 4321 ipse
2870 4265 2929 4304 se
2956 4249 3095 4320 [non
3125 4256 3287 4320 queat
3333 4255 3676 4318 retorquere,
3705 4257 3754 4304 ct

448 4353 568 4406 qua?
599 4345 651 4390 ει
699 4335 1034 4404 νοῙυΡίδίθπι
1085 4339 1370 4404 generem:
1404 4339 1456 4384 ει
1501 4329 1748 4400 corporis
1804 4326 2042 4382 Sall‘bl’i'
2079 4363 2131 4423 Ι)
2162 4341 2458 4396 draconem
2516 4339 2669 4410 gravi
2719 4347 2998 4410 proterere
3054 4337 3305 4408 vestigio,
3349 4336 3440 4392 vel
3475 4337 3755 4406 sequentis

444 4441 634 4489 tatem.
700 4431 930 4503 Singula
976 4439 1162 4484 autem
1221 4445 1408 4484 eorum
1467 4444 1584 4499 qua:
1633 4434 1966 4500 generantur
2013 4441 2044 4480 e

452 4530 611 4588 terris
651 4529 943 4601 specialem
1002 4528 1293 4599 quamdam
1350 4528 1551 4581 habent
1607 4525 1893 4590 rationem,
1926 4540 2048 4594 quae

447 4637 544 4694 pro
585 4619 726 4676 virili
756 4618 1001 4690 portione
1031 4617 1302 4686 complent
1333 4617 1604 4670 universa)
1642 4613 2031 4683 plenitudinem

452 4726 733 4774 creaturae.
770 4715 887 4769 Alia
916 4729 1050 4784 ergo
1102 4713 1239 4774 esui,
1290 4713 1392 4767 alia
1422 4712 1510 4766 alii
1562 4719 1859 4765 nascuntur
1893 4707 2040 4761 usui.

451 4807 597 4864 Nihil
627 4812 801 4864 vacat.
829 4803 961 4858 nihil
1018 4803 1180 4856 inane
1238 4801 1513 4872 germinat
1569 4808 1736 4854 terra.
1772 4795 1926 4864 Quod
1955 4797 2051 4850 tibi

452 4904 610 4966 putas
639 4893 849 4955 inutile,
875 4892 995 4946 aliis
1026 4891 1155 4945 utile
1188 4899 1272 4946 est
1307 4907 1318 4945 :
1373 4891 1482 4944 imo
1511 4889 1616 4958 ipsi
1661 4887 1755 4941 tibi
1791 4885 2052 4955 frequen-

463 5003 547 5049 ter
602 4991 710 5047 alio
767 4998 850 5046 est
903 4989 1031 5044 usui
1091 4989 1240 5043 utile.
1281 4987 1439 5055 Quod
1483 5001 1664 5041 escam
1696 4999 1806 5039 non
1836 4981 2056 5053 adjuvat

2162 4429 2435 4501 elephanti
2465 4429 2723 4484 auxilium
2753 4444 2862 4482 non
2919 4429 3146 4482 habere.
3203 4428 3351 4498 Ergo
3382 4426 3429 4479 si
3458 4427 3755 4482 irrationa-

2157 4527 2290 4583 bilia
2344 4527 2596 4582 animalia
2655 4534 2849 4581 norunt
2906 4525 3102 4597 quibus
3145 4524 3248 4578 sibi
3276 4531 3365 4578 aut
3413 4524 3756 4579 medicentur

2159 4626 2360 4690 herbis,
2393 4633 2484 4679 aut
2507 4624 2767 4680 subsidiis
2795 4639 2954 4694 opem
2982 4622 3230 4686 aﬂerant,
3280 4623 3445 4677 homo
3466 4622 3646 4677 nescit
3673 4622 3752 4677 cui

2160 4714 2497 4770 rationabilis
2554 4729 2747 4767 sensus
2803 4713 3122 4767 innascitur.
3158 4713 3224 4765 Et
3253 4711 3376 4765 ideo
3417 4711 3488 4766 de
3546 4711 3753 4765 irratio-

2161 4813 2434 4867 nabilibus
2480 4813 2647 4866 rebus
2677 4813 2876 4866 dantur
2906 4811 3063 4866 nobis
3108 4809 3374 4880 exempla,
3409 4818 3467 4864 ut
3523 4826 3619 4880 per
3641 4811 3754 4866 haec

2163 4902 2448 4957 veniamus
2477 4901 2545 4956 ad
2578 4900 3078 4956 rationabilitatem.

1244 5261 1862 5366 DOMINICA
1940 5257 2412 5361 DECIMA
2505 5256 2960 5360 SEXTA.

1740 5503 2135 5568 Secundum
2167 5503 2444 5567 Lucam.

541 5724 563 5747 at
608 5698 723 5752 ibat
749 5697 908 5750 Jesus
939 5695 993 5750 in
1051 5694 1329 5750 civitatem
1360 5709 1483 5766 quae
1513 5697 1738 5748 vocatur
1766 5689 1950 5746 Naim.
1983 5692 2049 5746 Et

2160 5691 2310 5745 ibant
2339 5706 2460 5746 cum
2494 5689 2585 5745 illo
2618 5689 2873 5763 discipuli
2903 5689 3036 5760 ejus,
3071 5694 3122 5744 et
3153 5687 3304 5744 turba
3348 5687 3598 5758 cOpiosa.
3631 5685 3755 5740 Cum
