4008 6092
308 289 443 342 1153

306 509 396 556 tus
453 499 789 556 efferebatur
853 499 994 554 ﬁlius
1027 499 1218 555 unicus
1274 501 1465 554 matris
1511 514 1640 555 suae.
1673 499 1740 552 Et
1786 499 1905 554 haec

307 597 468 653 vidua
529 607 645 652 erat
709 614 720 650 :
782 606 832 651 et
888 598 1042 651 turba
1117 597 1343 654 civitatis
1413 598 1579 650 multa
1638 611 1757 650 cum
1815 595 1904 648 illa

306 687 445 757 (Luc
477 689 592 755 vn).
636 709 655 729 ο
689 686 850 740 Naim
881 687 1071 742 civitas
1097 695 1177 740 est
1209 685 1450 741 Galilear.
1478 683 1906 754 Defunctus,qui

305 790 489 832 coram
541 775 722 830 multis
753 784 902 829 extra
934 783 1094 846 porta
1139 775 1376 836 effertur.
1419 773 1692 846 signiﬁcat
1720 772 1905 828 crimi-

309 863 508 920 naliter
546 871 868 935 peccantem
925 872 976 919 et
1006 865 1299 920 multorum
1354 865 1560 919 notitiae
1590 879 1687 934 per
1740 861 1908 917 verba

306 970 360 1018 et
399 977 591 1034 opera,
633 963 787 1032 quasi
845 979 944 1034 per
983 963 1120 1018 ostia
1159 979 1271 1017 suae
1312 962 1565 1028 civitatis,
1625 969 1906 1032 peccatum

303 1052 701 1124 propalantem.
745 1050 852 1120 Qui
898 1051 1037 1107 bene
1066 1051 1261 1107 unicus
1291 1051 1488 1106 matris
1517 1065 1628 1106 suae
1658 1048 1907 1120 perhibe-

304 1149 413 1207 tur,
450 1139 574 1212 quia
622 1140 749 1196 licet
789 1147 972 1196 mater
1001 1139 1244 1196 Ecclesia
1291 1140 1490 1194 multos
1521 1139 1721 1193 habeat
1769 1136 1908 1192 ﬁlios

309 1229 484 1285 bonos
513 1237 566 1284 et
594 1229 789 1297 malos,
823 1245 923 1299 pro
969 1245 1078 1283 una
1109 1237 1289 1284 tamen
1321 1243 1556 1300 persona
1598 1227 1725 1282 mali
1754 1225 1908 1282 acci-

311 1319 556 1390 piuntur,
599 1325 855 1388 quantum
913 1317 984 1372 ad
1022 1318 1285 1372 malitiam
1339 1317 1617 1388 pertinet:
1651 1314 1910 1387 quemad-

313 1416 540 1472 modum
570 1416 738 1470 etiam
770 1415 898 1470 boni
928 1432 1032 1470 una
1064 1431 1302 1487 persona
1332 1415 1678 1486 accipiuntur
1706 1429 1908 1468 secun-

317 1505 444 1559 dum
473 1504 794 1559 bonitatem.
834 1505 903 1558 Et
932 1505 1140 1560 electus
1167 1504 1412 1575 quilibet,
1458 1503 1676 1575 quando
1709 1501 1909 1556 imbui-

314 1601 407 1648 tur
432 1593 501 1648 ad
535 1592 718 1660 fidem,
753 1592 897 1648 filius
936 1601 1038 1660 est,
1073 1594 1291 1665 quando
1320 1593 1456 1647 alios
1487 1591 1680 1646 imbuit
1734 1598 1911 1646 mater

313 1690 421 1738 est.
461 1683 616 1738 Unde
648 1682 846 1737 Paulus
877 1699 896 1737 :
933 1707 954 1730 «ι
984 1682 1161 1738 Filioli
1206 1682 1336 1744 mei,
1370 1697 1507 1753 quos
1538 1680 1728 1735 iterum
1778 1693 1908 1748 par—

1219 284 1794 342 DEFLORATIONES
1836 285 1934 340 SS.
1987 285 2282 341 PATRUM.
2322 318 2391 326 —
2433 283 2556 341 [ΛΒ.
2602 290 2673 340 ll.

306 419 489 467 autem
537 410 1003 482 appropinquaret
1029 419 1202 482 portae
1230 411 1489 476 civitatis,
1532 425 1658 466 ecce
1697 408 1895 464 defun-
1928 412 1983 474 Α

3470 292 3601 346 1154

2091 432 2112 458 α
2143 409 2210 464 Et
2260 410 2386 465 exiit
2417 411 2500 466 hic
2530 427 2712 467 sermo
2733 411 2784 465 in
2816 411 3128 468 universam
3159 413 3408 468 Judaeum
3429 414 3498 469 de
3520 431 3604 488 co,

2015 508 2062 553 et
2095 515 2309 553 omnem
2343 499 2489 554 circa
2522 501 2824 572 regionem,
2872 501 2924 554 id
2959 510 3040 556 est
3069 502 3121 555 in
3153 518 3369 556 omnem
3423 503 3609 576 regio-

2015 603 2140 641 nem
2171 587 2318 642 circa
2345 588 2616 642 Judaeum.
2653 611 2675 636 ι»
2710 588 3024 660 Allegorice
3046 589 3139 644 fuit
3166 593 3609 664 apprOpinquare

2013 683 2195 736 Jesum
2249 694 2417 755 portae
2445 685 2703 752 civitatis,
2755 687 2899 757 quod
2962 689 3186 741 verbum
3217 704 3348 743 caro
3407 689 3606 745 factum

2015 773 2274 842 gentilem
2333 775 2592 844 populum
2661 791 2758 845 per
2797 784 2990 845 portas
3031 775 3158 830 ﬁdei
3221 777 3290 832 ad
3329 779 3606 834 caelestem

2016 860 2359 916 Hierusalem
2390 862 2622 917 induxit.
2688 864 2830 919 Ecce
2858 864 3318 933 Judaicusjunior
3375 867 3610 937 populus

2014 949 2244 1020 perfidia
2273 950 2561 1007 defunctus
2591 951 2836 1018 eﬂ‘ertur,
2873 954 3131 1024 quoniam
3153 963 3329 1010 mater
3361 955 3609 1012 Ecclesia

2016 1047 2092 1102 nil
2123 1048 2175 1102 in
2205 1049 2409 1104 mundo
2439 1050 2596 1119 quasi
2626 1052 2910 1120 proprium
2942 1051 3258 1121 possidens,
3291 1053 3476 1107 multis
3502 1069 3608 1124 po-

2015 1137 2264 1206 pulorum
2296 1138 2470 1192 turbis
2516 1138 2719 1193 circum
2751 1147 2902 1209 septa
2950 1140 3041 1209 pio
3070 1139 3269 1196 ati‘ectu
3300 1141 3498 1212 plorat,
3559 1151 3616 1198 et

2017 1225 2086 1280 ad
2116 1225 2274 1280 vitam
2307 1242 2569 1282 revocare
2604 1226 2816 1281 laborat
2850 1245 2863 1291 ;
2895 1228 3040 1299 quod
3071 1237 3124 1283 et
3155 1228 3370 1285 interim
3399 1230 3450 1285 in
3483 1247 3617 1302 pau-

2015 1314 2095 1370 cis
2120 1315 2430 1370 Judaeorum
2463 1316 2767 1379 conversis,
2826 1325 2874 1370 et
2905 1318 3128 1372 tandem
3161 1318 3214 1371 in
3272 1319 3614 1388 plenitudine

2015 1414 2288 1486 impetrat.
2324 1416 2497 1470 Locus
2525 1431 2632 1486 quo
2657 1415 2900 1470 defertur
2930 1432 3129 1486 corpus
3177 1427 3259 1472 est
3292 1420 3611 1488 humanum,

2015 1503 2308 1574 portitores
2339 1513 2462 1558 sunt
2492 1503 2617 1558 mali
2650 1520 2853 1567 mores,
2888 1505 2979 1574 qui
3007 1505 3076 1559 ad
3108 1515 3336 1562 mortem
3371 1509 3612 1566 trahunt.

2017 1592 2126 1647 Sed
2146 1592 2304 1646 Jesus
2334 1591 2572 1648 loculum
2613 1593 2783 1666 tangit
2812 1609 2934 1648 cum
2968 1593 3219 1666 fragilem
3253 1603 3498 1650 naturam
3557 1598 3612 1653 in

2017 1705 2179 1746 cruce
2201 1690 2386 1762 erigit.
2437 1691 2534 1746 Vel
2566 1691 2806 1763 tangitur
2845 1691 3054 1747 loculus
3084 1694 3282 1749 mortui
3313 1695 3548 1751 hominis
3579 1712 3613 1752 a

308 1771 452 1826 turio
507 1771 650 1841 (Gal.
686 1772 793 1840 xv).
833 1769 966 1825 Cum
1026 1770 1196 1841 igitur
1243 1770 1368 1825 boni
1424 1768 1754 1823 unanimiter
1781 1775 1899 1821 stn-

2020 1781 2145 1846 Deo,
2205 1779 2257 1833 id
2290 1788 2371 1833 est
2402 1795 2498 1850 per
2545 1779 2752 1852 lignum
2777 1786 2976 1848 crucis,
2997 1781 3123 1851 quia
3150 1781 3488 1852 periitbomo
3513 1801 3615 1855 per

310 1859 477 1914 deant
552 1873 815 1914 revocare
889 1858 1084 1924 malos,
1127 1867 1176 1913 et
1242 1857 1369 1913 boni
1441 1866 1615 1911 mater
1680 1864 1732 1911 et
1777 1853 1907 1908 mali

307 1955 450 2011 filius
508 1957 701 2012 unicus
731 1965 1134 2028 nuncupantur.
1167 1958 1328 2011 Porta
1358 1956 1613 2020 civitatis,
1671 1971 1782 2028 qua
1813 1955 1910 2011 de-

309 2044 527 2102 functus
557 2043 800 2112 effertur,
833 2045 1032 2116 aliquis
1064 2055 1150 2100 est
1179 2045 1246 2100 de
1277 2046 1531 2100 sensibus
1577 2061 1685 2116 quo
1713 2044 1907 2116 aliquis

308 2133 364 2188 in
397 2143 680 2205 peccatum
722 2134 947 2200 corruit,
1010 2143 1067 2190 ut
1096 2134 1185 2206 qui
1215 2134 1361 2189 videt
1391 2135 1459 2189 ad
1510 2134 1910 2204 concupiscen-

310 2223 464 2290 dum,
497 2223 588 2295 qui
620 2239 805 2278 aurem
852 2223 1041 2278 otiosis
1075 2223 1158 2278 vel
1179 2223 1426 2293 turpibus
1455 2222 1760 2291 audiendis,
1819 2219 1910 2293 qui

311 2322 556 2393 linguam
612 2321 924 2377 commodat
976 2320 1182 2392 litigiis,
1235 2329 1572 2392 caeterosque
1651 2319 1745 2390 qui
1799 2334 1908 2374 non

310 2417 500 2466 servat
531 2425 746 2478 sensus,
781 2409 970 2464 mortis
1000 2409 1109 2463 sibi
1141 2417 1350 2464 reserat
1380 2409 1579 2464 aditus.
1605 2407 1796 2464 Omnis
1816 2406 1910 2478 qui

310 2497 570 2554 meminit
598 2497 902 2553 Ecclesiam
958 2496 1146 2569 sponsi
1203 2497 1284 2551 sui
1338 2505 1512 2552 morte
1553 2497 1905 2566 redemptam,

325 2594 594 2660 agnoscat
614 2602 736 2642 eam
759 2603 879 2641 esse
895 2586 1137 2642 viduam.
1156 2586 1338 2656 Hujus
1349 2586 1600 2641 miraculi
1627 2584 1778 2640 multi
1796 2583 1910 2639 fue-

312 2693 438 2739 runt
476 2693 664 2751 testes,
706 2693 763 2739 ut
800 2684 956 2739 multi
971 2683 1163 2740 fierent
1192 2683 1292 2738 Dei
1329 2683 1660 2739 laudatores.
1691 2681 1908 2751 «Quam

309 2787 436 2828 cum
494 2773 724 2828 vidisset
764 2773 1050 2840 Dominus,
1108 2771 1490 2827 misericordia
1527 2779 1706 2826 motus
1745 2786 1911 2840 super

312 2861 492 2930 illam,
531 2861 668 2916 dixit
709 2861 784 2916 illi
827 2879 840 2915 :
881 2861 1004 2917 Noli
1035 2863 1190 2916 flere.
1244 2884 1266 2908 ιτ
1313 2861 1544 2916 Pulchre
1574 2859 1911 2931 evangelista

311 2959 610 3014 Dominum
676 2959 825 3030 prius
863 2959 1244 3015 misericordia
1313 2968 1517 3014 motum
1557 2974 1682 3013 esse
1745 2972 1912 3027 super

310 3055 566 3116 matrem,
596 3064 662 3104 ac
685 3048 764 3104 sic
794 3047 964 3102 ﬁlium
1000 3047 1265 3104 suscitare
1323 3055 1576 3113 testatur,
1609 3054 1666 3101 ut
1694 3045 1748 3100 in
1802 3060 1910 3100 uno

2016 1867 2220 1939 lignum
2289 1867 2542 1939 paradisi,
2617 1868 2905 1923 Portitores
2974 1870 3168 1924 mortui
3199 1880 3325 1925 sunt
3379 1881 3614 1943 quatuor

2017 1956 2306 2020 elementa,
2363 1972 2598 2028 quorum
2627 1957 3043 2028 intemperantia
3085 1967 3170 2014 est
3219 1959 3613 2017 irritamentum

2017 2045 2281 2115 peccandi
2311 2045 2363 2098 in
2399 2045 2644 2101 homine.
2679 2047 2830 2101 Stant
2859 2047 3171 2116 portitores,
3217 2049 3343 2118 quia
3373 2065 3483 2104 non
3511 2065 3614 2106 va-

2017 2133 2126 2188 lent
2149 2133 2288 2188 sicut
2317 2135 2468 2204 prius
2496 2135 2563 2188 ad
2595 2142 2824 2189 mortem
2856 2135 3103 2190 trahere.
3167 2137 3340 2208 Loqui
3370 2139 3498 2194 Jesu
3527 2147 3614 2194 est

2016 2222 2223 2277 monita
2251 2222 2442 2277 salutis
2472 2223 2775 2288 infundere,
2828 2223 2971 2278 unde
3002 2222 3296 2297 languidus
3349 2227 3418 2281 ad
3448 2227 3611 2282 vitam

2018 2310 2250 2382 erigitur
2295 2311 2455 2366 bonis
2485 2312 2718 2378 actibus,
2752 2319 2805 2366 et
2861 2311 2938 2367 sic
2969 2313 3213 2368 redditur
3251 2315 3415 2369 matri
3479 2332 3611 2372 suae.

2017 2400 2234 2456 Timent
2271 2415 2486 2466 omnes,
2554 2400 2681 2472 quia
2720 2400 2881 2455 unius
2924 2401 3175 2473 exemplo
3239 2403 3394 2458 multi
3433 2404 3613 2460 corri-

2017 2497 2236 2562 guntur.

2186 2632 2261 2688 De
2291 2632 2682 2698 morientibus,
2716 2635 2772 2687 et
2802 2632 2868 2688 de
2896 2633 3064 2690 exitu
3093 2634 3441 2691 animarum.

2091 2772 2373 2844 Scriptura
2414 2772 2547 2827 dicit
2588 2790 2601 2828 :
2648 2795 2670 2821 α
2714 2773 2856 2828 Beati
2911 2773 3106 2828 mortui
3146 2774 3238 2846 qui
3286 2775 3340 2829 in
3379 2776 3613 2834 Domino

2017 2861 2319 2918 moriuntur
2347 2864 2536 2932 (Apoc.
2570 2863 2708 2932 XIV).
2755 2885 2776 2909 η
2811 2862 2868 2915 In
2908 2861 3143 2917 Domino
3172 2865 3474 2920 moriuntur
3499 2867 3613 2938 qui,

2017 2950 2074 3005 in
2102 2966 2269 3006 carne
2292 2950 2511 3022 quidem
2533 2950 2851 3015 morientes,
2876 2950 2928 3004 in
2960 2951 3192 3006 Domino
3213 2960 3391 3008 tamen
3422 2954 3613 3011 viven-

2017 3048 2099 3096 tes
2130 3040 2500 3095 inveniuntur.
2527 3038 2668 3108 Quid
2704 3047 2786 3094 est
2816 3039 2871 3092 in
2901 3040 3134 3095 Domino
3162 3041 3190 3094 ?
3217 3041 3275 3096 Id
3300 3051 3378 3096 est
3399 3042 3452 3096 in
3483 3042 3612 3108 ﬁde,

311 3136 474 3193 nobis
515 3137 834 3208 exemplum
873 3137 1150 3192 imitandae
1188 3135 1402 3208 pietatis
1469 3135 1782 3190 ostenderet
1816 3133 1905 3197 ;in
1939 3129 1987 3191 C
2017 3137 2071 3184 et
2107 3145 2206 3200 spe
2243 3137 2296 3184 et
2323 3129 2608 3184 charitate.
2654 3129 2754 3183 Per
2784 3128 2887 3183 ista
2909 3127 3052 3183 enim
3086 3129 3278 3184 vivitur
3306 3130 3358 3184 in
3381 3131 3474 3186 illa
3504 3133 3618 3189 vita

309 3227 478 3282 altero
508 3225 671 3282 ﬁdem
705 3227 967 3282 miranda
993 3225 1216 3298 pietatis
1248 3233 1535 3280 astrueret.

385 3394 406 3420 ιι
427 3371 496 3425 Et
514 3371 748 3427 accessit
797 3378 850 3427 et
870 3370 1033 3443 titigit
1053 3369 1311 3426 loculum.
1359 3368 1424 3423 Hi
1446 3375 1626 3423 autem
1658 3367 1748 3438 qui
1773 3382 1910 3437 por-

311 3459 501 3514 tabant
535 3467 819 3515 steterunt.
858 3483 878 3509 «ι
919 3460 1150 3515 Loculus
1200 3459 1259 3512 in
1282 3475 1388 3530 quo
1433 3466 1679 3512 mortuus
1710 3455 1911 3512 eﬂ'ere-

309 3549 487 3614 batur,
521 3549 662 3603 male
693 3564 890 3604 secura
922 3547 1194 3618 desperati
1227 3547 1537 3617 peccatoris
1578 3545 1910 3601 conscientia

312 3639 421 3684 est.
490 3628 596 3696 Qui
636 3645 765 3684 vero
822 3629 1203 3699 sepeliendum
1245 3635 1462 3697 portant
1505 3626 1589 3681 vel
1629 3625 1910 3679 immunda

311 3717 583 3772 desideria
616 3725 739 3771 sunt
777 3733 899 3788 quae
963 3717 1214 3771 homines
1254 3716 1472 3786 rapiunt
1510 3715 1566 3768 in
1605 3713 1908 3780 interitum,

310 3806 399 3862 vel
433 3815 701 3860 venenata
733 3805 1433 3871 lenociniablandientium,
1469 3821 1589 3876 qua}
1619 3810 1912 3873 peccantes

311 3893 470 3966 quasi
502 3910 710 3966 aggere
744 3891 902 3950 terra:
929 3895 1196 3949 obruunt.
1249 3893 1488 3948 Domino
1517 3892 1754 3948 loculum
1786 3899 1911 3945 tan-

306 3991 471 4054 gente
537 3984 743 4038 funeris
807 3983 973 4053 bajuli
1041 3991 1326 4049 steterunt,
1394 3982 1524 4054 quia
1575 3980 1912 4036 conscientia

309 4079 513 4127 attacta
584 4072 872 4128 formidine
941 4071 1168 4144 superni
1227 4071 1418 4141 judicii
1482 4070 1776 4126 revertitur
1843 4069 1912 4123 ad

307 4160 573 4231 seipsam,
644 4177 906 4218 coercens
970 4161 1222 4218 carnales
1259 4161 1567 4232 voluptates
1599 4167 1654 4214 et
1683 4158 1914 4228 injustos

306 4247 624 4306 laudatores
637 4291 650 4305 .

390 4414 412 4439 «ι
443 4391 513 4446 Et
543 4391 616 4446 ait
651 4407 662 4446 :
697 4391 1053 4458 Adolescens,
1094 4391 1191 4445 tibi
1221 4391 1366 4456 dico,
1405 4406 1598 4461 surge.
1663 4390 1731 4444 Et
1760 4404 1912 4444 rese-

2019 3234 2126 3288 qua
2155 3217 2348 3273 vivitur
2403 3217 2457 3271 in
2490 3217 2742 3272 Domino.
2794 3218 2862 3271 Et
2906 3217 3156 3288 quaedam
3203 3218 3310 3273 vita
3356 3236 3459 3290 qua
3491 3236 3616 3277 cor—

2019 3323 2122 3378 pus
2145 3306 2273 3362 vivit
2305 3322 2373 3362 ex
2405 3306 2603 3371 anima,
2664 3313 2718 3360 et
2748 3313 2830 3360 est
2852 3305 3100 3374 quaedam
3132 3306 3245 3360 vita
3301 3324 3402 3378 qua
3435 3309 3613 3366 anima

2019 3395 2152 3452 vivit
2190 3410 2261 3450 ex
2305 3396 2440 3450 Dro.
2479 3396 2637 3450 Nunc
2665 3393 2884 3463 quidem
2925 3391 3049 3460 fide,
3091 3402 3145 3449 et
3175 3411 3272 3465 spe
3303 3400 3358 3450 et
3386 3397 3616 3454 charita-

2022 3503 2074 3550 te
2109 3513 2123 3560 ;
2155 3501 2346 3564 postea
2371 3508 2506 3548 vero
2543 3507 2643 3563 pro
2684 3490 2789 3546 ﬁde
2820 3499 2872 3545 et
2904 3508 3020 3561 spe,
3055 3493 3534 3564 contemplatione,
3556 3513 3613 3552 re

2019 3591 2274 3638 manente
2305 3582 2618 3636 dilectione.
2667 3581 2789 3634 Non
2816 3579 2982 3652 igitur
3035 3595 3237 3636 nocere
3266 3590 3446 3652 potest
3487 3585 3612 3640 ani-

2023 3689 2151 3740 mae,
2183 3671 2229 3725 si
2258 3687 2460 3740 corpus
2492 3670 2656 3724 vitam
2696 3685 2852 3723 suam
2884 3668 3086 3738 perdit,
3121 3671 3340 3740 quando
3374 3671 3494 3742 ipsa
3526 3673 3615 3728 vi-

2019 3772 2126 3816 tam
2177 3777 2351 3824 suam,
2413 3759 2469 3812 in
2502 3757 2628 3823 fide,
2685 3767 2736 3811 et
2767 3775 2863 3828 spe
2905 3767 2958 3812 et
2992 3758 3254 3814 charitate
3285 3761 3611 3831 persistens,

2021 3868 2132 3906 non
2164 3850 2380 3905 amittit.
2423 3848 2597 3902 Nemo
2654 3863 2785 3917 ergo
2816 3847 2947 3900 mihi
3003 3848 3149 3902 dicat
3183 3863 3195 3901 :
3231 3848 3333 3916 Qui
3390 3867 3614 3920 parvam

2021 3947 2211 4016 ﬁdem,
2263 3955 2315 4001 et
2352 3962 2506 4015 spem
2537 3959 2765 4014 parvam
2806 3953 2859 3999 et
2887 3961 3111 4014 parvam
3158 3946 3480 4002 charitatem
3511 3950 3606 4004 ha-

2020 4037 2169 4101 bent,
2202 4051 2310 4090 non
2332 4033 2633 4089 salvantur.
2684 4034 2835 4105 Ergo
2865 4048 2971 4088 non
3023 4049 3313 4089 mensuro.
3354 4036 3614 4093 Crescant

2023 4134 2280 4198 quantum
2312 4122 2517 4179 volunt.
2573 4121 2786 4190 Quanto
2837 4122 3091 4190 majores,
3125 4130 3271 4178 tanto
3327 4125 3604 4182 meliores.

2023 4218 2227 4273 Tamen
2257 4229 2361 4285 ego
2390 4211 2513 4267 illos
2542 4211 2914 4267 condemnare
2944 4227 3056 4266 non
3084 4211 3261 4267 audeo
3321 4223 3611 4285 quantum-

2020 4314 2103 4370 vis
2133 4312 2291 4385 parvi
2331 4310 2463 4365 sint.
2513 4311 2595 4363 Ex
2637 4325 2742 4381 quo
2768 4309 2880 4363 nati
2911 4316 3036 4364 sunt
3075 4325 3140 4364 ex
3174 4310 3310 4375 Deo,
3351 4309 3446 4365 ﬁlii
3489 4322 3614 4369 sunt

2022 4403 2141 4459 Dei.
2177 4403 2339 4456 Putas
2369 4398 2494 4471 quia
2524 4414 2760 4469 magnos
2788 4396 2928 4452 filios
2959 4398 3109 4452 Deus
3138 4397 3390 4466 salvabit,
3410 4408 3461 4455 et
3481 4417 3614 4472 per-

310 4480 390 4536 dit
418 4480 507 4551 qui
538 4489 654 4535 erat
685 4489 962 4545 mortuus,
997 4487 1050 4534 et
1078 4479 1242 4549 erepit
1268 4478 1436 4550 loqui.
1468 4480 1535 4532 Et
1567 4478 1714 4532 dedit
1755 4477 1906 4532 illum

2024 4504 2121 4544 vos
2176 4482 2908 4553 condemnabit?Scriptura
2953 4482 3082 4536 mihi
3127 4482 3256 4538 dicit
3289 4501 3302 4538 :
3338 4508 3358 4532 α
3394 4488 3612 4557 lmper-

309 4569 471 4625 matri
503 4585 638 4624 suae.
688 4592 708 4617 η
743 4567 969 4623 Residet
998 4567 1089 4638 qui
1117 4575 1236 4622 erat
1265 4575 1513 4621 mortuus
1554 4583 1677 4622 cum
1700 4567 1912 4621 interna

311 4665 729 4737 compunctione
760 4664 1040 4720 reviviscit
1061 4671 1338 4734 peccator.
1364 4663 1555 4734 Incipit
1581 4663 1750 4735 loqui,
1785 4677 1908 4717 cum

312 4754 561 4810 ostendit
591 4770 655 4809 se
685 4753 870 4808 redire
897 4754 967 4808 ad
997 4768 1184 4809 veram
1214 4754 1398 4809 vitam.
1444 4751 1705 4807 Redditur
1725 4751 1908 4818 matri,

309 4859 433 4900 cum
465 4860 562 4914 per
590 4843 928 4899 sacerdotale
951 4843 1214 4912 judicium
1249 4841 1620 4898 communioni
1670 4841 1911 4896 sociatur

308 4932 587 4988 Ecclesiae.

384 5098 405 5124 α
442 5075 668 5146 Accepit
707 5084 888 5130 autem
948 5092 1140 5131 omnes
1180 5077 1340 5129 timor
1382 5081 1433 5128 et
1490 5070 1910 5144 magniﬁrabant

305 5163 502 5230 Deum,
532 5165 812 5220 dicentes:
840 5163 976 5232 Quia
1000 5166 1264 5235 propheta
1297 5178 1532 5235 magnus
1586 5159 1824 5215 surrexit
1853 5160 1908 5214 in

305 5251 484 5316 nobis,
545 5263 600 5306 et
631 5254 762 5323 quia
792 5253 939 5307 Deus
959 5253 1198 5308 visitavit
1238 5253 1455 5324 plebem
1507 5266 1682 5304 suam.
1704 5249 1910 5304 Omnes

305 5338 756 5411 magniﬁcabant,
790 5340 843 5394 id
879 5349 960 5396 est
983 5340 1279 5396 laudabant
1309 5343 1506 5404 Deum,
1543 5338 1670 5412 quia
1707 5347 1910 5410 quanto

307 5428 530 5500 gravior
559 5435 641 5482 est
681 5444 860 5493 casus,
893 5436 1042 5484 tanto
1093 5431 1269 5500 pietas
1302 5429 1568 5500 erigentis
1591 5427 1801 5501 gratior
1858 5433 1912 5481 et

309 5540 440 5595 spes
469 5523 660 5578 salutis
688 5525 1078 5595 paenitentibus
1131 5536 1213 5581 est
1243 5527 1460 5582 certior.
1488 5526 1733 5581 Visitavit
1762 5525 1909 5580 Deus

307 5612 548 5684 plebem,
595 5625 648 5667 et
679 5613 807 5667 dum
859 5614 1090 5668 Verbum
1141 5632 1299 5669 suum
1333 5615 1505 5670 semel
1562 5611 1910 5687 incorporari

309 5701 612 5770 constituit,
670 5711 723 5758 et
754 5702 996 5774 quotidie
1053 5703 1308 5774 Spiritum
1367 5711 1621 5760 sanctum
1653 5705 1709 5761 in
1744 5702 1911 5762 corda

309 5798 500 5847 nostra
529 5789 789 5848 mittendo
819 5798 874 5846 ut
903 5791 1251 5848 suscitemur.

2019 4579 2217 4634 fectum
2232 4590 2411 4630 meum
2434 4572 2686 4628 viderunt
2707 4571 2850 4627 oculi
2873 4571 2966 4639 tui,
3001 4579 3055 4626 et
3080 4570 3134 4625 in
3185 4571 3324 4628 libro
3358 4580 3452 4630 tuo
3482 4591 3606 4631 om-

2018 4683 2118 4722 nes
2149 4665 2463 4722 scribentur
2493 4663 2668 4732 (Psal.
2692 4663 2990 4728 cxxxvm).
3028 4682 3049 4708 υ
3087 4661 3143 4715 Si
3174 4676 3365 4716 omnes
3393 4679 3530 4736 ergo
3561 4673 3615 4720 et

2018 4755 2202 4828 magni
2232 4762 2284 4809 et
2303 4752 2480 4825 parvi,
2523 4751 2652 4824 quid
2677 4757 2758 4805 est
2777 4774 2798 4798 ‹‹
2823 4749 2966 4804 oculi
3011 4748 3352 4805 tuividerunt
3379 4752 3406 4806 ?
3441 4777 3462 4800 η
3498 4754 3612 4824 Ap-

2021 4846 2407 4917 probaverunt.
2445 4841 2589 4909 Quid
2622 4847 2700 4894 est
2736 4863 2758 4887 «
2794 4839 2848 4892 in
2880 4839 3020 4893 libro
3041 4839 3351 4894 scribuntur
3378 4842 3407 4894 ‘2
3442 4865 3462 4888 η
3497 4842 3614 4898 sal.

2017 4935 2314 4990 vabuntur.
2353 4933 2503 5002 Ergo
2522 4927 2822 5000 imperfecti
2848 4943 3064 4999 quoque
3095 4928 3469 4983 salvabuntur.
3507 4929 3614 5000 Qui

2019 5033 2160 5089 enim
2201 5028 2511 5102 imperfecti
2543 5034 2686 5092 sunt,
2720 5024 2924 5096 aliquid
2956 5032 3101 5094 sunt,
3135 5033 3190 5079 et
3219 5025 3383 5098 aliqui
3440 5038 3563 5084 sunt
3595 5046 3609 5086 :

2019 5140 2071 5187 et
2128 5131 2179 5184 in
2228 5142 2456 5182 numero
2503 5132 2775 5196 ponuntur
2828 5130 2880 5176 et
2920 5123 3254 5178 scribuntur.
3322 5123 3425 5194 Qui
3482 5126 3615 5182 nihil

2019 5227 2163 5286 sunt,
2197 5216 2331 5271 nulli
2390 5223 2513 5268 sunt
2547 5228 2558 5267 :
2593 5229 2694 5268 nec
2715 5212 2879 5268 scribi
2927 5219 3016 5266 aut
3075 5213 3353 5268 numerari
3408 5215 3613 5272 habent

2019 5309 2108 5382 qui
2138 5305 2270 5361 nihil
2299 5305 2522 5358 habent.
2557 5303 2703 5375 Ergo
2733 5322 2754 5352 ι
2813 5301 2961 5356 omni
2991 5301 3208 5356 habenti
3265 5303 3499 5374 dabitur,
3561 5315 3615 5361 et

2018 5404 2317 5463 abundabit
2350 5402 2574 5470 (Matth.
2608 5401 2724 5469 xv).
2755 5422 2776 5446 υ
2802 5399 2964 5453 Omni
2995 5399 3213 5454 habenti
3233 5403 3484 5457 meritum
3505 5405 3610 5460 da-

2018 5498 2164 5553 bitur
2193 5492 2504 5566 przemium.
2543 5490 2664 5543 Non
2687 5487 2851 5541 dixit:
2881 5487 3109 5542 Habenti
3153 5505 3414 5562 magnum
3453 5493 3614 5548 meri-

2021 5596 2132 5643 tum
2160 5583 2378 5638 dabitur
2409 5577 2714 5651 praemium,
2746 5583 2800 5632 et
2826 5591 3056 5645 parvum
3115 5580 3360 5634 meritum
3391 5581 3614 5637 habenti

2019 5698 2129 5740 non
2161 5680 2375 5736 dabitur
2409 5696 2423 5731 :
2456 5673 2727 5754 sedomni
2756 5672 2998 5741 habenti,
3049 5673 3240 5746 inquit,
3285 5675 3521 5744 dabitur,
3563 5687 3615 5733 et

2019 5778 2343 5841 abundabit.
2381 5777 2534 5850 Ergo
2557 5774 2721 5832 etiam
2737 5772 2828 5830 ille
2860 5771 2953 5844 qui
2981 5787 3211 5844 parvum
3239 5773 3503 5831 meritum
3527 5775 3615 5833 ha-
