3972 6076
460 210 600 264 1155

1597 221 1934 278 ΨΕΒΝΕΜ
1977 226 2265 284 ABBATIS
2304 231 2356 285 S.
2402 232 2616 289 BLASll

3633 248 3767 301 1155

462 336 572 404 bet,
615 350 736 390 cum
767 337 1052 406 praemium
1083 341 1354 411 acceperit
1377 342 1509 397 satis
1538 343 1780 409 habebit,
1805 347 2050 415 quamvis
2079 350 2133 408 A
2164 352 2278 406 sola
2332 356 2657 422 subsistens,
2717 361 2789 415 ad
2820 363 3067 434 corporis
3124 365 3545 426 viviﬁcationem
3589 371 3766 427 effusa

460 441 569 479 non
603 433 805 478 tantum
838 427 1055 481 habebit
1086 438 1343 500 quantum
1372 431 1463 486 ille
1494 431 1583 502 qui
1609 448 1866 502 magnum
1898 437 2052 490 meri-

457 522 571 567 tum
614 514 864 568 habebit.
913 515 1067 571 Solus
1133 518 1233 573 iste
1297 519 1598 574 excluditur
1635 538 1664 576 a
1701 523 2051 594 percipiendo

450 611 689 681 praemio
721 612 811 682 qui
851 613 984 666 nihil
1017 615 1175 669 habet
1213 616 1281 670 de
1311 618 1534 673 merito.
1573 618 1775 674 Omnes
1808 637 1942 690 ergo
1959 621 2049 690 qui

452 698 508 752 in
571 700 805 755 Domino
848 702 1172 768 moriuntur,
1240 705 1380 759 beati
1437 716 1578 771 sunt,
1623 709 1744 779 quia
1784 718 1904 778 post
1928 726 2046 764 me-

451 789 616 843 ritum
691 790 905 844 virtutis
977 793 1303 861 perveniunt
1378 795 1445 849 ad
1511 797 1793 866 praemium
1825 799 2049 854 beatitu-

448 877 613 933 dinis.

516 1003 598 1058 De
631 1003 774 1058 exitu
802 1012 986 1060 autem
1016 1007 1318 1062 animarum
1375 1009 1531 1064 multi
1563 1019 1824 1082 quaerunt.
1882 1013 2042 1068 Multa

445 1100 628 1147 autem
661 1093 830 1164 quaeri
870 1103 1103 1164 possunt
1136 1116 1148 1151 :
1185 1097 1230 1151 si
1261 1099 1637 1154 tamenomnia
1655 1101 1823 1169 quaeri
1843 1101 2043 1158 debent

452 1197 570 1252 quae
601 1190 832 1252 possunt
864 1183 1052 1253 quaeri.
1087 1183 1348 1252 Quaerunt
1378 1187 1626 1242 homines
1655 1189 1724 1243 de
1745 1189 1886 1244 exitu
1926 1191 2043 1244 ani-

448 1285 661 1324 marum
697 1270 928 1341 qualiter
956 1287 987 1326 a
1011 1273 1265 1327 cordibus
1285 1283 1498 1343 exeant,
1533 1284 1586 1330 et
1613 1292 1718 1348 quo
1775 1287 2039 1336 exeuntes

442 1375 696 1438 pergant,
733 1368 842 1431 vel,
877 1385 1002 1422 cum
1051 1371 1403 1439 pervenerint
1456 1389 1564 1442 quo
1592 1382 1847 1446 pergunt,
1909 1375 2038 1446 quid

441 1455 750 1524 inveniant,
815 1456 898 1510 vel
923 1457 1052 1526 quid
1089 1459 1398 1528 percipiant
1439 1465 1852 1518 autsustineant
1881 1464 2034 1520 ‘ISed

439 1545 559 1599 hac
597 1544 788 1599 omnia
821 1546 1000 1616 magis
1041 1546 1278 1602 timenda
1321 1555 1448 1603 sunt
1505 1567 1666 1621 quam
1709 1553 2026 1622 quaerenda.

432 1643 562 1698 Ideo
594 1642 799 1714 quippe
851 1644 1170 1699 abscondita
1201 1655 1345 1711 sunt,
1381 1664 1449 1702 ne
1481 1658 1795 1720 quaerantur
1825 1659 1918 1706 aut
1947 1651 2034 1706 in—

434 1731 744 1798 veniantur,
785 1733 886 1786 sed
927 1733 1248 1789 timeantur.
1297 1734 1431 1803 Quis
1459 1737 1601 1790 enim
1632 1754 1853 1794 securus
1912 1756 2035 1796 esse

433 1827 615 1890 potest
645 1820 699 1874 in
717 1820 984 1876 incertum
1023 1838 1260 1894 pergens
1282 1825 1310 1876 ‘?
1327 1825 1442 1880 Hoc
1467 1835 1645 1881 autem
1662 1827 1928 1882 incertum
1947 1845 2034 1884 so-

435 1909 546 1964 lum
587 1926 710 1965 esse
753 1925 863 1964 non
905 1911 1090 1975 debet,
1133 1913 1268 1981 quia
1298 1913 1494 1968 bonam
1533 1915 1699 1970 vitam
1734 1918 1888 1988 sequi
1923 1933 2033 1973 non

431 2006 615 2069 potest
653 1998 802 2053 mala
841 2015 1009 2054 mors.
1039 2000 1180 2054 Mala
1215 2001 1357 2056 enim
1393 2018 1540 2057 mors
1560 2019 1668 2058 non
1703 2013 1805 2071 est,
1838 2006 1941 2060 nisi
1967 2021 2029 2061 ea

427 2087 546 2142 sola
596 2103 760 2158 quam
805 2088 956 2142 mala
998 2099 1319 2160 sequuntur.
1375 2091 1482 2159 Qui
1527 2108 1660 2164 ergo
1699 2093 1842 2148 bene
1890 2095 2030 2149 mori

424 2183 562 2249 vult,
616 2184 759 2238 bene
782 2183 945 2249 vivat,
983 2184 1238 2254 quoniam
1287 2201 1352 2240 ea
1376 2203 1494 2255 quae
1515 2198 1635 2257 post
1656 2197 1880 2244 mortem
1936 2208 2028 2246 ve-

428 2273 604 2338 niunt,
655 2280 844 2326 contra
885 2288 946 2326 ea
987 2273 1369 2342 disponuntur,
1410 2284 1462 2329 et
1483 2278 1779 2331 secundum
1829 2294 1898 2333 ea
1932 2296 2027 2335 re-

427 2361 734 2414 tribuuntur
755 2376 877 2428 quae
897 2368 1021 2414 ante
1065 2369 1294 2415 mortem
1325 2362 1494 2418 invita
1541 2366 1880 2435 praecedunt.
1929 2369 2028 2424 Us-

427 2465 534 2520 que
554 2448 623 2502 ad
647 2456 872 2502 mortem
892 2448 1143 2502 meritum
1183 2457 1266 2504 est
1289 2465 1301 2504 :
1326 2459 1704 2521 post_mortem
1725 2470 1856 2511 vero
1884 2473 2024 2526 prae-

419 2547 605 2602 mium.
638 2547 784 2602 Mors
808 2546 992 2601 media
1026 2556 1129 2614 est,
1171 2547 1224 2602 in
1241 2564 1347 2620 qua
1396 2549 1514 2605 dies
1553 2552 1772 2606 Domini
1809 2552 2015 2625 incipit,

419 2635 538 2690 dies
564 2635 798 2689 hominis
838 2634 1000 2689 finem
1023 2636 1245 2706 accipit.
1291 2639 1350 2690 In
1374 2639 1461 2693 die
1479 2655 1581 2695 suo
1602 2641 1764 2696 homo
1803 2643 1906 2696 sibi
1942 2659 2024 2699 re-

419 2724 698 2796 linquitur,
741 2725 960 2794 utquod
997 2725 1111 2780 vult
1131 2727 1492 2795 operetur;in
1513 2729 1603 2784 die
1642 2746 1773 2785 vero
1800 2731 2019 2787 Domini

408 2813 524 2884 jam
550 2813 601 2867 in
627 2821 899 2884 potestate
929 2829 1028 2868 sua
1055 2829 1162 2869 non
1181 2823 1263 2870 est
1291 2815 1478 2881 homo,
1501 2819 1599 2872 sed
1637 2818 1690 2872 in
1733 2819 1876 2874 illius
1911 2837 2015 2891 po-

411 2910 608 2958 testate
631 2902 697 2956 ad
727 2918 888 2971 quem
913 2903 1057 2958 venit
1080 2911 1136 2957 ut
1155 2910 1561 2961 remuneretur.
1611 2908 1908 2978 Propterea
1945 2911 2012 2965 ad

411 2999 687 3054 hominem
731 2999 961 3068 pertinet
1008 3007 1068 3054 ut
1118 3000 1173 3054 id
1209 3001 1384 3056 solum
1434 3003 1580 3074 quod
1615 3004 1718 3058 sibi
1747 3006 2007 3060 commis-

2161 456 2271 496 non
2303 453 2404 498 est.
2442 445 2670 513 Quando
2703 466 2831 505 vero
2860 451 2913 505 in
2947 468 3176 524 corpore
3214 473 3323 512 non
3362 467 3463 525 est,
3511 476 3626 514 non
3677 471 3765 516 est

2160 529 2212 582 in
2245 530 2386 597 loco,
2421 536 2543 604 quia
2571 536 2727 592 locus
2757 556 2865 594 non
2898 550 2979 596 est
3006 541 3106 598 nisi
3139 544 3193 598 in
3224 561 3478 617 corpore.
3520 548 3761 618 Quando

2157 628 2336 674 autem
2369 632 2527 678 extra
2557 642 2755 698 corpus
2811 637 2913 696 est,
2946 639 2998 686 et
3041 642 3194 688 extra
3226 633 3402 691 locum
3452 645 3536 693 est
3563 656 3577 694 :
3615 639 3761 693 inter

2156 716 2329 786 ipsam
2361 727 2415 775 et
2460 738 2660 794 corpus
2692 741 2799 780 non
2831 735 2914 781 est
2963 726 3137 796 locus,
3171 739 3222 785 et
3251 732 3534 804 aequaliter
3589 735 3759 789 distat

2155 806 2223 860 ab
2253 809 2400 862 omni
2429 826 2682 882 corpore,
2717 815 2844 885 quia
2874 815 3013 871 inter
3042 819 3218 888 ipsam
3233 829 3285 874 et
3316 837 3515 894 corpus
3543 824 3754 878 nullum

2155 903 2237 950 est
2266 912 2483 970 corpus.
2518 902 2574 956 Si
2600 919 2724 958 vero
2755 904 2895 959 inter
2924 906 3100 976 ipsam
3131 917 3185 964 et
3214 925 3414 980 corpus
3444 911 3652 966 nullum
3671 921 3754 969 est

2152 999 2372 1056 corpus,
2403 997 2618 1044 constat
2664 991 2911 1062 prot‘ecto
2941 995 3070 1067 quia
3113 996 3254 1053 inter
3307 999 3483 1070 ipsam
3505 1010 3558 1056 et
3588 1017 3750 1058 omne

2152 1096 2354 1154 corpus
2383 1087 2565 1143 nullus
2597 1097 2680 1144 est
2706 1089 2874 1158 locus,
2913 1093 3045 1164 quia
3076 1093 3230 1151 locus
3249 1112 3359 1152 non
3398 1105 3481 1152 est
3500 1098 3598 1153 ubi
3640 1116 3749 1154 non

2150 1179 2234 1227 est
2282 1189 2511 1246 corpus.
2576 1177 2732 1234 Unde
2785 1179 2956 1252 igitur
2991 1190 3145 1239 extra
3199 1200 3362 1241 omne
3417 1202 3621 1258 corpus
3662 1197 3747 1243 est

2151 1271 2408 1332 quantum
2448 1265 2517 1320 ad
2562 1266 2763 1334 locum,
2823 1271 3109 1342 aequaliter
3127 1289 3302 1345 prepa
3331 1282 3414 1330 est
3443 1277 3597 1330 omni
3628 1293 3746 1333 cor-

2148 1359 2289 1428 pori,
2309 1361 2432 1431 quia
2463 1363 2509 1416 si
2539 1373 2699 1420 extra
2738 1381 2937 1438 corpus
2991 1370 3168 1439 posita
3201 1371 3292 1426 uni
3323 1375 3540 1444 corpori
3607 1391 3741 1445 pro-

2146 1447 2283 1518 pior,
2303 1457 2359 1504 et
2387 1451 2545 1506 alteri
2575 1455 2836 1511 remotior
2883 1466 3047 1522 esset,
3097 1459 3235 1516 intra
3261 1460 3437 1532 ipsam
3493 1464 3741 1533 profecto

2145 1553 2198 1599 et
2229 1561 2426 1617 corpus
2456 1551 2691 1620 spatium
2749 1561 2918 1610 esset.
2986 1556 3043 1610 Si
3073 1558 3302 1626 spatium
3359 1568 3522 1626 esset,
3585 1561 3739 1618 locus

2144 1642 2289 1688 esset
2322 1651 2338 1703 ;
2370 1637 2414 1691 si
2446 1637 2600 1694 locus
2629 1649 2795 1708 esset,
2847 1658 3045 1714 corpus
3075 1654 3248 1701 esset.
3288 1647 3344 1702 Si
3371 1657 3550 1705 autem
3599 1650 3742 1706 inter

2065 1709 2116 1769 B
2148 1720 2318 1792 ipsam
2353 1734 2404 1780 et
2434 1742 2596 1783 omne
2651 1745 2868 1801 corpus,
2903 1747 3105 1803 corpus
3155 1743 3322 1802 esset,
3372 1746 3526 1792 extra
3577 1754 3741 1796 omne

2143 1826 2344 1883 corpus
2374 1830 2570 1886 corpus
2600 1827 2764 1886 esset,
2798 1821 2942 1892 quod
2972 1820 3091 1878 ﬁeri
3124 1839 3230 1879 non
3261 1833 3461 1896 potest.

2213 1937 2397 2009 Itaque
2449 1940 2654 1996 dictum
2710 1945 2941 2016 estquia
2970 1947 3146 2001 anima
3179 1964 3358 2020 neque
3386 1966 3487 2021 per
3540 1967 3736 2023 corpus

2141 2040 2174 2080 a
2202 2042 2435 2096 corpore
2467 2032 2688 2098 recedit,
2724 2049 2902 2104 neque
2919 2051 3020 2106 per
3041 2051 3239 2108 corpus
3269 2039 3337 2093 ad
3361 2055 3564 2111 corpus
3585 2056 3738 2097 acce-

2135 2115 2232 2168 dit.
2271 2117 2336 2170 Et
2365 2117 2489 2173 ideo
2517 2135 2616 2176 nec
2637 2121 2763 2177 loco
2793 2133 3064 2192 movetur,
3085 2133 3142 2180 ut
3160 2127 3380 2182 recedat
3430 2145 3462 2183 a
3498 2145 3734 2202 corpore

2139 2205 2285 2274 quod
2317 2215 2396 2261 est
2427 2222 2458 2261 a
2483 2207 2604 2264 loco
2641 2225 2655 2279 ;
2687 2227 2787 2266 nec
2817 2212 2940 2268 loco
2996 2224 3247 2270 movetur
3294 2227 3348 2271 ut
3379 2218 3604 2273 accedat
3659 2221 3730 2275 ad

2136 2316 2336 2372 corpus
2365 2306 2509 2376 quod
2540 2315 2626 2360 est
2658 2307 2712 2361 in
2743 2309 2884 2371 loco,
2923 2311 3070 2366 Inter
3098 2329 3314 2369 omnem
3345 2316 3490 2370 enim
3548 2316 3728 2372 locum

2133 2409 2182 2455 et
2215 2401 2270 2455 id
2303 2404 2446 2474 quod
2478 2414 2560 2459 est
2592 2406 2644 2460 in
2675 2408 2824 2464 nullo
2846 2408 2967 2465 loco
2995 2410 3177 2466 nullus
3199 2421 3280 2467 est
3301 2415 3474 2470 locus.
3494 2415 3730 2486 Propter

2132 2489 2235 2546 hoc
2267 2491 2450 2563 itaque
2481 2493 2683 2550 dictum
2705 2500 3062 2570 putantquod
3081 2501 3308 2571 spiritus
3338 2513 3548 2559 creatus
3581 2513 3722 2560 tem-

2129 2595 2262 2648 pore
2293 2581 2512 2652 quidem
2545 2594 2821 2650 movetur,
2863 2587 2991 2658 quia
3018 2590 3292 2646 motabilis
3322 2600 3440 2662 est;
3470 2594 3564 2648 sed
3596 2594 3719 2650 loco

2125 2693 2236 2732 non
2262 2688 2532 2748 movetur,
2593 2684 2720 2754 quia
2776 2701 2876 2740 nec
2934 2687 3055 2742 loco
3095 2698 3341 2744 movetur
3379 2692 3646 2747 recedens
3685 2707 3720 2747 a

2125 2781 2357 2838 corpore
2391 2771 2533 2841 quod
2555 2779 2640 2826 est
2669 2788 2701 2827 a
2731 2773 2874 2843 loco,
2901 2791 3003 2832 nec
3037 2776 3157 2832 loco
3187 2788 3436 2835 movetur
3454 2782 3722 2837 accedens

2123 2865 2191 2919 ad
2216 2881 2414 2936 corpus
2446 2869 2587 2940 quod
2611 2879 2690 2925 est
2729 2871 2782 2924 in
2831 2872 2977 2928 loco.
3016 2875 3206 2947 Neque
3236 2877 3381 2931 enim
3437 2891 3715 2946 movetur,

2122 2956 2339 3024 quando
2372 2958 2571 3012 recedit
2601 2974 2633 3013 a
2665 2959 2821 3026 loco;
2861 2978 3039 3034 neque
3071 2963 3270 3020 iterum
3290 2966 3412 3022 loco
3441 2977 3711 3033 movetur,

407 3051 525 3142 .1...
707 3051 1178 3158 ιςεέλεάίερδέιεᾱ,
1211 3051 2004 3165 saga:g'a.;m;'."g.;;d
2037 3068 2085 3129 α
2117 3051 2335 3165 qua?“
2366 3055 2580 3160 accedit
2611 3057 2678 3110 εδ
2709 3056 2924 3165 laeua;
2956 3059 3363 3165 E‘iawedo
3393 3063 3445 3118 ίη
3475 3081 3711 3165 comae

414 3199 523 3238 non
553 3182 932 3253 commissum,
983 3185 1077 3238 sed
1101 3185 1433 3254 promissum
1452 3187 1551 3242 sibi
1585 3197 1686 3254 est,
1728 3190 1869 3245 illius
1920 3208 2006 3246 ar-

409 3271 568 3326 bitrio
597 3288 630 3327 a
652 3272 799 3343 quod
817 3272 948 3326 illud
969 3272 1183 3344 impleri
1204 3283 1413 3345 oportet
1434 3276 1728 3347 relinquat.

473 3395 623 3450 Multi
644 3403 890 3467 quaerunt
908 3395 975 3451 de
1003 3397 1152 3451 exitu
1184 3397 1484 3453 animarum
1521 3401 1794 3471 quomodo
1816 3417 1847 3457 a
1867 3419 1997 3459 cor-

398 3486 629 3555 poribus
670 3483 1018 3556 egrediantur
1053 3487 1266 3555 animm,
1303 3488 1415 3542 sive
1451 3489 1656 3545 scilicet
1683 3491 1786 3547 hoc
1832 3494 1994 3549 modo

402 3582 462 3629 ut
498 3574 864 3628 essentialiter
914 3582 967 3628 et
1020 3574 1270 3630 localiter
1324 3577 1469 3632 foras
1509 3580 1878 3650 egrediantur,
1939 3591 1995 3637 ut

395 3677 553 3726 extra
588 3684 710 3723 esse
751 3667 1031 3738 incipiant,
1067 3671 1222 3741 quasi
1250 3674 1645 3728 exclusaezsive
1667 3676 1770 3730 hoc
1819 3676 1992 3732 solum

403 3759 483 3815 eis
515 3757 704 3828 egredi
739 3757 824 3825 sit,
862 3758 1008 3829 quod
1031 3773 1088 3813 se
1105 3774 1136 3812 a
1159 3758 1518 3816 vivi'licatione
1537 3777 1822 3834 corporum
1865 3767 1991 3821 sub-

394 3848 643 3915 trahunt,
668 3855 719 3902 et
742 3846 980 3919 quasiad
1003 3862 1061 3902 se
1086 3846 1406 3918 colligentes
1423 3865 1454 3904 a
1484 3853 1821 3922 vegetatione
1868 3870 1988 3910 cor-

386 3953 584 4010 porum
618 3944 857 4003 cessant,
895 3944 954 3991 ut
988 3935 1042 3989 in
1093 3937 1401 4008 semetipsis
1441 3940 1767 3995 subsistant.
1821 3942 1986 3999 Verbi

386 4027 561 4099 gratia
603 4045 614 4081 :
658 4026 873 4098 quando
921 4025 1078 4081 ﬂatus
1096 4026 1198 4082 iste
1231 4042 1530 4099 corporeus
1552 4029 1799 4102 spiratur,
1822 4048 1983 4104 egre-

385 4125 536 4181 ditur
563 4142 594 4181 a
615 4141 868 4197 corpore,
917 4125 1108 4196 incipit
1145 4127 1504 4184 essentialiter
1536 4137 1697 4202 atque
1735 4131 1983 4187 localiter

385 4225 538 4271 extra
573 4231 774 4286 corpus
797 4231 920 4270 esse
937 4215 1027 4286 qui
1049 4216 1198 4286 prius
1232 4217 1599 4273 essentialiter
1644 4227 1805 4293 atque
1833 4220 1980 4278 loca-

383 4312 505 4368 liter
553 4313 695 4367 infra
745 4328 943 4382 corpus
995 4312 1392 4369 continebatur.
1439 4315 1599 4371 Unde
1637 4333 1765 4373 vero
1787 4327 1978 4375 cortex

382 4417 638 4458 arescere
668 4401 854 4471 incipit
890 4401 943 4455 in
993 4401 1209 4468 arbore,
1247 4405 1361 4458 exit
1397 4404 1588 4460 humor
1644 4407 1713 4461 ab
1771 4407 1882 4475 illo,
1925 4417 1978 4464 et
2006 4431 2058 4492 D

380 4490 716 4547 contrahitur
749 4490 815 4543 ad
847 4489 1124 4558 interiora,
1182 4508 1364 4563 neque
1405 4492 1551 4548 foras
1589 4496 1866 4566 egreditur
1919 4505 1976 4551 ut

384 4587 537 4636 extra
569 4577 657 4646 sit,
687 4577 787 4633 sed
826 4577 1054 4634 interius
1073 4589 1316 4635 remanet
1344 4581 1398 4635 in
1430 4598 1495 4637 eo
1517 4583 1660 4654 quod
1685 4583 1825 4639 intus
1866 4595 1970 4653 est,

381 4678 497 4733 sive
519 4679 570 4733 in
595 4676 766 4749 ligno,
795 4676 908 4732 sive
926 4676 979 4730 in
1002 4677 1258 4744 medulla,
1298 4679 1425 4733 utin
1450 4681 1655 4736 cortice
1689 4681 1810 4752 ipso
1863 4700 1971 4740 non

370 4776 462 4831 sit.
501 4775 651 4830 Tunc
697 4774 918 4830 omnino
965 4772 1075 4829 exit
1122 4789 1155 4829 a
1199 4775 1422 4842 cortice,
1453 4786 1507 4831 ut
1539 4777 1590 4830 in
1622 4780 1824 4835 cortice
1862 4797 1971 4836 non

370 4866 458 4931 sit,
495 4881 672 4934 neque
710 4871 864 4919 extra
903 4863 1060 4935 quasi
1128 4865 1402 4920 exteriora
1443 4866 1672 4935 effusus,
1717 4869 1814 4924 sed
1862 4870 1970 4924 exit

371 4954 525 5026 quasi
553 4954 620 5008 ad
648 4953 901 5008 interiora
941 4951 1230 5008 collectus.
1283 4953 1409 5008 Etsi
1433 4955 1566 5010 forte
1600 4958 1795 5012 humor
1843 4975 1968 5013 rur-

369 5068 486 5106 sum
507 5051 577 5106 ab
600 5050 843 5106 interiori
882 5065 982 5105 suo
1018 5050 1266 5120 prodeat,
1313 5059 1370 5105 ut
1408 5068 1466 5107 se
1491 5053 1683 5108 iterum
1724 5054 1966 5110 etiundat

365 5139 423 5193 in
445 5140 724 5205 corticem,
766 5156 976 5194 rursum
1014 5139 1294 5196 revirescit
1319 5149 1512 5196 cortex
1555 5142 1666 5208 ille,
1705 5145 1960 5215 quoniam

366 5237 560 5291 humor
578 5236 632 5290 in
679 5237 798 5307 ipso
833 5245 914 5292 est
936 5239 1046 5294 vita
1069 5238 1210 5306 ejus.
1279 5238 1367 5293 Sic
1398 5249 1647 5309 quaerunt
1682 5241 1750 5296 de
1779 5242 1961 5297 anima

363 5324 580 5397 quando
635 5325 740 5379 exit
791 5341 823 5380 a
860 5342 1088 5398 corpore
1133 5335 1309 5382 utrum
1346 5327 1448 5383 hoc
1471 5329 1649 5384 solum
1687 5330 1768 5385 illi
1809 5332 1958 5387 exire

363 5424 452 5487 sit,
486 5422 632 5492 quod
661 5438 718 5476 se
758 5425 979 5478 retrahit
1034 5425 1102 5478 ad
1149 5441 1207 5479 se
1238 5441 1268 5479 a
1292 5425 1656 5483 viviticatione
1686 5429 1951 5501 corporis,

362 5531 413 5578 et
444 5522 496 5575 in
520 5522 623 5574 hoc
667 5518 913 5589 ipsojam
950 5520 1005 5574 in
1043 5535 1271 5592 corpore
1294 5539 1399 5579 non
1423 5532 1526 5592 est,
1560 5527 1706 5597 quod
1753 5543 1954 5600 corpus

359 5617 641 5675 viviﬁcare
658 5620 858 5671 cessat.
877 5617 936 5669 In
959 5617 1062 5672 hoc
1083 5618 1224 5673 enim
1246 5621 1480 5689 videtur,
1504 5624 1633 5695 quia
1672 5625 1790 5695 jam
1809 5643 1950 5696 quo-

358 5705 654 5764 dammodo
665 5711 818 5760 extra
837 5718 1000 5760 omne
1016 5719 1218 5776 corpus
1235 5716 1336 5774 est,
1363 5712 1529 5782 quod,
1555 5712 1609 5766 in
1645 5717 1946 5787 semetipsa

2111 3149 2288 3218 posita
2318 3150 2501 3205 anima
2531 3168 2726 3223 corpus
2749 3154 2995 3211 localiter
3024 3166 3223 3224 movet,
3249 3158 3368 3230 ipsa
3411 3169 3588 3216 tamen
3620 3162 3703 3217 lo-

2110 3246 2300 3301 caliter
2329 3264 2437 3302 non
2467 3259 2741 3305 movetur.
2802 3253 2857 3307 Si
2879 3254 3021 3308 enim
3055 3255 3257 3312 idcirco
3289 3258 3529 3314 localiter
3581 3277 3704 3315 mo-

2107 3344 2221 3398 veri
2249 3345 2565 3414 aestimatur,
2625 3349 2752 3418 quia
2781 3349 2835 3403 in
2866 3367 3094 3422 corpore
3141 3363 3226 3409 est
3259 3356 3403 3426 quod
3459 3356 3701 3412 localiter

2106 3442 2371 3503 movetur,
2408 3452 2578 3507 quare
2608 3453 2721 3492 non
2755 3438 3010 3496 similiter
3038 3443 3302 3513 sapientia
3331 3445 3577 3500 localiter
3592 3463 3698 3502 mo-

2104 3530 2221 3586 veri
2251 3532 2484 3599 dicatur,
2519 3536 2644 3604 quia
2674 3535 2727 3590 in
2753 3553 2983 3609 corpore
3013 3548 3095 3595 est
3122 3542 3266 3612 quod
3299 3542 3543 3599 localiter
3566 3561 3692 3600 mo-

2104 3639 2259 3685 vetur
2290 3633 2317 3684 ‘2
2347 3632 2488 3687 Nam
2531 3633 2793 3690 sidicitur
2847 3637 2973 3709 quia
3002 3655 3102 3710 per
3132 3641 3370 3695 animam
3426 3641 3596 3714 ipsam
3640 3644 3695 3699 in

2100 3727 2267 3782 corde
2289 3736 2370 3783 est
2400 3730 2686 3801 sapientia,
2714 3749 2832 3788 cum
2867 3735 3051 3791 anima
3097 3739 3215 3808 ipsa
3249 3755 3348 3810 per
3375 3755 3579 3812 corpus
3611 3741 3692 3798 lo-

2097 3815 2288 3871 caliter
2333 3826 2538 3873 motum
2572 3821 2782 3876 moveri
2815 3823 3030 3895 dicitur,
3063 3842 3234 3898 quare
3265 3845 3374 3884 non
3408 3831 3568 3884 etiam
3594 3847 3692 3902 per

2096 3913 2272 3984 ipsam
2301 3915 2538 3971 animam
2594 3917 2840 3975 localiter
2872 3931 3080 3977 motam
3127 3925 3413 3996 sapientia,
3457 3945 3578 3999 quae
3635 3929 3688 3982 in

2093 4000 2213 4072 ipsa
2243 4003 2422 4059 anima
2479 4014 2582 4073 est,
2614 4007 2866 4064 localiter
2922 4012 3123 4068 moveri
3171 4013 3386 4069 dicatur
3414 4016 3441 4070 ?
3470 4016 3527 4072 Si
3555 4033 3687 4072 vero

2091 4091 2208 4147 haec
2229 4093 2362 4149 ratio
2394 4111 2504 4150 non
2562 4097 2757 4168 probat
2785 4107 2839 4153 ut
2870 4101 3135 4170 sapientia
3168 4101 3420 4160 localiter
3475 4106 3686 4161 moveri

2089 4179 2322 4249 dicatur,
2353 4199 2474 4239 cum
2502 4185 2549 4238 si
2585 4193 2766 4242 tamen
2809 4186 2862 4242 in
2889 4188 3088 4256 anima,
3119 4205 3291 4262 quare
3321 4193 3506 4250 anima
3532 4194 3684 4250 loca-

2087 4267 2209 4324 liter
2227 4273 2436 4327 moveri
2492 4273 2722 4341 dicetur,
2757 4278 3003 4348 quamvis
3059 4278 3114 4333 in
3142 4294 3380 4351 corpore
3409 4283 3480 4337 sit
3537 4284 3681 4354 quod

2087 4365 2334 4424 localiter
2360 4371 2571 4426 moveri
2592 4373 2828 4428 cernitur
2841 4376 2869 4428 ‘?
2883 4375 2982 4444 Huj
2992 4377 3206 4432 usmodi
3236 4379 3677 4436 consideratione

2090 4457 2288 4526 probat
2335 4459 2579 4529 spiritum
2631 4461 2874 4518 localiter
2912 4480 3021 4520 non
3067 4467 3294 4531 moveri,
3338 4471 3584 4540 quamvis
3625 4470 3676 4524 in

2081 4561 2308 4617 corpore
2338 4549 2403 4602 sit
2431 4551 2576 4620 quod
2604 4551 2851 4608 localiter
2879 4563 3142 4622 movetur,
3195 4559 3564 4628 temporaliter
3594 4568 3677 4614 ta-

2079 4651 2205 4690 men
2235 4639 2461 4705 moveri,
2497 4639 2621 4710 quia
2642 4641 3006 4698 vicissitudini
3052 4645 3344 4713 subjacens
3374 4648 3442 4702 de
3485 4648 3590 4704 alio
3621 4651 3675 4704 in

2080 4723 2227 4778 aliud
2258 4732 2509 4791 mutatur,
2545 4729 2653 4783 Sed
2676 4745 2776 4784 nos
2803 4730 2856 4784 in
2880 4732 3108 4788 occultis
3138 4734 3366 4789 nimium
3423 4737 3672 4793 curiosos

2080 4828 2202 4867 esse
2231 4829 2339 4868 non
2371 4823 2601 4885 oportet,
2635 4835 2704 4873 ne
2734 4819 2872 4875 forte
2905 4821 3028 4891 plus
3080 4838 3477 4893 prasumamus
3508 4843 3672 4898 quam

2076 4918 2395 4970 possumus.
2465 4905 2598 4974 Quae
2649 4908 2827 4962 silvia
2873 4911 3098 4980 spiritus
3155 4913 3305 4968 solus
3352 4915 3504 4971 novit
3575 4917 3670 4988 qui

2076 4990 2201 5046 fecit
2220 5008 2362 5047 eum.
2396 4994 2510 5049 Nos
2541 5003 2720 5051 autem
2755 5015 2932 5070 neque
2962 4999 3163 5054 scimus
3191 5004 3467 5072 quomodo
3522 5005 3668 5060 venit

2071 5104 2249 5161 neque
2281 5095 2794 5163 comprehendimus
2825 5099 3099 5169 quomodo
3145 5101 3380 5156 recedit.
3429 5101 3664 5171 Quando

2071 5177 2229 5234 ﬂatus
2257 5180 2359 5236 iste
2399 5197 2695 5253 corporeus
2722 5187 2972 5254 trahitur,
3008 5189 3367 5258 corporaliter
3423 5192 3663 5264 ingredi-

2069 5274 2155 5322 tur
2186 5285 2201 5338 ;
2233 5270 2450 5340 quando
2506 5282 2685 5328 autem
2717 5275 2971 5345 spiratur,
3007 5278 3372 5347 corporaliter
3394 5289 3446 5336 et
3479 5281 3658 5336 locali-

2068 5364 2149 5411 ter
2179 5359 2477 5429 egreditur.
2521 5361 2626 5416 Sed
2660 5362 2768 5418 alia
2797 5369 2881 5419 est
2910 5373 3103 5420 natura
3134 5368 3378 5437 spiritus,
3413 5370 3516 5425 alia
3545 5385 3660 5426 cor-

2065 5447 2236 5514 poris.
2271 5446 2507 5516 Quando
2540 5451 2714 5520 primo
2735 5453 2936 5507 homini
2960 5455 3082 5509 data
3112 5458 3402 5524 estanima,
3437 5459 3661 5530 inspira-

2065 5535 2139 5589 vit
2168 5536 2315 5590 Deus
2346 5537 2398 5590 in
2431 5536 2620 5593 faciem
2645 5540 2762 5609 ejus
2790 5542 3121 5612 spiraculum
3153 5545 3276 5600 vitae
3297 5548 3460 5618 (Gen.
3493 5550 3654 5618 ii).Et

2060 5631 2152 5705 qui
2182 5633 2365 5690 dicere
2394 5645 2572 5706 potest
2601 5640 2874 5710 quomodo
2918 5640 3198 5712 inspiravit
3227 5643 3375 5698 Deus
3417 5644 3653 5701 animam

2059 5723 2280 5793 corpori
2311 5723 2661 5796 viviﬁcando,
2719 5728 2838 5786 sive
2880 5728 3004 5802 quia
3042 5738 3198 5787 extra
3228 5739 3527 5788 creaturam
3579 5735 3648 5792 ad
