4008 6092
272 272 462 336 1157‘

1240 271 1818 330 DEFLORATIONES
1860 269 1964 328 SS.
2023 274 2319 332 PATRUM.
2357 308 2420 318 -ο
2462 276 2674 332 ιΙΒ.ιι.

3423 284 3557 339 “58

260 399 642 459 viviﬁcandum
680 399 918 463 immisit,
945 398 1063 454 sive
1086 397 1211 468 quia
1242 397 1447 452 ibidem
1479 397 1606 452 fecit
1630 398 1723 452 ubi
1749 414 1856 467 po-
1887 399 1936 459 A
1967 415 2133 469 gnum
2165 400 2362 469 parari,
2392 417 2490 455 nec
2519 401 2680 473 longe
2704 401 2820 470 jam
2879 419 2991 459 esse
3047 407 3554 463 remunerationem.

260 490 382 559 suit,
415 497 470 545 et
498 493 566 544 ah
597 491 736 544 intus
765 495 998 543 creatam
1029 485 1447 541 viviﬁcationem
1479 487 1696 556 prodire
1737 487 1855 556 jus-

259 579 345 646 sit,
378 596 478 633 nec
507 579 612 633 alia
642 579 741 632 fuit
769 577 1063 648 inspiratio,
1100 592 1258 645 quam
1291 575 1407 645 ipsa
1437 574 1750 631 viviﬁcatio.
1800 576 1854 630 Si

260 684 390 740 ergo
425 669 678 733 nescitur,
726 666 996 736 quomodo
1045 665 1348 736 inspiratur,
1407 666 1677 733 quomodo
1733 665 1854 719 sciri

258 773 436 835 potest
464 766 690 836 qualiter
718 764 1018 834 exspiratur
1045 764 1073 816 ‘?
1103 764 1247 817 Deus
1274 763 1514 832 inspirat,
1548 763 1710 817 homo
1753 779 1856 816 ex-

264 855 452 925 spirat.
487 856 629 909 Deus
672 853 851 916 mittit,
915 854 1076 907 homo
1134 852 1372 919 remittit,
1433 852 1554 921 quia
1611 852 1853 918 mittitur,

260 959 383 998 cum
415 943 664 998 accedit:
699 942 887 996 eadem
933 941 1235 1007 remittitur,
1283 957 1404 995 cum
1452 941 1678 995 recedit.
1745 942 1857 996 Hoc

258 1047 427 1086 unum
458 1031 674 1100 scimus,
709 1031 854 1100 quia,
886 1029 1168 1084 recedente
1197 1029 1394 1098 anima,
1445 1045 1640 1100 corpus
1694 1030 1856 1084 mori-

256 1127 362 1188 tur,
396 1128 448 1175 et
475 1120 593 1190 ipsa
621 1119 887 1190 separatio
917 1118 1114 1173 animae
1145 1133 1288 1172 mors
1313 1119 1552 1189 corporis
1589 1125 1692 1172 est.
1741 1119 1856 1172 Hoc

262 1208 420 1263 nobis
450 1207 645 1263 sufﬁcit
675 1209 826 1277 scire,
865 1207 990 1277 quia
1035 1207 1254 1262 recedit.
1313 1206 1599 1276 Quomodo
1655 1206 1856 1262 recedit

255 1313 322 1352 ex
354 1297 650 1352 abundanti
684 1304 763 1352 est
792 1296 1134 1368 perscrutari.

943 1472 1173 1512 DIVISIO.

328 1599 505 1654 Multis
532 1599 795 1670 exemplis
823 1598 1108 1653 didicimus
1137 1598 1191 1652 in
1223 1597 1364 1653 exitu
1412 1597 1712 1653 animarum
1751 1614 1853 1652 an-

255 1691 501 1762 gelorum
529 1689 793 1743 malorum
822 1688 936 1743 sive
965 1688 1230 1742 bonorum
1260 1688 1599 1758 praesentiam
1643 1686 1848 1754 adesse,

257 1778 348 1848 qui
379 1778 498 1832 illas
537 1793 632 1848 pro
683 1777 884 1832 meritis
936 1777 1020 1832 vel
1076 1777 1143 1830 ad
1201 1783 1465 1831 tormenta
1521 1777 1847 1846 pertrahant,

255 1877 341 1930 vel
393 1875 460 1930 ad
511 1875 753 1945 requiem
813 1874 1099 1929 deducant.
1160 1873 1268 1928 Sed
1325 1881 1374 1928 et
1432 1874 1575 1944 ipsas
1645 1873 1853 1927 animas

258 1964 432 2018 adhuc
462 1964 516 2018 in
545 1980 768 2034 corpore
824 1963 1026 2035 positas
1084 1971 1206 2016 ante
1263 1963 1465 2018 exitum
1523 1963 1690 2016 multa
1745 1962 1851 2016 ali-

257 2053 471 2123 quando
503 2053 568 2107 de
599 2053 681 2106 his
710 2069 829 2122 qua:
861 2052 1034 2106 futura
1062 2059 1183 2105 sunt
1233 2068 1394 2122 super
1447 2068 1554 2116 eas,
1613 2052 1724 2106 sive
1781 2066 1852 2105 ex

256 2157 516 2212 responso
547 2140 887 2196 conscientia:
918 2141 1174 2208 interiori,
1207 2141 1319 2196 sive
1362 2156 1460 2210 per
1499 2139 1854 2194 revelationes

259 2231 494 2285 exterius
524 2230 691 2285 factas
721 2231 939 2300 prtrcise
983 2230 1386 2300 cognoscimus.
1443 2230 1642 2299 Raptas
1689 2229 1851 2283 etiam

259 2325 548 2394 aliquando
578 2333 630 2380 et
669 2324 859 2378 iterum
910 2323 978 2378 ad
1020 2339 1247 2394 corpora
1295 2323 1560 2389 reductas,
1620 2323 1854 2379 visiones

259 2415 519 2485 quasdam
549 2421 602 2468 et
628 2414 984 2468 revelationes
1011 2413 1112 2467 sibi
1144 2413 1310 2468 factas
1356 2429 1597 2467 narrasse
1643 2413 1709 2466 de
1750 2421 1854 2467 tor-

258 2505 456 2559 mentis
484 2503 772 2573 impiorum
803 2502 918 2557 sive
938 2503 1005 2557 de
1033 2502 1248 2573 gaudiis
1288 2503 1552 2572 justorum
1587 2521 1599 2556 :
1661 2502 1715 2555 in
1773 2501 1854 2555 his

261 2600 441 2647 tamen
466 2591 600 2646 nihil
629 2592 730 2645 nisi
771 2591 858 2646 vel
900 2591 1179 2662 corporale
1220 2591 1306 2648 vel
1364 2591 1731 2661 corporalibus
1785 2591 1855 2644 si-

259 2682 389 2735 mile
446 2680 698 2736 recitasse
751 2680 992 2744 tlamina,
1049 2679 1314 2746 ﬂammas,
1384 2686 1592 2750 pontes,
1666 2695 1851 2745 naves,

258 2768 471 2836 domus,
501 2783 740 2830 nemora,
798 2775 968 2838 prata,
1026 2767 1203 2833 ﬂores,
1263 2767 1507 2822 homines
1561 2767 1746 2838 nigros
1804 2775 1856 2822 et

260 2856 540 2921 candidos,
573 2864 626 2911 et
659 2864 849 2912 caetera
882 2856 1061 2925 qualia
1086 2856 1142 2910 in
1187 2858 1288 2911 hoc
1333 2857 1533 2911 mundo
1578 2855 1748 2910 videri
1805 2863 1856 2912 et

260 2945 449 3000 haberi
479 2946 669 3012 solent,
702 2953 755 2999 et
784 2945 867 3000 vel
897 2945 965 2999 ad
994 2945 1252 3016 gaudium
1283 2945 1476 3017 amari,
1510 2945 1613 3000 ved
1642 2944 1710 2999 ad
1747 2953 1857 2999 tor-

261 3042 502 3090 mentum
534 3034 728 3089 timeri.
763 3035 852 3089 Sic
882 3050 1095 3104 quoque
1140 3034 1339 3089 solutas
1382 3033 1698 3104 corporibus
1743 3049 1857 3088 ma-

263 3131 421 3185 nibus
452 3132 605 3200 trahi,
639 3131 866 3200 pedibus
893 3131 1105 3196 deduci,
1161 3132 1301 3186 collo
1343 3132 1615 3202 suspendi,
1672 3131 1858 3203 ﬂagel-

263 3219 384 3285 lari,
409 3219 750 3289 praecipitari,
775 3227 827 3273 et
847 3219 952 3274 alia
973 3218 1308 3288 hujusmodi:
1335 3220 1425 3288 qui
1453 3220 1555 3273 nisi
1595 3219 1860 3290 corporali

266 3315 470 3362 naturae
499 3307 789 3362 convenire
818 3323 925 3362 non
956 3314 1201 3378 possunt.
1262 3306 1397 3374 Quae
1454 3308 1636 3362 omnia
1687 3307 1730 3361 si
1787 3307 1861 3362 ita

269 3396 380 3450 illic
409 3395 690 3452 visibiliter
727 3403 780 3450 et
824 3397 1173 3465 corporaliter
1219 3413 1333 3452 esse
1380 3396 1667 3463 credimus,
1725 3412 1862 3466 pra:-

270 3493 350 3539 tcr
378 3484 484 3538 alia
513 3501 632 3554 qua:
661 3483 892 3539 absurda
949 3493 1257 3552 noscuntur,
1317 3485 1462 3554 ipsas
1513 3485 1692 3555 utique
1749 3485 1862 3539 ani-

269 3590 387 3629 mas
415 3573 574 3628 etiam
614 3589 645 3628 a
671 3573 984 3644 corporibus
1011 3581 1283 3645 separatas
1333 3589 1562 3643 corpora
1616 3589 1749 3642 esse,
1811 3581 1863 3628 et

269 3663 339 3718 ad
393 3662 798 3717 similitudinem
867 3679 1152 3733 corporum
1228 3661 1486 3718 membris
1556 3671 1864 3735 compactas

270 3759 430 3822 atque
460 3752 736 3806 distinctas
765 3749 1100 3806 conﬁtemur.

341 3878 457 3950 Ego
487 3876 742 3948 quiddam
774 3875 918 3947 quod
947 3875 1014 3932 de
1043 3878 1143 3931 hac
1171 3892 1230 3932 re
1284 3874 1465 3931 audivi
1523 3883 1697 3933 tacere
1751 3893 1862 3933 non

267 3966 462 4022 debeo.
513 3965 746 4035 Quidam
802 3965 1014 4037 probati
1070 3965 1359 4020 testimonii
1413 3966 1578 4022 frater
1631 3967 1866 4024 narravit

268 4055 404 4111 mihi
433 4072 490 4110 se
520 4071 553 4110 a
579 4072 678 4112 suo
706 4054 922 4122 abbate,
957 4055 1215 4112 veraciter
1243 4057 1346 4111 hoc
1393 4054 1715 4120 afﬁrmante,
1761 4073 1862 4112 au-

269 4145 412 4200 disse
441 4144 568 4214 quia
595 4161 719 4200 cum
748 4144 1038 4214 aliquando
1083 4144 1174 4200 ille
1232 4145 1301 4199 ad
1357 4144 1618 4214 quosdam
1677 4144 1866 4200 fratres

272 4242 484 4298 eminus
509 4243 824 4299 constitutos
855 4243 1150 4299 visitandos
1176 4250 1444 4315 pergeret,
1489 4251 1548 4297 ut
1599 4241 1716 4297 ﬁeri
1771 4257 1865 4296 so-

271 4331 362 4397 let,
398 4331 631 4400 quodam
684 4333 803 4388 loco
861 4332 1150 4403 hospitium
1209 4332 1436 4400 accepit,
1493 4331 1586 4386 ubi
1642 4332 1866 4400 factum,

275 4427 399 4474 tunc
428 4419 570 4489 apud
597 4435 784 4476 omnes
813 4421 1055 4489 ejusdem
1121 4420 1221 4475 loci
1260 4419 1587 4474 habitatores
1633 4419 1863 4486 celebre,
1896 4466 1948 4526 Β

274 4514 397 4562 ante
426 4506 616 4562 diebus
643 4508 829 4576 paucis
856 4509 1142 4581 contigisse
1189 4508 1400 4563 didicit.
1441 4506 1671 4575 Quidam
1711 4523 1867 4578 pere-

273 4597 479 4670 grinus,
512 4597 769 4652 orationis
801 4613 961 4652 causa
995 4598 1064 4652 ad
1123 4598 1377 4652 Sanctum
1435 4596 1695 4652 Iacobum
1747 4613 1869 4667 per-

275 4702 432 4758 gens,
464 4685 520 4738 in
549 4685 740 4740 eodem
769 4685 890 4740 loco
920 4685 1217 4756 hospitatus
1245 4693 1342 4740 est.
1375 4687 1565 4751 Nocte,
1601 4693 1657 4740 ut
1703 4685 1868 4741 itine-

274 4773 517 4830 rantibus
547 4790 664 4828 mos
692 4781 789 4841 est,
823 4782 946 4829 ante
1001 4775 1291 4830 diluculum
1353 4776 1612 4830 surrexit.
1678 4775 1870 4846 Egres-

275 4881 366 4917 sus
395 4863 460 4917 de
493 4864 611 4918 vico
644 4864 696 4916 in
726 4864 938 4928 silvam,
974 4880 1094 4932 quae
1123 4863 1297 4918 eidem
1328 4863 1507 4920 vicina
1549 4870 1680 4930 erat,
1742 4881 1868 4934 per-

276 4952 442 5008 venit.
475 4952 555 5006 Ibi
585 4969 616 5005 a
645 4953 929 5007 comitibus
960 4953 1162 5006 itineris
1190 4968 1336 5019 casu,
1369 4959 1425 5006 ut
1479 4953 1632 5019 solet,
1678 4952 1870 5007 discri-

278 5049 423 5104 mine
452 5050 554 5106 via:
583 5050 894 5118 disjunctus,
954 5050 1172 5105 deviare
1226 5051 1405 5120 cmpit.
1464 5050 1704 5118 Cumque
1757 5050 1873 5104 lon-

276 5139 400 5211 gius
429 5139 788 5209 processisset,
813 5139 1033 5194 obvium
1063 5139 1226 5193 habet
1255 5138 1542 5209 quemdam
1581 5138 1872 5195 venerandi

279 5227 496 5282 habitus
525 5235 577 5281 et
605 5228 782 5284 vultus
818 5228 1037 5283 virum:
1095 5244 1126 5282 a
1181 5244 1286 5297 quo
1344 5228 1702 5298 interrogatus
1757 5227 1874 5297 quis

281 5323 374 5372 aut
399 5315 541 5370 unde
570 5324 725 5381 esset,
759 5317 844 5372 vel
874 5325 1140 5388 pergeret,
1166 5332 1384 5383 nomen,
1438 5316 1665 5388 patriam
1715 5315 1874 5370 simul

281 5412 336 5460 et
394 5420 610 5459 causam
664 5405 868 5460 itineris
915 5406 1182 5477 exposuit.
1231 5407 1327 5460 Ille
1370 5423 1427 5460 se
1473 5423 1587 5460 esse
1632 5412 1872 5461 sanctum

279 5503 559 5571 Iacobum,
612 5503 680 5557 ad
728 5519 888 5572 quem
936 5503 1176 5560 tenderet
1223 5511 1543 5574 protestatur
1587 5519 1600 5571 ;
1651 5519 1708 5559 se
1756 5503 1873 5573 jam

281 5589 500 5660 quidem
531 5590 714 5645 omnia
743 5591 904 5646 scisse
935 5609 949 5658 ;
997 5608 1138 5646 nunc
1164 5607 1292 5648 vero
1341 5593 1491 5661 quasi
1538 5592 1875 5661 beneplacito

280 5687 334 5736 et
361 5685 515 5751 grato
546 5678 756 5734 venisse
784 5680 1027 5735 obviam.
1067 5680 1423 5736 Devotionem
1443 5680 1642 5749 laudat,
1673 5680 1875 5736 bonum

281 5769 616 5842 prepositum
680 5769 1040 5839 commendat,
1099 5770 1382 5841 praemium
1440 5769 1584 5841 apud
1635 5787 1693 5825 se
1763 5786 1878 5827 ma-

1965 498 2141 552 Mullis
2169 500 2434 569 posthaec
2470 499 2649 553 verbis
2704 502 2826 556 hinc
2872 503 2997 558 inde
3041 506 3394 570 currentibus,
3445 515 3557 562 tan-

1965 584 2087 638 dem
2136 587 2404 642 miseriam
2464 595 2516 642 et
2575 588 2786 644 dolores
2842 592 2966 647 vitae
3015 593 3172 662 hujus
3229 597 3412 664 quales
3468 604 3560 651 aut

1966 675 2146 742 quanti
2178 684 2298 729 sunt
2326 678 2566 746 exponit.
2602 678 2776 733 Omne
2806 681 2949 749 quod
2986 683 3073 737 hic
3130 692 3339 738 amatur
3395 701 3555 755 quam

1965 770 2067 824 cito
2101 771 2290 843 fugiat,
2324 782 2375 828 et
2397 775 2512 842 pari
2566 776 2727 831 modo
2783 792 2944 833 omne
2998 781 3139 849 quod
3199 781 3416 836 timetur
3469 786 3555 840 vel

1966 858 2193 926 doletur,
2229 864 2498 930 quomodo
2528 863 2642 918 sine
2666 881 2817 920 mora
2847 875 3200 937 pertranseat.
3252 873 3397 925 Inter
3443 874 3558 928 haec

1965 954 2017 1001 et
2046 948 2353 1016 hujusmodi
2383 952 2686 1007 rationabili
2717 956 3060 1025 persuasione
3087 959 3347 1027 paulatim
3389 962 3556 1016 menti

1963 1045 2197 1099 hominis
2251 1047 2384 1101 nihil
2455 1048 2726 1104 sinistrum
2799 1053 3118 1121 suspicantis
3187 1065 3554 1130 contemptum

1960 1133 2084 1188 vitae
2115 1134 2327 1206 ingerit,
2375 1144 2578 1190 metum
2636 1141 2823 1194 mortis
2876 1143 3031 1198 tollit.
3090 1145 3365 1202 Postremo
3422 1148 3555 1203 nihil

1961 1221 2136 1292 magis
2172 1223 2286 1278 viro
2313 1223 2520 1279 virtutis
2552 1227 2808 1297 expedire
2839 1246 2999 1298 quam
3040 1240 3096 1286 ut
3139 1234 3226 1288 hic
3273 1236 3420 1290 exire
3468 1236 3554 1291 fe-

1960 1318 2138 1386 stinet,
2171 1328 2222 1374 et
2250 1321 2292 1374 si
2327 1321 2432 1376 alia
2459 1323 2546 1377 via
2577 1340 2684 1378 non
2726 1325 2897 1392 detur,
2952 1344 3115 1383 manu
3172 1348 3268 1386 sua
3322 1341 3551 1388 mortem

1961 1405 2170 1461 fortiter
2200 1407 2440 1475 lacessat,
2471 1417 2522 1463 et
2550 1427 2656 1465 non
2688 1414 2960 1483 permittat
2987 1431 3045 1469 se
3093 1417 3149 1471 in
3205 1419 3288 1472 his
3343 1420 3551 1475 dolori-

1961 1493 2061 1548 bus
2081 1495 2170 1548 diu
2201 1497 2386 1564 teneri,
2420 1499 2508 1567 qui
2538 1500 2796 1570 gaudium
2826 1503 2927 1556 sibi
2968 1512 3211 1574 paratum
3269 1524 3386 1563 esse
3443 1526 3552 1564 non

1961 1591 2187 1647 dubitat.
2222 1592 2368 1661 Quid
2399 1597 2566 1650 mulla
2595 1599 2622 1649 ‘?
2662 1599 2926 1670 Deceptus
2959 1601 3310 1659 fraudulentae
3338 1621 3557 1674 persua-

1961 1681 2097 1734 sioni
2129 1697 2402 1736 assensum
2432 1685 2653 1754 prabet,
2687 1695 2740 1741 et
2776 1688 2974 1758 injecto
3012 1691 3152 1746 ferro
3201 1695 3550 1766 semetipsum

1959 1770 2191 1840 jugulat.
2227 1772 2460 1826 Comites
2489 1773 2606 1842 ejus
2635 1774 2725 1828 diu
2768 1792 2866 1845 per
2919 1778 3076 1834 devia
3131 1791 3390 1850 quaerunt,
3450 1791 3555 1838 tan-

1961 1858 2083 1912 dem
2115 1859 2432 1913 exstinctum
2463 1862 2742 1917 inveniunt
2773 1879 2785 1932 ;
2820 1866 2887 1919 ad
2917 1867 3094 1921 vicum
3125 1870 3266 1924 unde
3311 1873 3555 1928 exierant

1960 1957 2192 2011 cadaver
2216 1958 2464 2013 exanime
2493 1969 2811 2029 reportatur.
2861 1964 2925 2017 Et
2979 1966 3104 2035 quia
3159 1969 3354 2039 hospes
3409 1971 3553 2040 apud

1961 2062 2121 2114 quem
2153 2055 2306 2101 nocte
2338 2047 2429 2101 illa
2482 2059 2752 2104 manserat
2809 2051 2968 2122 hujus
3022 2056 3237 2110 sceleris
3293 2059 3555 2113 verisimi-

1962 2134 2081 2188 liter
2109 2135 2354 2190 conscius
2381 2137 2680 2208 videbatur,
2713 2143 2963 2196 eumdem
3014 2143 3148 2198 falsa
3184 2146 3556 2204 criminatione

1963 2235 2030 2290 ad
2061 2251 2276 2306 poenam
2320 2246 2645 2306 exposcunt.
2678 2240 2772 2295 Ille
2803 2241 2932 2296 dum
2989 2243 3348 2302 innocentiam
3402 2267 3555 2305 suam

1961 2323 2075 2378 sine
2107 2341 2268 2379 causa
2297 2327 2583 2396 periclitari
2615 2337 2873 2395 cerneret,
2909 2338 2962 2384 et
3009 2332 3250 2388 divinum
3295 2338 3555 2393 auxilium

1963 2412 2153 2468 intima
2181 2415 2355 2468 cordis
2384 2415 2669 2471 devotione
2699 2418 2801 2472 sibi
2832 2419 3021 2474 adesse
3051 2421 3382 2492 imploraret,
3431 2443 3556 2483 ecce

1962 2510 2136 2565 subito
2168 2511 2257 2581 qui
2288 2520 2527 2566 mortuus
2579 2514 2751 2568 fuerat
2805 2517 3062 2585 surrexit,
3098 2528 3150 2573 et
3177 2537 3290 2575 rem
3347 2531 3557 2594 gestam

1961 2598 2165 2652 cunctis
2194 2600 2491 2654 astantibus
2520 2608 2572 2654 et
2612 2603 2931 2658 mirantibus
2979 2623 3256 2678 exponens
3302 2610 3557 2668 innocen-

1964 2693 2070 2740 tem
2102 2688 2350 2742 absolvit.
2383 2689 2672 2745 Referebat
2700 2709 2756 2746 se
2788 2692 2856 2746 ab
2885 2696 3079 2765 angelo
3140 2699 3303 2767 malo,
3363 2718 3394 2754 a
3451 2719 3556 2771 quo

1964 2789 2031 2842 ad
2062 2789 2485 2844 interfectionem
2517 2791 2597 2844 sui
2628 2809 2911 2862 persuasus
2941 2796 3132 2865 fuerat,
3171 2799 3239 2852 ad
3295 2807 3558 2858 tormenta

1963 2877 2272 2932 deductum.
2307 2878 2414 2933 Sed
2434 2879 2561 2932 dum
2602 2879 2884 2936 duceretur
2932 2885 3220 2953 quemdam
3276 2889 3558 2960 splendida

1965 2966 2105 3021 facie
2131 2966 2327 3037 (ipsum
2359 2975 2536 3022 autem
2567 2975 2808 3024 sanctum
2841 2970 3006 3028 fuisse
3050 2975 3229 3030 aiebat
3273 2978 3556 3051 Iacobum)

1888 3101 1936 3164 Ο
1968 3065 2215 3119 euntibus
2277 3066 2591 3136 occurrisse,
2650 3085 2881 3138 eumque
2930 3080 3172 3143 ereptum
3231 3075 3284 3129 in
3362 3079 3557 3133 caelum

1969 3152 2036 3206 ad
2090 3154 2336 3208 thronum
2389 3155 2592 3210 Iudicis
2648 3157 2932 3213 deduxisse
2965 3202 2979 3227 ,
3037 3162 3251 3232 illicque
3308 3166 3560 3235 precibus

1966 3257 2066 3310 pro
2098 3241 2187 3296 illo
2219 3242 2350 3296 fusis
2378 3251 2436 3296 ut
2462 3243 2587 3298 vita
2635 3244 2812 3300 denuo
2868 3248 3180 3305 redderetur
3232 3252 3550 3311 obtinuisse.

1967 3338 2048 3392 lbi
2079 3356 2135 3392 se
2161 3339 2328 3393 multa
2357 3340 2671 3411 angelorum
2702 3343 2871 3397 millia
2901 3344 3096 3400 vidisse
3128 3347 3450 3405 afﬁrmabat.
3483 3354 3560 3408 De

1970 3442 2195 3496 quorum
2229 3435 2407 3482 tamen
2436 3437 2572 3483 statu
2602 3438 2655 3484 et
2684 3430 2841 3486 facile
2885 3433 3262 3507 interrogatus,
3320 3440 3450 3494 nihil
3506 3442 3562 3495 in

1969 3516 2072 3569 hoc
2100 3515 2302 3570 mundo
2333 3532 2446 3572 esse
2475 3517 2690 3573 dicebat
2718 3519 2892 3575 simile
2923 3521 3027 3576 illis
3057 3540 3162 3593 quo
3203 3526 3350 3581 illam
3399 3545 3560 3599 quam

1970 3612 2026 3665 in
2056 3612 2186 3680 ipsis
2211 3612 2418 3668 viderat
2439 3615 2749 3683 qualitatem
2779 3619 3084 3689 exprimere
3128 3624 3407 3694 potuisset,
3461 3628 3563 3683 nisi

1971 3702 2106 3756 forte
2137 3700 2320 3773 ignem
2350 3711 2441 3756 aut
2461 3703 2634 3758 lucem
2667 3713 2719 3760 et
2741 3705 2912 3777 ipsam
2944 3716 3050 3764 tam
3093 3710 3255 3783 longe
3304 3722 3356 3769 et
3407 3717 3563 3773 valde

1971 3790 2306 3845 dissimilem.
2339 3793 2623 3848 Maerorem
2655 3795 2871 3864 quidem
2916 3814 3052 3867 esse,
3112 3801 3208 3855 sed
3262 3805 3564 3873 exprimere

1969 3889 2117 3944 nullo
2147 3890 2309 3946 modo
2339 3906 2496 3961 posse
2526 3892 2669 3962 quod
2697 3893 2921 3950 viderat.

2043 4023 2157 4079 Hoc
2184 4023 2399 4094 quidem
2430 4041 2854 4083 commemorare
2901 4029 3188 4098 voluimus,
3247 4049 3314 4089 ne
3369 4035 3565 4092 mirum

1972 4112 2238 4181 videatur,
2271 4113 2316 4166 si
2363 4113 2646 4169 animabus
2675 4131 2706 4170 a
2734 4117 3048 4187 corporibus
3103 4122 3351 4192 egressis,
3410 4126 3566 4198 signa

1975 4202 2243 4270 quaedam,
2284 4202 2599 4272 corporibus
2653 4204 2867 4274 similia,
2929 4206 2998 4261 ad
3052 4207 3565 4271 demonstrationem

1975 4298 2292 4370 spiritalium
2321 4307 2728 4370 prazsentantur,
2787 4302 2877 4372 qui
2933 4303 3034 4358 nisi
3082 4305 3137 4360 in
3167 4309 3363 4364 talibus
3391 4319 3443 4367 et
3470 4330 3567 4384 per

1978 4386 2106 4442 talia
2154 4387 2222 4441 ab
2266 4388 2550 4442 animabus
2599 4405 2825 4461 corpore
2880 4393 3052 4448 exutis
3106 4396 3372 4467 videntur,
3420 4403 3567 4458 nullo

1981 4475 2145 4531 modo
2175 4475 2245 4530 ab
2274 4475 2476 4530 eisdem
2539 4477 2607 4532 ad
2661 4495 2889 4548 corpora
2944 4485 3170 4538 reversis
3228 4487 3282 4540 in
3341 4505 3566 4561 corpore

1976 4573 2283 4629 viventibus
2311 4582 2363 4628 et
2392 4577 2693 4645 corporalia
2748 4584 2951 4632 tantum
2999 4581 3286 4638 scientibus
3333 4586 3572 4645 diceren-

1978 4669 2077 4716 tur.
2111 4661 2332 4731 Qamvis
2361 4663 2502 4718 enim
2536 4664 2626 4719 illa
2655 4665 2809 4720 aliter
2836 4666 2911 4720 ibi
2943 4685 2974 4722 a
3028 4672 3347 4742 corporibus
3395 4686 3570 4733 exuta:

1976 4751 2157 4808 videre
2188 4760 2428 4823 possunt,
2460 4768 2568 4806 non
2599 4761 2776 4809 tamen
2807 4757 2908 4811 hoc
2950 4758 3106 4814 nobis
3145 4760 3299 4815 aliter
3352 4779 3568 4820 narrare

1977 4857 2218 4919 possunt,
2251 4857 2303 4903 et
2333 4858 2621 4906 manerent.
2638 4868 2852 4922 semper
2880 4855 3088 4908 occulta
3129 4857 3239 4923 illa,
3299 4876 3397 4915 nec
3457 4879 3572 4918 esse

1980 4939 2123 5008 quod
2151 4938 2219 4993 de
2281 4937 2383 4991 illis
2439 4938 2596 4992 nobis
2652 4957 2683 4993 a
2732 4941 3077 4998 redeuntibus
3132 4945 3412 5014 diceretur,
3471 4953 3572 5006 nisi

1979 5026 2297 5081 exeuntibus
2325 5033 2378 5080 et
2407 5027 2709 5081 videntibus
2749 5031 3041 5085 secundum
3098 5033 3197 5088 ista
3254 5046 3574 5095 monstrare-

1983 5133 2082 5180 tur.
2123 5126 2309 5180 Utrum
2359 5132 2538 5178 autem
2585 5127 2800 5196 animae,
2851 5145 2970 5198 quae
3019 5131 3142 5186 hinc
3189 5135 3421 5205 ampluis
3465 5155 3573 5194 non

1980 5231 2272 5271 reversurae
2311 5222 2526 5281 exeunt,
2577 5216 2869 5271 secundum
2914 5219 3056 5273 hunc
3098 5221 3320 5278 modum
3365 5226 3454 5280 illa
3496 5230 3573 5285 vi-

1982 5304 2142 5358 deant
2171 5311 2262 5357 aut
2288 5303 2538 5370 sentiunt,
2576 5305 2796 5360 omnino
2853 5305 3077 5362 dubium
3135 5318 3230 5380 est,
3289 5313 3390 5368 nisi
3448 5319 3573 5386 quia

1981 5401 2314 5474 probabilius
2343 5401 2552 5455 videtur
2581 5403 2721 5472 quod
2752 5403 2842 5458 illa
2872 5421 2992 5473 quaa
3037 5406 3091 5460 in
3138 5411 3451 5480 corporibus
3496 5419 3573 5474 vi-

1983 5499 2166 5545 ventes
2194 5506 2290 5560 per
2337 5488 2745 5544 delectationem
2802 5508 2979 5546 rerum
3037 5495 3326 5553 visibilium
3383 5518 3573 5575 corpo-

1982 5580 2184 5635 ralibus
2237 5577 2716 5644 imaginationibus
2773 5579 3100 5650 injiciuntur,
3161 5601 3193 5639 a
3257 5593 3573 5660 corporibus

1983 5677 2039 5731 in
2095 5675 2296 5731 eisdem
2355 5675 2463 5729 illic
2513 5675 2989 5748 imaginationibus
3044 5686 3308 5739 tormenta
3359 5687 3574 5754 patiun-

1984 5773 2093 5821 tur.
2157 5765 2343 5834 Neque
2398 5764 2540 5820 enim
2597 5765 2818 5823 omnino
2890 5771 3225 5840 corporalem
3301 5774 3570 5844 passibili-
