3972 6076
527 215 660 266 1159

1657 213 1990 268 \VERNERI
2052 213 2334 270 ABBATIS
2393 215 2448 270 S.
2513 217 2725 272 BLASII

3727 228 3842 279 H60

527 344 685 391 tatem
744 341 960 401 exeunt,
1020 335 1235 404 quando
1293 336 1655 406 corporalium
1713 336 2124 406 imaginationi-
2159 339 2206 397 Α
2238 340 2538 408 prehendit.
2575 342 2753 395 Plorat
2781 342 2958 412 itaque
2990 344 3115 414 quia
3136 345 3273 400 intra
3317 353 3426 402 tam
3480 347 3672 403 breve
3721 365 3835 419 sps-

520 425 620 478 bus
649 425 1015 478 delectationis
1047 440 1230 494 prasz
1260 442 1356 478 usu
1406 425 1681 494 impressis
1739 425 2010 480 obvoluta!
2071 433 2123 480 et

518 513 772 567 involutae
793 521 1007 567 exeunt.
1041 513 1174 581 Quae
1205 530 1332 568 vero
1391 514 1475 568 hic
1524 523 1802 568 manentes
1850 513 1920 568 ab
1969 515 2120 584 ejus-

521 611 1044 666 modidelectoribus
1077 619 1128 665 et
1176 612 1562 682 cogitationum
1612 612 1887 682 plantasiis
1960 629 2122 666 mun-

527 701 652 755 dare
701 717 757 754 se
789 717 850 755 ac
905 700 1206 771 despoliare
1253 701 1530 768 studuerit,
1593 701 1700 755 illic
1757 701 2117 772 postmodum,

517 797 798 860 postquam
831 805 862 844 a
890 789 1206 858 corporibus
1253 807 1483 860 egressae
1539 790 1754 850 fuerint.
1813 806 2031 859 pmnam
2067 789 2119 843 in

519 887 597 942 eis
651 894 699 940 et
750 893 1010 941 tormenta
1067 902 1172 941 non
1229 887 1506 940 sentiunt:
1542 886 1685 956 quod
1742 886 1796 939 in
1843 887 1946 940 hoc
2003 885 2120 957 ipso

517 975 918 1047 quodammodo
987 975 1364 1044 impassabiles
1437 975 1690 1042 existunt,
1773 974 1900 1044 quia
1984 974 2118 1043 nihil

518 1079 678 1135 paena
707 1063 929 1135 dignum
953 1080 1133 1118 secum
1168 1063 1366 1118 ferunt.

515 1180 592 1234 De
618 1182 817 1245 morte,
851 1181 908 1232 et
942 1177 1077 1250 quid
1107 1178 1184 1232 sit
1209 1193 1381 1242 mors,
1409 1180 1465 1232 et
1498 1177 1565 1232 de
1609 1178 1788 1232 tribu:
1819 1175 2118 1248 generibus

1191 1275 1422 1330 mortis.

587 1392 728 1445 Mors
775 1390 917 1444 dicta
965 1397 1062 1456 est,
1117 1390 1262 1458 quod
1318 1389 1384 1442 sit
1439 1405 1644 1450 amara,
1705 1389 1791 1444 vel
1849 1406 1879 1443 a
1936 1405 2116 1444 morsu

513 1480 673 1550 primi
703 1479 936 1533 hominis
965 1478 1253 1548 appellata.
1285 1478 1423 1532 Nam
1455 1494 1576 1532 cum
1636 1477 1841 1548 primus
1897 1479 2114 1533 humani

513 1567 728 1639 generis
756 1584 950 1638 parens
1007 1567 1221 1638 lignum
1267 1567 1486 1621 vetitum
1545 1583 1641 1637 per
1693 1567 2113 1622 inobedientiam

513 1666 756 1737 contigit,
790 1682 888 1736 per
917 1681 1153 1720 morsum
1196 1673 1422 1720 mortem
1482 1665 1701 1719 incurrit
1759 1664 1927 1734 (Gen.
1990 1666 2097 1735 in).

513 1754 664 1810 Unde
694 1761 747 1808 et
774 1770 806 1808 a
835 1770 1015 1808 morsu
1045 1769 1189 1808 mors
1218 1755 1333 1825 ipsa
1363 1753 1684 1824 appellatur.
1745 1753 1868 1807 Tria
1925 1762 2103 1808 autem

513 1851 635 1898 sunt
662 1859 864 1914 genera
895 1843 1099 1910 mortis,
1133 1843 1186 1895 id
1243 1850 1322 1896 est
1369 1843 1582 1907 acerba,
1638 1843 1944 1911 immatura,
2004 1860 2106 1898 na-

517 1941 722 1995 turalis.
769 1941 976 1995 Acerba
1025 1940 1310 2004 infantum,
1355 1940 1643 1994 immatura
1688 1940 1971 2009 juvenum,
2015 1955 2108 1995 na-

513 2029 696 2084 turalis
733 2037 813 2084 est
869 2047 1078 2084 senum.
1134 2032 1267 2084 Item
1325 2029 1515 2083 mortis
1563 2029 1661 2083 tria
1719 2037 1841 2082 sunt
1883 2045 2104 2100 genera.

513 2119 631 2175 Una
661 2135 806 2174 mors
833 2119 1038 2188 peccati
1070 2125 1168 2185 est,
1198 2117 1264 2171 de
1297 2134 1403 2186 qua
1464 2118 1720 2188 scriptum
1745 2125 1825 2172 est
1855 2135 1868 2173 :
1917 2141 1938 2166 α
1971 2119 2105 2172 Ani-

505 2234 596 2272 ma
623 2234 744 2287 quae
775 2215 1093 2286 peccaverit,
1122 2215 1238 2285 ipsa
1268 2215 1526 2269 morietur
1569 2215 1788 2284 (Ezech.
1835 2218 1992 2283 xvm)
2027 2231 2039 2282 ;
2078 2239 2099 2263 υ

510 2306 618 2361 alia
647 2305 887 2375 mystica,
921 2304 1135 2373 quando
1159 2303 1276 2371 quis
1306 2311 1528 2370 peccato
1579 2303 1824 2371 moritur,
1881 2312 1934 2358 et
1988 2305 2103 2359 Deo

509 2393 662 2459 vivit,
704 2393 773 2448 de
817 2408 923 2461 qua
980 2391 1055 2446 ait
1103 2391 1433 2462 Apostolus:
1499 2413 1521 2439 «ι
1559 2392 1864 2460 Consepulti
1921 2410 2104 2448 sumus

505 2507 628 2546 cum
658 2490 864 2545 Christo
897 2504 993 2560 per
1019 2487 1349 2556 baptismum
1380 2487 1434 2540 in
1464 2495 1636 2542 morte
1684 2488 1852 2559 ipsius
1905 2491 2090 2559 (Rom.

500 2582 576 2651 γι)
609 2595 623 2650 ;
657 2579 810 2634 tertia
837 2594 1000 2646 mors,
1049 2593 1154 2647 qua
1184 2592 1396 2632 cursum
1421 2577 1542 2633 vitae
1603 2576 1762 2645 hujus
1816 2585 1870 2632 et
1910 2594 2103 2633 munus

499 2669 803 2740 explemus,
883 2667 938 2720 id
1015 2673 1095 2720 est
1162 2665 1358 2720 anima:
1424 2665 1770 2735 corporisque
1833 2667 2091 2723 secessio.

499 2766 838 2823 Advertimus
878 2764 1043 2836 igitur
1070 2764 1215 2833 quod
1245 2779 1352 2817 una
1398 2778 1544 2818 mors
1575 2763 1644 2818 sit
1670 2763 1833 2832 mala,
1873 2764 1917 2818 si
1963 2779 2098 2833 pro-

497 2870 617 2934 pter
635 2868 854 2932 peccata
876 2859 1171 2914 moriamur
1203 2873 1215 2926 ;
1260 2859 1366 2912 alia
1404 2874 1551 2913 mors
1576 2858 1719 2913 bona
1774 2858 1860 2924 sit,
1894 2875 2000 2928 qua
2053 2858 2098 2912 is

518 2952 607 3022 qui
667 2949 828 3005 fuerit
874 2956 1115 3004 mortuus
1168 2945 1542 3017 justiﬁcatura
1606 2955 1847 3018 peccato.
1919 2948 2096 3002 Tertia

2231 435 2361 489 tium
2392 437 2665 506 acquirere
2697 440 2870 510 potuit
2910 442 3150 495 omnium
3207 444 3448 498 laetitiam
3488 447 3838 503 saeculorum.

2230 525 2400 579 Dellet
2432 527 2591 580 etiam
2624 544 2680 581 se
2712 537 2934 599 propter
2961 537 3070 584 tam
3126 531 3307 585 brevis
3361 533 3637 589 illicebra:
3700 538 3836 590 vols-

2229 616 2870 685 ptateminenarrabilem
2920 628 3192 690 perpetuae
3248 623 3534 677 suavitatis
3594 625 3832 681 amisisse

2229 715 2585 770 dulcedinem.
2622 717 2920 786 Erubescit,
2954 720 3080 789 quia
3109 728 3328 791 propter
3382 722 3539 777 illam
3599 725 3834 780 substan

2229 803 2375 870 tiam,
2418 822 2539 875 qua:
2583 807 2856 862 vermibus
2907 816 3022 862 erat
3067 808 3326 879 obnoxia,
3386 811 3543 866 illam
3597 814 3833 886 neglexit

2228 910 2347 962 quae
2394 894 2568 948 choris
2621 903 2735 951 erat
2793 897 3053 968 angelicis
3115 897 3414 954 inferenda.
3474 901 3603 955 Jam
3658 902 3830 958 radios

2226 992 2420 1046 mentis
2447 993 2657 1058 attollit,
2691 1000 2745 1048 et
2773 1010 2894 1049 cum
2928 994 3233 1050 divitiarum
3273 996 3676 1053 immortalium
3722 1001 3830 1073 glo-

2223 1081 2360 1134 riam
2391 1082 2783 1151 contemplatur
2824 1099 2966 1150 eam,
3020 1092 3239 1155 propter
3293 1086 3421 1142 vita
3479 1088 3655 1157 1111th
3711 1090 3827 1144 ine-

2223 1169 2369 1240 piam
2400 1170 2696 1240 perdidisse
2751 1171 3114 1226 confunditur.
3175 1174 3419 1244 Cumque
3475 1175 3584 1229 sub
3637 1193 3698 1231 se
3743 1194 3824 1234 re-

2224 1266 2589 1323 ﬂectitoculos
2613 1268 2679 1322 ad
2711 1269 2871 1338 hujus
2919 1269 3104 1324 mundi
3161 1272 3464 1328 convallem
3533 1281 3827 1346 tetramqne

2223 1354 2530 1426 caliginem,
2580 1373 2741 1427 super
2793 1374 2850 1412 se
2906 1374 3034 1412 vero
3090 1359 3314 1414 miratur
3357 1362 3551 1416 mterni
3613 1363 3824 1418 luminis

2221 1443 2536 1512 claritatem,
2569 1445 2771 1514 liquido
2799 1446 3152 1515 deprehendit
3180 1448 3304 1517 quia
3334 1465 3446 1504 nox
3483 1461 3605 1506 stat
3654 1462 3708 1506 et
3763 1463 3824 1506 te-

2219 1542 2402 1596 nebrae
2432 1543 2574 1612 quod
2605 1543 2824 1598 amavit.
2868 1543 2913 1598 Ο
2943 1544 2987 1598 si
3017 1544 3316 1601 redivivum
3337 1548 3679 1618 poenitentia:
3701 1558 3824 1605 tem.

2222 1647 2320 1700 pus
2349 1631 2541 1684 mereri
2570 1631 2846 1702 potuisset,
2880 1649 3040 1702 quam
3074 1633 3222 1689 durae
3252 1637 3688 1692 conversationis
3735 1640 3823 1694 iter

2138 1698 2189 1757 B
2218 1698 2476 1788 arriperet
2509 1721 2519 1772 l
2556 1698 2735 1790 qualia
2764 1727 2816 1776 et
2835 1698 3043 1791 quanta
3073 1723 3405 1793 promitteret
3434 1726 3446 1778 l
3500 1728 3729 1795 quantis
3770 1746 3820 1782 se

2216 1816 2562 1872 devotionum
2594 1818 2818 1874 vinculis
2846 1818 3128 1874 innodaret
3159 1821 3170 1873 l
3205 1822 3415 1876 Interea
3454 1821 3591 1877 dum
3653 1825 3818 1881 hebe-

2215 1914 2420 1960 scentes
2475 1906 2614 1962 oculi
2671 1907 3073 1974 contabescunt,
3121 1907 3248 1962 dum
3314 1919 3499 1981 pectus
3573 1913 3816 1985 palpitat,

2215 2011 2434 2049 raucum
2464 2004 2646 2067 guttur
2675 1997 2908 2064 anhelat,
2941 1996 3128 2052 dentes
3164 1999 3425 2070 paulatim
3481 2001 3815 2072 nigrescunt,

2216 2101 2269 2148 et
2297 2094 2584 2163 quamdam
2616 2096 2760 2150 velut
2788 2097 3084 2168 aeruginem
3127 2101 3467 2168 contrahunt,
3519 2103 3816 2171 pallescunt

2215 2199 2327 2250 ora,
2361 2183 2605 2238 membra
2635 2193 2826 2240 cuncta
2855 2185 3144 2256 rigescunt.

2283 2299 2423 2353 Dum
2454 2301 2571 2353 11ch
2597 2299 2778 2368 itaque
2808 2308 2860 2354 et
2891 2301 3092 2355 homini
3124 2309 3375 2371 tanquam
3409 2303 3605 2360 vicina;
3661 2309 3811 2362 morti

2212 2396 2571 2465 pracedentia
2601 2397 2932 2451 fumulantur
2956 2397 3154 2466 ofﬁcia,
3187 2407 3369 2454 assunt
3415 2403 3608 2457 omnia
3661 2415 3811 2475 gesta

2209 2485 2367 2538 simul
2399 2492 2451 2538 et
2475 2485 2659 2540 verba.
2695 2486 2823 2541 Haec
2841 2493 2894 2540 et
2921 2487 3053 2557 ipse
3095 2487 3449 2559 cogitationes
3493 2490 3715 2562 desunt,
3760 2503 3806 2550 et

2208 2589 2398 2637 cuncta
2454 2584 2570 2637 haec
2618 2599 2861 2637 amarum
2916 2583 3172 2639 adversus
3220 2593 3495 2641 auctorem
3570 2589 3807 2645 testimo-

2207 2671 2354 2724 nium
2387 2671 2632 2727 reddunt.
2667 2673 3064 2727 Coacervantur
3097 2673 3282 2728 omnia
3325 2683 3450 2730 ante
3504 2679 3807 2748 respuentis

2207 2760 2409 2827 oculos,
2438 2767 2490 2814 et
2519 2776 2638 2830 quae
2667 2761 2978 2832 conspicere
3008 2761 3229 2834 refugit,
3259 2773 3478 2819 coactus
3503 2773 3561 2819 et
3611 2767 3808 2822 invitus.

2205 2857 2446 2912 attendit.
2479 2857 2642 2912 Adest
2687 2865 2945 2929 praeterea
2991 2859 3116 2915 hinc
3170 2861 3439 2916 horrenda
3491 2863 3808 2920 daemonum

2204 2946 2378 3011 turba,
2405 2947 2550 3001 illinc
2574 2947 2746 3003 virtus
2773 2949 3038 3019 angelica.
3073 2950 3133 3003 In
3162 2949 3254 3004 illo
3312 2951 3401 3020 qui
3458 2952 3676 3008 medius
3732 2965 3807 3008 est

496 3065 642 3103 mors
696 3046 875 3101 media
929 3046 1033 3111 sit;
1080 3061 1205 3099 nam
1255 3052 1308 3100 et
1351 3045 1496 3099 bona
1545 3044 1705 3114 justis
1755 3043 1984 3110 videtur,
2043 3051 2096 3098 et
2125 3049 2173 3112 ί]
2204 3035 2406 3105 liquido
2438 3035 2874 3104 deprehenditur,
2907 3038 2990 3092 cui
3021 3038 3160 3106 parti
3197 3039 3320 3108 jure
3372 3043 3647 3109 possessio
3696 3045 3803 3100 vin-

497 3138 764 3211 plerisque
823 3133 1136 3190 metuenda.
1204 3134 1338 3202 Qua}
1394 3150 1516 3188 cum
1573 3133 1820 3188 absolvat
1875 3149 2085 3201 omnes,

497 3241 698 3299 paucos
724 3224 996 3292 delectat;
1043 3222 1138 3277 sed
1188 3239 1296 3278 non
1353 3223 1456 3277 hoc
1501 3222 1688 3277 mortis
1743 3229 1822 3276 est
1874 3222 2084 3290 vitium,

498 3325 593 3380 sed
621 3340 818 3388 nostrae
866 3321 1209 3384 inﬁrmitatis,
1269 3321 1358 3390 qui
1413 3320 1686 3391 voluptate
1737 3327 1790 3374 et
1844 3321 2085 3376 delecta-

493 3415 642 3469 tione
669 3413 793 3469 vitae
823 3412 973 3466 istius
991 3411 1255 3481 capimur,
1297 3417 1351 3464 et
1387 3425 1598 3463 cursum
1642 3411 1785 3462 hunc
1827 3425 2083 3464 consum-

490 3519 639 3557 mare
670 3501 998 3571 trepidamus
1032 3500 1123 3554 :in
1170 3514 1275 3568 quo
1324 3499 1443 3569 plus
1497 3498 1868 3553 amaritudinis
1922 3515 2082 3569 quam

491 3598 781 3669 voluptatis
808 3605 904 3651 est.
937 3598 1024 3650 An
1055 3612 1162 3650 non
1193 3597 1361 3651 sancti
1394 3603 1444 3650 et
1489 3597 1758 3666 sapientes
1811 3596 1932 3660 viri,
1993 3595 2084 3665 qui

488 3688 889 3759 longznvitatem
948 3685 1397 3755 peregrinationis
1451 3685 1610 3753 hujus
1656 3685 2084 3755 ingemiscebant

487 3775 726 3844 dissolvi,
763 3781 814 3828 et
844 3791 963 3828 cum
997 3774 1206 3828 Christo
1237 3791 1351 3828 esse
1382 3773 1656 3841 pulchrius
1685 3774 2025 3828 aestimabant
2053 3776 2080 3827 ‘?

482 3879 553 3935 Et
581 3877 702 3932 ideo
724 3875 850 3945 quia
879 3873 1119 3944 quotidie
1151 3873 1217 3927 de
1249 3881 1419 3928 morte
1449 3873 1778 3945 cogitabant,
1831 3880 1883 3927 et
1930 3873 2080 3942 quasi

485 3983 542 4023 se
573 3965 639 4021 de
671 3967 772 4020 hoc
817 3965 1142 4036 migraturos
1187 3962 1478 4017 credebant
1535 3961 1756 4029 mundo,
1819 3978 1926 4016 non
1971 3962 2078 4016 du-

481 4055 633 4112 bium
683 4062 763 4110 est
817 4053 943 4124 quin
1001 4053 1118 4108 haec
1167 4051 1480 4122 quotidiana
1538 4050 1814 4106 meditatio
1893 4051 2080 4106 mortis

481 4171 642 4211 omne
674 4151 862 4208 vitium
896 4151 950 4204 in
980 4149 1058 4204 eis
1104 4150 1408 4220 perimeret.
1465 4148 1548 4204 Ad
1606 4148 1897 4204 devitanda
1948 4167 2076 4205 sane

480 4243 663 4300 omuia
695 4241 796 4296 tela
826 4239 1200 4305 certaminum,
1233 4255 1419 4293 verum
1469 4237 1632 4292 etiam
1687 4238 1754 4293 ad
1802 4237 2077 4296 universos

481 4342 659 4388 motus
713 4328 955 4385 omnium
1012 4326 1561 4396 concupiscentiarum
1616 4344 1678 4382 ac
1733 4335 2072 4398 peccatorum

2198 3132 2426 3187 dicetur.
2466 3134 2605 3187 Nam
2637 3135 2680 3187 si
2703 3135 2914 3205 pietatis
2943 3135 2994 3189 in
3027 3151 3091 3192 eo
3121 3136 3369 3191 videntur
3421 3139 3682 3212 insignia,
3727 3144 3803 3196 in-

2195 3222 2467 3276 vitationis
2514 3223 2776 3293 angelica
2828 3223 3102 3278 blanditiis
3138 3225 3408 3296 delinitur,
3467 3238 3633 3298 atque
3685 3233 3804 3286 har-

2196 3311 2425 3366 monice:
2481 3311 2732 3366 melodiaa
2789 3311 3072 3368 dulcedine
3125 3322 3185 3368 ut
3239 3324 3397 3370 exeat
3445 3328 3796 3388 provocatur.

2195 3406 2350 3474 Quod
2383 3407 2426 3460 si
2454 3424 2577 3461 eum
2626 3408 2854 3463 sinistra:
2913 3410 3047 3478 parti
3094 3411 3408 3466 meritorum
3467 3414 3700 3485 nigredo
3749 3427 3800 3470 et

2195 3495 2448 3550 foeditatis
2472 3497 2689 3566 squalor
2715 3497 3005 3566 adjudicet,
3053 3499 3375 3555 intolerabili
3422 3518 3552 3557 mox
3593 3512 3797 3560 terrore

2199 3585 2516 3652 concutitur,
2564 3587 2830 3656 repentini
2869 3587 3100 3656 impetus
3145 3588 3402 3645 violentia
3431 3594 3797 3661 perturbatur,

2191 3683 2587 3754 przncipitanter
2614 3684 2900 3752 invaditur,
2933 3701 2994 3740 ac
3036 3686 3104 3740 de
3145 3687 3356 3742 miserae
3397 3691 3583 3745 carnis
3625 3709 3793 3764 erga-

2189 3773 2326 3826 stulo
2357 3772 2619 3826 violenter
2645 3773 2910 3840 evellitur,
2943 3782 3000 3828 ut
3032 3775 3098 3829 ad
3123 3783 3325 3831 aeterna
3370 3779 3640 3849 supplicia
3677 3784 3790 3851 jam

2189 3877 2311 3917 cum
2342 3861 2698 3916 amaritudine
2724 3864 3081 3930 pertrahatur.
3111 3865 3233 3919 Jam
3263 3882 3392 3921 vero
3441 3877 3569 3936 post
3612 3886 3790 3942 egresp

2187 3958 2394 4014 sionem
2425 3958 2494 4013 de
2521 3973 2746 4028 corpore
2776 3959 2896 4028 quis
2925 3959 3200 4031 explicare
3246 3963 3444 4028 valeat,
3505 3974 3643 4034 quot
3696 3984 3786 4022 ar-

2186 4056 2348 4102 mata:
2378 4047 2682 4117 iniquorum
2713 4048 2996 4118 spirituum
3027 4050 3171 4104 acies
3212 4050 3268 4104 in
3306 4052 3514 4106 insidiis
3565 4055 3782 4124 lateant,

2187 4144 2317 4206 quot
2365 4136 2653 4192 frementes
2706 4137 2864 4192 cunei
2914 4137 3171 4194 feralibus
3215 4139 3335 4194 telis
3387 4141 3635 4198 instructi
3690 4145 3786 4200 iter

2185 4233 2486 4298 obsideant,
2519 4241 2571 4288 et
2600 4249 2668 4289 ne
2695 4233 2865 4289 libera
2905 4236 3125 4291 transire
3175 4237 3345 4306 possit
3391 4239 3597 4308 anima,
3643 4243 3784 4296 velut

2183 4322 2405 4377 militari
2436 4339 2584 4378 more
2612 4324 2926 4394 constipata
2968 4324 3212 4395 legiones
3259 4338 3601 4399 Oppugnant.
3659 4331 3784 4386 Hac

479 4425 934 4496 comprimendos,
995 4424 1170 4478 nullus
1225 4424 1355 4477 mihi
1404 4423 1614 4479 videtur
1669 4423 1896 4479 validior
1949 4425 2064 4496 cly-

2201 4419 2232 4467 et
2259 4411 2464 4466 homini
2493 4412 2799 4481 frequenter
2824 4413 2881 4467 in
2908 4414 3067 4468 corde
3098 4430 3334 4483 versare,
3365 4415 3496 4485 quid
3527 4428 3615 4472 est
3641 4421 3783 4474 aliud

481 4533 614 4588 peus
644 4529 806 4585 quam
835 4513 1112 4568 meditatio
1143 4512 1329 4568 mortis
1375 4519 1429 4567 et
1467 4511 1692 4566 extremi
1727 4519 1894 4568 terror
1933 4529 2071 4568 exa-
2181 4527 2342 4581 quam
2373 4510 2736 4566 lenocinantia
2764 4511 2888 4567 vita
2921 4512 3080 4581 hujus
3106 4512 3478 4571 blandimenta
3501 4533 3783 4590 respuere,

478 4605 660 4661 minis.
2178 4600 2381 4656 mundo
2413 4600 2692 4670 repudium
2721 4599 2870 4666 dare,
2903 4601 3117 4656 illicitos
3144 4610 3320 4657 motus
3349 4607 3525 4660 carnis
3556 4608 3779 4677 elidere,

545 4699 883 4758 Pensandum
917 4698 1114 4769 quippe
1145 4705 1242 4764 est,
1274 4714 1396 4752 cum
1420 4696 1538 4766 jam
1572 4697 1842 4768 peccatrix
1888 4697 2069 4753 anima
2176 4691 2457 4760 solumque
2498 4689 2842 4760 perfectionis
2897 4689 3258 4761 adipiscendae
3304 4695 3645 4764 propositum
3704 4699 3786 4753 ia-

475 4791 705 4852 vinculis
725 4788 912 4860 incipit
945 4787 1120 4842 carnis
1149 4785 1376 4854 absolvi,
1411 4803 1571 4856 quam
1623 4803 1807 4842 amaro
1867 4793 2067 4843 terrore
2175 4786 2568 4843 declinabiliter
2595 4787 2858 4842 custodire
2888 4788 2917 4840 ?
2946 4787 3039 4841 His
3066 4788 3343 4844 addendus
3371 4800 3451 4845 est
3477 4793 3645 4848 etiam
3676 4813 3781 4850 ex-

2176 4875 2329 4930 tremi
2374 4883 2545 4929 terror
2591 4875 2804 4943 judicii,
2863 4884 2922 4930 ut
2980 4877 3121 4932 illius
3178 4879 3538 4934 amaritudine
3603 4884 3786 4938 valeat

2173 4965 2359 5019 mundi
2388 4963 2547 5033 hujus
2569 4963 2701 5018 falsa
2723 4964 2950 5020 dulcedo
2980 4967 3271 5022 contemni.
3322 4968 3401 5022 Ad
3451 4969 3783 5028 devltandas

2171 5078 2404 5131 namque
2434 5061 2714 5116 diabolica:
2744 5078 2942 5134 pugnae
2972 5064 3244 5119 molestias
3275 5067 3456 5120 valent
3483 5082 3497 5134 ;
3523 5072 3780 5144 assurgi-

2169 5168 2306 5218 mus,
2340 5151 2383 5204 si
2412 5150 2740 5205 necessitatis
2769 5151 2972 5207 ultimas
3024 5153 3320 5223 periculum
3367 5156 3600 5225 provide
3657 5176 3783 5229 per—

2168 5246 2476 5295 tractamus.
2507 5239 2646 5294 Nam
2686 5239 2729 5293 si
2787 5241 3097 5312 repentinus
3153 5242 3243 5296 ille
3296 5250 3456 5313 atque
3513 5249 3779 5302 terribilis

2164 5337 2426 5395 adventus
2472 5337 2665 5392 Christi
2721 5336 2886 5409 digne
2933 5339 3301 5410 perpenditur,
3362 5341 3494 5410 quid
3555 5345 3661 5399 erit
3719 5347 3776 5401 in

2161 5425 2363 5480 mundo
2393 5425 2484 5479 ubi
2515 5441 2666 5479 mens
2696 5425 2932 5480 humana
2960 5427 3048 5480 vel
3096 5427 3368 5498 desipiens
3414 5429 3723 5488 delectetur
3745 5436 3774 5485 Ῥ

2160 5515 2256 5570 Ille
2285 5531 2478 5584 nempe
2509 5514 2626 5568 dies
2656 5522 2754 5579 est,
2789 5515 2856 5569 ad
2895 5531 3056 5584 quam
3098 5517 3274 5571 omnis
3332 5519 3767 5588 praecedentium

2154 5603 2472 5659 saculorum
2506 5603 2747 5673 intentio,
2780 5620 2842 5660 ac
2870 5621 3082 5660 summa
3107 5606 3399 5678 colligitur,
3461 5609 3548 5663 cui
3612 5628 3773 5666 cum-

2153 5710 2238 5761 cta
2266 5719 2538 5760 sacrarum
2560 5702 2953 5773 Scripturarum
2983 5704 3260 5764 volumina
3287 5706 3663 5766 famulantur:
3694 5711 3766 5768 de

470 4881 787 4948 concutitur,
848 4877 1059 4948 quantis
1105 4875 1371 4932 mordacis
1425 4875 1766 4930 conscientiae
1835 4876 2064 4930 stimulis

467 4981 754 5037 laceratur.
795 4975 1001 5031 Recolit
1029 4974 1192 5032 vetita
1221 4990 1342 5043 qua
1384 4973 1673 5040 commisit,
1725 4973 1874 5028 videt
1914 4991 2064 5028 man-

467 5070 590 5126 data
611 5085 730 5140 quae
759 5065 1001 5137 neglexit
1030 5063 1253 5132 implere
1295 5069 1346 5118 et
1389 5061 1737 5131 contempsit.
1795 5061 1954 5116 Dolet
1980 5062 2062 5116 in-

466 5159 614 5213 dulta
643 5155 970 5229 poenitentia:
1002 5161 1244 5224 tempora
1286 5169 1403 5206 sese
1450 5152 1678 5206 inaniter
1731 5151 2056 5221 percepisse,

464 5255 639 5325 plorat
694 5251 1030 5308 immobilem
1077 5248 1328 5302 districta:
1376 5248 1592 5302 ultionis
1637 5249 1917 5304 articulum
1974 5250 2056 5304 in-

460 5341 779 5398 evitabiliter
807 5339 1114 5393 imminere.
1153 5338 1369 5392 Manere
1415 5339 1628 5410 satagit,
1675 5338 1750 5393 ire
1805 5339 2053 5412 compel-

459 5430 604 5497 litur,
638 5444 952 5498 recuperare
1000 5428 1114 5483 vult
1160 5426 1413 5496 perdita;
1476 5443 1585 5481 non
1630 5428 1866 5482 auditur.
1931 5429 2054 5484 Post

460 5535 610 5600 terga
639 5524 929 5596 respiciens
956 5525 1113 5579 totius
1143 5530 1422 5578 transacta:
1469 5524 1592 5578 vita!
1639 5541 1851 5580 cursum
1905 5527 2052 5583 velut

454 5634 620 5674 unum
648 5613 1026 5672 brevissimum
1085 5612 1304 5682 deputat
1360 5611 1564 5668 itineris
1616 5631 1852 5686 passum.
1912 5618 2045 5670 Ante

451 5725 510 5767 se
541 5707 726 5764 oculos
754 5700 940 5775 dirigit
967 5709 1019 5756 et
1065 5698 1286 5756 infinitae
1332 5703 1680 5772 perennitatis
1721 5705 1896 5775 spatia
1942 5703 2042 5760 de-
