4008 6092
227 264 359 317 1161

1145 255 1730 315 DEFLORATIONES
1769 251 1870 316 SS.
1915 249 2214 308 PATRUM.
2258 280 2327 296 —-
2365 250 2493 307 LIB.
2532 251 2606 310 Il.

3382 251 3520 308 “6!

227 400 336 454 quo
366 384 562 440 beatus
593 385 786 440 Petrus
817 390 875 438 ut
905 381 1239 438 audientium
1296 382 1463 438 corda
1501 381 1669 454 digno
1715 389 1824 436 ter-
1851 375 1912 442 Α
1936 375 1991 430 in
2021 390 2224 448 genere
2251 375 2510 443 humano,
2527 375 2614 432 cui
2644 389 2754 431 non
2787 373 3212 430 sitnecessarius
3232 372 3301 428 ad
3321 372 3524 429 libera-

224 490 349 528 rore
381 480 700 529 concuteret
725 491 737 527 :
772 495 794 520 ιι
820 471 1105 538 Adveniet,
1125 471 1318 542 inquit,
1344 471 1462 526 dies
1482 470 1697 526 Domini
1717 469 1825 526 sic-

223 571 281 619 ut
312 562 402 616 fur
431 581 444 627 ;
475 562 532 616 in
563 578 671 632 quo
723 561 847 617 creli
880 576 1080 632 magno
1136 560 1340 630 impetu
1380 559 1664 625 transient,
1705 558 1824 614 ele-

227 669 408 716 menta
436 675 567 715 vero
594 659 744 730 ignis
793 658 980 713 calore
1022 658 1321 712 solventur.
1355 657 1488 713 Cum
1519 657 1683 729 igitur
1709 656 1827 711 haec

227 750 413 805 omnia
470 747 823 803 dissolvenda
861 749 988 811 sint,
1049 746 1238 818 quales
1276 751 1493 817 oportet
1530 761 1653 800 esse
1725 761 1827 800 vos

225 838 283 892 in
315 838 522 893 sanctis
547 835 1054 892 conversationibus
1082 843 1133 890 et
1161 835 1476 906 pietatibus,
1501 841 1826 905 exspectan-

223 944 309 992 tes
341 943 395 992 et
452 941 820 1006 properantes
854 933 909 987 in
938 933 1230 988 adventum
1271 932 1382 988 diei
1412 931 1627 988 Domini
1656 928 1826 986 nostri

224 1025 361 1080 Jesu
393 1023 616 1089 Christi,
657 1038 759 1093 per
803 1037 966 1094 quem
1030 1020 1156 1077 coeli
1222 1020 1481 1076 ardentes
1546 1018 1826 1076 solventur

224 1113 302 1184 (II
322 1115 477 1169 Petr.
511 1112 613 1181 in).
651 1134 673 1159 ι

733 1214 813 1270 De
843 1215 1064 1283 origine
1094 1213 1324 1268 animae.

305 1304 565 1378 Legimus
596 1303 649 1358 in
677 1302 989 1359 conditione
1023 1319 1229 1367 rerum,
1255 1318 1379 1356 mox
1407 1308 1465 1355 ut
1484 1301 1553 1357 de
1571 1299 1701 1355 limo
1726 1306 1830 1354 ter-

228 1413 306 1452 rae
337 1410 538 1465 corpus
571 1391 826 1448 effectum
858 1400 960 1459 est,
1023 1391 1202 1444 statim
1233 1389 1522 1444 Dominum
1553 1387 1830 1443 insuﬂlas-

230 1511 313 1562 se,
392 1493 702 1562 factumque
743 1506 866 1545 esse
915 1489 1087 1543 Adam
1155 1490 1208 1542 in
1257 1487 1495 1542 animam
1558 1484 1831 1540 viventem

231 1585 391 1652 (Gen.
425 1583 506 1651 ιι).
528 1578 826 1635 lnsutllavit
853 1579 994 1632 enim
1023 1577 1226 1633 dictum
1248 1576 1411 1631 estad
1426 1573 1830 1646 exprimendam

230 1671 416 1744 operis
467 1669 521 1724 di
532 1668 819 1741 gnitatem,
843 1676 899 1721 ut
928 1673 1322 1738 agnosceretur
1342 1663 1546 1736 aliquid
1566 1661 1827 1718 eximium

229 1771 374 1845 quod
405 1771 526 1840 ejus
554 1784 652 1824 ore
699 1778 782 1821 est
820 1765 1104 1836 prolatum.
1151 1764 1416 1820 Caeterum
1438 1764 1542 1818 hoc
1562 1758 1828 1831 signiﬁcat

230 1858 520 1916 insutilatio
554 1856 698 1926 ejus,
731 1854 876 1926 quod
929 1853 1247 1909 mandatum
1273 1860 1326 1907 et
1347 1851 1549 1921 jussio.
1570 1849 1708 1904 Nam
1738 1848 1827 1902 in-

232 1949 456 2006 sufﬂare
489 1943 952 2018 quemadmodum
983 1949 1184 2012 potest,
1218 1942 1311 2014 qui
1366 1955 1544 2011 neque
1575 1936 1828 2010 spiritum

231 2044 484 2110 resolvit,
528 2058 706 2113 neque
735 2041 965 2096 buccam
995 2038 1159 2093 habet
1179 2054 1300 2110 quae
1329 2044 1544 2094 constat
1563 2051 1690 2091 esse
1710 2049 1832 2090 cor-

231 2149 432 2207 porea.
470 2133 588 2186 Hoc
618 2128 865 2185 nonnulli
895 2127 1067 2184 secuti
1098 2126 1367 2191 dixerunt,
1411 2141 1534 2180 mox
1560 2132 1618 2178 ut
1644 2138 1833 2178 semen

235 2225 538 2279 humanum
569 2218 918 2289 ccagnlatum
951 2215 1119 2270 fuerit
1150 2215 1205 2270 in
1263 2214 1420 2270 vitale
1451 2212 1832 2277 substantiam,

235 2322 384 2377 illico
413 2325 627 2376 creatas
657 2315 869 2371 animas
890 2313 1214 2384 corporibus
1229 2313 1360 2368 dare
1377 2311 1642 2367 discretas
1671 2318 1837 2381 atque

238 2409 532 2483 perfectas.
567 2404 821 2460 Medendi
858 2411 1040 2458 autem
1061 2401 1302 2457 artitices
1330 2401 1490 2472 periti
1519 2399 1837 2472 quadrage-

240 2500 378 2554 simo
401 2497 490 2553 die
526 2496 826 2549 humanum
857 2507 922 2548 ac
954 2490 1184 2547 mortale
1203 2506 1377 2562 pecus
1396 2490 1630 2544 animam
1653 2487 1840 2543 dicunt

239 2595 511 2666 accipere,
539 2607 661 2647 cum
683 2606 742 2645 se
764 2590 815 2644 in
842 2597 997 2644 utero
1016 2594 1204 2642 matris
1222 2587 1834 2657 cmperitcommovere.

238 2687 402 2743 Unde
435 2698 571 2739 vero
596 2681 718 2734 illas
741 2680 888 2734 Deus
926 2678 1090 2734 faciat
1109 2677 1324 2750 ignoro,
1361 2675 1540 2732 sciens
1567 2676 1672 2732 hoc
1693 2674 1840 2746 quod

237 2778 354 2844 ejus
376 2773 555 2828 facere
579 2768 711 2824 nihil
761 2767 909 2822 aliud
957 2774 1042 2821 est
1088 2781 1250 2837 quam
1281 2765 1534 2820 voluntas
1566 2773 1618 2820 et
1641 2763 1837 2832 jussio.

237 2876 470 2931 Sanctus
501 2869 718 2940 quidem
778 2865 1114 2937 Augustinus
1170 2864 1423 2920 scribens
1452 2879 1552 2935 per
1581 2862 1838 2918 Orosium

239 2973 292 3020 et
325 2960 605 3017 Paulinum
673 2956 744 3011 ad
812 2957 1031 3010 beatum
1101 2953 1518 3024 Hieronymum,
1591 2952 1669 3008 sic
1707 2951 1835 3005 ait:

241 3048 472 3107 Proinde
505 3063 574 3102 ne
597 3045 820 3118 longum
854 3043 1068 3104 faciam.
1109 3043 1214 3097 hoc
1271 3050 1416 3099 certe
1463 3041 1651 3110 sentis,
1695 3038 1834 3109 quod
1867 3065 1918 3129 Ο

239 3147 482 3220 singulas
519 3145 728 3200 animas
782 3140 1014 3213 singulis
1070 3140 1423 3196 nascentibus
1479 3139 1640 3193 etiam
1713 3152 1837 3192 mo-

242 3241 314 3295 do
351 3239 497 3293 Deus
538 3233 720 3289 faciat.
797 3230 896 3286 Cui
936 3230 1220 3285 sententiae
1258 3245 1325 3284 ne
1365 3228 1653 3297 objiciatur
1691 3224 1840 3299 quod

243 3341 434 3385 omnes
467 3329 750 3379 creaturas
781 3326 931 3373 sexta
964 3318 1053 3373 die
1109 3315 1562 3373 csnsummaverit
1590 3317 1758 3380 Deus,
1791 3321 1844 3369 et

241 3422 476 3494 septimo
533 3414 869 3488 requieverit
922 3414 1139 3483 (ibid.),
1199 3412 1398 3468 adhibe
1474 3410 1838 3466 testimonium

243 3507 526 3578 Evangelii
558 3526 606 3561 ιιι
634 3506 791 3558 Pater
817 3517 975 3557 meus
999 3517 1176 3571 usque
1205 3517 1355 3556 nunc
1372 3508 1631 3572 operatur
1655 3501 1839 3568 (Joan.

240 3603 317 3673 v).
357 3625 377 3647 η
413 3599 545 3652 Cum
565 3608 701 3664 ergo
731 3590 942 3646 animas
973 3598 1123 3646 creat
1162 3591 1312 3645 Deus
1361 3605 1530 3644 novas
1595 3587 1843 3660 singulas

246 3697 499 3770 singulis,
533 3708 684 3748 suam
738 3690 934 3760 cuique
973 3689 1217 3744 nascenti
1254 3703 1361 3742 non
1417 3686 1621 3757 aliquid
1661 3686 1843 3742 facere

243 3790 444 3844 dicitur
477 3782 620 3854 quod
650 3788 773 3835 ante
805 3794 911 3833 non
946 3778 1164 3832 faceret.
1209 3777 1326 3831 Jam
1359 3776 1502 3831 enim
1547 3783 1704 3830 sexto
1755 3774 1844 3829 die

242 3878 445 3934 fecerat
473 3869 756 3927 hominem
783 3867 852 3922 ad
882 3865 1176 3938 imaginem
1207 3879 1365 3919 suam
1395 3865 1551 3934 (Gen.
1579 3863 1617 3935 ι)
1652 3879 1664 3918 :
1698 3862 1846 3934 quod

241 3975 427 4046 utique
448 3967 750 4025 secundum
783 3963 1019 4019 animam
1069 3961 1390 4018 rationalem
1421 3961 1619 4018 fecisse
1641 3961 1845 4017 intelli-

245 4065 412 4136 gitur.
446 4061 561 4114 Hoc
590 4063 643 4112 et
669 4070 812 4110 nunc
838 4053 984 4119 facit,
1043 4068 1153 4108 non
1203 4051 1534 4107 instituendo
1563 4051 1708 4124 quod
1738 4065 1850 4106 non

247 4159 384 4216 erat,
417 4147 514 4203 sed
546 4141 962 4214 multiplicando
990 4141 1136 4213 quod
1164 4149 1300 4196 erat.
1332 4140 1487 4198 Unde
1517 4148 1570 4196 et
1597 4139 1733 4195 illud
1763 4155 1852 4195 ve-

247 4265 368 4304 rum
399 4253 480 4302 est
511 4242 657 4315 quod
693 4255 726 4297 ι
762 4240 928 4295 rebus
969 4256 1090 4310 quae
1158 4255 1266 4294 non
1309 4244 1467 4293 erant
1506 4235 1852 4292 instituendis

248 4333 539 4406 requievit,
569 4337 622 4386 et
651 4329 756 4384 hoc
784 4343 974 4383 verum
999 4335 1101 4395 est,
1128 4327 1275 4398 quod
1305 4343 1415 4382 non
1446 4325 1618 4381 solum
1649 4325 1854 4398 guber-

1935 465 2137 519 tionem
2173 487 2194 511 α
2221 464 2483 519 Mediator
2511 465 2610 523 Dei
2641 472 2694 520 et
2719 464 3021 528 hominum,
3063 463 3228 517 homo
3269 461 3522 517 Christus

1931 554 2092 608 Iesus
2111 554 2162 620 (1
2193 554 2330 608 Tim.
2354 555 2436 621 ιι).
2464 578 2484 601 υ
2514 553 2864 627 Quaecunque
2885 560 3067 607 autem
3087 553 3208 606 sine
3226 551 3402 623 gratia
3417 566 3527 606 me-

1934 649 2159 704 diatoris
2175 656 2228 703 et
2250 656 2594 704 sacramento
2613 651 2750 718 ejus,
2775 649 2830 704 id
2852 657 2935 704 est
2954 649 3296 719 baptismate,
3319 649 3373 702 in
3395 663 3525 719 qua-

1934 737 2067 792 libet
2091 738 2340 808 corporis
2357 745 2520 793 etate
2542 738 2609 793 de
2654 753 2882 808 corpore
2903 737 3109 802 exierit,
3143 745 3196 792 et
3225 737 3278 791 in
3306 752 3527 808 poenam

1934 826 2170 882 futuram
2202 834 2254 880 et
2283 826 2337 879 in
2369 826 2556 882 ultimo
2575 826 2782 896 judicio
2811 841 3010 896 corpus
3026 825 3094 880 ad
3123 841 3340 898 pmnam
3375 842 3530 882 rece-

1933 926 2166 992 pturam.
2245 921 2301 977 Si
2340 931 2526 976 autem
2564 931 2688 992 post
2742 921 3155 994 generationem
3207 923 3524 986 humanam,

1935 1027 2056 1080 qua:
2084 1009 2227 1065 facta
2266 1017 2350 1065 est
2377 1025 2442 1065 ex
2472 1010 2660 1078 Adam,
2702 1018 3063 1083 regeneratur
3091 1010 3146 1064 in
3185 1009 3415 1080 Christo,
3457 1011 3530 1066 ad

1935 1099 2052 1168 ejus
2108 1097 2383 1169 pertinere
2433 1099 2747 1154 societatem
2779 1106 2832 1154 et
2861 1098 3109 1170 requiem
3149 1106 3271 1169 post
3297 1106 3528 1155 mortem

1935 1194 2186 1267 corporis
2214 1195 2543 1262 habituram,
2578 1203 2632 1250 et
2661 1211 2860 1266 corpus
2889 1195 2958 1251 ad
2987 1195 3214 1267 gloriam
3269 1204 3528 1267 receptu-

1939 1300 2077 1339 ram.
2155 1285 2284 1339 Hmc
2321 1291 2444 1338 sunt
2483 1301 2605 1355 qua
2642 1283 2710 1339 de
2739 1284 2922 1338 anima
2971 1284 3300 1341 firmissione
3344 1294 3526 1341 teneo.

1940 1371 2410 1444 (CASSIODORUS.)
2438 1373 2553 1428 Hoc
2580 1381 2762 1428 autem
2775 1371 3042 1428 veraciter
3071 1373 3287 1445 ﬁxeque
3303 1374 3534 1431 creden-

1940 1469 2070 1525 dum
2103 1477 2186 1525 est
2216 1471 2387 1525 Deum
2427 1469 2637 1524 animas
2666 1485 2881 1536 creare,
2915 1477 2968 1525 et
3024 1471 3239 1526 occulta
3295 1473 3531 1543 quadam

1939 1559 2150 1614 ratione
2173 1558 2476 1628 justissime
2504 1558 2611 1613 illis
2641 1558 2908 1629 imputare
2961 1559 3104 1629 quod
3133 1559 3296 1630 primi
3350 1561 3532 1616 homi-

1941 1648 2026 1702 nis
2055 1656 2282 1719 peccato
2312 1655 2566 1702 tenentur
2596 1647 2864 1703 obnoxiae.

2009 1745 2115 1800 Sed
2139 1743 2394 1816 quoniam
2415 1744 2467 1798 in
2489 1749 2629 1801 hunc
2650 1745 2826 1802 locum
2851 1756 3006 1804 tenor
3022 1763 3123 1805 nos
3145 1747 3532 1821 disputationis

1934 1833 2181 1899 adduxit,
2214 1841 2271 1887 ut
2301 1833 2510 1888 animas
2538 1849 2663 1889 reas
2685 1851 2786 1905 per
2804 1837 3090 1893 traducem
3117 1839 3324 1908 peccati
3357 1853 3533 1909 gene-

1935 1922 2118 1978 raliter
2178 1938 2297 1977 esse
2346 1922 2670 1986 diceremus.
2732 1925 2987 1980 convenit
3025 1926 3264 1982 animam
3315 1926 3538 1982 Domini

1937 2019 2134 2076 Christi
2164 2018 2219 2074 in
2243 2019 2483 2074 medium
2508 2020 2801 2088 deducere,
2832 2037 2902 2078 ne
2931 2015 3053 2094 quis
3082 2022 3421 2079 calumniosa
3449 2025 3540 2080 in-

1939 2109 2178 2164 tentione
2208 2123 2502 2180 perversus
2534 2109 2698 2164 simili
2729 2126 2848 2165 eam
2879 2119 3031 2182 putet
3059 2112 3370 2168 conditione
3398 2129 3538 2169 con-

1941 2197 2206 2254 strictam.
2236 2197 2538 2253 Audiamus
2558 2198 2725 2269 igitur
2743 2198 3014 2271 originem
3041 2201 3160 2270 ejus
3188 2210 3390 2258 sanctae
3417 2203 3536 2257 Ma-

1941 2295 2038 2350 riae
2068 2312 2286 2367 semper
2313 2297 2525 2368 Virgini
2555 2297 2724 2369 digno
2753 2313 3006 2370 praecone
3035 2299 3204 2355 fuisse
3238 2301 3538 2371 propheta-

1943 2392 2052 2439 tam
2077 2402 2090 2438 :
2129 2407 2150 2433 α
2177 2385 2410 2456 Spiritus
2427 2394 2652 2442 sanctus
2675 2387 3091 2458 supervenietin
3109 2395 3181 2456 te,
3197 2388 3433 2444 etvirtus
3449 2388 3544 2445 Al-

1944 2473 2146 2529 tissimi
2176 2473 2524 2530 obumbrabit
2578 2474 2696 2529 tibi.
2760 2475 3062 2547 Propterea
3109 2477 3256 2549 quod
3286 2485 3543 2534 nascetur

1947 2586 2012 2625 ex
2043 2579 2096 2625 te
2125 2570 2406 2636 Sanctum,
2438 2571 2721 2626 vocabitur
2749 2571 2919 2627 Filius
2941 2573 3039 2628 Dei
3071 2575 3228 2642 (Luc.
3260 2579 3356 2644 1).»
3383 2574 3539 2644 Quis,

1947 2675 2104 2732 rcgo,
2181 2658 2235 2713 in
2293 2659 2398 2715 hac
2448 2659 2739 2728 majestate
2803 2662 3087 2728 nascendi,
3130 2670 3218 2718 aut
3256 2664 3542 2735 originalis

1947 2747 2158 2819 peccati
2191 2748 2374 2803 credat
2393 2763 2518 2802 esse
2548 2748 2780 2818 culpam,
2841 2757 2934 2804 aut
2985 2749 3270 2820 profanam
3301 2752 3540 2825 aliquam

1948 2844 2128 2901 carnis
2168 2843 2480 2914 suspicetur
2517 2842 2811 2900 oﬂ'onsam.
2885 2846 3104 2918 Absque
3142 2857 3370 2920 peccata
3421 2849 3540 2906 sine

1946 2932 2112 2988 dubio
2142 2932 2289 2987 venit
2347 2931 2437 3002 qui
2475 2940 2594 2988 erat
2654 2933 2894 2988 omnium
2948 2944 3172 3006 peccata
3227 2937 3533 2994 soluturus.

1947 3022 2256 3091 Conceptus
2284 3021 2516 3091 mystico
2573 3020 2924 3091 inspiramine
2981 3023 3128 3079 intus
3175 3041 3241 3080 ex
3295 3026 3541 3099 Virgine,

1946 3118 2158 3175 virilem
2188 3117 2622 3174 commistionem
2667 3134 2898 3189 prorsus
2925 3117 3233 3192 ignorante,
3280 3121 3349 3177 de
3369 3122 3540 3177 Adam

1947 3207 2079 3262 nihil
2119 3207 2306 3272 traxit,
2341 3207 2470 3278 quia
2526 3207 2644 3262 sine
2685 3207 3126 3278 concupiscentia
3163 3217 3217 3264 et
3246 3221 3542 3282 conceptus

1949 3304 2002 3352 et
2029 3295 2250 3369 genitus
2275 3295 2398 3360 fuit,
2432 3294 2520 3366 qui
2551 3304 2610 3350 ut
2641 3295 2840 3350 malum
2868 3296 3010 3352 Adae
3039 3297 3352 3354 vinceretur
3377 3300 3544 3356 adve-

1945 3385 2048 3441 nit.
2082 3385 2220 3440 Hinc
2249 3383 2314 3438 ad
2373 3384 2492 3452 ejus
2548 3392 2775 3440 matrem
2831 3385 3035 3441 dictum
3066 3394 3193 3442 est:
3255 3387 3543 3459 Concipies

1947 3498 2048 3554 per
2077 3496 2262 3536 aurem
2291 3481 2487 3547 Deum,
2520 3481 2701 3551 paries
2722 3489 2770 3536 et
2797 3482 3097 3539 hominem.
3129 3483 3338 3539 Primus
3377 3486 3542 3541 homo

1947 3569 2186 3641 posteris
2218 3567 2514 3622 transmisit
2545 3569 2795 3636 exitium,
2827 3571 3054 3627 veniens
3084 3573 3329 3628 Christus
3349 3573 3540 3629 Domi-

1947 3675 2051 3714 nus
2082 3658 2432 3713 credentibus
2459 3658 2684 3712 contulit
2715 3675 2885 3731 regna
2918 3660 3203 3716 caelorum.
3245 3663 3352 3718 Per
3379 3662 3544 3718 istum

1951 3756 2093 3812 enim
2124 3763 2343 3826 reparat
2371 3755 2633 3810 amissum
2651 3762 2870 3826 statum,
2889 3759 3034 3828 quod
3063 3775 3164 3830 per
3190 3759 3347 3815 illum
3366 3761 3546 3831 perdi.-

1950 3845 2108 3901 derat
2164 3844 2442 3899 meritum.
2507 3845 2678 3900 Natus
2705 3845 2759 3900 in
2811 3849 3002 3918 gloria,
3038 3857 3398 3905 conversatus
3425 3850 3543 3906 sine

1950 3933 2188 4000 macula,
2219 3933 2351 4005 quid
2380 3932 2549 4004 potuit
2578 3934 2647 3988 de
2674 3933 2766 3989 illo
2796 3936 3013 3990 trahere
3071 3953 3233 4007 quem
3272 3939 3544 3993 contraria

1952 4032 2100 4088 venit
2128 4029 2342 4086 actione
2369 4030 2680 4086 destruere.
2717 4031 2931 4087 Sanctae
2961 4031 3164 4103 origini
3211 4032 3322 4089 vita
3351 4042 3546 4092 sancta

1953 4118 2263 4191 respondit.
2299 4117 2402 4186 Qui
2431 4117 2548 4173 sine
2574 4127 2796 4188 peccato
2853 4127 2936 4174 est
2966 4121 3204 4192 genitus,
3264 4121 3409 4177 nulla
3465 4132 3551 4179 est

1955 4207 2143 4264 mundi
2172 4207 2296 4262 labe
2319 4213 2636 4276 superatus.
2657 4206 2908 4278 Suscepit
2934 4225 3132 4264 verum
3151 4210 3428 4267 hominem
3447 4228 3551 4270 na-

1956 4313 2085 4361 tura
2109 4319 2220 4359 non
2249 4303 2412 4369 vitiis,
2447 4302 2652 4374 respuit
2708 4304 2856 4375 quod
2911 4306 3273 4377 protoplastus
3300 4308 3545 4382 deliquit,

250 4391 432 4480 nando
463 4435 585 4491 quae
614 4416 764 4485 fecit,
797 4431 989 4470 verum
1018 4415 1174 4470 etiam
1195 4414 1400 4485 aliquid
1423 4429 1532 4468 non
1559 4413 1705 4485 quod
1719 4429 1842 4468 non-

1959 4407 2009 4451 et
2048 4391 2350 4464 assumpsit
2387 4391 2662 4447 hominem
2716 4392 3067 4463 purissimum
3123 4413 3280 4468 quem
3319 4400 3549 4468 creavit,

249 4524 401 4585 dum,
449 4517 546 4572 sed
579 4514 721 4587 quod
746 4513 862 4582 jam
891 4519 1179 4568 creaverat
1219 4512 1566 4566 numerosius
1595 4511 1850 4578 creando,

248 4625 428 4682 usque
451 4620 596 4661 nunc
626 4609 903 4675 cperatur.
945 4601 1104 4670 Quod
1150 4600 1196 4655 si
1237 4601 1498 4672 quaeritur
1525 4617 1694 4672 quare
1733 4600 1858 4656 fecit

253 4699 462 4757 animas
483 4695 560 4750 eis
583 4707 720 4765 quos
761 4690 911 4746 novit
939 4690 1048 4745 cito
1095 4688 1415 4755 morituros,
1437 4705 1728 4760 possumus
1760 4705 1855 4745 re-

254 4794 532 4868 spondere
571 4795 859 4862 parentum
897 4787 1026 4842 hinc
1065 4795 1288 4857 peccata
1330 4785 1414 4842 vel
1463 4787 1716 4843 convinci
1770 4783 1859 4842 vel

251 4881 543 4958 ﬂagellari.
575 4878 870 4936 Sciendum
901 4883 1170 4947 praeterea
1189 4875 1441 4946 originali
1494 4876 1702 4930 animas
1731 4890 1861 4946 peco

253 4982 378 5032 cato
410 4968 661 5040 astringi,
694 4981 797 5022 nec
821 4981 987 5037 posse
1019 4965 1086 5019 ab
1118 4980 1183 5020 eo
1214 4963 1458 5030 liberari,
1490 4963 1595 5018 nisi
1625 4979 1724 5034 per
1742 4978 1864 5035 gra-

254 5071 387 5127 tiam
415 5063 636 5123 Domini
664 5061 840 5118 nostri
895 5061 1026 5116 Jesn
1088 5059 1315 5114 Christi.
1355 5058 1492 5114 Hinc
1521 5058 1717 5114 beatus
1745 5059 1862 5112 Au-

255 5155 554 5231 gustinus:
609 5151 806 5208 Certus
873 5147 1038 5203 etiam
1097 5162 1218 5201 sum
1263 5145 1498 5200 animam
1556 5144 1706 5200 nulla
1762 5141 1864 5200 Dei

256 5245 445 5316 culpa,
505 5239 655 5296 nulla
712 5235 812 5292 Dei
841 5235 1171 5292 necessitate
1200 5233 1290 5289 vel
1330 5249 1448 5302 sua,
1507 5233 1605 5289 sed
1644 5232 1864 5304 propria

257 5341 535 5399 voluntate
564 5337 620 5390 in
651 5341 939 5405 peccatum
971 5347 1097 5388 esse
1125 5331 1446 5402 collapsam,
1504 5347 1612 5386 nec
1637 5329 1865 5385 liberari

258 5443 428 5502 posse
459 5426 527 5480 de
551 5438 781 5493 corpore
811 5421 1007 5476 mortis
1037 5419 1222 5489 hujus,
1273 5419 1360 5474 vel
1408 5436 1521 5474 suae
1575 5417 1868 5474 voluntatis

256 5519 477 5582 virtute,
533 5520 794 5583 tanquam
853 5509 959 5564 sibi
1019 5509 1128 5564 hoc
1176 5506 1496 5573 sufﬁciente,
1556 5507 1644 5563 vel
1699 5506 1869 5578 ipsius

261 5611 512 5687 corporis
536 5618 738 5677 morte,
771 5609 869 5664 sed
900 5607 1074 5680 gratia
1124 5607 1224 5662 Dei
1254 5623 1353 5678 per
1381 5607 1566 5662 Jesum
1595 5605 1870 5662 Christum

269 5712 564 5770 Dominum
593 5713 860 5774 nostrum,
892 5719 996 5760 nec
1025 5703 1247 5761 omnino
1276 5720 1396 5760 esse
1440 5703 1674 5759 animam
1701 5701 1870 5762 ullam

577 5836 842 5898 PATROL.
889 5828 1127 5895 CLVII.

1959 4499 2069 4539 non
2099 4489 2382 4553 peccatum
2413 4480 2738 4551 suscipiens,
2781 4481 2879 4538 sed
2905 4497 3122 4538 carnem
3168 4487 3377 4555 peccati
3433 4488 3553 4544 sine

1962 4580 2147 4651 aliqua
2173 4577 2366 4648 injuria
2424 4577 2738 4648 pollutionis
2792 4594 3101 4635 assumens.
3149 4581 3236 4638 De
3266 4584 3370 4641 hoc
3424 4599 3554 4642 vero

1963 4671 2079 4725 Deo
2109 4677 2161 4724 et
2188 4667 2414 4722 homine
2442 4667 2650 4738 peccati
2696 4667 3036 4725 destructore
3088 4671 3308 4740 quidam
3337 4673 3556 4730 Patrum

1963 4758 2044 4814 sic
2073 4756 2147 4812 ait
2180 4771 2192 4810 :
2224 4756 2307 4810 Ita
2361 4770 2390 4810 e
2420 4754 2720 4811 visceribus
2775 4757 2965 4812 matris
2993 4766 3077 4814 est
3130 4759 3328 4830 editus,
3385 4769 3443 4816 ut
3471 4762 3556 4819 fo-

1965 4854 2212 4913 cunditas
2239 4858 2455 4923 pareret
2484 4860 2540 4906 et
2569 4851 2853 4926 virginitas
2879 4860 3226 4926 permaneret
3259 4875 3271 4911 :
3329 4873 3437 4913 non
3470 4859 3559 4915 al-

1965 4943 2138 4999 terius
2167 4949 2349 4997 tamen
2381 4947 2589 4997 natura:
2643 4948 2760 4997 erat
2785 4943 2902 5012 ejus
2957 4959 3082 4999 caro
3109 4960 3274 5016 quam
3331 4955 3553 5005 nostrae.

1969 5033 2096 5088 Non
2125 5029 2269 5086 enim
2299 5028 2377 5084 illi
2431 5029 2539 5085 alio
2570 5044 2734 5102 quam
2783 5031 2996 5088 caeteris
3039 5033 3347 5090 hominibus
3375 5037 3558 5094 anima

1971 5136 2052 5185 est
2080 5125 2337 5198 inspirata
2364 5123 2650 5196 principio,
2686 5143 2808 5198 qua
2863 5126 3155 5184 excelleret
3183 5144 3292 5186 non
3323 5131 3563 5190 diversi-

1972 5225 2078 5272 tate
2109 5213 2495 5287 generationis,
2531 5215 2627 5270 sed
2658 5215 2990 5273 sublimitate
3043 5217 3287 5273 virtutis.
3325 5221 3402 5276 Ex
3435 5222 3561 5293 qui-

1973 5307 2076 5361 bus
2106 5303 2290 5359 verbis
2337 5303 2724 5374 perpendimus
2771 5304 3008 5360 animam
3047 5307 3242 5361 Christi
3281 5310 3552 5378 ejusdem.

1974 5411 2182 5458 naturae
2212 5417 2353 5466 esse,
2387 5401 2538 5468 cuius
2589 5408 2640 5455 et
2666 5409 2870 5456 nostrae
2901 5409 3024 5456 sunt
3052 5403 3266 5472 anima,
3307 5405 3405 5460 sed
3439 5422 3564 5462 cum

1975 5506 2180 5556 nostrae
2203 5506 2254 5555 et
2275 5498 2539 5568 originali
2589 5506 2815 5568 peccato
2845 5507 2898 5554 et
2937 5499 3134 5555 actuali
3163 5500 3274 5557 sint
3328 5502 3565 5574 infectae,

1978 5599 2122 5654 illius
2146 5597 2383 5651 animam
2423 5595 2694 5650 credimus
2728 5593 2956 5654 firmiter
3008 5605 3061 5654 et
3087 5606 3334 5656 tenemus
3392 5600 3570 5657 omnis

1977 5694 2189 5768 peccati
2220 5699 2501 5767 expertem
2533 5691 2720 5752 fuisse.

3270 5821 3345 5888 87
