3972 6076
524 253 660 304 1163

1690 251 2033 309 \VERNERI
2070 251 2314 309 ΛΒΒΑἸῚ
2345 254 2442 309 SS.
2489 256 2707 312 BLASII

3741 270 3851 323 11ῧὶ

1234 563 1851 670 DOMINICA
1955 566 2429 671 DECIMA
2513 569 3100 678 SEPTIMA.

1819 773 2215 840 Secundum
2264 777 2543 844 Lucam.

604 988 625 1012 α
660 962 796 1020 Cum
825 960 1054 1020 intraret
1087 962 1252 1019 Jesus
1298 959 1353 1016 in
1383 959 1605 1018 domum
1635 960 1920 1033 cujusdam
1955 962 2111 1032 prin-
2143 967 2195 1027 A
2230 973 2374 1023 ctum
2406 974 2488 1022 est
2519 983 2749 1040 regnum
2785 971 3043 1027 caelorum
3074 973 3279 1030 homini
3312 976 3432 1049 regi
3465 979 3573 1050 qui
3596 978 3736 1036 fecit
3761 997 3848 1035 na-

525 1051 662 1124 cipis
708 1050 1102 1108 Pharismoram
1156 1048 1398 1104 Sabbato
1445 1048 1774 1105 manducare
1803 1065 2025 1120 panem,
2065 1056 2122 1106 et

521 1141 627 1212 ipsi
656 1139 1018 1196 observabant
1048 1155 1192 1193 eum.
1230 1138 1293 1192 Et
1334 1153 1461 1192 ecce
1511 1137 1677 1191 homo
1735 1138 1957 1208 quidam
2015 1138 2120 1211 hy-

525 1238 787 1308 dropicus
815 1244 931 1292 erat
948 1243 1072 1290 ante
1098 1234 1244 1290 illum
1266 1235 1421 1304 (Luc.
1447 1238 1612 1305 xiv).n
1633 1235 1957 1306 Hydropisis
1981 1252 2125 1291 mor-

506 1307 724 1382 ibusiab
761 1339 970 1400 aquoso
1001 1325 1223 1378 humore
1281 1322 1609 1378 vocabulum
1645 1324 1810 1377 trahit
1868 1338 1880 1392 ;
1931 1323 2122 1380 Graece

524 1425 670 1481 enim
699 1424 838 1480 udor
873 1415 1053 1496 [ὕδωρ]
1084 1436 1224 1492 aqua
1255 1429 1502 1475 vocatur.
1553 1421 1648 1475 Est
1680 1429 1862 1474 autem
1918 1421 2119 1478 subcu-

521 1529 707 1577 taneus
736 1519 805 1574 de
836 1519 962 1575 vitio
993 1517 1189 1573 vesica:
1213 1524 1389 1583 natus,
1421 1532 1543 1571 cum
1594 1516 1873 1572 inﬂatione
1901 1525 1956 1573 et
2013 1534 2117 1574 an-

513 1609 682 1664 helitu
724 1606 932 1673 ftetido,
993 1605 1380 1677 propriumque
1434 1613 1519 1659 est
1575 1605 1880 1676 hydropici,
1918 1614 2118 1676 quanto

516 1697 693 1770 magis
729 1695 968 1752 abundat
1019 1694 1244 1750 humore
1297 1692 1629 1760 inordinato,
1685 1701 1836 1749 tanto
1883 1695 2118 1766 amplius

513 1795 681 1852 sitire.
715 1794 780 1849 Et
801 1791 924 1848 ideo
955 1798 1100 1848 recte
1127 1797 1476 1862 comparatur
1505 1790 1556 1846 ei
1585 1806 1746 1862 quem
1773 1790 1956 1847 ﬂuxus
1985 1806 2118 1848 car-

513 1883 718 1940 nalium
774 1880 1112 1952 voluptatum
1169 1878 1490 1934 exuberans
1547 1886 1834 1951 aggravet,
1887 1894 2115 1952 compa-

514 1982 662 2030 ratur
677 1977 731 2028 et
751 1969 901 2026 diviti
923 1983 1113 2035 avaro,
1150 1967 1242 2042 qui
1277 1971 1484 2040 quanto
1518 1967 1772 2038 copiosor
1801 1974 1886 2024 est
1914 1968 2114 2025 divitiis

509 2068 705 2143 quibus
733 2081 846 2123 non
889 2065 1031 2121 bene
1057 2064 1242 2132 utitur,
1288 2070 1440 2120 tanto
1497 2064 1781 2120 ardentius
1811 2063 1921 2120 alia
1974 2081 2113 2121 con—

511 2173 1101 2324 cufinictnorespondens
1155 2251 1315 2306 Jesus
1363 2249 1494 2305 dixit
1524 2249 1592 2306 ad
1645 2250 1998 2322 legisperitos
2057 2259 2110 2308 et

508 2319 1050 2404 Pharisaeos.dicens
1089 2356 1101 2393 :
1133 2339 1189 2394 Si
1255 2338 1380 2396 licet
1409 2338 1645 2394 Sabbato
1685 2319 1904 2395 eiurare.
1936 2342 2004 2394 At
2033 2341 2110 2400 illi
2141 2319 2192 2378 Β

502 2437 821 2490 tacuerunt.
863 2451 886 2478 ι
921 2428 1112 2484 Merito
1145 2433 1427 2484 tacuerunt
1464 2428 1555 2498 qui
1605 2443 1664 2483 se
1692 2432 1880 2484 contra
1909 2429 2110 2485 dictum

506 2518 774 2594 quidquid
805 2517 1040 2573 dixerint
1076 2515 1300 2582 vident;
1335 2515 1382 2570 si
1409 2517 1556 2572 enim
1588 2531 1777 2572 curare
1823 2516 1970 2586 licet,
2011 2533 2110 2574 cur

500 2620 793 2677 observant
820 2616 866 2670 si
897 2614 1193 2669 Sabbatum
1223 2612 1474 2669 solverit.
1505 2613 1562 2668 Si
1594 2629 1702 2669 non
1725 2613 1868 2681 licet,
1902 2630 1999 2670 cur
2014 2631 2108 2686 pc-

502 2724 636 2772 cora
663 2712 878 2763 curant.
911 2703 1054 2758 Dixit
1082 2703 1276 2757 dicens
1310 2721 1323 2759 :
1359 2701 1483 2758 talis
1512 2704 1712 2774 positio
1743 2712 1824 2758 est
1881 2704 2058 2774 qualis
2092 2721 2105 2758 :

507 2821 528 2848 ιι
564 2798 903 2868 Exspectans
931 2790 1242 2864 exspectavi
1272 2791 1450 2863 (Psal.
1485 2795 1691 2862 xxxrx),
1731 2811 1751 2842 ι
1787 2791 2107 2863 signiﬁcans

501 2891 970 2968 perseverantiam
1001 2888 1298 2960 loquentis,
1357 2888 1533 2945 donec
1591 2889 1801 2961 expleat
1841 2890 1988 2962 quod
2015 2890 2105 2946 in-

500 2983 692 3042 tendit.

579 3095 603 3126 ο.
642 3073 765 3142 Ipse
796 3083 931 3126 vero
961 3067 1370 3139 apprehensum
1419 3066 1631 3124 sanavit
1673 3082 1815 3134 eum,
1848 3083 1909 3124 ac
1938 3067 2104 3124 dimi-

499 3169 594 3227 sit.
633 3170 702 3226 Et
759 3167 1106 3238 respondens
1134 3165 1201 3220 ad
1260 3164 1384 3222 illos
1413 3165 1586 3222 dixit:
1640 3165 1804 3236 Cujus
1862 3175 2102 3221 vestrum

489 3260 694 3316 .asinus
723 3265 818 3315 aut
852 3256 955 3312 bos
1009 3255 1063 3309 in
1099 3262 1320 3325 puteum
1365 3253 1543 3320 cadet,
1601 3262 1794 3310 etnon
1851 3255 2104 3310 continuo

501 3349 745 3406 extrahet
792 3345 952 3400 illum
981 3343 1070 3400 die
1098 3342 1321 3399 Sabbati
1340 3342 1368 3397 ‘I
1397 3343 1462 3397 Et
1496 3357 1603 3400 non
1625 3351 1877 3414 poterant
1907 3343 1974 3398 ad
2004 3343 2106 3399 hoc

499 3445 836 3516 respondere
863 3442 968 3498 illi.
988 3464 1009 3492 ι»
1033 3440 1161 3496 Ideo
1183 3447 1306 3495 ante
1321 3439 1622 3496 Pharisaeos
1647 3440 2003 3511 hydropicum
2028 3456 2108 3496 sa-

501 3542 614 3600 nat,
654 3541 706 3589 et
733 3547 857 3588 mox
917 3537 1109 3586 contra
1137 3528 1425 3584 avaritiam
1455 3528 1712 3600 disputat,
1747 3537 1805 3584 ut
1832 3545 1929 3600 per
1985 3529 2105 3599 ejus

501 3620 881 3689 aegritudinem
911 3616 1154 3687 corporis
1183 3616 1238 3670 in
1269 3616 1377 3671 illis
1408 3618 1805 3687 exprimeretur
1831 3618 2102 3689 agritudo

502 3717 724 3783 mentis,
774 3723 828 3772 et
866 3713 1168 3785 corporalis
1207 3712 1460 3784 exemplo
1505 3713 1796 3769 curationis
1825 3714 2100 3771 discerent

504 3805 862 3880 spiritualiter
891 3802 1094 3859 curari.
1127 3801 1504 3874 Congruenter
1541 3801 1701 3858 etiam
1735 3803 2097 3874 hydropicum

503 3894 729 3954 animali
761 3892 906 3966 quod
934 3890 1131 3948 cecidit
1159 3890 1216 3944 in
1261 3897 1482 3961 puteum
1527 3899 1822 3960 comparat.
1856 3892 2096 3948 Humore

502 3994 646 4052 enim
675 3992 912 4050 laborat.
950 3990 1054 4044 Bos
1083 3995 1137 4044 et
1171 3987 1355 4042 asinus
1385 3985 1658 4058 sapientes
1686 3996 1740 4044 et
1771 3987 1995 4045 hebetes
2016 3990 2095 4046 si-

502 4081 784 4156 gniﬁcant,
813 4079 908 4135 vel
937 4079 1038 4134 bos
1091 4077 1346 4149 populum
1374 4074 1644 4150 signiﬁcat
1675 4077 1809 4148 jugo
1841 4076 1980 4150 legis
2007 4086 2094 4134 at-

500 4172 686 4228 tritum
711 4185 724 4240 ;
759 4169 946 4226 asinus
973 4165 1235 4240 gentilem
1265 4165 1525 4237 populum
1572 4164 1721 4221 nulla
1751 4166 1961 4223 ratione
1989 4167 2095 4223 do-

505 4270 724 4330 mitum.
749 4267 902 4339 quasi
963 4265 1164 4321 animal
1223 4264 1477 4320 stolidum
1533 4272 1584 4320 et
1631 4265 1870 4320 brutum.
1921 4267 2093 4322 Nosa

500 4366 665 4428 puteo
695 4353 1156 4424 concupiscentiae
1213 4353 1464 4408 Salvator
1521 4354 1752 4409 extrahit
1809 4372 1823 4408 :
1899 4371 2092 4410 omnes

498 4446 642 4501 enim
672 4450 1056 4514 peccaverunt.

572 4565 594 4592 α
630 4541 856 4596 Dicebat
882 4547 1062 4594 autem
1092 4547 1144 4593 et
1200 4537 1269 4594 ad
1320 4537 1575 4593 invitatos
1602 4539 1941 4608 parabolam,
1995 4541 2086 4596 in-

496 4631 724 4687 tendens
749 4628 1022 4700 quomodo
1051 4627 1253 4696 primos
1274 4627 1558 4682 accubitus
1587 4627 1871 4699 eligerent,
1900 4631 2088 4686 dicens

492 4721 562 4777 ad
591 4719 714 4774 illos
746 4735 761 4773 :
793 4717 929 4772 Cum
981 4715 1238 4770 invitatus
1271 4713 1440 4770 fueris
1469 4717 1539 4770 ad
1563 4717 1798 4785 nuptias,
1859 4732 1969 4772 non
1997 4717 2084 4772 di-

495 4817 753 4876 scumbas
779 4814 834 4869 in
863 4811 1040 4886 primo
1066 4811 1209 4879 loco,
1251 4828 1320 4868 ne
1379 4812 1517 4870 forte
1543 4813 1854 4869 honoratior
1908 4823 1963 4871 te
2019 4815 2088 4872 sit

491 4907 749 4963 invitatus
777 4902 847 4959 ab
879 4917 964 4971 eo,
997 4909 1050 4958 et
1093 4900 1318 4958 veniens
1349 4901 1394 4956 is
1426 4901 1515 4973 qui
1554 4909 1605 4958 te
1634 4911 1686 4956 et
1711 4901 1862 4958 illum
1918 4919 2083 4960 voca-

2233 1054 2370 1123 ptias
2401 1054 2509 1109 tilio
2539 1072 2640 1110 suo
2669 1059 2892 1125 (Matth.
2941 1059 3098 1132 χχιι).
3139 1085 3160 1109 ι
3193 1063 3272 1130 Ad
3305 1065 3408 1119 has
3442 1068 3693 1136 nuptias
3738 1070 3844 1138 qui-

2231 1141 2362 1196 libet
2391 1142 2666 1209 invitatus,
2699 1145 2753 1199 id
2790 1155 2872 1200 est
2903 1149 3164 1204 Ecclesia»
3193 1153 3470 1206 mombris
3493 1157 3843 1222 conjunctus,

2232 1246 2340 1283 non
2370 1231 2678 1286 discumbat
2708 1233 2759 1286 in
2791 1235 2967 1304 primo
2995 1237 3135 1303 loco,
3171 1240 3274 1295 hoc
3327 1251 3414 1296 est
3447 1259 3569 1297 non
3636 1246 3844 1299 extollat

2231 1343 2290 1380 se
2318 1327 2604 1398 gloriando
2635 1329 2701 1384 de
2734 1332 2940 1386 meritis
2972 1335 3084 1387 suis
3116 1337 3269 1405 quasi
3300 1339 3373 1391 sit
3402 1340 3718 1396 sublimior
3745 1358 3839 1397 ca-

2231 1416 2380 1469 teris.
2418 1417 2638 1470 Studeat
2679 1428 2828 1474 veste
2879 1422 3104 1491 nuptiali
3160 1428 3366 1494 vestiri,
3438 1429 3551 1484 hoc
3587 1431 3838 1486 virtutum

2229 1503 2443 1575 fulgore
2465 1520 2768 1572 coruscare,
2802 1509 2897 1562 sed
2947 1525 3071 1565 cum
3104 1513 3428 1570 humilitate.
3479 1519 3836 1574 Honoratiori

2225 1600 2452 1656 invitato
2482 1603 2574 1656 dat
2605 1603 2799 1670 locum,
2838 1607 2928 1677 qui
2959 1608 3028 1663 de
3059 1608 3178 1665 aliis
3213 1613 3447 1668 meliora
3481 1630 3837 1687 cognoscens

2226 1688 2487 1762 quidquid
2517 1691 2585 1746 de
2615 1708 2712 1745 sua
2767 1695 3086 1764 operatione
3117 1698 3324 1752 celsum
3356 1703 3640 1757 sentiebat
3675 1721 3836 1776 parva

2225 1785 2457 1848 reputat,
2508 1786 2558 1833 et
2616 1795 2740 1836 cum
2791 1782 3069 1853 Propheta
3118 1802 3177 1841 se
3232 1788 3506 1856 humiliat,
3574 1792 3773 1849 dicens
3823 1813 3834 1847 :

2231 1897 2251 1922 α
2277 1873 2484 1946 Pauper
2515 1892 2632 1930 sum
2666 1893 2770 1950 ego
2805 1887 2858 1934 et
2884 1879 2937 1933 in
2968 1880 3249 1938 laboribus
3278 1901 3308 1938 a
3332 1886 3637 1955 juventute
3696 1907 3832 1956 mea,

2223 1962 2484 2018 exaltatus
2541 1972 2720 2020 autem
2797 1967 3105 2024 humiliatus
3152 1989 3269 2028 sum
3344 1981 3398 2029 et
3467 1979 3834 2033 conturbatus

2221 2059 2396 2131 (Psal.
2429 2065 2698 2132 Lxxxvu).
2738 2086 2760 2112 η
2795 2065 2984 2121 Merito
3014 2083 3136 2122 cum
3185 2070 3386 2127 rubore
3414 2074 3704 2143 paenitens
3734 2093 3831 2132 no-

2221 2149 2500 2204 vissimum
2525 2150 2705 2206 locum
2736 2152 2789 2205 in
2821 2153 3072 2211 Ecclesia
3101 2165 3245 2215 tenet
3275 2159 3364 2232 qui
3395 2177 3456 2217 se
3487 2178 3668 2234 super
3697 2165 3828 2221 alios

2219 2239 2420 2292 exaltat
2450 2238 2568 2309 plus
2598 2256 2754 2312 quam
2788 2241 2985 2297 Deum.

2298 2360 2319 2383 α
2356 2336 2469 2393 Sed
2498 2354 2618 2392 cum
2653 2348 2878 2395 vocatus
2907 2341 3077 2397 fueris
3108 2343 3175 2399 ad
3205 2346 3443 2416 nuptias,
3476 2352 3749 2407 recumbe
3777 2352 3827 2407 in

2219 2424 2518 2480 novissimo
2549 2426 2689 2492 loco,
2723 2436 2798 2494 ut,
2832 2446 2953 2484 cum
2984 2433 3194 2487 venerit
3221 2435 3312 2506 qui
3340 2443 3392 2490 te
3430 2437 3710 2502 invitavit,
3744 2441 3826 2495 di-

2218 2520 2306 2567 cat
2335 2514 2430 2568 tibi
2465 2531 2477 2567 :
2509 2516 2714 2584 Amice,
2737 2519 2974 2574 ascende
2999 2522 3247 2590 superius
3272 2538 3284 2592 ;
3312 2533 3439 2580 tunc
3461 2526 3569 2581 erit
3591 2529 3694 2582 tibi
3714 2531 3824 2601 glo-

2214 2610 2294 2664 ria
2323 2626 2506 2666 coram
2539 2613 2698 2667 simul
2726 2614 3216 2673 discumbentibus.
3259 2642 3282 2668 ι
3316 2620 3538 2688 Quanto
3587 2640 3822 2697 magnus

2214 2715 2292 2765 es,
2327 2700 2551 2755 humilia
2579 2709 2631 2756 te
2656 2701 2710 2756 in
2759 2704 3031 2774 omnibus,
3068 2723 3192 2761 cum
3226 2710 3513 2766 Psalmista
3575 2713 3817 2770 dicens:

2218 2817 2238 2842 α
2293 2797 2616 2852 Ilumiliatus
2687 2815 2809 2854 sum
2867 2817 3264 2875 usquequaque
3319 2808 3495 2876 tPsal.
3580 2815 3742 2878 cvu).
3795 2835 3816 2864 ι

2212 2883 2448 2939 Veniens
2504 2885 2768 2941 Dominus
2823 2889 2892 2943 ad
2944 2890 3210 2958 judicium
3268 2894 3355 2948 vel
3410 2897 3478 2949 ad
3535 2901 3820 2970 quotidia-

2208 2988 2335 3026 nam
2370 2973 2727 3032 visitationem
2777 2977 3042 3033 Ecclesiae
3063 2983 3307 3052 praecipit
3327 2986 3629 3042 ascendere
3652 3006 3816 3060 quem

2209 3069 2387 3141 magis
2435 3069 2701 3126 invenerit
2757 3089 2816 3127 se
2861 3073 3169 3131 humiliare.
3231 3079 3384 3134 Unde
3414 3080 3546 3134 illud
3576 3101 3587 3135 :
3621 3106 3641 3132 σ
3684 3085 3816 3153 Qui-

2210 3172 2422 3229 cunque
2454 3159 2820 3215 humiliaverit
2871 3179 2930 3218 se
2973 3164 3109 3218 sicut
3151 3167 3426 3236 parvulus,
3487 3170 3580 3225 hic
3638 3177 3817 3244 major

2208 3254 2292 3300 est
2346 3247 2401 3300 in
2461 3263 2630 3320 regno
2664 3249 2932 3305 cmlorum
2992 3254 3210 3320 (Matth.
3273 3258 3454 3325 xvm),
3501 3281 3524 3304 -
3585 3260 3815 3317 Pulchre

2208 3342 2408 3398 dicitur
2441 3362 2454 3398 :
2502 3365 2523 3395 α
2551 3345 2701 3401 Tunc
2733 3348 2836 3402 erit
2867 3348 2960 3402 tibi
2991 3350 3190 3422 gloria,
3229 3376 3250 3401 ι»
3286 3369 3354 3408 ne
3384 3371 3530 3410 nunc
3561 3357 3630 3412 ad
3687 3360 3812 3430 ple-

2208 3448 2334 3486 num
2367 3432 2500 3487 velis
2531 3433 2778 3506 recipere
2811 3438 2952 3507 quod
3013 3438 3108 3492 tibi
3149 3448 3390 3496 servatur
3418 3443 3470 3496 in
3505 3442 3636 3500 ﬁne.
3673 3448 3812 3504 Hinc

2211 3520 2464 3575 Salomon
2495 3523 2566 3576 ait
2602 3540 2615 3575 :
2679 3545 2700 3570 α
2749 3525 3045 3581 llmreditas
3097 3528 3166 3582 ad
3208 3546 3368 3601 quam
3398 3529 3699 3589 festinatur
3758 3541 3812 3591 in

2209 3618 2476 3689 principio
2533 3619 2588 3674 in
2618 3621 2914 3678 novissimo
2944 3623 3324 3682 benedictione
3355 3630 3567 3683 carebit
3617 3637 3805 3697 (Prov.

2208 3706 2329 3775 xx).
2378 3730 2397 3753 ιι
2435 3708 2494 3760 In
2543 3707 2643 3763 hac
2690 3709 2853 3764 etiam
2900 3712 3011 3766 vita
3068 3713 3286 3769 humilis
3345 3717 3683 3776 sublimatur
3756 3724 3808 3778 in

2207 3795 2454 3850 Ecclesia
2525 3796 2594 3851 ad
2649 3797 2861 3868 majora
2920 3800 3066 3856 dona
3105 3804 3282 3857 sancti
3335 3804 3573 3877 Spiritus
3628 3811 3806 3883 impe-

2205 3893 2420 3949 tranda.

2283 4005 2302 4032 ‹‹
2353 3981 2492 4052 Quia
2524 3984 2703 4038 omnis
2734 3983 2825 4057 qui
2856 4002 2914 4041 se
2945 3987 3147 4042 exaltat
3173 3989 3578 4061 humiliabitur,
3629 4005 3680 4052 et
3713 3999 3800 4069 qui

2201 4087 2260 4126 se
2321 4071 2566 4126 humiliat
2596 4072 2944 4129 exaltabitur.
2986 4098 3007 4122 ι»
3042 4075 3146 4145 Qui
3176 4094 3236 4134 se
3291 4079 3507 4138 incaute
3529 4084 3603 4139 de
3631 4089 3799 4141 meri-

2203 4169 2267 4223 tis
2296 4168 2515 4235 allevat,
2547 4169 2916 4225 humiliabitur
2945 4187 2980 4226 a
3035 4173 3290 4243 Domino,
3315 4184 3370 4232 et
3396 4179 3443 4232 si
3472 4196 3586 4235 non
3618 4198 3797 4238 coram

2197 4257 2511 4312 hominibus
2539 4277 2552 4324 ;
2581 4265 2632 4313 et
2662 4258 2751 4330 qui
2774 4261 3000 4331 provide
3031 4278 3091 4316 se
3121 4263 3188 4318 de
3211 4264 3510 4322 benefactis
3529 4270 3797 4338 humiliat,

2199 4347 2521 4402 exaltabitur
2549 4347 2616 4401 ab
2647 4364 2732 4402 eo.

2550 4446 2626 4499 De
2656 4448 2900 4502 avaritia
2932 4453 2990 4503 ct
3019 4449 3139 4521 ejus
3170 4454 3434 4509 remedio.

2266 4542 2501 4597 Avaritia
2531 4543 2716 4598 multis
2771 4553 2822 4598 et
2853 4544 3216 4602 ineffabilibus
3267 4551 3445 4605 modis
3494 4553 3798 4610 humanum

2197 4649 2370 4704 genus
2408 4641 2646 4688 atterens
2685 4640 2737 4688 ct
2776 4631 3061 4700 infestans,
3125 4647 3176 4692 et
3249 4639 3369 4708 ipsa
3414 4642 3485 4695 de
3535 4647 3798 4714 superbia

2195 4731 2426 4802 quodam
2469 4729 2628 4784 modo
2663 4729 2939 4802 originem
2997 4733 3236 4801 trahens,
3285 4744 3521 4792 mentem
3555 4741 3799 4796 hominis

2194 4819 2377 4884 allicit,
2410 4827 2467 4873 ut
2499 4818 2779 4875 exteriora
2831 4827 2882 4874 et
2934 4820 3165 4876 visibilia
3221 4821 3360 4879 bona
3425 4825 3548 4882 sola
3587 4829 3802 4901 diligat.

2194 4908 2560 4978 concupiscat,
2620 4916 2672 4963 et
2727 4923 2792 4962 ea
2822 4925 3038 4963 summa
3069 4910 3275 4979 credat,
3338 4929 3402 4968 ac
3433 4917 3602 4971 variis
3655 4922 3803 4975 curis

492 4996 576 5052 vit
605 5002 658 5054 et
687 4993 832 5050 dicat
859 4990 957 5047 tibi
991 5006 1004 5044 ε
1054 4991 1136 5046 Da
1165 4989 1288 5044 huic
1344 4989 1546 5046 locum.
1579 4990 1647 5046 Et
1676 4999 1803 5048 tunc
1855 4991 2083 5063 incipias
2113 5032 2166 5095 D
2197 5004 2265 5062 ad
2312 5020 2376 5060 ea
2447 5003 2799 5075 acquirenda,
2856 5005 3265 5095 multiplicanda
3322 5012 3804 5089 custodiendaqne

492 5108 615 5151 cum
645 5092 848 5149 rubore
875 5087 1232 5145 novissimum
1261 5087 1442 5144 locum
1491 5095 1701 5144 tenere.
1735 5112 1757 5138 ιι
1792 5089 2084 5146 Intendens

489 5181 760 5252 quomodo
792 5179 860 5236 de
887 5177 1072 5249 primis
1101 5175 1439 5233 accubitibus
1487 5175 1736 5233 laborent
1783 5178 1870 5234 vel
1899 5178 2080 5236 inten-

489 5269 627 5324 dens
652 5269 707 5323 in
729 5266 975 5325 doctrina
1005 5282 1099 5322 sua
1127 5264 1402 5337 quomodo
1432 5264 1665 5320 debeant
1693 5267 1978 5324 accubitus
2025 5267 2081 5323 in

489 5365 739 5422 Ecclesia
766 5365 972 5437 eligere
997 5364 1158 5421 docet
1187 5363 1544 5418 humilitatem
1573 5380 1684 5421 non
1724 5366 1897 5421 solum
1935 5367 2080 5437 apud

489 5457 665 5512 Deum
695 5457 790 5510 sed
822 5453 979 5508 etiam
1009 5454 1151 5523 apud
1209 5453 1476 5509 homines.
1534 5455 1604 5510 Et
1654 5455 1906 5526 quoniam
1963 5457 2078 5513 haec

487 5541 784 5602 admonitio
815 5542 885 5597 ab
915 5542 1248 5612 evangelista
1280 5551 1506 5598 vocatur
1536 5543 1810 5614 parabola,
1868 5545 2076 5602 intuen-

483 5643 615 5698 dum
672 5645 755 5695 est
812 5635 943 5708 quid
998 5637 1272 5707 designet.
1337 5638 1552 5710 Nuptiae
1604 5650 1731 5696 sunt
1762 5646 2074 5712 conjunctio

483 5729 680 5786 Christi
710 5736 763 5784 et
789 5723 1073 5783 Ecclesiae.
1107 5724 1265 5781 Unde
1289 5727 1570 5782 Matthceus
1587 5730 1662 5784 ait
1693 5747 1708 5788 ;
1747 5730 1965 5789 «Simile
1989 5732 2071 5788 fa-

2196 5093 2444 5148 animum
2479 5092 2779 5148 etlabores
2834 5092 3137 5164 impendat.
3200 5095 3506 5154 Nonnullos
3533 5104 3688 5158 enim
3733 5107 3802 5159 ita

2191 5180 2466 5238 desiderio
2495 5196 2682 5237 eorum
2715 5179 2837 5237 facit
2866 5182 3252 5252 exardescere,
3282 5194 3340 5240 ut
3387 5202 3449 5242 ea
3482 5189 3653 5246 etiam
3701 5210 3804 5264 per

2192 5281 2370 5338 scelus
2396 5279 2680 5352 acquirere
2712 5279 2798 5336 vel
2829 5280 3129 5350 vindicare,
3160 5297 3271 5338 non
3316 5283 3572 5343 timentes
3629 5289 3799 5350 bella.

2191 5369 2504 5438 homicidia,
2561 5368 2805 5439 rapinas,
2835 5369 3146 5437 violentias,
3193 5373 3427 5442 praedas,
3461 5377 3794 5450 sacrilegia,

2190 5459 2341 5527 furta,
2378 5458 2507 5513 falsa
2538 5458 2866 5522 testimonia,
2899 5459 3160 5529 perjuria,
3189 5459 3439 5527 fraudes,
3475 5468 3796 5530 mendacia.

2186 5555 2332 5620 lites,
2392 5554 2560 5622 rixas,
2594 5554 2986 5624 oppressiones
3034 5571 3253 5612 suorum
3283 5556 3368 5612 vel
3413 5564 3798 5630 quorumlibet

2186 5642 2980 5710 inferiorum,inhumanitates,
3022 5645 3326 5715 primorum
3349 5646 3708 5720 deceptiones
3742 5665 3797 5709 et

2184 5733 2288 5790 alia
2299 5732 2388 5801 huj
2399 5731 2610 5788 usmodi
2629 5732 2696 5787 ad
2719 5730 3000 5788 laesionem
3025 5733 3264 5804 proximi
3284 5751 3382 5791 seu
3406 5746 3794 5812 contemptum
