4008 6092
267 300 405 355 1165

1195 290 1778 350 DEFLORATIONES
1818 291 1922 347 SS.
1970 291 2270 346 PATRUM.
2298 322 2371 332 —
2406 291 2534 345 LIB.
2574 294 2646 347 II.

3417 298 3553 352 “66

263 424 362 478 Dei
419 421 740 494 pertinentia
793 435 1041 477 exercere
1088 435 1197 474 non
1242 419 1644 488 pertimescant.
1710 417 1855 472 Alios
1882 418 1937 476 A
1966 429 2164 481 rerum,
2198 414 2363 484 ipsius
2392 431 2606 485 quoque
2624 416 2748 471 vitae
2776 422 2972 472 nostra:
3016 402 3336 472 brevitatem
3366 426 3418 472 et
3444 420 3553 475 du-

260 527 412 577 vero,
444 528 578 581 quos
607 511 674 565 ad
724 518 832 564 tam
886 509 1145 563 scelerata
1196 508 1450 561 seducere
1495 521 1603 560 non
1660 512 1851 575 potest,

257 607 438 655 tamen
468 600 635 671 turpis
662 598 800 653 lucri
854 596 1079 668 cupidos
1136 603 1188 650 et
1240 594 1569 651 insatiabiles
1597 591 1851 662 adiciens,

250 713 339 752 res
358 713 481 751 suas
509 696 683 751 usuris
711 704 763 751 et
792 695 1071 751 fenoribus
1125 693 1503 763 multiplicare,
1560 690 1854 746 mercimo-

249 785 356 839 niis
382 800 492 841 non
530 785 702 855 aequis
727 783 936 856 jugiter
963 782 1236 847 insudare,
1266 796 1456 837 omnes
1482 795 1656 848 curas,
1694 779 1853 834 labo-

250 889 338 929 res
367 881 421 929 et
448 873 822 939 intentionem,
841 872 1122 941 ipsamque
1151 870 1316 927 vitam
1347 884 1500 923 suam
1528 884 1623 937 spe
1670 874 1724 923 et
1750 882 1853 938 ap-

256 971 425 1043 petitu
464 968 889 1042 multiplicandis
911 967 988 1023 rei
1020 966 1305 1022 familiaris
1347 965 1681 1035 impendere,
1716 979 1855 1034 qua-

254 1061 300 1115 si
331 1060 536 1131 absque
574 1058 807 1130 proximi
857 1057 1095 1125 laesione,
1120 1061 1172 1110 et
1200 1054 1322 1110 ideo
1353 1054 1515 1109 etiam
1545 1052 1711 1110 veluti
1740 1052 1856 1107 sine

257 1156 478 1221 peccato
510 1148 749 1219 instigat.
783 1145 932 1202 Alios
972 1145 1063 1215 qui
1123 1144 1286 1199 etiam
1336 1143 1392 1197 in
1420 1143 1522 1197 hac
1550 1148 1701 1214 parte
1727 1156 1856 1195 sua-

257 1247 404 1302 denti
455 1246 723 1313 resistunt,
794 1260 902 1300 non
957 1243 1130 1298 adhuc
1193 1242 1462 1309 deserens,
1508 1239 1750 1313 suggerit
1801 1245 1861 1293 ut

256 1334 393 1409 ipsa,
429 1352 550 1406 quae
579 1333 722 1390 dono
752 1333 872 1399 Dei,
897 1332 1212 1388 haereditate
1242 1336 1332 1386 aut
1360 1328 1589 1398 alicujus
1614 1327 1859 1384 liberali-

258 1434 365 1481 tate
424 1426 650 1480 honeste
706 1430 759 1477 ct
828 1422 944 1478 sine
1011 1427 1232 1493 peccato
1288 1425 1509 1489 accepta
1565 1417 1858 1489 possident,

259 1513 505 1585 quamvis
532 1511 890 1582 multiplicare
946 1525 1044 1581 per
1089 1507 1306 1578 aliquod
1336 1512 1615 1577 peccatum
1644 1504 1730 1562 vel
1757 1519 1860 1559 au-

259 1628 390 1685 gere
410 1627 519 1667 non
549 1616 826 1682 appetant,
884 1613 1064 1664 tamen
1094 1605 1218 1676 plus
1259 1603 1406 1674 justo
1441 1602 1688 1675 diligant,
1719 1608 1772 1657 et
1806 1601 1864 1656 in

261 1702 342 1756 eis
371 1699 609 1755 fruendis
662 1714 815 1769 spem
871 1712 1045 1762 suam,
1078 1701 1132 1750 et
1158 1692 1571 1750 delectationem
1612 1691 1863 1747 consola-

1958 504 2211 558 bietatem
2243 503 2626 572 demonstrant,
2677 506 2805 559 dum
2861 514 3064 560 naturae
3109 507 3337 576 paucula
3365 516 3553 578 postu-

1960 584 2138 651 lantis,
2199 591 2251 637 et
2298 583 2443 642 victu
2507 591 2711 639 tantum
2768 586 3090 655 vestituque,
3124 586 3283 657 juxta
3320 589 3555 655 Aposto-

1959 682 2071 737 lum
2113 682 2169 753 (Ι
2208 684 2351 740 Tim.
2389 684 2487 752 vi),
2518 690 2782 739 contenta!
2809 684 3238 740 mediocritatem
3284 684 3553 749 intimant.

1960 770 2078 841 pias
2104 778 2312 826 mentes
2342 771 2500 827 facile
2556 771 2847 842 adducunt,
2896 789 2965 827 ne
2995 787 3094 844 pro
3121 773 3211 829 vili
3242 773 3477 846 incoepta
3506 782 3560 831 et

1961 858 2230 930 superflua
2272 860 2510 930 qualibet
2554 876 2631 926 re,
2680 876 2847 933 grave
2894 868 3102 917 certum
3159 866 3212 917 et
3245 860 3555 919 damnabile

1964 955 2181 1026 aliquod
2238 956 2440 1011 crimen
2514 973 2607 1013 seu
2666 958 2960 1028 peccatum
3001 960 3350 1028 incurrentes,
3408 959 3555 1029 juste

1963 1043 2257 1101 damnandi
2313 1044 2617 1102 divinorum
2678 1053 3097 1119 transgressores
3157 1055 3553 1119 praeceptorum

1962 1132 2113 1188 ﬁant.
2137 1130 2271 1202 Quae
2299 1133 2461 1188 etiam
2512 1133 2640 1187 dum
2687 1135 2997 1191 stultissima
3029 1151 3145 1191 esse
3172 1136 3467 1205 docuerint,
3500 1145 3559 1193 ut

1964 1221 2314 1276 intentionem
2339 1229 2599 1287 nostram,
2640 1237 2815 1289 curas,
2842 1223 3017 1279 studia
3052 1223 3286 1291 servitia,
3319 1224 3552 1295 labores,

1967 1310 2162 1380 quibus
2199 1309 2361 1364 etiam
2412 1310 2593 1364 minus
2615 1309 2893 1382 impensis,
2921 1319 3177 1367 aeternam
3213 1312 3445 1383 gloriam
3474 1315 3557 1371 di-

1966 1397 2232 1468 vitiasque
2291 1398 2542 1469 perennis
2568 1398 2695 1455 vitae
2734 1400 3041 1468 promereri
3065 1400 3443 1471 potuissemus,
3465 1418 3564 1474 pro

1967 1496 2183 1552 caducae
2222 1503 2273 1552 et
2314 1496 2584 1552 fumaticae
2637 1496 2715 1551 rei
2770 1513 2911 1554 vana
2939 1513 3034 1569 spe
3070 1496 3336 1553 incassum
3364 1500 3565 1570 perda-

1968 1600 2091 1639 mus
2122 1602 2135 1639 :
2169 1584 2432 1656 profecto,
2464 1584 2509 1639 si
2547 1584 2781 1654 sapiens,
2812 1585 2990 1639 minus
3018 1600 3117 1656 pro
3154 1586 3239 1643 his
3266 1602 3567 1643 vanescen-

1972 1673 2114 1728 tibus
2139 1672 2300 1745 nugis
2327 1673 2560 1743 amplius
2608 1687 2771 1742 quam
2800 1688 2898 1743 pro
2942 1674 3380 1744 permanentibus
3405 1675 3569 1733 bonis

265 1790 574 1860 tionemque
599 1794 807 1858 ponant
837 1801 850 1856 ;
879 1785 967 1841 vel
996 1785 1052 1839 in
1089 1798 1275 1839 eorum
1306 1781 1664 1853 qualicunque
1693 1780 1861 1835 amis-
1889 1769 1947 1831 Β
1972 1776 2219 1841 satagere
2274 1776 2328 1824 et
2380 1770 2583 1825 servire
2633 1769 2988 1837 studebimus,
3048 1771 3287 1825 maxime
3307 1787 3427 1826 cum
3454 1772 3569 1843 ipse

264 1888 414 1942 sione
471 1902 565 1940 seu
622 1883 975 1939 diminutione
1032 1881 1153 1953 plus
1206 1895 1362 1950 aequo
1393 1878 1661 1933 tristentur
1682 1883 1734 1931 et
1762 1876 1866 1931 do-

264 1977 446 2043 leant;
481 1975 566 2031 vel
596 1975 651 2028 in
682 1988 869 2028 eorum
900 1969 1249 2041 repositione,
1282 1967 1446 2023 autin
1475 1974 1748 2038 posterum
1774 1980 1867 2019 re-

266 2064 572 2121 servatione
632 2062 795 2116 nimis
856 2068 1071 2116 tenaces
1113 2057 1254 2114 cauti
1314 2056 1571 2126 parcique
1622 2053 1870 2116 custodes

270 2160 640 2233 indigentibus
679 2175 741 2214 ea
797 2155 1058 2229 proximis
1095 2154 1280 2227 largiri
1334 2168 1435 2223 pro
1483 2151 1734 2207 facultate
1776 2166 1873 2205 sua

270 2257 530 2318 renuant;
573 2248 660 2303 vel
689 2246 841 2317 quasi
898 2246 997 2300 sub
1043 2244 1223 2316 specie
1263 2242 1583 2315 frugalitatis
1609 2247 1662 2296 et
1689 2238 1869 2309 parci-

265 2339 484 2405 moniae,
539 2337 777 2409 fugaque
832 2334 1124 2399 eﬂ'usionis,
1178 2330 1372 2403 Opibus
1418 2329 1556 2387 adeo
1601 2329 1670 2384 ad
1717 2343 1869 2383 usum

280 2436 639 2493 necessarium
670 2442 778 2490 tam
809 2434 893 2489 sui
947 2446 1108 2503 quam
1159 2430 1529 2502 proximorum
1582 2426 1870 2488 concessis,

281 2525 433 2596 quasi
490 2525 656 2582 sacris
715 2532 772 2579 et
820 2538 933 2579 non
986 2519 1270 2593 tangendis
1315 2523 1572 2589 parcant;
1618 2517 1704 2571 vel
1729 2521 1871 2573 certe

271 2615 509 2672 futuram
564 2612 805 2683 inopiam
861 2617 1047 2667 contra
1110 2614 1438 2681 preceptum
1488 2603 1711 2660 Domini
1752 2604 1873 2673 plus

272 2732 435 2789 quam
466 2727 685 2768 necesse
714 2716 795 2766 est
823 2707 1193 2771 formidantes,
1227 2712 1281 2760 et
1315 2703 1383 2759 de
1429 2701 1680 2769 crastino,
1708 2700 1766 2755 id
1793 2706 1874 2756 est

278 2810 458 2865 futuro
513 2811 755 2871 tempore
836 2796 1064 2854 sollicite
1135 2800 1190 2851 et
1249 2790 1514 2864 superﬂue
1577 2790 1874 2862 cogitantes

275 2895 500 2971 (Matth.
531 2891 631 2961 v1),
688 2884 1138 2960 promissionibus
1188 2882 1306 2953 ejus
1353 2878 1548 2953 quibus
1574 2877 1874 2934 necessaria

274 2993 542 3068 pollicitus
597 2994 677 3042 est
730 2982 991 3041 increduli
1040 2981 1128 3037 vel
1182 2978 1490 3068 difﬁdentes
1542 2981 1860 3068 appareant.

271 3062 426 3153 ipsos
481 3091 693 3149 quoque
750 3072 840 3142 qui
904 3069 1189 3127 consilium
1237 3065 1457 3123 Domini
1516 3063 1666 3135 quasi
1703 3062 1871 3119 secuti

278 3151 483 3229 cunctis
533 3181 653 3236 quas
708 3160 1007 3232 possident,
1060 3155 1437 3214 abrenuntiare
1476 3153 1725 3211 videntur
1758 3151 1868 3207 im-

278 3259 449 3333 pellit,
490 3261 550 3311 ut
601 3260 694 3308 aut
737 3257 945 3321 partem
991 3247 1094 3303 sibi
1122 3243 1438 3317 imperfecte
1475 3240 1873 3301 abrenuntiates

275 3356 559 3419 retineant,
598 3355 691 3405 aut
718 3362 783 3402 ea
821 3361 942 3416 qua
970 3360 1186 3415 prorsus
1238 3340 1551 3396 dimiserant
1578 3339 1755 3395 denuo
1781 3354 1873 3395 ve-

279 3461 411 3501 sana
455 3437 723 3511 apostasia
770 3434 1170 3505 concupiscant,
1212 3438 1304 3486 aut
1356 3436 1500 3484 certe
1527 3428 1683 3497 plura
1711 3442 1871 3496 quam

273 3535 361 3595 vel
392 3531 539 3604 prius
585 3526 886 3583 habuerant
914 3521 1180 3578 affectent.
1229 3519 1377 3575 Alios
1399 3516 1468 3573 ad
1502 3519 1606 3573 hoc
1633 3514 1872 3582 adducit,

271 3640 332 3688 ut
358 3630 458 3686 sub
487 3628 709 3683 obtentu
768 3619 940 3676 relicti
995 3618 1177 3674 seculi
1227 3615 1315 3670 vel
1365 3614 1545 3685 specie
1572 3611 1868 3684 religionis,

272 3721 363 3778 vel
417 3715 700 3773 occasione
756 3707 1100 3766 ecclesiastici
1157 3703 1379 3769 ordinis,
1430 3703 1520 3758 vel
1580 3701 1872 3757 multorum

274 3813 671 3892 procurationis
740 3809 826 3866 vel
889 3806 1353 3875 eleemosynarum
1410 3798 1729 3871 largitionis,
1786 3797 1873 3855 vel

273 3885 499 3975 alicujus
548 3898 761 3957 aediﬁcii
826 3896 896 3952 ad
949 3894 1103 3965 pium
1155 3892 1357 3948 cultum
1398 3887 1735 3959 pertinentis,
1767 3885 1871 3958 ipsi

270 3994 472 4052 divitiis
499 3985 815 4061 locupletari
845 3990 1120 4055 appetant.

340 4100 587 4171 Denique
616 4092 882 4166 cupiditas
917 4096 1076 4161 atque
1103 4085 1357 4160 superbia
1383 4085 1440 4140 in
1469 4090 1672 4140 tantum
1703 4096 1869 4137 unum

274 4198 397 4248 sunt
448 4188 677 4251 malum,
735 4190 795 4238 ut
847 4196 949 4235 nec
1003 4178 1266 4249 superbus
1292 4175 1405 4229 sine
1433 4172 1741 4242 cupiditate,
1772 4185 1872 4225 nec

276 4281 393 4335 sine
420 4273 674 4347 superbia
722 4269 894 4341 possit
921 4265 1151 4322 inveniri
1189 4262 1438 4334 cupidus.
1494 4260 1552 4316 Si
1589 4259 1734 4314 enim
1765 4258 1871 4313 ali-

280 4374 424 4447 quod
461 4378 739 4444 peccatum
779 4371 1089 4440 perpetrare
1154 4376 1263 4416 non
1320 4373 1560 4429 possum,
1605 4355 1707 4410 nisi
1735 4369 1872 4410 mea;

1974 1858 2238 1914 Dominus
2264 1858 2408 1915 dicat
2439 1877 2450 1912 :
2490 1880 2513 1909 α
2541 1858 2663 1916 Non
2693 1859 2913 1929 potestis
2964 1858 3081 1913 Deo
3110 1859 3310 1915 servire
3338 1867 3390 1917 et
3412 1877 3573 1916 nam-

1974 1962 2155 2004 mone
2182 1947 2340 2016 (Luc.
2372 1945 2508 2018 xvr),
2537 1967 2559 1994 »
2594 1953 2797 2001 etcum
2817 1946 3094 2016 Scriptura
3142 1946 3335 2002 iterum
3382 1948 3527 2005 dicat
3556 1968 3569 2004 :

1985 2067 2007 2093 α
2040 2044 2143 2113 Qui
2172 2052 2319 2100 amat
2347 2045 2618 2116 pecunias,
2662 2044 2867 2100 fructus
2899 2059 3009 2100 non
3038 2044 3216 2115 capiet
3245 2061 3313 2100 ex
3343 2045 3422 2100 eis
3449 2047 3575 2116 (Ec-

1978 2134 2083 2190 clc.
2113 2133 2191 2205 v).
2228 2156 2250 2181 υ
2284 2134 2351 2187 Εῑ
2378 2134 2569 2188 iterum
2604 2150 2616 2187 :
2656 2155 2679 2181 «
2718 2134 2895 2188 Avaro
2924 2132 3059 2188 nihil
3088 2140 3168 2188 est
3186 2134 3573 2201 scelestius,ni-

1978 2221 2167 2291 hilque
2194 2221 2428 2290 iniquius
2457 2237 2619 2291 quam
2650 2236 2832 2276 amare
2880 2221 3165 2292 pecuniam
3198 2220 3400 2288 (Eccli.
3431 2223 3510 2292 κ),
3547 2244 3570 2272 ιι

1979 2310 2306 2380 etquoniam
2343 2331 2365 2360 σι
2399 2309 2547 2367 avari
2584 2316 2638 2369 et
2683 2324 2908 2380 rapaces
2933 2325 3162 2382 regnum
3192 2310 3291 2367 Dei
3319 2326 3429 2365 non
3456 2325 3579 2381 pes-

1981 2408 2232 2463 sidebunt
2260 2408 2311 2477 (ι
2339 2409 2468 2465 Cor.
2516 2406 2635 2476 vi);
2672 2429 2695 2455 ι
2730 2414 2785 2462 et
2814 2426 2826 2463 :
2860 2427 2883 2455 κ
2918 2407 3013 2462 Vae
3039 2405 3196 2463 vobis
3223 2405 3579 2477 divitibusqui

1979 2497 2189 2553 habetis
2217 2495 2637 2555 consolationem
2669 2502 2902 2553 vestram
2951 2496 3104 2563 (Luc.
3134 2493 3214 2566 vi)
3247 2495 3259 2548 l
3296 2516 3317 2543 υ
3346 2495 3419 2550 Et
3448 2511 3573 2551 cum

1968 2586 2108 2659 ipsis
2126 2584 2514 2642 inculcautibus
2539 2582 2709 2641 fixum
2733 2583 2896 2640 corde
2930 2590 3173 2641 tenemus
3200 2582 3345 2654 quod
3375 2583 3573 2654 quasli-

1975 2685 2071 2742 bet
2094 2685 2242 2741 bona
2269 2683 2428 2742 nobis
2452 2700 2487 2740 a
2502 2684 2618 2741 Deo
2636 2698 2737 2753 pro
2755 2699 2917 2741 usura
2932 2682 2985 2739 in
3005 2682 3257 2755 praesenti
3277 2698 3587 2739 accommo-

1980 2774 2127 2842 data,
2158 2789 2270 2831 non
2315 2781 2377 2829 ut
2411 2788 2573 2830 avare
2616 2771 2975 2829 recondamus
3028 2771 3355 2841 accepimus,
3385 2772 3482 2828 sed
3507 2779 3574 2827 ut

1977 2862 2294 2921 necessariis
2360 2861 2548 2917 usibus
2609 2861 2806 2918 nostris
2867 2860 3138 2932 superﬂua
3204 2859 3573 2933 indigentibus

1978 2962 2243 3034 proximis
2312 2960 2543 3017 ﬁdeliter
2595 2959 2997 3017 distribuamus.
3053 2957 3263 3029 ipsique
3335 2958 3568 3018 Domino

1978 3050 2107 3107 inde
2160 3051 2363 3109 servire
2391 3058 2719 3122 satagamus,
2777 3046 3055 3116 nimirum,
3102 3046 3239 3104 sicut
3265 3046 3575 3120 ipsejussit,

1898 3117 1952 3181 Ο
1977 3141 2348 3197 necessitatem
2407 3117 2781 3209 prosimornm
2834 3143 3073 3193 nostram
3134 3117 3461 3206 reputantes.
3519 3140 3579 3189 ut

1977 3225 2162 3286 fideles
2227 3228 2622 3298 dispensatores
2685 3242 2754 3282 ex
2808 3224 3112 3283 communis
3160 3223 3379 3279 Domini
3414 3223 3571 3280 donis

1978 3326 2074 3392 eis,
2102 3333 2164 3381 ut
2190 3340 2490 3397 possumus,
2533 3339 2693 3395 opem
2752 3322 2992 3389 ferimus,
3052 3320 3235 3390 eisque
3282 3319 3459 3390 potius
3478 3335 3576 3375 sua

1979 3437 2046 3478 ex
2104 3422 2288 3478 debito
2340 3420 2618 3477 reddimus
2653 3434 2816 3489 quam
2843 3424 3025 3474 nostra
3075 3416 3383 3487 tribuimus,
3442 3416 3569 3486 quia

1978 3509 2023 3567 si
2071 3511 2176 3567 hoc
2232 3509 2451 3579 quidem
2498 3523 2607 3565 non
2664 3506 2969 3574 fecerimus,
3022 3521 3132 3562 non
3157 3512 3215 3562 ut
3242 3504 3580 3576 propriarum

1977 3623 2157 3665 rerum
2203 3607 2345 3663 cauti
2398 3612 2822 3673 conservatores,
2870 3602 2967 3660 sed
2985 3610 3045 3659 ut
3075 3602 3371 3659 alienarum
3400 3601 3571 3672 iniqui

1980 3695 2313 3753 fraudatores
2360 3703 2414 3751 et
2467 3693 2690 3749 violenti
2744 3698 2991 3763 raptores
3047 3707 3114 3747 ex
3151 3691 3335 3747 divino
3366 3689 3575 3760 judicio

1972 3785 2134 3856 justm
2163 3785 2353 3841 ultioni
2381 3781 2804 3853 subjacebimus.
2849 3782 2989 3852 Ipsm
3017 3796 3231 3850 quoque
3262 3778 3585 3851 persuadent

1978 3882 2364 3955 perniciosiora
2424 3889 2478 3937 et
2504 3898 2538 3936 a
2563 3878 2819 3937 remediis
2864 3878 3247 3951 longinquiora
3274 3893 3389 3933 esse
3430 3877 3578 3944 vitia,

1978 3988 2099 4042 qua
2126 3971 2226 4027 sub
2265 3970 2448 4043 specie
2501 3971 2755 4025 virtutum
2803 3973 3107 4037 emergunt,
3140 3980 3301 4034 quam
3339 3965 3433 4021 illa
3458 3981 3580 4035 qua

1975 4077 2047 4117 ex
2074 4066 2260 4132 aperto
2289 4064 2491 4115 exeunt
2544 4073 2643 4128 pro
2690 4053 2891 4111 carnali
2916 4053 3213 4123 voluptate.
3242 4051 3310 4108 Hi
3346 4068 3579 4123 namque

1976 4158 2126 4216 velut
2178 4156 2361 4226 palam
2418 4152 2655 4223 expositi
2704 4166 2770 4206 ac
2824 4148 3100 4206 manifesti
3152 4147 3464 4222 languores,
3523 4158 3578 4205 et

1978 4252 2273 4318 arguuntur
2290 4242 2538 4301 cominus
2566 4247 2619 4298 et
2637 4245 2913 4296 sanantur.

2049 4350 2189 4406 Illud
2235 4363 2471 4419 namque
2517 4346 2675 4404 valde
2728 4344 3078 4401 ridiculosum
3135 4349 3217 4399 est
3261 4343 3405 4414 quod
3445 4361 3578 4402 non-

281 4431 621 4520 delectationi
677 4431 1004 4513 consentiam
1053 4449 1222 4521 (quod
1275 4445 1579 4515 cupiditatis
1623 4451 1703 4500 est
1737 4459 1868 4515 ριό-
1897 4472 1951 4534 D
1981 4440 2115 4495 nulli
2162 4447 2282 4510 post
2336 4438 2489 4493 illum
2534 4436 2724 4508 primae
2780 4431 3264 4532 abrenuntiationis
3308 4433 3575 4503 ardorem,

284 4548 505 4626 prium),
537 4555 589 4603 et
639 4544 738 4601 Dei
794 4547 1061 4615 praecepta
1088 4543 1431 4592 contemnam
1472 4532 1639 4603 (quod
1668 4540 1749 4587 est
1772 4548 1868 4586 su-

279 4647 485 4724 perbiae
514 4642 762 4712 malum),
822 4635 1094 4709 quomodo
1149 4649 1256 4689 non
1297 4649 1365 4687 ex
1409 4630 1716 4701 cupiditate,
1750 4645 1869 4700 quae

281 4755 363 4803 est
398 4743 554 4800 radix
612 4739 878 4795 malorum
936 4733 1175 4790 omnium
1224 4730 1274 4800 (I
1301 4730 1438 4786 Tim.
1471 4730 1566 4798 vi),
1598 4735 1650 4782 et
1678 4743 1745 4782 ex
1773 4743 1868 4783 su-

284 4834 473 4909 perbia
502 4846 620 4901 quae
651 4826 860 4882 initium
891 4822 1067 4879 omnis
1114 4818 1315 4891 peccati
1346 4818 1538 4873 dicitur
1565 4817 1760 4884 (Eccli.
1789 4816 1866 4884 χ),

276 4904 521 4995 procedit
577 4931 739 4973 omne
791 4916 1091 4983 peccatum.
1152 4905 1207 4962 Si
1256 4906 1399 4961 enim
1428 4904 1694 4975 cupiditas
1721 4918 1873 4957 amor

279 5028 358 5076 est
410 5015 697 5088 cujuslibet
750 5010 828 5066 rei
884 5007 1083 5063 illicita}
1127 5004 1213 5062 vel
1268 5017 1421 5057 amor
1470 5000 1705 5088 habendi
1730 5000 1872 5088 plus

281 5125 441 5182 quam
475 5082 729 5178 '0portet,
799 5099 1006 5153 nullum
1064 5100 1343 5165 peccatum
1400 5089 1513 5145 sine
1581 5082 1871 5158 cupiditate

281 5203 649 5263 committitur.
683 5195 826 5267 Quid
856 5209 983 5250 vero
1024 5191 1235 5247 avarius
1272 5196 1351 5244 est
1380 5186 1472 5243 illo
1503 5186 1585 5242 cui
1615 5202 1722 5242 non
1751 5186 1870 5240 saf-

281 5294 391 5350 ﬁcit
418 5294 584 5356 Deus,
616 5296 671 5344 et
702 5286 791 5357 qui
820 5285 965 5339 bono
994 5281 1243 5337 universo
1265 5279 1384 5351 plus
1413 5276 1641 5348 appetit.

347 5399 617 5456 Adversus
685 5397 828 5449 hanc
888 5390 1050 5462 igitur
1096 5387 1310 5453 furiam,
1365 5384 1448 5439 his
1503 5390 1556 5439 et
1609 5381 1874 5438 similibus

277 5486 524 5548 versutiis
562 5489 842 5543 armatam,
904 5475 1153 5542 charitas,
1203 5470 1590 5547 misericordia,
1632 5471 1869 5544 largitas,

273 5576 602 5649 benignitas,
672 5576 1007 5637 contemptus
1088 5563 1414 5627 divitiarum,
1475 5568 1528 5617 et
1576 5561 1875 5617 voluntaria

272 5680 563 5752 paupertas
595 5673 831 5725 mentem
861 5661 1097 5752 hominis
1124 5658 1415 5752 defendere
1443 5664 1712 5729 parantes,
1743 5658 1874 5713 dum

277 5745 571 5823 vanitatem
638 5763 693 5812 et
757 5748 1185 5811 incertitudinom
1244 5745 1487 5806 omnium
1526 5747 1876 5817 praesentium

1981 4543 2087 4598 quo
2112 4542 2199 4583 res
2226 4526 2520 4582 familiares
2538 4525 2624 4583 vel
2644 4539 2777 4594 opes
2804 4520 3063 4592 plurimas
3091 4538 3159 4577 ac
3182 4520 3443 4578 malitiam
3471 4539 3576 4580 sse-

1974 4623 2081 4680 culi
2144 4623 2491 4694 reliquerunt,
2552 4627 2698 4676 tanto
2746 4616 2923 4674 studio
2974 4617 3028 4671 in
3084 4616 3166 4672 his
3216 4633 3335 4688 qua:
3365 4619 3577 4689 penitus

1978 4729 2251 4792 nequeunt
2279 4721 2333 4776 in
2380 4734 2477 4775 suo
2523 4715 2713 4774 ordine
2759 4732 2869 4772 non
2897 4714 3106 4781 haberi,
3140 4716 3388 4784 quamvis
3413 4732 3580 4787 parva

1977 4811 2217 4881 vilisque
2245 4811 2369 4878 sint,
2393 4824 2512 4864 esse
2540 4806 2839 4872 devinctos,
2899 4809 2959 4857 ut
3021 4805 3211 4859 horum
3242 4819 3370 4859 cura
3404 4805 3578 4875 pristio

1976 4924 2166 4964 narum
2216 4904 2458 4962 omnium
2518 4902 2830 4959 facultatum
2886 4907 3101 4974 superet
3144 4899 3567 4972 possessionem.

1977 5005 2186 5075 Quibus
2213 5002 2455 5073 profecto
2487 5016 2674 5073 parum
2706 4996 2944 5071 proderit
2997 4997 3234 5067 majores
3270 5014 3400 5067 opes
3443 5016 3578 5056 con-

1979 5101 2251 5173 tempisse,
2312 5100 2437 5169 quia
2488 5096 2710 5154 aﬂ‘ectus
2757 5111 2942 5151 eorum
3001 5094 3072 5152 ob
3130 5110 3263 5165 quos
3308 5094 3415 5151 illae
3444 5112 3578 5153 con-

1979 5189 2281 5247 temnendae
2306 5195 2447 5255 sunt,
2482 5186 2537 5241 in
2567 5202 2653 5241 res
2681 5199 2879 5254 parvas
2914 5190 3077 5253 atque
3130 5183 3354 5255 exiguas
3403 5191 3579 5240 trans-

1982 5280 2229 5336 tulerunt.
2289 5276 2429 5331 Nam
2483 5275 2671 5331 vitium
2720 5271 3028 5345 cupiditatis
3084 5279 3137 5328 et
3163 5272 3401 5329 avaritiae
3437 5276 3581 5345 quod

1983 5390 2114 5448 erga
2185 5372 2393 5445 species
2481 5370 2743 5441 pretiosas
2817 5384 3069 5424 exemere
3157 5382 3264 5423 non
3338 5381 3578 5442 possunt,

1979 5463 2123 5520 circa
2185 5462 2402 5519 viliores
2465 5459 2717 5515 materias
2779 5458 3070 5513 retinentes
3112 5472 3222 5512 non
3267 5455 3577 5528 abscidisse,

1979 5562 2076 5618 sed
2105 5566 2463 5617 commutasse
2508 5574 2566 5613 se
2595 5557 2827 5629 probant
2862 5554 3143 5626 pristinam
3164 5557 3576 5629 possessionem.

1980 5659 2119 5715 Nam
2170 5657 2339 5713 nimia
2383 5656 2618 5713 devincti
2656 5654 2961 5728 diligentia,
3023 5669 3153 5728 erga
3210 5671 3389 5711 curam
3420 5670 3581 5727 spor-

1982 5746 2142 5820 tellae,
2193 5745 2404 5819 sagelli,
2460 5744 2678 5817 codicis,
2710 5744 3041 5817 aliamque
3084 5740 3339 5801 similium
3374 5757 3575 5816 rerum,
