3972 6076
476 266 612 324 1167

1610 247 1957 309 WERNERI
1993 248 2281 308 ΛΒΒΛΤΙΞ
2320 251 2384 308 S.
2431 251 2649 309 BLASII

3672 252 3801 306 “68

474 384 724 458 quamvis
757 379 1156 445 vilissimarum,
1187 377 1377 436 eadem
1434 385 1613 432 tamen
1671 392 1778 447 qua
1813 383 1974 432 antea
2001 373 2064 430 li-
2090 377 2148 439 Α
2179 373 2306 430 tiam
2335 376 2561 449 adeptus
2590 377 2768 447 fuerit,
2799 384 3023 434 caeteros
3049 392 3157 433 non
3204 383 3544 433 contemnat.
3601 375 3799 431 Multos

475 473 661 530 hidine
715 469 1038 525 detinentur.
1116 465 1249 535 Qua:
1306 466 1469 521 etiam
1527 471 1676 521 tanta
1729 463 2072 520 aemulatione

474 560 777 618 custodiunt
833 565 994 628 atque
1049 554 1366 622 defendunt,
1420 562 1477 609 ut
1524 568 1622 625 pro
1663 553 1793 624 ipsis
1821 552 2075 608 adversus

476 659 693 714 fratrem
725 652 1057 712 commoveri
1087 670 1166 719 se,
1197 657 1250 706 et
1291 651 1458 722 (quod
1496 659 1575 707 est
1620 651 1884 722 turpius!)
1913 650 2074 704 etiam

476 747 686 819 litigare
725 760 833 799 non
863 743 1090 812 pudeat.
1129 742 1190 794 In
1237 741 1341 796 hoc
1370 754 1585 810 quoque
1627 739 1708 793 sui
1734 739 1910 794 cordis
1939 754 2075 793 ava-

474 836 655 892 ritiam
681 833 988 904 designant,
1021 845 1142 885 cum
1203 829 1290 885 vel
1319 844 1383 883 ea
1427 829 1622 898 quibus
1649 827 1723 881 uti
1752 841 1967 881 necesse
1997 833 2078 880 est

478 929 800 1004 propensius
853 926 1068 981 student
1112 924 1315 980 habere
1363 939 1522 994 quam
1554 923 1752 992 caeteri,
1793 923 1881 977 vel
1909 939 2076 978 exce-

479 1020 666 1074 dentes
693 1016 991 1088 diligentia:
1024 1013 1245 1069 modum
1279 1011 1603 1084 peculiarius
1631 1027 1696 1067 ea
1726 1011 2079 1080 attentiusque

479 1107 785 1164 custodiunt
829 1111 884 1158 et
925 1103 994 1158 ab
1040 1103 1268 1157 aliorum
1300 1101 1716 1156 contrectatione
1761 1099 2075 1168 defendunt,

481 1213 602 1266 quae
659 1191 920 1249 universis
974 1190 1226 1245 fratribus
1281 1187 1543 1243 deberent
1577 1203 1695 1244 esse
1746 1187 2070 1257 communia,

484 1292 633 1364 quasi
689 1305 818 1346 vero
869 1287 1170 1343 differentia
1226 1285 1598 1341 tantummodo
1650 1285 1986 1340 metallorum
2025 1292 2079 1340 et

482 1398 592 1436 non
623 1382 740 1450 ipsa
774 1378 952 1449 passio
982 1375 1288 1446 cupiditatis
1337 1373 1597 1428 habeatur
1624 1374 1678 1428 in
1706 1389 1868 1440 noxa,
1900 1381 1954 1428 et
1979 1388 2077 1443 pro

483 1470 643 1524 rebus
671 1467 887 1537 quidem
919 1464 1132 1535 magnis
1160 1462 1316 1517 irasci
1347 1478 1454 1516 non
1474 1461 1648 1530 liceat,
1676 1478 1771 1532 pro
1802 1461 2080 1517 vilioribus

485 1581 614 1622 vero
638 1567 741 1620 hoc
784 1563 962 1633 ipsum
994 1560 1184 1616 fecisse
1211 1559 1325 1614 sine
1354 1559 1513 1631 culpa
1547 1559 1631 1614 sit.
1665 1567 1716 1613 et
1743 1573 1851 1614 non
1879 1559 2076 1614 idcirco

484 1652 830 1725 pretiosiores
859 1649 1217 1720 abjecerimus
1243 1649 1494 1703 materias
1524 1663 1628 1718 quo
1660 1647 1866 1702 facilius
1901 1647 2076 1703 disce-

2179 465 2284 520 hoc
2311 464 2528 536 decipit,
2561 465 2704 536 quod
2726 474 2854 523 ante
2908 474 3119 535 tempus
3159 467 3429 538 sapientes
3461 464 3654 520 videri
3705 481 3796 518 vo-

2181 552 2314 608 lunt.
2347 553 2484 609 Hinc
2510 570 2743 625 namque
2789 555 2844 609 in
2875 555 3161 625 quemdam
3217 555 3472 609 elationis
3516 561 3796 608 tumorem

2183 658 2556 720 prorumpunt,
2586 659 2643 706 ut
2665 652 2784 722 jam
2810 659 2863 708 et
2899 651 3150 707 simulare
3188 651 3449 722 incipiant
3484 651 3646 720 quod
3698 665 3799 704 non

2182 745 2322 806 sunt,
2389 747 2442 793 et
2505 740 2648 809 quod
2713 749 2836 795 sunt
2897 741 3230 807 erubescere,
3273 755 3450 810 eoque
3493 739 3728 812 longius
3773 755 3800 792 a

2185 827 2452 896 sapientia
2480 829 2752 895 recedunt,
2790 845 2898 899 quo
2927 844 3035 883 non
3077 844 3194 884 esse
3221 829 3523 897 sapientes,
3559 830 3664 881 sed
3698 845 3798 898 pu-

2187 923 2284 979 tari
2349 925 2589 995 cupiunt.
2633 926 2946 995 Cujusmodi
3001 926 3154 980 multi
3209 927 3473 980 hactenus
3518 935 3684 979 erant
3713 925 3797 995 qui

2183 1029 2305 1068 cum
2351 1013 2541 1082 primis
2585 1014 2863 1069 elementis
2909 1015 3084 1070 adhuc
3138 1014 3464 1086 indigerent,
3532 1030 3653 1068 non
3703 1013 3795 1066 nisi

2185 1101 2410 1156 summis
2446 1102 2701 1158 interesse
2764 1102 3132 1175 dignarentur,
3191 1110 3242 1157 et
3295 1119 3365 1158 ex
3411 1105 3522 1157 hoc
3581 1103 3796 1156 solum-

2184 1199 2347 1254 modo
2377 1215 2434 1254 se
2465 1216 2695 1273 magnos
2741 1199 2854 1256 ﬁeri
2881 1208 3147 1272 putarent,
3179 1201 3223 1255 si
3253 1216 3590 1272 magnorum
3627 1208 3686 1254 et
3713 1217 3798 1254 sa-

2185 1289 2428 1358 pientum
2485 1289 2572 1344 vel
2617 1289 2812 1360 scripta
2869 1289 3108 1361 legerent
3161 1289 3247 1344 vel
3304 1289 3475 1344 verba
3523 1289 3798 1343 audirent.

2185 1377 2314 1444 Nos,
2349 1377 2614 1448 inquiunt,
2645 1378 2881 1434 vidimus
2926 1379 3048 1434 illos
3081 1397 3094 1443 ;
3128 1393 3227 1432 nos
3266 1377 3334 1432 ab
3366 1378 3477 1431 illis
3508 1378 3757 1450 legimus
3785 1396 3797 1440 ;

2185 1489 2328 1542 εωρο
2358 1474 2514 1529 nobis
2569 1475 2646 1529 illi
2695 1475 2841 1544 loqui
2897 1476 3159 1540 solebant,
3211 1475 3284 1528 illi
3332 1476 3564 1543 summi,
3599 1475 3682 1528 illi
3718 1474 3802 1529 fa-

2185 1561 2322 1616 mosi
2352 1571 2726 1634 cognoverunt
2753 1579 2871 1618 nos.
2922 1564 3028 1620 Sed
3059 1564 3260 1618 utinam
3291 1580 3379 1617 me
3411 1579 3585 1618 nemo
3616 1579 3803 1634 agno-

2188 1666 2320 1728 scat,
2354 1667 2408 1714 et
2437 1676 2541 1732 ego
2573 1669 2763 1716 cuncta
2792 1661 3036 1716 noverim
3071 1663 3082 1714 !
3116 1661 3391 1716 Platonem
3424 1661 3663 1727 vidisse,
3697 1678 3804 1715 non

486 1766 668 1807 remus
695 1747 886 1804 viliora
925 1754 1289 1802 contemnere.
1342 1744 1483 1814 Quid
1529 1744 1671 1800 enim
1701 1743 1876 1800 differt
1901 1752 2077 1799 utrum
2106 1725 2159 1785 Β
2191 1725 2517 1804 intellexisse
2573 1749 2902 1822 gloriamini.
2964 1750 3101 1803 Puto
3156 1749 3438 1820 indignum
3493 1758 3581 1803 est
3644 1725 3809 1804 vobis

488 1839 607 1909 quis
635 1835 1062 1909 pertubationem
1103 1833 1410 1904 cupiditatis
1437 1848 1566 1905 erga
1594 1849 1726 1904 epes
1757 1833 1965 1904 amplas
1991 1840 2078 1888 at-

485 1941 588 1998 que
616 1923 950 1998 magniﬁcas,
1002 1939 1096 1977 seu
1152 1937 1284 1994 erga
1311 1921 1528 1976 viliores
1579 1929 1825 1976 exerceat
1851 1920 2076 1991 species,

486 2023 584 2079 nisi
661 2021 804 2092 quod
878 2020 934 2074 in
1005 2034 1070 2074 eo
1115 2015 1587 2088 reprehensibilior
1626 2016 1950 2087 judicandus
2002 2024 2081 2072 est

485 2110 630 2182 quod
659 2110 785 2164 dum
817 2107 1059 2163 maxima
1088 2105 1296 2175 sprevit
1337 2105 1459 2159 imis
1489 2104 1759 2177 obligetur
1786 2119 1800 2174 ;
1851 2105 2078 2176 ideoque

499 2199 884 2271 perfectionem
932 2195 1110 2251 cordis
1157 2191 1550 2248 abrenuntiatio
1593 2194 1691 2248 ista
1719 2209 1826 2249 non
1855 2195 2078 2256 obtinet,

485 2298 613 2367 quia
641 2312 762 2351 cum
791 2309 1012 2349 censum
1042 2290 1238 2346 habeat
1266 2290 1538 2361 pauperis,
1563 2306 1670 2345 non
1709 2291 1907 2360 abjecit
1933 2291 2078 2349 divi-

489 2386 555 2440 tis
582 2384 933 2441 voluntatem.

771 2489 850 2545 De
880 2485 1090 2544 duobus
1119 2485 1415 2558 generibus
1444 2484 1814 2542 humilitatis.

556 2597 674 2654 Duo
700 2600 824 2652 sunt
850 2609 1052 2666 genera
1082 2591 1416 2650 humilitatis.
1441 2592 1676 2648 Primum
1700 2592 1767 2649 ad
1787 2607 2077 2661 se,secun-

487 2686 614 2743 dum
647 2685 715 2740 ad
769 2683 922 2738 alios.
980 2681 1264 2736 Humilitas
1321 2681 1389 2736 ad
1417 2698 1474 2736 se
1521 2689 1599 2735 est
1628 2695 1732 2751 qua
1761 2681 1984 2752 quisque
2011 2679 2080 2736 de

486 2773 775 2845 semetipso
827 2785 994 2842 parva
1040 2769 1343 2838 existimat;
1405 2769 1676 2824 humilitas
1722 2769 1789 2824 ad
1817 2770 1951 2824 alios
1978 2777 2076 2838 est,

489 2880 594 2935 qua
639 2862 785 2918 bona
838 2861 1051 2914 illorum
1127 2860 1293 2913 homo
1371 2858 1485 2913 sine
1545 2858 1751 2913 invidia
1815 2866 1868 2912 et
1911 2858 2078 2912 livore

487 2957 850 3016 commendat.
929 2957 1030 3011 Per
1120 2955 1348 3026 primam
1423 2953 1776 3009 humilitatem
1851 2968 2078 3026 praeesse

487 3064 596 3104 non
641 3046 825 3117 cupit;
885 3060 985 3116 per
1021 3041 1312 3098 secundam
1342 3043 1562 3097 subesse
1599 3058 1705 3097 non
1751 3042 2069 3098 contemnit.

495 3135 784 3196 Humilitas
815 3134 944 3188 facit
966 3141 1021 3188 ut
1050 3148 1146 3186 sua
1173 3131 1382 3187 occulta
1410 3133 1574 3186 homo
1603 3146 1708 3186 non
1739 3131 2032 3186 abscondat
2063 3147 2078 3202 ;

487 3232 659 3304 pietas
688 3230 816 3286 facit
843 3237 902 3284 ut
955 3228 1130 3283 aliena
1184 3228 1395 3283 oceulta
1445 3226 1692 3296 judicare
1743 3243 1853 3282 non
1880 3243 2083 3298 praesu-

489 3329 621 3377 mat.
672 3317 959 3374 Humilitas
1007 3316 1135 3372 facit
1175 3323 1234 3370 ut
1287 3316 1431 3370 mala
1457 3331 1556 3371 sua
1585 3317 1746 3371 homo
1777 3329 1883 3372 non
1911 3331 2081 3373 excu-

486 3418 604 3479 set;
636 3409 808 3480 pietas
835 3406 962 3462 facit
1015 3413 1072 3459 ut
1099 3404 1244 3459 mala
1291 3405 1469 3460 aliena
1499 3420 1604 3461 non
1636 3413 1915 3478 aggravet.
1949 3407 2082 3460 Item

492 3506 766 3562 humilitas
797 3505 924 3559 facit
980 3511 1037 3557 ut
1079 3518 1200 3572 quae
1253 3502 1306 3556 in
1337 3518 1394 3556 se
1424 3501 1588 3558 latent
1615 3503 1907 3558 secundum
1935 3503 2082 3559 veri-

492 3603 656 3649 tatem
680 3593 924 3662 judicet;
958 3591 1129 3661 pietas
1150 3589 1280 3645 facit
1306 3597 1364 3644 ut
1386 3605 1504 3660 qua
1531 3590 1586 3644 in
1616 3591 1735 3646 aliis
1763 3607 1871 3647 non
1902 3600 2086 3663 patent

489 3683 558 3738 ad
589 3680 870 3736 meliorem
905 3685 1113 3750 partem
1165 3677 1402 3732 inclinet.
1462 3679 1598 3734 Hinc
1635 3687 1715 3733 est
1743 3680 1886 3750 quod
1916 3680 2084 3735 sancti

489 3780 591 3835 viri
622 3777 939 3848 semetipsos
996 3783 1107 3829 tam
1165 3773 1398 3829 districte
1425 3774 1742 3845 dijudicant,
1787 3784 1838 3833 et
1867 3786 2087 3834 cunctos

489 3869 592 3924 sibi
651 3867 843 3922 merito
903 3862 1310 3934 anteponendos
1366 3870 1571 3934 putant.
1633 3865 1827 3922 Vident
1860 3866 2003 3922 enim
2034 3873 2090 3921 et

491 3974 613 4029 quae
670 3954 957 4010 manifesta
1010 3959 1134 4006 sunt
1187 3967 1284 4006 sua
1335 3958 1389 4006 et
1415 3966 1534 4021 qua:
1563 3953 1807 4024 occulta;
1858 3955 2085 4011 aliorum

495 4054 674 4102 autem
730 4042 1017 4099 manifesta
1075 4047 1306 4096 tantum.
1371 4039 1506 4094 Cum
1563 4040 1743 4112 itaque
1787 4042 1857 4098 de
1900 4044 2088 4100 alienis

495 4142 720 4201 occultis
745 4141 988 4212 judicare
1019 4154 1127 4194 non
1170 4145 1518 4208 praesumant,
1550 4138 1650 4193 nisi
1680 4148 1935 4209 quantum
1964 4141 2086 4211 pie-

496 4241 659 4287 tatem
716 4237 971 4286 monente
1035 4227 1178 4282 bona
1232 4242 1348 4282 esse
1385 4227 1714 4295 existimant,
1761 4229 1917 4298 plura
1967 4239 2090 4286 sunt

495 4337 615 4391 qua:
644 4320 700 4374 in
728 4336 784 4373 se
813 4317 958 4372 mala
1012 4315 1197 4370 vident
1241 4314 1332 4369 ubi
1381 4323 1433 4369 et
1488 4316 1772 4372 manifesta
1801 4325 1852 4372 et
1879 4318 2088 4374 occulta

2188 1836 2441 1907 deinceps
2470 1844 2526 1892 ut
2553 1853 2642 1893 me
2698 1837 2945 1892 audiatis.
3005 1839 3127 1893 Non
3183 1853 3286 1910 ego
3315 1853 3433 1892 sum
3485 1838 3675 1906 Plato,
3710 1853 3808 1893 nec

2188 1934 2465 1989 Platonem
2496 1934 2679 1990 videre
2709 1935 2900 1990 merui.
2951 1933 3156 1989 Suﬂicit
3183 1934 3337 1990 vobis
3366 1934 3550 2006 ipsum
3586 1935 3804 1990 fontem

2188 2023 2544 2094 philosophiae
2571 2023 2819 2092 potestis.
2879 2022 2986 2079 Sed
3043 2023 3245 2078 utinam
3293 2022 3470 2077 adhuc
3524 2024 3801 2079 sitiretist

2189 2113 2303 2166 Rex
2332 2119 2453 2181 post
2499 2127 2662 2166 aurea
2719 2111 2913 2182 pocula
2941 2111 3008 2166 de
3054 2127 3178 2167 vase
3210 2111 3345 2166 bibit
3391 2119 3593 2167 tcsteo.
3657 2111 3801 2182 Quid

2188 2199 2499 2255 erubescitis
2527 2202 2556 2253 ξ)
2586 2201 2862 2256 Platonem
2895 2199 3136 2269 audistis,
3180 2199 3410 2255 audiatis
3438 2209 3492 2255 et
3522 2202 3795 2272 Chrysip-

2187 2306 2336 2360 pum.
2367 2290 2428 2343 In
2458 2288 2745 2360 proverbio
2774 2289 3046 2344 dicitur...

2298 2395 2451 2462 Quod
2489 2412 2602 2452 non
2634 2397 2804 2462 nosti,
2829 2396 3094 2468 fortassis
3124 2397 3278 2452 novit
3306 2396 3544 2452 asellus.

2186 2505 2360 2560 Nemo
2417 2510 2497 2557 est
2532 2501 2618 2557 cui
2655 2501 2790 2558 scire
2828 2502 3012 2558 omnia
3065 2502 3247 2557 datum
3285 2502 3370 2570 sit,
3410 2517 3592 2573 neque
3631 2503 3788 2574 quis-

2188 2608 2349 2664 quam
2398 2607 2578 2646 rursus
2631 2591 2717 2647 eui
2779 2589 2983 2660 aliquid
3032 2591 3261 2661 speciale
3311 2607 3345 2645 a
3399 2599 3592 2646 natura
3618 2608 3787 2648 acce-

2190 2683 2331 2754 pisse
2397 2696 2505 2736 non
2561 2679 2869 2750 contigerit.
2921 2678 3156 2734 Prudens
3219 2678 3384 2750 igitur
3438 2679 3609 2735 lector
3655 2696 3788 2736 om-

2190 2795 2284 2834 nes
2338 2778 2568 2832 libenter
2620 2776 2785 2842 audit,
2835 2777 3017 2832 omnia
3072 2775 3220 2848 legit,
3275 2791 3383 2831 non
3437 2778 3785 2848 scripturam,

2190 2882 2297 2922 non
2344 2881 2651 2937 personam,
2710 2880 2818 2920 non
2881 2865 3178 2919 doctrinam
3249 2863 3568 2935 cujusquam
3625 2883 3787 2937 sper-

2188 2957 2285 3010 nit.
2346 2953 2718 3010 Inditferenter
2776 2952 2844 3008 ab
2900 2952 3151 3008 omnibus
3179 2953 3320 3022 quod
3349 2953 3452 3007 sibi
3491 2954 3652 3010 desse
3702 2956 3790 3009 vi-

2189 3045 2278 3100 det
2308 3044 2517 3114 quterit,
2550 3058 2648 3098 nec
2705 3049 2961 3112 quantum
2991 3041 3140 3109 sciat,
3199 3041 3292 3096 sed
3341 3049 3604 3112 quantum
3634 3045 3794 3116 igno-

2189 3143 2270 3190 ret
2297 3131 2616 3188 considerat.
2650 3130 2787 3185 Hinc
2841 3129 2970 3184 illud
3019 3131 3350 3186 Platonicum
3396 3130 3592 3186 aiunt:
3643 3133 3791 3187 Malo

2191 3233 2367 3287 aliena
2403 3228 2707 3285 verecunde
2763 3227 2987 3291 discere,
3049 3243 3210 3296 quam
3267 3243 3389 3282 mea
3415 3228 3794 3298 imprudenter

2192 3321 2458 3393 ingerere.
2535 3318 2644 3372 Cur
2678 3316 2823 3372 enim
2897 3315 3104 3370 discere
3158 3315 3449 3380 erubescis,
3487 3324 3544 3370 et
3584 3319 3792 3373 nescire

2192 3425 2300 3465 non
2338 3406 2716 3464 verecundaris
2743 3406 2772 3458 ?
2830 3402 3008 3458 Pudor
3061 3403 3160 3459 iste
3198 3412 3278 3458 est
3332 3403 3510 3473 major
3536 3405 3652 3459 illo.
3689 3410 3794 3460 Aut

2193 3506 2322 3577 quid
2351 3521 2561 3559 summa
2590 3502 2806 3558 affectas
2830 3518 2952 3557 cum
3003 3511 3059 3558 tu
3100 3501 3288 3571 jaceas
3315 3503 3369 3555 in
3399 3502 3510 3558 imo
3533 3503 3564 3555 ?
3595 3504 3794 3559 Consi-

2193 3596 2323 3651 dera
2349 3594 2549 3665 potius,
2576 3591 2704 3661 quid
2737 3591 2878 3645 vires
2911 3598 3014 3646 tuae
3061 3590 3201 3646 ferre
3230 3590 3463 3646 valeant.
3493 3591 3791 3660 Aptissime

2192 3683 2408 3749 incedit,
2442 3681 2533 3752 qui
2564 3679 2764 3735 incedit
2809 3678 3069 3735 ordinate.
3101 3678 3337 3748 Quidam
3366 3678 3494 3732 dum
3526 3696 3791 3752 magnum

2195 3785 2390 3839 saltum
2437 3781 2616 3836 facere
2672 3778 2878 3846 volunt,
2937 3776 3292 3848 pmcipitium
3331 3776 3604 3832 incidunt.
3670 3780 3791 3833 Noli

2195 3887 2325 3944 ergo
2355 3870 2515 3925 nimis
2542 3868 2814 3923 festinare.
2846 3867 2960 3921 Hoc
2989 3865 3154 3922 modo
3182 3866 3339 3920 citius
3367 3865 3434 3920 ad
3464 3868 3789 3937 sapientiam

2195 3960 2486 4034 pertinges.
2545 3957 2629 4012 Ah
2679 3954 2931 4011 omnibus
2986 3953 3216 4009 libenter
3268 3953 3495 4018 discere,
3529 3963 3789 4025 quantum

2197 4058 2252 4104 tu
2281 4047 2474 4114 nescis,
2525 4045 2653 4116 quia
2707 4042 2982 4099 humilitas
3025 4057 3314 4098 commune
3345 4041 3441 4096 tibi
3471 4042 3656 4098 facere
3689 4059 3791 4115 po-

2195 4154 2293 4202 test
2321 4144 2463 4215 quod
2494 4150 2681 4198 natura
2736 4139 3012 4212 proprium
3038 4139 3229 4209 cuique
3285 4138 3432 4193 fecit.
3483 4139 3794 4211 Sapientior

2196 4234 2448 4290 omnibus
2475 4232 2599 4298 eris,
2645 4230 2690 4285 si
2742 4229 2811 4284 ab
2867 4228 3118 4284 omnibus
3147 4226 3352 4283 discere
3382 4228 3647 4284 volueris.
3692 4229 3794 4298 Qui

2196 4323 2266 4378 ab
2291 4322 2542 4378 omnibus
2569 4318 2856 4388 accipiunt,
2889 4315 3141 4371 omnibus
3169 4315 3392 4371 ditiores
3418 4325 3570 4370 sunt.

497 4420 700 4485 vident,
732 4433 892 4486 quam
923 4415 1012 4485 qui
1042 4415 1098 4469 in
1139 4414 1256 4469 aliis
1297 4413 1484 4468 vident
1511 4413 1604 4468 ubi
1649 4415 1932 4471 manifesta
1964 4425 2078 4471 tan-
2113 4433 2166 4494 D
2266 4420 2483 4474 Nullam
2557 4417 2787 4485 denique
2844 4414 3120 4470 scientiam
3169 4413 3335 4467 vilem
3410 4421 3618 4479 teneas,
3672 4415 3797 4485 quia

498 4516 611 4562 tum
666 4505 873 4562 vident.
949 4504 1109 4570 Nam,
1160 4510 1214 4558 et
1268 4501 1312 4556 si
1359 4501 1572 4571 quando
1601 4501 1848 4572 quadam
1878 4505 2086 4560 occulta

497 4596 673 4652 aliena
749 4610 817 4648 ex
887 4591 1184 4647 manifestis
1271 4589 1696 4661 deprehendunt,
1755 4607 1852 4647 sua
1906 4601 2086 4649 tamen

497 4695 731 4751 districte
765 4707 860 4764 per
887 4689 1164 4745 veritatem
1190 4688 1435 4758 judicent
1465 4702 1479 4756 ;
1513 4687 1604 4743 illa
1634 4697 1811 4744 autem
1839 4707 1936 4762 per
1963 4692 2084 4763 pie-

496 4791 659 4839 tatem
719 4779 984 4852 judicare,
1045 4777 1144 4831 nisi
1199 4774 1505 4832 excusando
1561 4791 1668 4832 non
1723 4789 2076 4848 praesumunt.

494 4872 633 4928 Hinc
658 4885 789 4926 vero
817 4867 876 4922 ﬁt
900 4874 958 4922 ut
984 4865 1266 4920 inferiores
1317 4879 1376 4920 se
1430 4863 1634 4920 cunctis
1679 4865 2003 4935 existiment,
2035 4876 2089 4924 et

500 4961 601 5017 hoc
627 4959 731 5014 illis
757 4954 953 5013 sentire
983 4954 1138 5010 dulce
1192 4952 1278 5022 sit,
1312 4951 1455 5023 quod
1493 4967 1590 5007 sua
1620 4953 1764 5009 mala
1785 4969 2084 5028 aggravare

494 5067 547 5113 et
575 5057 801 5112 aliorum
834 5052 1089 5110 alleviare
1117 5050 1345 5121 possint.

560 5165 757 5219 Verum
786 5169 841 5218 et
894 5161 997 5216 hoc
1052 5157 1345 5214 notandum
1378 5159 1697 5229 estqualem
1724 5158 2085 5216 humilitatem

491 5252 790 5320 Scriptores
867 5250 1108 5322 legentes
1173 5247 1407 5303 debeant
1479 5249 1698 5304 habere.
1760 5249 2084 5322 Principium

494 5339 672 5408 itaque
699 5339 934 5393 liberans
959 5335 1257 5408 disciplinae
1306 5337 1578 5393 humilitas
1623 5345 1720 5393 est.
1773 5337 1938 5407 Cujus
1964 5355 2085 5394 cum

495 5435 663 5490 multa
688 5435 794 5489 sint
821 5435 1164 5500 documenta,
1206 5437 1324 5490 ιιωο
1377 5442 1559 5490 tamen
1589 5435 1690 5490 tria
1717 5436 1989 5505 prtecipue
2018 5435 2086 5492 ad

496 5523 752 5579 lectorem
780 5522 1044 5592 pertinent
1075 5542 1086 5577 :
1120 5523 1379 5593 primum,
1439 5532 1499 5578 ut
1553 5523 1755 5578 nullam
1784 5524 2084 5594 scientiam,

497 5613 699 5669 nullam
755 5610 1069 5680 scripturam
1128 5611 1292 5666 vilem
1350 5618 1570 5683 teneat;
1625 5612 1937 5684 secundum,
1971 5622 2090 5669 uta

499 5701 714 5761 nemine
749 5699 954 5756 discere
1011 5698 1288 5756 erubescat
1319 5715 1334 5772 ;
1386 5700 1618 5774 tertium,
1649 5709 1726 5775 ut,
1755 5717 1878 5760 cum
1906 5702 2086 5761 scien-

2193 4509 2370 4564 omnis
2390 4507 2613 4562 scientia
2640 4505 2784 4560 bona
2812 4510 2908 4559 est.
2928 4502 3164 4569 Nullam,
3187 4501 3230 4555 si
3251 4509 3428 4565 vacat,
3446 4512 3771 4573 scnpturam
3789 4547 3804 4571 ,

2194 4599 2276 4654 vel
2309 4597 2498 4652 saltem
2530 4595 2709 4667 legere
2736 4599 3067 4648 contemnas.
3126 4589 3183 4644 Si
3242 4589 3375 4644 nihil
3403 4590 3662 4661 lucraris;
3697 4609 3798 4648 nec

2194 4696 2381 4768 perdis
2419 4692 2642 4764 aliquid,
2708 4689 2946 4745 maxime
3003 4703 3124 4743 cum
3189 4687 3336 4742 nulla
3383 4688 3652 4757 scriptura
3707 4690 3797 4756 sit,

2193 4783 2488 4842 secundum
2519 4796 2697 4836 meam
2726 4776 3159 4844 aestimationem,
3212 4791 3333 4845 quae
3379 4775 3587 4845 aliquid
3618 4793 3798 4847 expe-

2195 4873 2414 4929 tendum
2445 4887 2552 4927 non
2595 4874 2880 4942 proponat,
2913 4865 2956 4920 si
2988 4863 3325 4921 convenienti
3369 4863 3492 4920 loco
3522 4873 3579 4918 et
3607 4866 3798 4921 ordine

2194 4977 2503 5035 tractentur,
2535 4983 2655 5038 qua:
2689 4980 2796 5020 non
2846 4961 3049 5032 aliquid
3089 4960 3249 5015 etiam
3306 4959 3541 5032 speciale
3595 4962 3801 5017 habeat

2195 5059 2338 5131 quod
2367 5057 2600 5129 diligens
2656 5051 2807 5108 verbi
2863 5056 3123 5106 scrutator
3164 5048 3294 5104 alibi
3349 5065 3456 5104 non
3487 5049 3799 5116 inventum,

2195 5155 2394 5220 quanto
2449 5145 2622 5200 rarius
2675 5147 2822 5197 tanto
2878 5138 3083 5209 gratius
3136 5143 3340 5206 carpat.
3400 5135 3550 5190 Nihil
3613 5144 3803 5192 tamen

2195 5256 2304 5302 tam
2334 5244 2536 5300 bonum
2568 5247 2644 5297 est
2694 5237 2837 5310 quod
2890 5235 3059 5292 semel
3105 5233 3298 5289 melius
3328 5233 3482 5288 tollit.
3517 5233 3578 5288 Si
3610 5236 3801 5290 omnia

2194 5336 2374 5407 legere
2405 5347 2512 5388 non
2542 5337 2713 5403 potes,
2746 5343 2811 5381 ea
2839 5341 2960 5396 qua
2990 5331 3113 5379 sunt
3139 5322 3352 5377 utiliora
3401 5321 3545 5392 lege,
3582 5323 3801 5377 etiamsi

2195 5433 2378 5490 omnia
2432 5431 2612 5501 legere
2660 5424 2917 5499 potueris,
2959 5438 3068 5478 non
3125 5429 3300 5476 tamen
3361 5417 3505 5473 idem
3537 5420 3800 5474 omnibus

2196 5522 2350 5578 labor
2376 5516 2774 5591 impendendus
2831 5519 2929 5568 est.
2990 5509 3098 5566 Sed
3153 5507 3400 5580 quaedam
3458 5507 3533 5561 ita
3561 5507 3801 5580 legenda

2195 5628 2336 5688 sunt,
2370 5634 2438 5674 ne
2465 5617 2572 5672 sint
2593 5612 2868 5686 incognita
2899 5625 2913 5680 ;
2939 5608 3185 5681 quedam
3216 5621 3366 5673 vero,
3399 5621 3466 5659 ne
3497 5605 3610 5660 sint
3636 5606 3798 5662 inau-

2195 5709 2326 5781 dita,
2370 5705 2498 5780 quia
2547 5701 2837 5778 aliquando
2891 5698 3062 5773 pluris
3089 5710 3204 5757 esse
3242 5693 3514 5752 credimus
3562 5695 3659 5766 qui
3691 5711 3799 5754 non
