  <div class='ocr_page' id='page_1' title='image "/cluster/home/n/w/nwhite01/storage/ocr_20150623/157/hvd.32044054760152/590.png"; bbox 0 0 4008 6092; ppageno 0'>
   <div class='ocr_carea' id='block_1_1' title="bbox 286 260 422 312">
    <p class='ocr_par' dir='ltr' id='par_1_1' title="bbox 286 260 422 312">
     <span class='ocr_line' id='line_1_1' title="bbox 286 260 422 312; baseline 0 0"><span class='ocrx_word' id='word_1_1' title='bbox 286 260 422 312; x_wconf 76' lang='grc'><strong>1169</strong></span> 
     </span>
    </p>
   </div>
   <div class='ocr_carea' id='block_1_2' title="bbox 1190 256 2662 319">
    <p class='ocr_par' dir='ltr' id='par_1_2' title="bbox 1190 256 2662 319">
     <span class='ocr_line' id='line_1_2' title="bbox 1190 256 2662 319; baseline 0.004 -7"><span class='ocrx_word' id='word_1_2' title='bbox 1190 257 1778 316; x_wconf 76' lang='lat' dir='ltr'>DEFLORATIONES</span> <span class='ocrx_word' id='word_1_3' title='bbox 1817 256 1922 313; x_wconf 86' lang='lat' dir='ltr'>SS.</span> <span class='ocrx_word' id='word_1_4' title='bbox 1971 259 2274 318; x_wconf 78' lang='lat' dir='ltr'>PATRUM.</span> <span class='ocrx_word' id='word_1_5' title='bbox 2309 290 2381 303; x_wconf 89' lang='lat'>-—</span> <span class='ocrx_word' id='word_1_6' title='bbox 2418 263 2553 318; x_wconf 90' lang='lat' dir='ltr'>LIB.</span> <span class='ocrx_word' id='word_1_7' title='bbox 2588 264 2662 319; x_wconf 85' lang='grc'><strong>11.</strong></span> 
     </span>
    </p>
   </div>
   <div class='ocr_carea' id='block_1_3' title="bbox 3441 271 3577 326">
    <p class='ocr_par' dir='ltr' id='par_1_3' title="bbox 3441 271 3577 326">
     <span class='ocr_line' id='line_1_3' title="bbox 3441 271 3577 326; baseline 0.015 -2"><span class='ocrx_word' id='word_1_8' title='bbox 3441 271 3577 326; x_wconf 82' lang='grc'><strong>1170</strong></span> 
     </span>
    </p>
   </div>
   <div class='ocr_carea' id='block_1_4' title="bbox 276 374 3577 459">
    <p class='ocr_par' dir='ltr' id='par_1_4' title="bbox 276 374 3577 459">
     <span class='ocr_line' id='line_1_4' title="bbox 276 374 3577 459; baseline 0.006 -30"><span class='ocrx_word' id='word_1_9' title='bbox 276 374 600 442; x_wconf 83' lang='lat' dir='ltr'>audivimus,</span> <span class='ocrx_word' id='word_1_10' title='bbox 651 383 703 432; x_wconf 91' lang='lat' dir='ltr'>et</span> <span class='ocrx_word' id='word_1_11' title='bbox 749 375 954 432; x_wconf 79' lang='lat' dir='ltr'>facilius</span> <span class='ocrx_word' id='word_1_12' title='bbox 983 375 1276 432; x_wconf 69' lang='lat' dir='ltr'>mstimatur</span> <span class='ocrx_word' id='word_1_13' title='bbox 1325 394 1411 432; x_wconf 89' lang='lat' dir='ltr'>res</span> <span class='ocrx_word' id='word_1_14' title='bbox 1465 381 1617 451; x_wconf 85' lang='lat' dir='ltr'>cujus</span> <span class='ocrx_word' id='word_1_15' title='bbox 1666 383 1868 439; x_wconf 90' lang='lat' dir='ltr'>fructus</span> <span class='ocrx_word' id='word_1_16' title='bbox 1894 384 1953 447; x_wconf 87' lang='lat' dir='ltr'><strong>A</strong></span> <span class='ocrx_word' id='word_1_17' title='bbox 1982 396 2108 442; x_wconf 89' lang='lat' dir='ltr'>eunt</span> <span class='ocrx_word' id='word_1_18' title='bbox 2140 402 2154 456; x_wconf 92' lang='lat'><strong>;</strong></span> <span class='ocrx_word' id='word_1_19' title='bbox 2189 397 2242 444; x_wconf 91' lang='lat' dir='ltr'>tu</span> <span class='ocrx_word' id='word_1_20' title='bbox 2271 389 2413 445; x_wconf 90' lang='lat' dir='ltr'>mala</span> <span class='ocrx_word' id='word_1_21' title='bbox 2442 396 2532 444; x_wconf 86' lang='lat' dir='ltr'>tua</span> <span class='ocrx_word' id='word_1_22' title='bbox 2579 406 2814 459; x_wconf 89' lang='lat' dir='ltr'>accusas,</span> <span class='ocrx_word' id='word_1_23' title='bbox 2847 398 2902 448; x_wconf 91' lang='lat' dir='ltr'>et</span> <span class='ocrx_word' id='word_1_24' title='bbox 2946 399 3289 448; x_wconf 87' lang='lat' dir='ltr'>evanescunt.</span> <span class='ocrx_word' id='word_1_25' title='bbox 3338 393 3436 450; x_wconf 90' lang='lat' dir='ltr'>Illa</span> <span class='ocrx_word' id='word_1_26' title='bbox 3473 394 3577 450; x_wconf 86' lang='lat' dir='ltr'>sibi</span> 
     </span>
    </p>
   </div>
   <div class='ocr_carea' id='block_1_5' title="bbox 277 464 3573 554">
    <p class='ocr_par' dir='ltr' id='par_1_5' title="bbox 277 464 3573 554">
     <span class='ocr_line' id='line_1_5' title="bbox 277 464 3573 554; baseline 0.006 -37"><span class='ocrx_word' id='word_1_27' title='bbox 277 464 604 554; x_wconf 86' lang='lat' dir='ltr'>agnoscitur.</span> <span class='ocrx_word' id='word_1_28' title='bbox 685 465 875 554; x_wconf 88' lang='lat' dir='ltr'>Videre</span> <span class='ocrx_word' id='word_1_29' title='bbox 934 481 1073 520; x_wconf 92' lang='lat' dir='ltr'>nunc</span> <span class='ocrx_word' id='word_1_30' title='bbox 1129 473 1282 534; x_wconf 86' lang='lat' dir='ltr'>potes</span> <span class='ocrx_word' id='word_1_31' title='bbox 1355 483 1518 536; x_wconf 89' lang='lat' dir='ltr'>quam</span> <span class='ocrx_word' id='word_1_32' title='bbox 1577 473 1878 528; x_wconf 89' lang='lat' dir='ltr'>necessaria</span> <span class='ocrx_word' id='word_1_33' title='bbox 1982 476 2096 532; x_wconf 90' lang='lat' dir='ltr'>vult</span> <span class='ocrx_word' id='word_1_34' title='bbox 2122 475 2363 534; x_wconf 74' lang='lat' dir='ltr'>sufﬁcere</span> <span class='ocrx_word' id='word_1_35' title='bbox 2394 479 2651 549; x_wconf 89' lang='lat' dir='ltr'>etnequit</span> <span class='ocrx_word' id='word_1_36' title='bbox 2679 479 2907 537; x_wconf 89' lang='lat' dir='ltr'>deﬁcere</span> <span class='ocrx_word' id='word_1_37' title='bbox 2941 496 2954 549; x_wconf 89' lang='lat'>;</span> <span class='ocrx_word' id='word_1_38' title='bbox 2991 490 3042 536; x_wconf 92' lang='lat' dir='ltr'>tu</span> <span class='ocrx_word' id='word_1_39' title='bbox 3071 483 3245 554; x_wconf 88' lang='lat' dir='ltr'>gratia</span> <span class='ocrx_word' id='word_1_40' title='bbox 3271 482 3370 538; x_wconf 90' lang='lat' dir='ltr'>Dei</span> <span class='ocrx_word' id='word_1_41' title='bbox 3426 483 3573 538; x_wconf 85' lang='lat' dir='ltr'>inni-</span> 
     </span>
    </p>
   </div>
   <div class='ocr_carea' id='block_1_6' title="bbox 277 552 1871 629">
    <p class='ocr_par' dir='ltr' id='par_1_6' title="bbox 277 552 1871 629">
     <span class='ocr_line' id='line_1_6' title="bbox 277 552 1871 629; baseline 0.008 -25"><span class='ocrx_word' id='word_1_42' title='bbox 277 552 370 605; x_wconf 91' lang='lat' dir='ltr'>tibi</span> <span class='ocrx_word' id='word_1_43' title='bbox 401 553 472 606; x_wconf 90' lang='lat' dir='ltr'>sit</span> <span class='ocrx_word' id='word_1_44' title='bbox 500 555 614 607; x_wconf 60' lang='lat' dir='ltr'>hac</span> <span class='ocrx_word' id='word_1_45' title='bbox 642 553 930 621; x_wconf 79' lang='lat' dir='ltr'>humilitas,</span> <span class='ocrx_word' id='word_1_46' title='bbox 964 562 1019 608; x_wconf 90' lang='lat' dir='ltr'>ut</span> <span class='ocrx_word' id='word_1_47' title='bbox 1038 554 1239 609; x_wconf 87' lang='lat' dir='ltr'>nullam</span> <span class='ocrx_word' id='word_1_48' title='bbox 1255 554 1530 612; x_wconf 71' lang='lat' dir='ltr'>scientiam</span> <span class='ocrx_word' id='word_1_49' title='bbox 1552 559 1871 629; x_wconf 86' lang='lat' dir='ltr'>vilipendas,</span> 
     </span>
    </p>
   </div>
   <div class='ocr_carea' id='block_1_7' title="bbox 273 641 1873 720">
    <p class='ocr_par' dir='ltr' id='par_1_7' title="bbox 273 641 1873 720">
     <span class='ocr_line' id='line_1_7' title="bbox 273 641 1873 720; baseline 0.007 -25"><span class='ocrx_word' id='word_1_50' title='bbox 273 649 325 696; x_wconf 90' lang='lat' dir='ltr'>et</span> <span class='ocrx_word' id='word_1_51' title='bbox 355 641 424 695; x_wconf 86' lang='lat' dir='ltr'>ab</span> <span class='ocrx_word' id='word_1_52' title='bbox 455 642 963 705; x_wconf 85' lang='lat' dir='ltr'>omnibuslibenter</span> <span class='ocrx_word' id='word_1_53' title='bbox 991 642 1189 698; x_wconf 88' lang='lat' dir='ltr'>discas.</span> <span class='ocrx_word' id='word_1_54' title='bbox 1250 643 1508 699; x_wconf 71' lang='lat' dir='ltr'>Similiter</span> <span class='ocrx_word' id='word_1_55' title='bbox 1535 647 1630 702; x_wconf 87' lang='lat' dir='ltr'>tibi</span> <span class='ocrx_word' id='word_1_56' title='bbox 1659 665 1873 720; x_wconf 88' lang='lat' dir='ltr'>quoque</span> 
     </span>
    </p>
   </div>
   <div class='ocr_carea' id='block_1_8' title="bbox 271 730 1873 805">
    <p class='ocr_par' dir='ltr' id='par_1_8' title="bbox 271 730 1873 805">
     <span class='ocr_line' id='line_1_8' title="bbox 271 730 1873 805; baseline 0.007 -21"><span class='ocrx_word' id='word_1_57' title='bbox 271 730 494 800; x_wconf 82' lang='lat' dir='ltr'>expedit</span> <span class='ocrx_word' id='word_1_58' title='bbox 521 737 579 784; x_wconf 94' lang='lat' dir='ltr'>ut</span> <span class='ocrx_word' id='word_1_59' title='bbox 604 746 725 786; x_wconf 92' lang='lat' dir='ltr'>cum</span> <span class='ocrx_word' id='word_1_60' title='bbox 785 738 837 784; x_wconf 91' lang='lat' dir='ltr'>tu</span> <span class='ocrx_word' id='word_1_61' title='bbox 867 731 1070 800; x_wconf 88' lang='lat' dir='ltr'>aliquid</span> <span class='ocrx_word' id='word_1_62' title='bbox 1125 746 1319 802; x_wconf 79' lang='lat' dir='ltr'><strong>sapere</strong></span> <span class='ocrx_word' id='word_1_63' title='bbox 1345 735 1594 805; x_wconf 70' lang='lat' dir='ltr'>cmperis,</span> <span class='ocrx_word' id='word_1_64' title='bbox 1653 746 1873 794; x_wconf 69' lang='lat' dir='ltr'>caeteros</span> 
     </span>
    </p>
   </div>
   <div class='ocr_carea' id='block_1_9' title="bbox 268 819 1870 892">
    <p class='ocr_par' dir='ltr' id='par_1_9' title="bbox 268 819 1870 892">
     <span class='ocr_line' id='line_1_9' title="bbox 268 819 1870 892; baseline 0.006 -19"><span class='ocrx_word' id='word_1_65' title='bbox 268 835 379 874; x_wconf 90' lang='lat' dir='ltr'>non</span> <span class='ocrx_word' id='word_1_66' title='bbox 418 827 753 874; x_wconf 81' lang='lat' dir='ltr'>contemnas.</span> <span class='ocrx_word' id='word_1_67' title='bbox 813 819 929 875; x_wconf 84' lang='lat' dir='ltr'>Hoc</span> <span class='ocrx_word' id='word_1_68' title='bbox 957 829 1136 875; x_wconf 91' lang='lat' dir='ltr'>autem</span> <span class='ocrx_word' id='word_1_69' title='bbox 1194 823 1418 876; x_wconf 88' lang='lat' dir='ltr'>tumoris</span> <span class='ocrx_word' id='word_1_70' title='bbox 1473 823 1663 880; x_wconf 83' lang='lat' dir='ltr'>vitium</span> <span class='ocrx_word' id='word_1_71' title='bbox 1699 845 1713 892; x_wconf 89' lang='lat'><strong>;</strong></span> <span class='ocrx_word' id='word_1_72' title='bbox 1746 828 1870 884; x_wconf 90' lang='lat' dir='ltr'>hinc</span> 
     </span>
    </p>
   </div>
   <div class='ocr_carea' id='block_1_10' title="bbox 269 914 1870 987">
    <p class='ocr_par' dir='ltr' id='par_1_10' title="bbox 269 914 1870 987">
     <span class='ocr_line' id='line_1_10' title="bbox 269 914 1870 987; baseline 0.006 -17"><span class='ocrx_word' id='word_1_73' title='bbox 269 915 593 986; x_wconf 86' lang='lat' dir='ltr'>quibusdam</span> <span class='ocrx_word' id='word_1_74' title='bbox 623 914 835 984; x_wconf 90' lang='lat' dir='ltr'>accidit,</span> <span class='ocrx_word' id='word_1_75' title='bbox 897 917 1040 987; x_wconf 90' lang='lat' dir='ltr'>quod</span> <span class='ocrx_word' id='word_1_76' title='bbox 1068 934 1219 973; x_wconf 89' lang='lat' dir='ltr'>suam</span> <span class='ocrx_word' id='word_1_77' title='bbox 1242 918 1520 976; x_wconf 87' lang='lat' dir='ltr'>scientiam</span> <span class='ocrx_word' id='word_1_78' title='bbox 1577 923 1870 980; x_wconf 90' lang='lat' dir='ltr'>nimisdili-</span> 
     </span>
    </p>
   </div>
   <div class='ocr_carea' id='block_1_11' title="bbox 267 1005 1868 1078">
    <p class='ocr_par' dir='ltr' id='par_1_11' title="bbox 267 1005 1868 1078">
     <span class='ocr_line' id='line_1_11' title="bbox 267 1005 1868 1078; baseline 0.006 -19"><span class='ocrx_word' id='word_1_79' title='bbox 267 1013 460 1076; x_wconf 80' lang='lat' dir='ltr'>genter</span> <span class='ocrx_word' id='word_1_80' title='bbox 503 1005 795 1076; x_wconf 88' lang='lat' dir='ltr'>inspiciunt</span> <span class='ocrx_word' id='word_1_81' title='bbox 821 1020 835 1070; x_wconf 88' lang='lat'><strong>;</strong></span> <span class='ocrx_word' id='word_1_82' title='bbox 860 1012 913 1060; x_wconf 93' lang='lat' dir='ltr'>et</span> <span class='ocrx_word' id='word_1_83' title='bbox 943 1021 1063 1060; x_wconf 91' lang='lat' dir='ltr'>cum</span> <span class='ocrx_word' id='word_1_84' title='bbox 1083 1006 1186 1062; x_wconf 88' lang='lat' dir='ltr'>sibi</span> <span class='ocrx_word' id='word_1_85' title='bbox 1216 1007 1419 1078; x_wconf 90' lang='lat' dir='ltr'>aliquid</span> <span class='ocrx_word' id='word_1_86' title='bbox 1472 1026 1587 1066; x_wconf 89' lang='lat' dir='ltr'>esse</span> <span class='ocrx_word' id='word_1_87' title='bbox 1616 1011 1716 1067; x_wconf 86' lang='lat' dir='ltr'>visi</span> <span class='ocrx_word' id='word_1_88' title='bbox 1748 1013 1868 1069; x_wconf 86' lang='lat' dir='ltr'>fue-</span> 
     </span>
    </p>
   </div>
   <div class='ocr_carea' id='block_1_12' title="bbox 266 1100 1870 1179">
    <p class='ocr_par' dir='ltr' id='par_1_12' title="bbox 266 1100 1870 1179">
     <span class='ocr_line' id='line_1_12' title="bbox 266 1100 1870 1179; baseline 0.005 -23"><span class='ocrx_word' id='word_1_89' title='bbox 266 1101 392 1168; x_wconf 87' lang='lat' dir='ltr'>rint,</span> <span class='ocrx_word' id='word_1_90' title='bbox 425 1100 561 1157; x_wconf 91' lang='lat' dir='ltr'>alios</span> <span class='ocrx_word' id='word_1_91' title='bbox 590 1117 724 1171; x_wconf 91' lang='lat' dir='ltr'>quos</span> <span class='ocrx_word' id='word_1_92' title='bbox 753 1117 860 1156; x_wconf 91' lang='lat' dir='ltr'>non</span> <span class='ocrx_word' id='word_1_93' title='bbox 889 1111 1177 1171; x_wconf 90' lang='lat' dir='ltr'>noverunt,</span> <span class='ocrx_word' id='word_1_94' title='bbox 1212 1104 1342 1161; x_wconf 85' lang='lat' dir='ltr'>tales</span> <span class='ocrx_word' id='word_1_95' title='bbox 1371 1121 1470 1160; x_wconf 93' lang='lat' dir='ltr'>nec</span> <span class='ocrx_word' id='word_1_96' title='bbox 1489 1123 1606 1162; x_wconf 85' lang='lat' dir='ltr'>esse</span> <span class='ocrx_word' id='word_1_97' title='bbox 1645 1124 1745 1163; x_wconf 91' lang='lat' dir='ltr'>nec</span> <span class='ocrx_word' id='word_1_98' title='bbox 1773 1123 1870 1179; x_wconf 88' lang='lat' dir='ltr'>po-</span> 
     </span>
    </p>
   </div>
   <div class='ocr_carea' id='block_1_13' title="bbox 267 1188 1865 1269">
    <p class='ocr_par' dir='ltr' id='par_1_13' title="bbox 267 1188 1865 1269">
     <span class='ocr_line' id='line_1_13' title="bbox 267 1188 1865 1269; baseline 0.006 -26"><span class='ocrx_word' id='word_1_99' title='bbox 267 1189 430 1244; x_wconf 89' lang='lat' dir='ltr'>tuisse</span> <span class='ocrx_word' id='word_1_100' title='bbox 449 1188 564 1244; x_wconf 86' lang='lat' dir='ltr'>ﬁeri</span> <span class='ocrx_word' id='word_1_101' title='bbox 584 1197 796 1259; x_wconf 89' lang='lat' dir='ltr'>putant.</span> <span class='ocrx_word' id='word_1_102' title='bbox 834 1189 970 1244; x_wconf 80' lang='lat' dir='ltr'>Hinc</span> <span class='ocrx_word' id='word_1_103' title='bbox 1017 1191 1179 1246; x_wconf 88' lang='lat' dir='ltr'>etiam</span> <span class='ocrx_word' id='word_1_104' title='bbox 1210 1193 1398 1248; x_wconf 87' lang='lat' dir='ltr'>ebullit</span> <span class='ocrx_word' id='word_1_105' title='bbox 1456 1195 1600 1265; x_wconf 93' lang='lat' dir='ltr'>quod</span> <span class='ocrx_word' id='word_1_106' title='bbox 1630 1197 1865 1269; x_wconf 80' lang='lat' dir='ltr'>nugige—</span> 
     </span>
    </p>
   </div>
   <div class='ocr_carea' id='block_1_14' title="bbox 266 1277 1867 1356">
    <p class='ocr_par' dir='ltr' id='par_1_14' title="bbox 266 1277 1867 1356">
     <span class='ocr_line' id='line_1_14' title="bbox 266 1277 1867 1356; baseline 0.004 -24"><span class='ocrx_word' id='word_1_107' title='bbox 266 1278 370 1332; x_wconf 88' lang='lat' dir='ltr'>ruli</span> <span class='ocrx_word' id='word_1_108' title='bbox 423 1294 566 1333; x_wconf 90' lang='lat' dir='ltr'>nunc</span> <span class='ocrx_word' id='word_1_109' title='bbox 612 1277 830 1347; x_wconf 87' lang='lat' dir='ltr'>quidam</span> <span class='ocrx_word' id='word_1_110' title='bbox 886 1279 1066 1334; x_wconf 88' lang='lat' dir='ltr'>nescio</span> <span class='ocrx_word' id='word_1_111' title='bbox 1124 1280 1264 1336; x_wconf 90' lang='lat' dir='ltr'>unde</span> <span class='ocrx_word' id='word_1_112' title='bbox 1321 1282 1617 1353; x_wconf 78' lang='lat' dir='ltr'>gloriantes</span> <span class='ocrx_word' id='word_1_113' title='bbox 1663 1286 1867 1356; x_wconf 85' lang='lat' dir='ltr'>priores</span> 
     </span>
    </p>
   </div>
   <div class='ocr_carea' id='block_1_15' title="bbox 267 1367 1864 1440">
    <p class='ocr_par' dir='ltr' id='par_1_15' title="bbox 267 1367 1864 1440">
     <span class='ocr_line' id='line_1_15' title="bbox 267 1367 1864 1440; baseline 0.004 -18"><span class='ocrx_word' id='word_1_114' title='bbox 267 1371 453 1437; x_wconf 83' lang='lat' dir='ltr'>patres</span> <span class='ocrx_word' id='word_1_115' title='bbox 470 1367 829 1438; x_wconf 87' lang='lat' dir='ltr'>simplicitatis</span> <span class='ocrx_word' id='word_1_116' title='bbox 854 1374 1105 1438; x_wconf 87' lang='lat' dir='ltr'>arguunt,</span> <span class='ocrx_word' id='word_1_117' title='bbox 1138 1376 1190 1422; x_wconf 90' lang='lat' dir='ltr'>et</span> <span class='ocrx_word' id='word_1_118' title='bbox 1218 1385 1400 1427; x_wconf 88' lang='lat' dir='ltr'>secum</span> <span class='ocrx_word' id='word_1_119' title='bbox 1432 1379 1632 1440; x_wconf 87' lang='lat' dir='ltr'>natam,</span> <span class='ocrx_word' id='word_1_120' title='bbox 1682 1389 1864 1430; x_wconf 88' lang='lat' dir='ltr'>secum</span> 
     </span>
    </p>
   </div>
   <div class='ocr_carea' id='block_1_16' title="bbox 269 1456 1866 1531">
    <p class='ocr_par' dir='ltr' id='par_1_16' title="bbox 269 1456 1866 1531">
     <span class='ocr_line' id='line_1_16' title="bbox 269 1456 1866 1531; baseline 0.004 -20"><span class='ocrx_word' id='word_1_121' title='bbox 269 1456 586 1511; x_wconf 87' lang='lat' dir='ltr'>morituram</span> <span class='ocrx_word' id='word_1_122' title='bbox 615 1456 1189 1527; x_wconf 88' lang='lat' dir='ltr'>creduntsapientium.</span> <span class='ocrx_word' id='word_1_123' title='bbox 1214 1459 1273 1512; x_wconf 88' lang='lat' dir='ltr'>In</span> <span class='ocrx_word' id='word_1_124' title='bbox 1291 1459 1488 1514; x_wconf 86' lang='lat' dir='ltr'>divinis</span> <span class='ocrx_word' id='word_1_125' title='bbox 1503 1461 1866 1531; x_wconf 88' lang='lat' dir='ltr'>eloquiissim-</span> 
     </span>
    </p>
   </div>
   <div class='ocr_carea' id='block_1_17' title="bbox 269 1543 1864 1621">
    <p class='ocr_par' dir='ltr' id='par_1_17' title="bbox 269 1543 1864 1621">
     <span class='ocr_line' id='line_1_17' title="bbox 269 1543 1864 1621; baseline 0.005 -23"><span class='ocrx_word' id='word_1_126' title='bbox 269 1544 465 1616; x_wconf 89' lang='lat' dir='ltr'>plicem</span> <span class='ocrx_word' id='word_1_127' title='bbox 496 1543 747 1614; x_wconf 89' lang='lat' dir='ltr'>loquendi</span> <span class='ocrx_word' id='word_1_128' title='bbox 780 1544 1000 1599; x_wconf 90' lang='lat' dir='ltr'>modum</span> <span class='ocrx_word' id='word_1_129' title='bbox 1031 1561 1145 1599; x_wconf 86' lang='lat' dir='ltr'>esse</span> <span class='ocrx_word' id='word_1_130' title='bbox 1176 1546 1344 1615; x_wconf 88' lang='lat' dir='ltr'>aiunt,</span> <span class='ocrx_word' id='word_1_131' title='bbox 1374 1556 1433 1602; x_wconf 90' lang='lat' dir='ltr'>ut</span> <span class='ocrx_word' id='word_1_132' title='bbox 1460 1548 1516 1604; x_wconf 92' lang='lat' dir='ltr'>in</span> <span class='ocrx_word' id='word_1_133' title='bbox 1567 1550 1652 1605; x_wconf 88' lang='lat' dir='ltr'>eis</span> <span class='ocrx_word' id='word_1_134' title='bbox 1681 1551 1864 1621; x_wconf 84' lang='lat' dir='ltr'>magi-</span> 
     </span>
    </p>
   </div>
   <div class='ocr_carea' id='block_1_18' title="bbox 267 1632 1864 1710">
    <p class='ocr_par' dir='ltr' id='par_1_18' title="bbox 267 1632 1864 1710">
     <span class='ocr_line' id='line_1_18' title="bbox 267 1632 1864 1710; baseline 0.004 -23"><span class='ocrx_word' id='word_1_135' title='bbox 267 1640 408 1688; x_wconf 86' lang='lat' dir='ltr'>stros</span> <span class='ocrx_word' id='word_1_136' title='bbox 425 1632 612 1688; x_wconf 90' lang='lat' dir='ltr'>audire</span> <span class='ocrx_word' id='word_1_137' title='bbox 639 1649 748 1688; x_wconf 89' lang='lat' dir='ltr'>non</span> <span class='ocrx_word' id='word_1_138' title='bbox 775 1639 1020 1704; x_wconf 90' lang='lat' dir='ltr'>oporteat</span> <span class='ocrx_word' id='word_1_139' title='bbox 1031 1647 1190 1703; x_wconf 87' lang='lat' dir='ltr'>posse</span> <span class='ocrx_word' id='word_1_140' title='bbox 1215 1635 1344 1690; x_wconf 88' lang='lat' dir='ltr'>satis</span> <span class='ocrx_word' id='word_1_141' title='bbox 1365 1653 1631 1708; x_wconf 88' lang='lat' dir='ltr'>quemque</span> <span class='ocrx_word' id='word_1_142' title='bbox 1643 1639 1864 1710; x_wconf 87' lang='lat' dir='ltr'>proprio</span> 
     </span>
    </p>
   </div>
   <div class='ocr_carea' id='block_1_19' title="bbox 265 1729 1860 1808">
    <p class='ocr_par' dir='ltr' id='par_1_19' title="bbox 265 1729 1860 1808">
     <span class='ocr_line' id='line_1_19' title="bbox 265 1729 1860 1808; baseline 0.006 -25"><span class='ocrx_word' id='word_1_143' title='bbox 265 1729 486 1801; x_wconf 89' lang='lat' dir='ltr'>ingenio</span> <span class='ocrx_word' id='word_1_144' title='bbox 515 1729 753 1784; x_wconf 85' lang='lat' dir='ltr'>veritatis</span> <span class='ocrx_word' id='word_1_145' title='bbox 802 1746 996 1787; x_wconf 88' lang='lat' dir='ltr'>arcana</span> <span class='ocrx_word' id='word_1_146' title='bbox 1028 1739 1326 1804; x_wconf 87' lang='lat' dir='ltr'>penetrare.</span> <span class='ocrx_word' id='word_1_147' title='bbox 1373 1733 1480 1788; x_wconf 90' lang='lat' dir='ltr'>Cor</span> <span class='ocrx_word' id='word_1_148' title='bbox 1507 1743 1721 1808; x_wconf 85' lang='lat' dir='ltr'>rugant,</span> <span class='ocrx_word' id='word_1_149' title='bbox 1754 1753 1860 1792; x_wconf 84' lang='lat' dir='ltr'>na-</span> 
     </span>
    </p>
   </div>
   <div class='ocr_carea' id='block_1_20' title="bbox 266 1817 1863 1890">
    <p class='ocr_par' dir='ltr' id='par_1_20' title="bbox 266 1817 1863 1890">
     <span class='ocr_line' id='line_1_20' title="bbox 266 1817 1863 1890; baseline 0.006 -19"><span class='ocrx_word' id='word_1_150' title='bbox 266 1833 388 1872; x_wconf 83' lang='lat' dir='ltr'>sum</span> <span class='ocrx_word' id='word_1_151' title='bbox 435 1825 488 1872; x_wconf 92' lang='lat' dir='ltr'>et</span> <span class='ocrx_word' id='word_1_152' title='bbox 539 1817 740 1872; x_wconf 88' lang='lat' dir='ltr'>labium</span> <span class='ocrx_word' id='word_1_153' title='bbox 798 1827 1046 1889; x_wconf 84' lang='lat' dir='ltr'>torquent</span> <span class='ocrx_word' id='word_1_154' title='bbox 1100 1821 1154 1874; x_wconf 93' lang='lat' dir='ltr'>in</span> <span class='ocrx_word' id='word_1_155' title='bbox 1183 1821 1408 1876; x_wconf 87' lang='lat' dir='ltr'>lectores</span> <span class='ocrx_word' id='word_1_156' title='bbox 1435 1821 1747 1890; x_wconf 81' lang='lat' dir='ltr'>divinitatis,</span> <span class='ocrx_word' id='word_1_157' title='bbox 1807 1831 1863 1880; x_wconf 90' lang='lat' dir='ltr'>et</span> 
     </span>
    </p>
   </div>
   <div class='ocr_carea' id='block_1_21' title="bbox 264 1907 1863 1982">
    <p class='ocr_par' dir='ltr' id='par_1_21' title="bbox 264 1907 1863 1982">
     <span class='ocr_line' id='line_1_21' title="bbox 264 1907 1863 1982; baseline 0.003 -20"><span class='ocrx_word' id='word_1_158' title='bbox 264 1922 374 1962; x_wconf 92' lang='lat' dir='ltr'>non</span> <span class='ocrx_word' id='word_1_159' title='bbox 459 1907 763 1978; x_wconf 88' lang='lat' dir='ltr'>intelligunt</span> <span class='ocrx_word' id='word_1_160' title='bbox 817 1908 960 1977; x_wconf 90' lang='lat' dir='ltr'>quod</span> <span class='ocrx_word' id='word_1_161' title='bbox 1008 1909 1260 1978; x_wconf 88' lang='lat' dir='ltr'>injuriam</span> <span class='ocrx_word' id='word_1_162' title='bbox 1337 1909 1541 1967; x_wconf 84' lang='lat' dir='ltr'>faciunt</span> <span class='ocrx_word' id='word_1_163' title='bbox 1604 1911 1654 1967; x_wconf 90' lang='lat' dir='ltr'>ei</span> <span class='ocrx_word' id='word_1_164' title='bbox 1709 1912 1863 1982; x_wconf 86' lang='lat' dir='ltr'>cujus</span> 
     </span>
    </p>
   </div>
   <div class='ocr_carea' id='block_1_22' title="bbox 262 1996 1864 2070">
    <p class='ocr_par' dir='ltr' id='par_1_22' title="bbox 262 1996 1864 2070">
     <span class='ocr_line' id='line_1_22' title="bbox 262 1996 1864 2070; baseline 0.004 -19"><span class='ocrx_word' id='word_1_165' title='bbox 262 1996 448 2064; x_wconf 83' lang='lat' dir='ltr'>verba,</span> <span class='ocrx_word' id='word_1_166' title='bbox 533 1996 756 2065; x_wconf 87' lang='lat' dir='ltr'>pulchro</span> <span class='ocrx_word' id='word_1_167' title='bbox 811 1997 1029 2066; x_wconf 89' lang='lat' dir='ltr'>quidem</span> <span class='ocrx_word' id='word_1_168' title='bbox 1096 1997 1362 2055; x_wconf 90' lang='lat' dir='ltr'>vocabulo</span> <span class='ocrx_word' id='word_1_169' title='bbox 1418 2000 1706 2070; x_wconf 89' lang='lat' dir='ltr'>simplicia,</span> <span class='ocrx_word' id='word_1_170' title='bbox 1768 2001 1864 2057; x_wconf 85' lang='lat' dir='ltr'>sed</span> 
     </span>
    </p>
   </div>
   <div class='ocr_carea' id='block_1_23' title="bbox 262 2084 1863 2157">
    <p class='ocr_par' dir='ltr' id='par_1_23' title="bbox 262 2084 1863 2157">
     <span class='ocr_line' id='line_1_23' title="bbox 262 2084 1863 2157; baseline 0.003 -18"><span class='ocrx_word' id='word_1_171' title='bbox 262 2101 420 2140; x_wconf 88' lang='lat' dir='ltr'>sensu</span> <span class='ocrx_word' id='word_1_172' title='bbox 451 2100 616 2156; x_wconf 86' lang='lat' dir='ltr'>pravo</span> <span class='ocrx_word' id='word_1_173' title='bbox 637 2084 868 2154; x_wconf 87' lang='lat' dir='ltr'>insipida</span> <span class='ocrx_word' id='word_1_174' title='bbox 897 2086 1208 2157; x_wconf 66' lang='lat' dir='ltr'>praedicant.</span> <span class='ocrx_word' id='word_1_175' title='bbox 1240 2087 1364 2142; x_wconf 89' lang='lat' dir='ltr'>Non</span> <span class='ocrx_word' id='word_1_176' title='bbox 1404 2095 1483 2142; x_wconf 91' lang='lat' dir='ltr'>est</span> <span class='ocrx_word' id='word_1_177' title='bbox 1515 2089 1621 2143; x_wconf 91' lang='lat' dir='ltr'>mei</span> <span class='ocrx_word' id='word_1_178' title='bbox 1653 2090 1863 2145; x_wconf 89' lang='lat' dir='ltr'>consilii</span> 
     </span>
    </p>
   </div>
   <div class='ocr_carea' id='block_1_24' title="bbox 264 2173 1865 2243">
    <p class='ocr_par' dir='ltr' id='par_1_24' title="bbox 264 2173 1865 2243">
     <span class='ocr_line' id='line_1_24' title="bbox 264 2173 1865 2243; baseline 0.002 -14"><span class='ocrx_word' id='word_1_179' title='bbox 264 2173 570 2243; x_wconf 88' lang='lat' dir='ltr'>hujusmodi</span> <span class='ocrx_word' id='word_1_180' title='bbox 640 2173 856 2228; x_wconf 87' lang='lat' dir='ltr'>imitari.</span> <span class='ocrx_word' id='word_1_181' title='bbox 939 2176 1116 2230; x_wconf 84' lang='lat' dir='ltr'>Bonus</span> <span class='ocrx_word' id='word_1_182' title='bbox 1188 2175 1332 2229; x_wconf 91' lang='lat' dir='ltr'>enim</span> <span class='ocrx_word' id='word_1_183' title='bbox 1416 2176 1583 2232; x_wconf 89' lang='lat' dir='ltr'>lector</span> <span class='ocrx_word' id='word_1_184' title='bbox 1647 2178 1865 2234; x_wconf 84' lang='lat' dir='ltr'>humilis</span> 
     </span>
    </p>
   </div>
   <div class='ocr_carea' id='block_1_25' title="bbox 265 2271 1863 2339">
    <p class='ocr_par' dir='ltr' id='par_1_25' title="bbox 265 2271 1863 2339">
     <span class='ocr_line' id='line_1_25' title="bbox 265 2271 1863 2339; baseline 0.003 -14"><span class='ocrx_word' id='word_1_185' title='bbox 265 2271 427 2326; x_wconf 86' lang='lat' dir='ltr'>debet</span> <span class='ocrx_word' id='word_1_186' title='bbox 453 2286 569 2326; x_wconf 90' lang='lat' dir='ltr'>esse</span> <span class='ocrx_word' id='word_1_187' title='bbox 598 2279 652 2325; x_wconf 88' lang='lat' dir='ltr'>et</span> <span class='ocrx_word' id='word_1_188' title='bbox 704 2280 1039 2339; x_wconf 87' lang='lat' dir='ltr'>mansuetus,</span> <span class='ocrx_word' id='word_1_189' title='bbox 1073 2288 1102 2326; x_wconf 91' lang='lat' dir='ltr'>a</span> <span class='ocrx_word' id='word_1_190' title='bbox 1125 2272 1264 2326; x_wconf 86' lang='lat' dir='ltr'>curis</span> <span class='ocrx_word' id='word_1_191' title='bbox 1293 2273 1543 2329; x_wconf 89' lang='lat' dir='ltr'>inanibus</span> <span class='ocrx_word' id='word_1_192' title='bbox 1594 2282 1647 2329; x_wconf 92' lang='lat' dir='ltr'>et</span> <span class='ocrx_word' id='word_1_193' title='bbox 1701 2275 1863 2331; x_wconf 90' lang='lat' dir='ltr'>volu-</span> 
     </span>
    </p>
   </div>
   <div class='ocr_carea' id='block_1_26' title="bbox 265 2359 1863 2434">
    <p class='ocr_par' dir='ltr' id='par_1_26' title="bbox 265 2359 1863 2434">
     <span class='ocr_line' id='line_1_26' title="bbox 265 2359 1863 2434; baseline 0.003 -20"><span class='ocrx_word' id='word_1_194' title='bbox 265 2367 473 2431; x_wconf 89' lang='lat' dir='ltr'>ptatum</span> <span class='ocrx_word' id='word_1_195' title='bbox 528 2359 794 2414; x_wconf 88' lang='lat' dir='ltr'>illecebris</span> <span class='ocrx_word' id='word_1_196' title='bbox 824 2375 1041 2430; x_wconf 86' lang='lat' dir='ltr'>prorsus</span> <span class='ocrx_word' id='word_1_197' title='bbox 1084 2361 1310 2425; x_wconf 90' lang='lat' dir='ltr'>alienus,</span> <span class='ocrx_word' id='word_1_198' title='bbox 1347 2360 1583 2434; x_wconf 84' lang='lat' dir='ltr'>diligens</span> <span class='ocrx_word' id='word_1_199' title='bbox 1610 2370 1664 2418; x_wconf 89' lang='lat' dir='ltr'>et</span> <span class='ocrx_word' id='word_1_200' title='bbox 1690 2363 1863 2418; x_wconf 85' lang='lat' dir='ltr'>sedu-</span> 
     </span>
    </p>
   </div>
   <div class='ocr_carea' id='block_1_27' title="bbox 266 2447 1865 2522">
    <p class='ocr_par' dir='ltr' id='par_1_27' title="bbox 266 2447 1865 2522">
     <span class='ocr_line' id='line_1_27' title="bbox 266 2447 1865 2522; baseline 0.003 -19"><span class='ocrx_word' id='word_1_201' title='bbox 266 2449 367 2516; x_wconf 91' lang='lat' dir='ltr'>lus,</span> <span class='ocrx_word' id='word_1_202' title='bbox 428 2456 487 2502; x_wconf 91' lang='lat' dir='ltr'>ut</span> <span class='ocrx_word' id='word_1_203' title='bbox 534 2448 602 2502; x_wconf 85' lang='lat' dir='ltr'>ab</span> <span class='ocrx_word' id='word_1_204' title='bbox 661 2448 911 2502; x_wconf 90' lang='lat' dir='ltr'>omnibus</span> <span class='ocrx_word' id='word_1_205' title='bbox 957 2447 1125 2502; x_wconf 86' lang='lat' dir='ltr'>discat</span> <span class='ocrx_word' id='word_1_206' title='bbox 1178 2448 1424 2518; x_wconf 89' lang='lat' dir='ltr'>libenter,</span> <span class='ocrx_word' id='word_1_207' title='bbox 1466 2467 1739 2522; x_wconf 87' lang='lat' dir='ltr'>nunquam</span> <span class='ocrx_word' id='word_1_208' title='bbox 1796 2452 1865 2508; x_wconf 88' lang='lat' dir='ltr'>de</span> 
     </span>
    </p>
   </div>
   <div class='ocr_carea' id='block_1_28' title="bbox 265 2536 1866 2610">
    <p class='ocr_par' dir='ltr' id='par_1_28' title="bbox 265 2536 1866 2610">
     <span class='ocr_line' id='line_1_28' title="bbox 265 2536 1866 2610; baseline 0.002 -18"><span class='ocrx_word' id='word_1_209' title='bbox 265 2536 490 2592; x_wconf 87' lang='lat' dir='ltr'>scientia</span> <span class='ocrx_word' id='word_1_210' title='bbox 520 2543 809 2607; x_wconf 63' lang='lat' dir='ltr'>priesumat</span> <span class='ocrx_word' id='word_1_211' title='bbox 855 2553 970 2604; x_wconf 91' lang='lat' dir='ltr'>sua,</span> <span class='ocrx_word' id='word_1_212' title='bbox 1005 2537 1241 2607; x_wconf 86' lang='lat' dir='ltr'>perversi</span> <span class='ocrx_word' id='word_1_213' title='bbox 1299 2537 1569 2610; x_wconf 78' lang='lat' dir='ltr'>dogmatis</span> <span class='ocrx_word' id='word_1_214' title='bbox 1623 2547 1866 2596; x_wconf 78' lang='lat' dir='ltr'>auctores</span> 
     </span>
    </p>
   </div>
   <div class='ocr_carea' id='block_1_29' title="bbox 267 2624 1862 2698">
    <p class='ocr_par' dir='ltr' id='par_1_29' title="bbox 267 2624 1862 2698">
     <span class='ocr_line' id='line_1_29' title="bbox 267 2624 1862 2698; baseline 0.002 -18"><span class='ocrx_word' id='word_1_215' title='bbox 267 2625 418 2695; x_wconf 89' lang='lat' dir='ltr'>quasi</span> <span class='ocrx_word' id='word_1_216' title='bbox 440 2641 646 2679; x_wconf 89' lang='lat' dir='ltr'>venena</span> <span class='ocrx_word' id='word_1_217' title='bbox 670 2624 877 2696; x_wconf 82' lang='lat' dir='ltr'>fugiat;</span> <span class='ocrx_word' id='word_1_218' title='bbox 906 2625 996 2678; x_wconf 91' lang='lat' dir='ltr'>diu</span> <span class='ocrx_word' id='word_1_219' title='bbox 1028 2641 1141 2678; x_wconf 90' lang='lat' dir='ltr'>rem</span> <span class='ocrx_word' id='word_1_220' title='bbox 1171 2634 1515 2697; x_wconf 89' lang='lat' dir='ltr'>pertractare,</span> <span class='ocrx_word' id='word_1_221' title='bbox 1574 2637 1862 2698; x_wconf 88' lang='lat' dir='ltr'>antequam</span> 
     </span>
    </p>
   </div>
   <div class='ocr_carea' id='block_1_30' title="bbox 167 2712 1859 2787">
    <p class='ocr_par' dir='ltr' id='par_1_30' title="bbox 167 2712 1859 2787">
     <span class='ocr_line' id='line_1_30' title="bbox 167 2712 1859 2787; baseline 0.003 -20"><span class='ocrx_word' id='word_1_222' title='bbox 167 2751 170 2754; x_wconf 46' lang='lat'>.</span> <span class='ocrx_word' id='word_1_223' title='bbox 259 2713 485 2783; x_wconf 89' lang='lat' dir='ltr'>judicet,</span> <span class='ocrx_word' id='word_1_224' title='bbox 518 2713 685 2768; x_wconf 82' lang='lat' dir='ltr'>discat</span> <span class='ocrx_word' id='word_1_225' title='bbox 716 2727 729 2781; x_wconf 88' lang='lat'><strong>;</strong></span> <span class='ocrx_word' id='word_1_226' title='bbox 762 2729 871 2768; x_wconf 88' lang='lat' dir='ltr'>non</span> <span class='ocrx_word' id='word_1_227' title='bbox 928 2712 1100 2768; x_wconf 85' lang='lat' dir='ltr'>videri</span> <span class='ocrx_word' id='word_1_228' title='bbox 1152 2714 1339 2768; x_wconf 89' lang='lat' dir='ltr'>doctus</span> <span class='ocrx_word' id='word_1_229' title='bbox 1393 2723 1446 2770; x_wconf 91' lang='lat' dir='ltr'>et</span> <span class='ocrx_word' id='word_1_230' title='bbox 1474 2733 1587 2771; x_wconf 86' lang='lat' dir='ltr'>esse</span> <span class='ocrx_word' id='word_1_231' title='bbox 1638 2725 1859 2787; x_wconf 75' lang='lat' dir='ltr'>quaerat,</span> 
     </span>
    </p>
   </div>
   <div class='ocr_carea' id='block_1_31' title="bbox 267 2809 1864 2883">
    <p class='ocr_par' dir='ltr' id='par_1_31' title="bbox 267 2809 1864 2883">
     <span class='ocr_line' id='line_1_31' title="bbox 267 2809 1864 2883; baseline 0.003 -19"><span class='ocrx_word' id='word_1_232' title='bbox 267 2811 407 2866; x_wconf 88' lang='lat' dir='ltr'>dicta</span> <span class='ocrx_word' id='word_1_233' title='bbox 438 2810 737 2880; x_wconf 84' lang='lat' dir='ltr'>sapientum</span> <span class='ocrx_word' id='word_1_234' title='bbox 769 2811 1039 2866; x_wconf 83' lang='lat' dir='ltr'>intellecta</span> <span class='ocrx_word' id='word_1_235' title='bbox 1065 2809 1274 2883; x_wconf 82' lang='lat' dir='ltr'>diligat,</span> <span class='ocrx_word' id='word_1_236' title='bbox 1308 2819 1361 2866; x_wconf 89' lang='lat' dir='ltr'>et</span> <span class='ocrx_word' id='word_1_237' title='bbox 1380 2829 1444 2867; x_wconf 92' lang='lat' dir='ltr'>ea</span> <span class='ocrx_word' id='word_1_238' title='bbox 1474 2830 1691 2883; x_wconf 92' lang='lat' dir='ltr'>semper</span> <span class='ocrx_word' id='word_1_239' title='bbox 1737 2830 1864 2870; x_wconf 82' lang='lat' dir='ltr'>ceu-</span> 
     </span>
    </p>
   </div>
   <div class='ocr_carea' id='block_1_32' title="bbox 264 2907 1860 2980">
    <p class='ocr_par' dir='ltr' id='par_1_32' title="bbox 264 2907 1860 2980">
     <span class='ocr_line' id='line_1_32' title="bbox 264 2907 1860 2980; baseline 0.002 -17"><span class='ocrx_word' id='word_1_240' title='bbox 264 2909 330 2963; x_wconf 88' lang='lat' dir='ltr'>lis</span> <span class='ocrx_word' id='word_1_241' title='bbox 352 2908 501 2978; x_wconf 90' lang='lat' dir='ltr'>quasi</span> <span class='ocrx_word' id='word_1_242' title='bbox 530 2909 807 2978; x_wconf 89' lang='lat' dir='ltr'>speculum</span> <span class='ocrx_word' id='word_1_243' title='bbox 855 2907 1030 2962; x_wconf 82' lang='lat' dir='ltr'>vultus</span> <span class='ocrx_word' id='word_1_244' title='bbox 1074 2908 1153 2962; x_wconf 91' lang='lat' dir='ltr'>sui</span> <span class='ocrx_word' id='word_1_245' title='bbox 1192 2915 1367 2963; x_wconf 89' lang='lat' dir='ltr'>tenere</span> <span class='ocrx_word' id='word_1_246' title='bbox 1415 2911 1670 2980; x_wconf 90' lang='lat' dir='ltr'>studeat;</span> <span class='ocrx_word' id='word_1_247' title='bbox 1722 2919 1773 2967; x_wconf 92' lang='lat' dir='ltr'>et</span> <span class='ocrx_word' id='word_1_248' title='bbox 1817 2912 1860 2966; x_wconf 89' lang='lat' dir='ltr'>si</span> 
     </span>
    </p>
   </div>
   <div class='ocr_carea' id='block_1_33' title="bbox 263 2996 1860 3068">
    <p class='ocr_par' dir='ltr' id='par_1_33' title="bbox 263 2996 1860 3068">
     <span class='ocr_line' id='line_1_33' title="bbox 263 2996 1860 3068; baseline 0.003 -17"><span class='ocrx_word' id='word_1_249' title='bbox 263 3014 368 3068; x_wconf 89' lang='lat' dir='ltr'>qua</span> <span class='ocrx_word' id='word_1_250' title='bbox 400 2996 534 3052; x_wconf 90' lang='lat' dir='ltr'>forte</span> <span class='ocrx_word' id='word_1_251' title='bbox 571 2997 880 3052; x_wconf 86' lang='lat' dir='ltr'>obscuriora</span> <span class='ocrx_word' id='word_1_252' title='bbox 931 2997 1256 3052; x_wconf 88' lang='lat' dir='ltr'>intellectum</span> <span class='ocrx_word' id='word_1_253' title='bbox 1304 2997 1420 3066; x_wconf 89' lang='lat' dir='ltr'>ejus</span> <span class='ocrx_word' id='word_1_254' title='bbox 1464 3015 1571 3054; x_wconf 94' lang='lat' dir='ltr'>non</span> <span class='ocrx_word' id='word_1_255' title='bbox 1619 3000 1860 3056; x_wconf 87' lang='lat' dir='ltr'>admise-</span> 
     </span>
    </p>
   </div>
   <div class='ocr_carea' id='block_1_34' title="bbox 261 3086 1859 3158">
    <p class='ocr_par' dir='ltr' id='par_1_34' title="bbox 261 3086 1859 3158">
     <span class='ocr_line' id='line_1_34' title="bbox 261 3086 1859 3158; baseline 0.001 -16"><span class='ocrx_word' id='word_1_256' title='bbox 261 3087 384 3154; x_wconf 88' lang='lat' dir='ltr'>rint,</span> <span class='ocrx_word' id='word_1_257' title='bbox 413 3102 521 3142; x_wconf 93' lang='lat' dir='ltr'>non</span> <span class='ocrx_word' id='word_1_258' title='bbox 551 3087 730 3140; x_wconf 85' lang='lat' dir='ltr'>statim</span> <span class='ocrx_word' id='word_1_259' title='bbox 772 3086 825 3140; x_wconf 90' lang='lat' dir='ltr'>in</span> <span class='ocrx_word' id='word_1_260' title='bbox 875 3086 1198 3157; x_wconf 88' lang='lat' dir='ltr'>vituperium</span> <span class='ocrx_word' id='word_1_261' title='bbox 1247 3095 1580 3158; x_wconf 89' lang='lat' dir='ltr'>prorumpat,</span> <span class='ocrx_word' id='word_1_262' title='bbox 1627 3096 1682 3143; x_wconf 92' lang='lat' dir='ltr'>ut</span> <span class='ocrx_word' id='word_1_263' title='bbox 1727 3090 1859 3145; x_wconf 85' lang='lat' dir='ltr'>nihil</span> 
     </span>
    </p>
   </div>
   <div class='ocr_carea' id='block_1_35' title="bbox 262 3174 1858 3251">
    <p class='ocr_par' dir='ltr' id='par_1_35' title="bbox 262 3174 1858 3251">
     <span class='ocr_line' id='line_1_35' title="bbox 262 3174 1858 3251; baseline 0.001 -20"><span class='ocrx_word' id='word_1_264' title='bbox 262 3176 430 3231; x_wconf 91' lang='lat' dir='ltr'>bonm</span> <span class='ocrx_word' id='word_1_265' title='bbox 489 3191 604 3230; x_wconf 89' lang='lat' dir='ltr'>esse</span> <span class='ocrx_word' id='word_1_266' title='bbox 675 3175 878 3239; x_wconf 89' lang='lat' dir='ltr'>credat,</span> <span class='ocrx_word' id='word_1_267' title='bbox 967 3174 1065 3229; x_wconf 89' lang='lat' dir='ltr'>nisi</span> <span class='ocrx_word' id='word_1_268' title='bbox 1144 3175 1286 3244; x_wconf 90' lang='lat' dir='ltr'>quod</span> <span class='ocrx_word' id='word_1_269' title='bbox 1370 3175 1482 3247; x_wconf 89' lang='lat' dir='ltr'>ipse</span> <span class='ocrx_word' id='word_1_270' title='bbox 1557 3177 1858 3251; x_wconf 83' lang='lat' dir='ltr'>intelligere</span> 
     </span>
    </p>
   </div>
   <div class='ocr_carea' id='block_1_36' title="bbox 261 3262 1686 3338">
    <p class='ocr_par' dir='ltr' id='par_1_36' title="bbox 261 3262 1686 3338">
     <span class='ocr_line' id='line_1_36' title="bbox 261 3262 1686 3338; baseline 0.002 -20"><span class='ocrx_word' id='word_1_271' title='bbox 261 3264 455 3337; x_wconf 89' lang='lat' dir='ltr'>potuit.</span> <span class='ocrx_word' id='word_1_272' title='bbox 486 3265 618 3320; x_wconf 83' lang='lat' dir='ltr'>Hcec</span> <span class='ocrx_word' id='word_1_273' title='bbox 647 3272 726 3319; x_wconf 90' lang='lat' dir='ltr'>est</span> <span class='ocrx_word' id='word_1_274' title='bbox 747 3262 1019 3318; x_wconf 84' lang='lat' dir='ltr'>humilitas</span> <span class='ocrx_word' id='word_1_275' title='bbox 1039 3263 1338 3333; x_wconf 66' lang='lat' dir='ltr'>disciplinae</span> <span class='ocrx_word' id='word_1_276' title='bbox 1366 3264 1686 3338; x_wconf 82' lang='lat' dir='ltr'>legentium.</span> 
     </span>
    </p>
   </div>
   <div class='ocr_carea' id='block_1_37' title="bbox 260 3387 1853 3456">
    <p class='ocr_par' dir='ltr' id='par_1_37' title="bbox 260 3387 1853 3456">
     <span class='ocr_line' id='line_1_37' title="bbox 260 3387 1853 3456; baseline 0.002 -13"><span class='ocrx_word' id='word_1_277' title='bbox 260 3389 337 3444; x_wconf 84' lang='lat' dir='ltr'>De</span> <span class='ocrx_word' id='word_1_278' title='bbox 377 3387 864 3445; x_wconf 77' lang='lat' dir='ltr'>commendatione</span> <span class='ocrx_word' id='word_1_279' title='bbox 904 3389 1275 3456; x_wconf 72' lang='lat' dir='ltr'>humilitatis,</span> <span class='ocrx_word' id='word_1_280' title='bbox 1325 3394 1381 3447; x_wconf 82' lang='lat' dir='ltr'>et</span> <span class='ocrx_word' id='word_1_281' title='bbox 1426 3390 1745 3447; x_wconf 76' lang='lat' dir='ltr'>inuectione</span> <span class='ocrx_word' id='word_1_282' title='bbox 1791 3392 1853 3446; x_wconf 86' lang='lat' dir='ltr'>in</span> 
     </span>
    </p>
   </div>
   <div class='ocr_carea' id='block_1_38' title="bbox 875 3479 1222 3550">
    <p class='ocr_par' dir='ltr' id='par_1_38' title="bbox 875 3479 1222 3550">
     <span class='ocr_line' id='line_1_38' title="bbox 875 3479 1222 3550; baseline 0.006 -18"><span class='ocrx_word' id='word_1_283' title='bbox 875 3479 1194 3550; x_wconf 78' lang='lat' dir='ltr'>superbiam</span> <span class='ocrx_word' id='word_1_284' title='bbox 1209 3519 1222 3534; x_wconf 96' lang='lat'>.</span> 
     </span>
    </p>
   </div>
   <div class='ocr_carea' id='block_1_39' title="bbox 335 3603 1856 3677">
    <p class='ocr_par' dir='ltr' id='par_1_39' title="bbox 335 3603 1856 3677">
     <span class='ocr_line' id='line_1_39' title="bbox 335 3603 1856 3677; baseline -0.003 -17"><span class='ocrx_word' id='word_1_285' title='bbox 335 3605 380 3660; x_wconf 94' lang='grc' dir='ltr'><strong>Ο</strong></span> <span class='ocrx_word' id='word_1_286' title='bbox 400 3605 657 3674; x_wconf 55' lang='lat' dir='ltr'>praeclara</span> <span class='ocrx_word' id='word_1_287' title='bbox 686 3604 959 3659; x_wconf 89' lang='lat' dir='ltr'>humilitas</span> <span class='ocrx_word' id='word_1_288' title='bbox 988 3620 1091 3674; x_wconf 90' lang='lat' dir='ltr'>qua</span> <span class='ocrx_word' id='word_1_289' title='bbox 1112 3605 1452 3677; x_wconf 83' lang='lat' dir='ltr'>amplexatur</span> <span class='ocrx_word' id='word_1_290' title='bbox 1471 3603 1856 3675; x_wconf 88' lang='lat' dir='ltr'>omnipotentis</span> 
     </span>
    </p>
   </div>
   <div class='ocr_carea' id='block_1_40' title="bbox 261 3693 1850 3763">
    <p class='ocr_par' dir='ltr' id='par_1_40' title="bbox 261 3693 1850 3763">
     <span class='ocr_line' id='line_1_40' title="bbox 261 3693 1850 3763; baseline -0.001 -15"><span class='ocrx_word' id='word_1_291' title='bbox 261 3693 514 3763; x_wconf 88' lang='lat' dir='ltr'>majestas</span> <span class='ocrx_word' id='word_1_292' title='bbox 545 3695 556 3747; x_wconf 85' lang='lat' dir='ltr'>l</span> <span class='ocrx_word' id='word_1_293' title='bbox 595 3693 640 3749; x_wconf 94' lang='grc' dir='ltr'><strong>Ο</strong></span> <span class='ocrx_word' id='word_1_294' title='bbox 670 3693 829 3748; x_wconf 89' lang='lat' dir='ltr'>beata</span> <span class='ocrx_word' id='word_1_295' title='bbox 869 3694 1159 3760; x_wconf 88' lang='lat' dir='ltr'>humilitas,</span> <span class='ocrx_word' id='word_1_296' title='bbox 1192 3710 1353 3763; x_wconf 90' lang='lat' dir='ltr'>quam</span> <span class='ocrx_word' id='word_1_297' title='bbox 1374 3693 1610 3759; x_wconf 87' lang='lat' dir='ltr'>visitare,</span> <span class='ocrx_word' id='word_1_298' title='bbox 1641 3708 1850 3758; x_wconf 90' lang='lat' dir='ltr'>sanare,</span> 
     </span>
    </p>
   </div>
   <div class='ocr_carea' id='block_1_41' title="bbox 259 3780 1851 3855">
    <p class='ocr_par' dir='ltr' id='par_1_41' title="bbox 259 3780 1851 3855">
     <span class='ocr_line' id='line_1_41' title="bbox 259 3780 1851 3855; baseline -0.001 -20"><span class='ocrx_word' id='word_1_299' title='bbox 259 3780 562 3855; x_wconf 85' lang='lat' dir='ltr'>gloriﬁcare</span> <span class='ocrx_word' id='word_1_300' title='bbox 592 3797 698 3835; x_wconf 92' lang='lat' dir='ltr'>non</span> <span class='ocrx_word' id='word_1_301' title='bbox 728 3780 1051 3853; x_wconf 85' lang='lat' dir='ltr'>dedignatur</span> <span class='ocrx_word' id='word_1_302' title='bbox 1077 3781 1311 3853; x_wconf 91' lang='lat' dir='ltr'>propitia</span> <span class='ocrx_word' id='word_1_303' title='bbox 1339 3780 1594 3835; x_wconf 84' lang='lat' dir='ltr'>divinitas</span> <span class='ocrx_word' id='word_1_304' title='bbox 1619 3780 1698 3834; x_wconf 87' lang='grc'><strong>10</strong></span> <span class='ocrx_word' id='word_1_305' title='bbox 1719 3796 1851 3850; x_wconf 91' lang='lat' dir='ltr'>pru-</span> 
     </span>
    </p>
   </div>
   <div class='ocr_carea' id='block_1_42' title="bbox 257 3868 1850 3940">
    <p class='ocr_par' dir='ltr' id='par_1_42' title="bbox 257 3868 1850 3940">
     <span class='ocr_line' id='line_1_42' title="bbox 257 3868 1850 3940; baseline -0.001 -16"><span class='ocrx_word' id='word_1_306' title='bbox 257 3870 390 3924; x_wconf 89' lang='lat' dir='ltr'>dens</span> <span class='ocrx_word' id='word_1_307' title='bbox 419 3871 708 3938; x_wconf 88' lang='lat' dir='ltr'>humilitas,</span> <span class='ocrx_word' id='word_1_308' title='bbox 731 3885 850 3939; x_wconf 76' lang='lat' dir='ltr'>qua:</span> <span class='ocrx_word' id='word_1_309' title='bbox 870 3869 1143 3940; x_wconf 88' lang='lat' dir='ltr'>propriam</span> <span class='ocrx_word' id='word_1_310' title='bbox 1163 3870 1464 3924; x_wconf 90' lang='lat' dir='ltr'>contemnis</span> <span class='ocrx_word' id='word_1_311' title='bbox 1479 3868 1850 3924; x_wconf 83' lang='lat' dir='ltr'>excellentiam</span> 
     </span>
    </p>
   </div>
   <div class='ocr_carea' id='block_1_43' title="bbox 257 3957 1848 4028">
    <p class='ocr_par' dir='ltr' id='par_1_43' title="bbox 257 3957 1848 4028">
     <span class='ocr_line' id='line_1_43' title="bbox 257 3957 1848 4028; baseline -0.003 -14"><span class='ocrx_word' id='word_1_312' title='bbox 257 3967 308 4014; x_wconf 89' lang='lat' dir='ltr'>et</span> <span class='ocrx_word' id='word_1_313' title='bbox 345 3958 637 4013; x_wconf 91' lang='lat' dir='ltr'>Dominum</span> <span class='ocrx_word' id='word_1_314' title='bbox 676 3958 850 4012; x_wconf 90' lang='lat' dir='ltr'>solum</span> <span class='ocrx_word' id='word_1_315' title='bbox 906 3957 1223 4028; x_wconf 87' lang='lat' dir='ltr'>magniﬁcas</span> <span class='ocrx_word' id='word_1_316' title='bbox 1252 3959 1451 4013; x_wconf 67' lang='lat' dir='ltr'>anima:</span> <span class='ocrx_word' id='word_1_317' title='bbox 1477 3957 1684 4026; x_wconf 88' lang='lat' dir='ltr'>judicio</span> <span class='ocrx_word' id='word_1_318' title='bbox 1713 3965 1766 4012; x_wconf 93' lang='lat' dir='ltr'>et</span> <span class='ocrx_word' id='word_1_319' title='bbox 1794 3957 1848 4010; x_wconf 92' lang='lat' dir='ltr'>in</span> 
     </span>
    </p>
   </div>
   <div class='ocr_carea' id='block_1_44' title="bbox 255 4054 1847 4128">
    <p class='ocr_par' dir='ltr' id='par_1_44' title="bbox 255 4054 1847 4128">
     <span class='ocr_line' id='line_1_44' title="bbox 255 4054 1847 4128; baseline -0.003 -16"><span class='ocrx_word' id='word_1_320' title='bbox 255 4058 373 4128; x_wconf 84' lang='lat' dir='ltr'>ejus</span> <span class='ocrx_word' id='word_1_321' title='bbox 399 4057 614 4112; x_wconf 89' lang='lat' dir='ltr'>salutari</span> <span class='ocrx_word' id='word_1_322' title='bbox 646 4055 878 4110; x_wconf 79' lang='lat' dir='ltr'>exsultas</span> <span class='ocrx_word' id='word_1_323' title='bbox 932 4054 1148 4126; x_wconf 89' lang='lat' dir='ltr'>spiritus</span> <span class='ocrx_word' id='word_1_324' title='bbox 1193 4054 1414 4127; x_wconf 86' lang='lat' dir='ltr'>gaudio.</span> <span class='ocrx_word' id='word_1_325' title='bbox 1450 4056 1591 4109; x_wconf 90' lang='lat' dir='ltr'>Dum</span> <span class='ocrx_word' id='word_1_326' title='bbox 1621 4055 1847 4125; x_wconf 89' lang='lat' dir='ltr'>teipsam</span> 
     </span>
    </p>
   </div>
   <div class='ocr_carea' id='block_1_45' title="bbox 254 4143 1848 4217">
    <p class='ocr_par' dir='ltr' id='par_1_45' title="bbox 254 4143 1848 4217">
     <span class='ocr_line' id='line_1_45' title="bbox 254 4143 1848 4217; baseline -0.003 -16"><span class='ocrx_word' id='word_1_327' title='bbox 254 4146 503 4217; x_wconf 87' lang='lat' dir='ltr'>despicis,</span> <span class='ocrx_word' id='word_1_328' title='bbox 565 4146 706 4199; x_wconf 89' lang='lat' dir='ltr'>Deus</span> <span class='ocrx_word' id='word_1_329' title='bbox 738 4152 784 4198; x_wconf 91' lang='lat' dir='ltr'>te</span> <span class='ocrx_word' id='word_1_330' title='bbox 832 4145 887 4198; x_wconf 91' lang='lat' dir='ltr'>in</span> <span class='ocrx_word' id='word_1_331' title='bbox 915 4145 1054 4199; x_wconf 65' lang='lat' dir='ltr'>coelo</span> <span class='ocrx_word' id='word_1_332' title='bbox 1084 4151 1138 4198; x_wconf 91' lang='lat' dir='ltr'>et</span> <span class='ocrx_word' id='word_1_333' title='bbox 1191 4144 1244 4198; x_wconf 91' lang='lat' dir='ltr'>in</span> <span class='ocrx_word' id='word_1_334' title='bbox 1276 4151 1414 4198; x_wconf 89' lang='lat' dir='ltr'>terra</span> <span class='ocrx_word' id='word_1_335' title='bbox 1442 4144 1676 4215; x_wconf 90' lang='lat' dir='ltr'>respicit.</span> <span class='ocrx_word' id='word_1_336' title='bbox 1709 4143 1848 4197; x_wconf 91' lang='lat' dir='ltr'>Dum</span> 
     </span>
    </p>
   </div>
   <div class='ocr_carea' id='block_1_46' title="bbox 253 4239 1850 4313">
    <p class='ocr_par' dir='ltr' id='par_1_46' title="bbox 253 4239 1850 4313">
     <span class='ocr_line' id='line_1_46' title="bbox 253 4239 1850 4313; baseline -0.004 -15"><span class='ocrx_word' id='word_1_337' title='bbox 253 4251 306 4298; x_wconf 92' lang='lat' dir='ltr'>te</span> <span class='ocrx_word' id='word_1_338' title='bbox 335 4243 610 4313; x_wconf 89' lang='lat' dir='ltr'>pulverem</span> <span class='ocrx_word' id='word_1_339' title='bbox 668 4249 719 4296; x_wconf 92' lang='lat' dir='ltr'>et</span> <span class='ocrx_word' id='word_1_340' title='bbox 748 4241 982 4295; x_wconf 90' lang='lat' dir='ltr'>cinerem</span> <span class='ocrx_word' id='word_1_341' title='bbox 1038 4239 1326 4307; x_wconf 89' lang='lat' dir='ltr'>conﬁteris,</span> <span class='ocrx_word' id='word_1_342' title='bbox 1383 4257 1548 4311; x_wconf 89' lang='lat' dir='ltr'>super</span> <span class='ocrx_word' id='word_1_343' title='bbox 1604 4239 1850 4293; x_wconf 89' lang='lat' dir='ltr'>inimicos</span> 
     </span>
    </p>
   </div>
   <div class='ocr_carea' id='block_1_47' title="bbox 254 4328 1847 4386">
    <p class='ocr_par' dir='ltr' id='par_1_47' title="bbox 254 4328 1847 4386">
     <span class='ocr_line' id='line_1_47' title="bbox 254 4328 1847 4386; baseline -0.004 0"><span class='ocrx_word' id='word_1_344' title='bbox 254 4340 374 4386; x_wconf 89' lang='lat' dir='ltr'>tuos</span> <span class='ocrx_word' id='word_1_345' title='bbox 427 4330 680 4383; x_wconf 89' lang='lat' dir='ltr'>divinitus</span> <span class='ocrx_word' id='word_1_346' title='bbox 745 4329 1014 4383; x_wconf 79' lang='lat' dir='ltr'>exaltaris.</span> <span class='ocrx_word' id='word_1_347' title='bbox 1074 4329 1152 4382; x_wconf 88' lang='lat' dir='ltr'>Tu</span> <span class='ocrx_word' id='word_1_348' title='bbox 1208 4328 1591 4383; x_wconf 84' lang='lat' dir='ltr'>conscientiam</span> <span class='ocrx_word' id='word_1_349' title='bbox 1649 4328 1847 4380; x_wconf 87' lang='lat' dir='ltr'>bonam</span> 
     </span>
    </p>
   </div>
   <div class='ocr_carea' id='block_1_48' title="bbox 255 4414 1848 4484">
    <p class='ocr_par' dir='ltr' id='par_1_48' title="bbox 255 4414 1848 4484">
     <span class='ocr_line' id='line_1_48' title="bbox 255 4414 1848 4484; baseline -0.002 -12"><span class='ocrx_word' id='word_1_350' title='bbox 255 4417 471 4472; x_wconf 90' lang='lat' dir='ltr'>modoa</span> <span class='ocrx_word' id='word_1_351' title='bbox 501 4416 842 4471; x_wconf 86' lang='lat' dir='ltr'>mordacibus</span> <span class='ocrx_word' id='word_1_352' title='bbox 893 4416 1032 4470; x_wconf 87' lang='lat' dir='ltr'>curis</span> <span class='ocrx_word' id='word_1_353' title='bbox 1062 4415 1194 4470; x_wconf 90' lang='lat' dir='ltr'>facis</span> <span class='ocrx_word' id='word_1_354' title='bbox 1249 4416 1505 4484; x_wconf 90' lang='lat' dir='ltr'>quietam,</span> <span class='ocrx_word' id='word_1_355' title='bbox 1563 4415 1616 4468; x_wconf 88' lang='lat' dir='ltr'>in</span> <span class='ocrx_word' id='word_1_356' title='bbox 1673 4414 1848 4469; x_wconf 90' lang='lat' dir='ltr'>futuro</span> 
     </span>
    </p>
   </div>
   <div class='ocr_carea' id='block_1_49' title="bbox 257 4503 1852 4574">
    <p class='ocr_par' dir='ltr' id='par_1_49' title="bbox 257 4503 1852 4574">
     <span class='ocr_line' id='line_1_49' title="bbox 257 4503 1852 4574; baseline -0.003 -11"><span class='ocrx_word' id='word_1_357' title='bbox 257 4523 288 4563; x_wconf 78' lang='grc' dir='ltr'>ο.</span> <span class='ocrx_word' id='word_1_358' title='bbox 317 4505 617 4560; x_wconf 83' lang='lat' dir='ltr'>minacibus</span> <span class='ocrx_word' id='word_1_359' title='bbox 645 4505 818 4574; x_wconf 74' lang='lat' dir='ltr'>pomis</span> <span class='ocrx_word' id='word_1_360' title='bbox 873 4520 1144 4558; x_wconf 87' lang='lat' dir='ltr'>securam.</span> <span class='ocrx_word' id='word_1_361' title='bbox 1202 4504 1412 4558; x_wconf 64' lang='lat' dir='ltr'>zEmula</span> <span class='ocrx_word' id='word_1_362' title='bbox 1463 4511 1552 4558; x_wconf 89' lang='lat' dir='ltr'>tua</span> <span class='ocrx_word' id='word_1_363' title='bbox 1600 4503 1852 4572; x_wconf 86' lang='lat' dir='ltr'>superbia</span> 
     </span>
    </p>
   </div>
   <div class='ocr_carea' id='block_1_50' title="bbox 257 4598 1850 4672">
    <p class='ocr_par' dir='ltr' id='par_1_50' title="bbox 257 4598 1850 4672">
     <span class='ocr_line' id='line_1_50' title="bbox 257 4598 1850 4672; baseline -0.003 -15"><span class='ocrx_word' id='word_1_364' title='bbox 257 4620 289 4658; x_wconf 87' lang='lat' dir='ltr'>a</span> <span class='ocrx_word' id='word_1_365' title='bbox 318 4601 565 4672; x_wconf 88' lang='lat' dir='ltr'>superbis</span> <span class='ocrx_word' id='word_1_366' title='bbox 595 4600 870 4654; x_wconf 88' lang='lat' dir='ltr'>diabolum</span> <span class='ocrx_word' id='word_1_367' title='bbox 913 4599 1268 4670; x_wconf 76' lang='lat' dir='ltr'>praecipitavit</span> <span class='ocrx_word' id='word_1_368' title='bbox 1324 4599 1376 4653; x_wconf 92' lang='lat' dir='ltr'>in</span> <span class='ocrx_word' id='word_1_369' title='bbox 1435 4599 1722 4666; x_wconf 85' lang='lat' dir='ltr'>infernum,</span> <span class='ocrx_word' id='word_1_370' title='bbox 1783 4598 1850 4654; x_wconf 89' lang='lat' dir='ltr'>de</span> 
     </span>
    </p>
   </div>
   <div class='ocr_carea' id='block_1_51' title="bbox 257 4688 1851 4764">
    <p class='ocr_par' dir='ltr' id='par_1_51' title="bbox 257 4688 1851 4764">
     <span class='ocr_line' id='line_1_51' title="bbox 257 4688 1851 4764; baseline -0.003 -18"><span class='ocrx_word' id='word_1_371' title='bbox 257 4691 508 4764; x_wconf 87' lang='lat' dir='ltr'>paradiso</span> <span class='ocrx_word' id='word_1_372' title='bbox 563 4689 731 4744; x_wconf 84' lang='lat' dir='ltr'>Adam</span> <span class='ocrx_word' id='word_1_373' title='bbox 782 4688 983 4760; x_wconf 74' lang='lat' dir='ltr'>expulit</span> <span class='ocrx_word' id='word_1_374' title='bbox 1013 4689 1066 4742; x_wconf 90' lang='lat' dir='ltr'>in</span> <span class='ocrx_word' id='word_1_375' title='bbox 1097 4689 1368 4757; x_wconf 58' lang='lat' dir='ltr'>exsiliunt,</span> <span class='ocrx_word' id='word_1_376' title='bbox 1405 4697 1456 4743; x_wconf 93' lang='lat' dir='ltr'>tu</span> <span class='ocrx_word' id='word_1_377' title='bbox 1485 4689 1744 4744; x_wconf 86' lang='lat' dir='ltr'>latronem</span> <span class='ocrx_word' id='word_1_378' title='bbox 1777 4688 1851 4742; x_wconf 85' lang='lat' dir='ltr'>in-</span> 
     </span>
    </p>
   </div>
   <div class='ocr_carea' id='block_1_52' title="bbox 257 4777 1852 4850">
    <p class='ocr_par' dir='ltr' id='par_1_52' title="bbox 257 4777 1852 4850">
     <span class='ocr_line' id='line_1_52' title="bbox 257 4777 1852 4850; baseline -0.002 -16"><span class='ocrx_word' id='word_1_379' title='bbox 257 4779 538 4835; x_wconf 87' lang='lat' dir='ltr'>troduxisti</span> <span class='ocrx_word' id='word_1_380' title='bbox 588 4779 642 4832; x_wconf 93' lang='lat' dir='ltr'>in</span> <span class='ocrx_word' id='word_1_381' title='bbox 692 4777 1020 4850; x_wconf 84' lang='lat' dir='ltr'>paradisum,</span> <span class='ocrx_word' id='word_1_382' title='bbox 1069 4777 1375 4832; x_wconf 87' lang='lat' dir='ltr'>meretrices</span> <span class='ocrx_word' id='word_1_383' title='bbox 1429 4785 1481 4831; x_wconf 91' lang='lat' dir='ltr'>et</span> <span class='ocrx_word' id='word_1_384' title='bbox 1536 4777 1852 4848; x_wconf 86' lang='lat' dir='ltr'>publicanos</span> 
     </span>
    </p>
   </div>
   <div class='ocr_carea' id='block_1_53' title="bbox 257 4865 1854 4938">
    <p class='ocr_par' dir='ltr' id='par_1_53' title="bbox 257 4865 1854 4938">
     <span class='ocr_line' id='line_1_53' title="bbox 257 4865 1854 4938; baseline -0.002 -16"><span class='ocrx_word' id='word_1_385' title='bbox 257 4869 311 4923; x_wconf 90' lang='lat' dir='ltr'>in</span> <span class='ocrx_word' id='word_1_386' title='bbox 339 4884 567 4938; x_wconf 85' lang='lat' dir='ltr'>regnum</span> <span class='ocrx_word' id='word_1_387' title='bbox 610 4867 895 4922; x_wconf 63' lang='lat' dir='ltr'>caelorum.</span> <span class='ocrx_word' id='word_1_388' title='bbox 934 4865 1032 4920; x_wconf 89' lang='lat' dir='ltr'>Illa</span> <span class='ocrx_word' id='word_1_389' title='bbox 1089 4865 1272 4919; x_wconf 89' lang='lat' dir='ltr'>nititur</span> <span class='ocrx_word' id='word_1_390' title='bbox 1324 4882 1486 4936; x_wconf 90' lang='lat' dir='ltr'>supra</span> <span class='ocrx_word' id='word_1_391' title='bbox 1539 4882 1616 4932; x_wconf 91' lang='lat' dir='ltr'>se,</span> <span class='ocrx_word' id='word_1_392' title='bbox 1670 4873 1722 4919; x_wconf 91' lang='lat' dir='ltr'>et</span> <span class='ocrx_word' id='word_1_393' title='bbox 1747 4865 1854 4919; x_wconf 70' lang='lat' dir='ltr'>ruit</span> 
     </span>
    </p>
   </div>
   <div class='ocr_carea' id='block_1_54' title="bbox 256 4953 1854 5024">
    <p class='ocr_par' dir='ltr' id='par_1_54' title="bbox 256 4953 1854 5024">
     <span class='ocr_line' id='line_1_54' title="bbox 256 4953 1854 5024; baseline -0.003 -13"><span class='ocrx_word' id='word_1_394' title='bbox 256 4957 398 5011; x_wconf 86' lang='lat' dir='ltr'>infra</span> <span class='ocrx_word' id='word_1_395' title='bbox 425 4973 481 5010; x_wconf 90' lang='lat' dir='ltr'>se</span> <span class='ocrx_word' id='word_1_396' title='bbox 517 4972 530 5024; x_wconf 89' lang='lat'>;</span> <span class='ocrx_word' id='word_1_397' title='bbox 558 4964 631 5023; x_wconf 92' lang='lat' dir='ltr'>tu,</span> <span class='ocrx_word' id='word_1_398' title='bbox 661 4963 718 5009; x_wconf 92' lang='lat' dir='ltr'>ut</span> <span class='ocrx_word' id='word_1_399' title='bbox 772 4955 910 5009; x_wconf 89' lang='lat' dir='ltr'>bene</span> <span class='ocrx_word' id='word_1_400' title='bbox 965 4955 1224 5020; x_wconf 89' lang='lat' dir='ltr'>funderis,</span> <span class='ocrx_word' id='word_1_401' title='bbox 1284 4954 1338 5007; x_wconf 92' lang='lat' dir='ltr'>in</span> <span class='ocrx_word' id='word_1_402' title='bbox 1369 4954 1534 5008; x_wconf 90' lang='lat' dir='ltr'>altum</span> <span class='ocrx_word' id='word_1_403' title='bbox 1579 4953 1718 5008; x_wconf 83' lang='lat' dir='ltr'>fodis</span> <span class='ocrx_word' id='word_1_404' title='bbox 1749 4967 1762 5020; x_wconf 89' lang='lat'><strong>;</strong></span> <span class='ocrx_word' id='word_1_405' title='bbox 1796 4961 1854 5006; x_wconf 93' lang='lat' dir='ltr'>ut</span> 
     </span>
    </p>
   </div>
   <div class='ocr_carea' id='block_1_55' title="bbox 255 5052 1848 5125">
    <p class='ocr_par' dir='ltr' id='par_1_55' title="bbox 255 5052 1848 5125">
     <span class='ocr_line' id='line_1_55' title="bbox 255 5052 1848 5125; baseline -0.003 -14"><span class='ocrx_word' id='word_1_406' title='bbox 255 5057 428 5111; x_wconf 89' lang='lat' dir='ltr'>Deum</span> <span class='ocrx_word' id='word_1_407' title='bbox 460 5055 633 5125; x_wconf 90' lang='lat' dir='ltr'>ipsum</span> <span class='ocrx_word' id='word_1_408' title='bbox 666 5054 868 5121; x_wconf 88' lang='lat' dir='ltr'>videas,</span> <span class='ocrx_word' id='word_1_409' title='bbox 895 5054 948 5108; x_wconf 91' lang='lat' dir='ltr'>in</span> <span class='ocrx_word' id='word_1_410' title='bbox 979 5054 1240 5125; x_wconf 89' lang='lat' dir='ltr'>templum</span> <span class='ocrx_word' id='word_1_411' title='bbox 1272 5053 1369 5108; x_wconf 89' lang='lat' dir='ltr'>Dei</span> <span class='ocrx_word' id='word_1_412' title='bbox 1399 5053 1647 5123; x_wconf 80' lang='lat' dir='ltr'>erigaris.</span> <span class='ocrx_word' id='word_1_413' title='bbox 1682 5052 1848 5106; x_wconf 87' lang='lat' dir='ltr'>lllase</span> 
     </span>
    </p>
   </div>
   <div class='ocr_carea' id='block_1_56' title="bbox 253 5148 1852 5220">
    <p class='ocr_par' dir='ltr' id='par_1_56' title="bbox 253 5148 1852 5220">
     <span class='ocr_line' id='line_1_56' title="bbox 253 5148 1852 5220; baseline -0.003 -13"><span class='ocrx_word' id='word_1_414' title='bbox 253 5153 486 5208; x_wconf 86' lang='lat' dir='ltr'>similem</span> <span class='ocrx_word' id='word_1_415' title='bbox 509 5151 638 5207; x_wconf 84' lang='lat' dir='ltr'>facit</span> <span class='ocrx_word' id='word_1_416' title='bbox 665 5152 958 5217; x_wconf 83' lang='lat' dir='ltr'>Altissimo,</span> <span class='ocrx_word' id='word_1_417' title='bbox 1011 5154 1120 5206; x_wconf 92' lang='lat' dir='ltr'>imo</span> <span class='ocrx_word' id='word_1_418' title='bbox 1145 5166 1306 5220; x_wconf 89' lang='lat' dir='ltr'>supra</span> <span class='ocrx_word' id='word_1_419' title='bbox 1331 5167 1489 5205; x_wconf 89' lang='lat' dir='ltr'>omne</span> <span class='ocrx_word' id='word_1_420' title='bbox 1521 5148 1665 5220; x_wconf 89' lang='lat' dir='ltr'>quod</span> <span class='ocrx_word' id='word_1_421' title='bbox 1721 5149 1852 5204; x_wconf 89' lang='lat' dir='ltr'>dici-</span> 
     </span>
    </p>
   </div>
   <div class='ocr_carea' id='block_1_57' title="bbox 257 5246 1853 5318">
    <p class='ocr_par' dir='ltr' id='par_1_57' title="bbox 257 5246 1853 5318">
     <span class='ocr_line' id='line_1_57' title="bbox 257 5246 1853 5318; baseline -0.004 -12"><span class='ocrx_word' id='word_1_422' title='bbox 257 5260 340 5306; x_wconf 89' lang='lat' dir='ltr'>tur</span> <span class='ocrx_word' id='word_1_423' title='bbox 361 5251 507 5304; x_wconf 85' lang='lat' dir='ltr'>Deus</span> <span class='ocrx_word' id='word_1_424' title='bbox 536 5258 627 5304; x_wconf 89' lang='lat' dir='ltr'>aut</span> <span class='ocrx_word' id='word_1_425' title='bbox 674 5250 866 5304; x_wconf 90' lang='lat' dir='ltr'>colitur</span> <span class='ocrx_word' id='word_1_426' title='bbox 894 5249 1183 5310; x_wconf 82' lang='lat' dir='ltr'>extollitur,</span> <span class='ocrx_word' id='word_1_427' title='bbox 1210 5256 1262 5303; x_wconf 93' lang='lat' dir='ltr'>et</span> <span class='ocrx_word' id='word_1_428' title='bbox 1291 5249 1359 5302; x_wconf 89' lang='lat' dir='ltr'>ab</span> <span class='ocrx_word' id='word_1_429' title='bbox 1389 5247 1535 5302; x_wconf 89' lang='lat' dir='ltr'>omni</span> <span class='ocrx_word' id='word_1_430' title='bbox 1591 5246 1853 5318; x_wconf 83' lang='lat' dir='ltr'>dignitate</span> 
     </span>
    </p>
   </div>
   <div class='ocr_carea' id='block_1_58' title="bbox 256 5338 1854 5409">
    <p class='ocr_par' dir='ltr' id='par_1_58' title="bbox 256 5338 1854 5409">
     <span class='ocr_line' id='line_1_58' title="bbox 256 5338 1854 5409; baseline -0.003 -16"><span class='ocrx_word' id='word_1_431' title='bbox 256 5339 527 5408; x_wconf 87' lang='lat' dir='ltr'>abjicitur,</span> <span class='ocrx_word' id='word_1_432' title='bbox 590 5346 644 5393; x_wconf 91' lang='lat' dir='ltr'>et</span> <span class='ocrx_word' id='word_1_433' title='bbox 695 5339 928 5409; x_wconf 88' lang='lat' dir='ltr'>amplius</span> <span class='ocrx_word' id='word_1_434' title='bbox 957 5355 1064 5392; x_wconf 91' lang='lat' dir='ltr'>non</span> <span class='ocrx_word' id='word_1_435' title='bbox 1094 5338 1195 5392; x_wconf 86' lang='lat' dir='ltr'>erit</span> <span class='ocrx_word' id='word_1_436' title='bbox 1244 5355 1258 5392; x_wconf 92' lang='lat'>:</span> <span class='ocrx_word' id='word_1_437' title='bbox 1301 5345 1436 5392; x_wconf 88' lang='lat' dir='ltr'>tute</span> <span class='ocrx_word' id='word_1_438' title='bbox 1477 5351 1770 5407; x_wconf 88' lang='lat' dir='ltr'>pauperem</span> <span class='ocrx_word' id='word_1_439' title='bbox 1802 5343 1854 5390; x_wconf 90' lang='lat' dir='ltr'>et</span> 
     </span>
    </p>
   </div>
   <div class='ocr_carea' id='block_1_59' title="bbox 258 5433 1856 5502">
    <p class='ocr_par' dir='ltr' id='par_1_59' title="bbox 258 5433 1856 5502">
     <span class='ocr_line' id='line_1_59' title="bbox 258 5433 1856 5502; baseline -0.003 -11"><span class='ocrx_word' id='word_1_440' title='bbox 258 5453 500 5492; x_wconf 88' lang='lat' dir='ltr'>vermem</span> <span class='ocrx_word' id='word_1_441' title='bbox 531 5436 744 5502; x_wconf 87' lang='lat' dir='ltr'>asseris,</span> <span class='ocrx_word' id='word_1_442' title='bbox 769 5444 823 5490; x_wconf 90' lang='lat' dir='ltr'>et</span> <span class='ocrx_word' id='word_1_443' title='bbox 853 5436 920 5490; x_wconf 91' lang='lat' dir='ltr'>de</span> <span class='ocrx_word' id='word_1_444' title='bbox 950 5445 1182 5490; x_wconf 89' lang='lat' dir='ltr'>stercore</span> <span class='ocrx_word' id='word_1_445' title='bbox 1224 5434 1468 5499; x_wconf 89' lang='lat' dir='ltr'>elevaris,</span> <span class='ocrx_word' id='word_1_446' title='bbox 1501 5450 1562 5488; x_wconf 91' lang='lat' dir='ltr'>ac</span> <span class='ocrx_word' id='word_1_447' title='bbox 1587 5449 1706 5487; x_wconf 91' lang='lat' dir='ltr'>cum</span> <span class='ocrx_word' id='word_1_448' title='bbox 1737 5433 1856 5487; x_wconf 76' lang='lat' dir='ltr'>caeli</span> 
     </span>
    </p>
   </div>
   <div class='ocr_carea' id='block_1_60' title="bbox 261 5521 1859 5598">
    <p class='ocr_par' dir='ltr' id='par_1_60' title="bbox 261 5521 1859 5598">
     <span class='ocr_line' id='line_1_60' title="bbox 261 5521 1859 5598; baseline -0.003 -19"><span class='ocrx_word' id='word_1_449' title='bbox 261 5523 597 5598; x_wconf 87' lang='lat' dir='ltr'>principibus</span> <span class='ocrx_word' id='word_1_450' title='bbox 625 5525 925 5580; x_wconf 85' lang='lat' dir='ltr'>collocaris.</span> <span class='ocrx_word' id='word_1_451' title='bbox 965 5525 1063 5579; x_wconf 91' lang='lat' dir='ltr'>llla</span> <span class='ocrx_word' id='word_1_452' title='bbox 1110 5524 1252 5578; x_wconf 92' lang='lat' dir='ltr'>bona</span> <span class='ocrx_word' id='word_1_453' title='bbox 1282 5539 1377 5577; x_wconf 91' lang='lat' dir='ltr'>sua</span> <span class='ocrx_word' id='word_1_454' title='bbox 1433 5521 1614 5578; x_wconf 86' lang='lat' dir='ltr'>laudat</span> <span class='ocrx_word' id='word_1_455' title='bbox 1643 5529 1694 5578; x_wconf 91' lang='lat' dir='ltr'>et</span> <span class='ocrx_word' id='word_1_456' title='bbox 1739 5537 1859 5593; x_wconf 87' lang='lat' dir='ltr'>per—</span> 
     </span>
    </p>
   </div>
   <div class='ocr_carea' id='block_1_61' title="bbox 1888 1737 1942 1800">
    <p class='ocr_par' dir='ltr' id='par_1_61' title="bbox 1888 1737 1942 1800">
     <span class='ocr_line' id='line_1_61' title="bbox 1888 1737 1942 1800; baseline 0 -2"><span class='ocrx_word' id='word_1_457' title='bbox 1888 1737 1942 1800; x_wconf 92' lang='lat' dir='ltr'><strong>B</strong></span> 
     </span>
    </p>
   </div>
   <div class='ocr_carea' id='block_1_62' title="bbox 1887 3093 1936 3156">
    <p class='ocr_par' dir='ltr' id='par_1_62' title="bbox 1887 3093 1936 3156">
     <span class='ocr_line' id='line_1_62' title="bbox 1887 3093 1936 3156; baseline 0 0"><span class='ocrx_word' id='word_1_458' title='bbox 1887 3093 1936 3156; x_wconf 89' lang='lat' dir='ltr'>C</span> 
     </span>
    </p>
   </div>
   <div class='ocr_carea' id='block_1_63' title="bbox 1878 4445 1930 4506">
    <p class='ocr_par' dir='ltr' id='par_1_63' title="bbox 1878 4445 1930 4506">
     <span class='ocr_line' id='line_1_63' title="bbox 1878 4445 1930 4506; baseline 0 0"><span class='ocrx_word' id='word_1_459' title='bbox 1878 4445 1930 4506; x_wconf 92' lang='lat' dir='ltr'>D</span> 
     </span>
    </p>
   </div>
   <div class='ocr_carea' id='block_1_64' title="bbox 1983 566 3574 639">
    <p class='ocr_par' dir='ltr' id='par_1_64' title="bbox 1983 566 3574 639">
     <span class='ocr_line' id='line_1_64' title="bbox 1983 566 3574 639; baseline 0.005 -20"><span class='ocrx_word' id='word_1_460' title='bbox 1983 566 2107 620; x_wconf 91' lang='lat' dir='ltr'>teris</span> <span class='ocrx_word' id='word_1_461' title='bbox 2125 567 2260 634; x_wconf 90' lang='lat' dir='ltr'>sola,</span> <span class='ocrx_word' id='word_1_462' title='bbox 2291 575 2344 622; x_wconf 92' lang='lat' dir='ltr'>et</span> <span class='ocrx_word' id='word_1_463' title='bbox 2374 566 2430 621; x_wconf 91' lang='lat' dir='ltr'>in</span> <span class='ocrx_word' id='word_1_464' title='bbox 2458 567 2678 624; x_wconf 91' lang='lat' dir='ltr'>domino</span> <span class='ocrx_word' id='word_1_465' title='bbox 2707 577 2861 639; x_wconf 90' lang='lat' dir='ltr'>potes</span> <span class='ocrx_word' id='word_1_466' title='bbox 2889 571 3096 626; x_wconf 89' lang='lat' dir='ltr'>omnia.</span> <span class='ocrx_word' id='word_1_467' title='bbox 3133 572 3231 626; x_wconf 89' lang='lat' dir='ltr'>Illa</span> <span class='ocrx_word' id='word_1_468' title='bbox 3257 570 3392 627; x_wconf 89' lang='lat' dir='ltr'>sicut</span> <span class='ocrx_word' id='word_1_469' title='bbox 3444 573 3574 628; x_wconf 89' lang='lat' dir='ltr'>dum</span> 
     </span>
    </p>
   </div>
   <div class='ocr_carea' id='block_1_65' title="bbox 1981 667 3576 741">
    <p class='ocr_par' dir='ltr' id='par_1_65' title="bbox 1981 667 3576 741">
     <span class='ocr_line' id='line_1_65' title="bbox 1981 667 3576 741; baseline 0.005 -24"><span class='ocrx_word' id='word_1_470' title='bbox 1981 671 2078 730; x_wconf 88' lang='lat' dir='ltr'>est,</span> <span class='ocrx_word' id='word_1_471' title='bbox 2129 680 2237 719; x_wconf 91' lang='lat' dir='ltr'>non</span> <span class='ocrx_word' id='word_1_472' title='bbox 2289 673 2463 736; x_wconf 76' lang='lat' dir='ltr'>potest</span> <span class='ocrx_word' id='word_1_473' title='bbox 2512 681 2619 721; x_wconf 92' lang='lat' dir='ltr'>non</span> <span class='ocrx_word' id='word_1_474' title='bbox 2669 684 2784 722; x_wconf 89' lang='lat' dir='ltr'>esse</span> <span class='ocrx_word' id='word_1_475' title='bbox 2841 667 2985 737; x_wconf 91' lang='lat' dir='ltr'>quod</span> <span class='ocrx_word' id='word_1_476' title='bbox 3041 676 3138 732; x_wconf 91' lang='lat' dir='ltr'>est,</span> <span class='ocrx_word' id='word_1_477' title='bbox 3190 669 3226 722; x_wconf 91' lang='lat' dir='ltr'>il</span> <span class='ocrx_word' id='word_1_478' title='bbox 3273 677 3353 724; x_wconf 91' lang='lat' dir='ltr'>est</span> <span class='ocrx_word' id='word_1_479' title='bbox 3378 685 3576 741; x_wconf 56' lang='lat' dir='ltr'>superh</span> 
     </span>
    </p>
   </div>
   <div class='ocr_carea' id='block_1_66' title="bbox 1978 751 3574 830">
    <p class='ocr_par' dir='ltr' id='par_1_66' title="bbox 1978 751 3574 830">
     <span class='ocr_line' id='line_1_66' title="bbox 1978 751 3574 830; baseline 0.004 -24"><span class='ocrx_word' id='word_1_480' title='bbox 1978 751 2090 820; x_wconf 90' lang='lat' dir='ltr'>bia,</span> <span class='ocrx_word' id='word_1_481' title='bbox 2121 753 2260 808; x_wconf 89' lang='lat' dir='ltr'>sicut</span> <span class='ocrx_word' id='word_1_482' title='bbox 2285 753 2442 810; x_wconf 91' lang='lat' dir='ltr'>subdi</span> <span class='ocrx_word' id='word_1_483' title='bbox 2472 770 2580 810; x_wconf 89' lang='lat' dir='ltr'>non</span> <span class='ocrx_word' id='word_1_484' title='bbox 2635 764 2811 828; x_wconf 87' lang='lat' dir='ltr'>potest</span> <span class='ocrx_word' id='word_1_485' title='bbox 2839 757 2932 812; x_wconf 91' lang='lat' dir='ltr'>ulli</span> <span class='ocrx_word' id='word_1_486' title='bbox 2985 757 3296 829; x_wconf 70' lang='lat' dir='ltr'>prazposito,</span> <span class='ocrx_word' id='word_1_487' title='bbox 3325 773 3425 812; x_wconf 87' lang='lat' dir='ltr'>nec</span> <span class='ocrx_word' id='word_1_488' title='bbox 3475 759 3574 830; x_wconf 88' lang='lat' dir='ltr'>ipsi</span> 
     </span>
    </p>
   </div>
   <div class='ocr_carea' id='block_1_67' title="bbox 1978 849 3574 924">
    <p class='ocr_par' dir='ltr' id='par_1_67' title="bbox 1978 849 3574 924">
     <span class='ocr_line' id='line_1_67' title="bbox 1978 849 3574 924; baseline 0.004 -20"><span class='ocrx_word' id='word_1_489' title='bbox 1978 849 2091 904; x_wconf 88' lang='lat' dir='ltr'>Deo</span> <span class='ocrx_word' id='word_1_490' title='bbox 2127 865 2141 916; x_wconf 87' lang='lat'><strong>;</strong></span> <span class='ocrx_word' id='word_1_491' title='bbox 2174 859 2230 906; x_wconf 92' lang='lat' dir='ltr'>tu</span> <span class='ocrx_word' id='word_1_492' title='bbox 2261 851 2385 921; x_wconf 86' lang='lat' dir='ltr'>quia</span> <span class='ocrx_word' id='word_1_493' title='bbox 2415 867 2472 907; x_wconf 92' lang='lat' dir='ltr'>es</span> <span class='ocrx_word' id='word_1_494' title='bbox 2496 853 2641 923; x_wconf 92' lang='lat' dir='ltr'>quod</span> <span class='ocrx_word' id='word_1_495' title='bbox 2685 870 2760 922; x_wconf 93' lang='lat' dir='ltr'>es,</span> <span class='ocrx_word' id='word_1_496' title='bbox 2797 853 2848 908; x_wconf 90' lang='lat' dir='ltr'>id</span> <span class='ocrx_word' id='word_1_497' title='bbox 2879 861 2958 909; x_wconf 90' lang='lat' dir='ltr'>est</span> <span class='ocrx_word' id='word_1_498' title='bbox 2975 854 3268 924; x_wconf 89' lang='lat' dir='ltr'>humilitas,</span> <span class='ocrx_word' id='word_1_499' title='bbox 3321 857 3574 912; x_wconf 90' lang='lat' dir='ltr'>omnibus</span> 
     </span>
    </p>
   </div>
   <div class='ocr_carea' id='block_1_68' title="bbox 1976 937 3570 1012">
    <p class='ocr_par' dir='ltr' id='par_1_68' title="bbox 1976 937 3570 1012">
     <span class='ocr_line' id='line_1_68' title="bbox 1976 937 3570 1012; baseline 0.003 -18"><span class='ocrx_word' id='word_1_500' title='bbox 1976 939 2137 994; x_wconf 87' lang='lat' dir='ltr'>etiam</span> <span class='ocrx_word' id='word_1_501' title='bbox 2193 937 2392 996; x_wconf 85' lang='lat' dir='ltr'>infimis</span> <span class='ocrx_word' id='word_1_502' title='bbox 2470 949 2649 1012; x_wconf 83' lang='lat' dir='ltr'>spreta</span> <span class='ocrx_word' id='word_1_503' title='bbox 2708 943 3078 998; x_wconf 76' lang='lat' dir='ltr'>substernaris.</span> <span class='ocrx_word' id='word_1_504' title='bbox 3156 943 3256 999; x_wconf 84' lang='lat' dir='ltr'>Illa</span> <span class='ocrx_word' id='word_1_505' title='bbox 3339 945 3570 1000; x_wconf 86' lang='lat' dir='ltr'>sublime</span> 
     </span>
    </p>
   </div>
   <div class='ocr_carea' id='block_1_69' title="bbox 1975 1036 3574 1115">
    <p class='ocr_par' dir='ltr' id='par_1_69' title="bbox 1975 1036 3574 1115">
     <span class='ocr_line' id='line_1_69' title="bbox 1975 1036 3574 1115; baseline 0.004 -23"><span class='ocrx_word' id='word_1_506' title='bbox 1975 1052 2136 1092; x_wconf 88' lang='lat' dir='ltr'>omne</span> <span class='ocrx_word' id='word_1_507' title='bbox 2166 1036 2314 1092; x_wconf 89' lang='lat' dir='ltr'>videt</span> <span class='ocrx_word' id='word_1_508' title='bbox 2345 1055 2360 1105; x_wconf 85' lang='lat'><strong>;</strong></span> <span class='ocrx_word' id='word_1_509' title='bbox 2393 1046 2448 1094; x_wconf 91' lang='lat' dir='ltr'>tu</span> <span class='ocrx_word' id='word_1_510' title='bbox 2476 1039 2602 1109; x_wconf 89' lang='lat' dir='ltr'>quia</span> <span class='ocrx_word' id='word_1_511' title='bbox 2622 1040 2753 1095; x_wconf 90' lang='lat' dir='ltr'>nihil</span> <span class='ocrx_word' id='word_1_512' title='bbox 2786 1057 2883 1112; x_wconf 91' lang='lat' dir='ltr'>per</span> <span class='ocrx_word' id='word_1_513' title='bbox 2907 1041 3306 1099; x_wconf 89' lang='lat' dir='ltr'>contentionem</span> <span class='ocrx_word' id='word_1_514' title='bbox 3346 1043 3481 1115; x_wconf 83' lang='lat' dir='ltr'>agis,</span> <span class='ocrx_word' id='word_1_515' title='bbox 3515 1052 3574 1098; x_wconf 90' lang='lat' dir='ltr'>ut</span> 
     </span>
    </p>
   </div>
   <div class='ocr_carea' id='block_1_70' title="bbox 1975 1134 3572 1210">
    <p class='ocr_par' dir='ltr' id='par_1_70' title="bbox 1975 1134 3572 1210">
     <span class='ocr_line' id='line_1_70' title="bbox 1975 1134 3572 1210; baseline 0.003 -20"><span class='ocrx_word' id='word_1_516' title='bbox 1975 1134 2094 1190; x_wconf 90' lang='lat' dir='ltr'>aliis</span> <span class='ocrx_word' id='word_1_517' title='bbox 2153 1135 2502 1206; x_wconf 72' lang='lat' dir='ltr'>praeponaris,</span> <span class='ocrx_word' id='word_1_518' title='bbox 2548 1136 2634 1191; x_wconf 87' lang='lat' dir='ltr'>vel</span> <span class='ocrx_word' id='word_1_519' title='bbox 2665 1153 2761 1207; x_wconf 91' lang='lat' dir='ltr'>per</span> <span class='ocrx_word' id='word_1_520' title='bbox 2788 1137 3002 1193; x_wconf 90' lang='lat' dir='ltr'>inanem</span> <span class='ocrx_word' id='word_1_521' title='bbox 3059 1138 3310 1210; x_wconf 87' lang='lat' dir='ltr'>gloriam,</span> <span class='ocrx_word' id='word_1_522' title='bbox 3365 1139 3461 1194; x_wconf 91' lang='lat' dir='ltr'>sed</span> <span class='ocrx_word' id='word_1_523' title='bbox 3519 1140 3572 1194; x_wconf 91' lang='lat' dir='ltr'>in</span> 
     </span>
    </p>
   </div>
   <div class='ocr_carea' id='block_1_71' title="bbox 1975 1222 3569 1283">
    <p class='ocr_par' dir='ltr' id='par_1_71' title="bbox 1975 1222 3569 1283">
     <span class='ocr_line' id='line_1_71' title="bbox 1975 1222 3569 1283; baseline 0.004 -6"><span class='ocrx_word' id='word_1_524' title='bbox 1975 1222 2272 1277; x_wconf 83' lang='lat' dir='ltr'>humilitate</span> <span class='ocrx_word' id='word_1_525' title='bbox 2303 1223 2436 1278; x_wconf 90' lang='lat' dir='ltr'>facis</span> <span class='ocrx_word' id='word_1_526' title='bbox 2464 1231 2585 1281; x_wconf 91' lang='lat' dir='ltr'>tuos</span> <span class='ocrx_word' id='word_1_527' title='bbox 2631 1224 2952 1281; x_wconf 87' lang='lat' dir='ltr'>arbitrantes</span> <span class='ocrx_word' id='word_1_528' title='bbox 2985 1243 3109 1280; x_wconf 84' lang='lat' dir='ltr'>vero</span> <span class='ocrx_word' id='word_1_529' title='bbox 3139 1227 3274 1283; x_wconf 90' lang='lat' dir='ltr'>alios</span> <span class='ocrx_word' id='word_1_530' title='bbox 3327 1243 3448 1283; x_wconf 90' lang='lat' dir='ltr'>esse</span> <span class='ocrx_word' id='word_1_531' title='bbox 3472 1245 3569 1283; x_wconf 86' lang='lat' dir='ltr'>su-</span> 
     </span>
    </p>
   </div>
   <div class='ocr_carea' id='block_1_72' title="bbox 1974 1311 3568 1384">
    <p class='ocr_par' dir='ltr' id='par_1_72' title="bbox 1974 1311 3568 1384">
     <span class='ocr_line' id='line_1_72' title="bbox 1974 1311 3568 1384; baseline 0.002 -18"><span class='ocrx_word' id='word_1_532' title='bbox 1974 1311 2212 1384; x_wconf 88' lang='lat' dir='ltr'>periores</span> <span class='ocrx_word' id='word_1_533' title='bbox 2238 1311 2342 1366; x_wconf 89' lang='lat' dir='ltr'>sibi</span> <span class='ocrx_word' id='word_1_534' title='bbox 2373 1311 2620 1378; x_wconf 88' lang='lat' dir='ltr'>invicem,</span> <span class='ocrx_word' id='word_1_535' title='bbox 2656 1313 2780 1384; x_wconf 89' lang='lat' dir='ltr'>quia</span> <span class='ocrx_word' id='word_1_536' title='bbox 2810 1321 2988 1384; x_wconf 88' lang='lat' dir='ltr'>potest</span> <span class='ocrx_word' id='word_1_537' title='bbox 3017 1331 3132 1371; x_wconf 90' lang='lat' dir='ltr'>esse</span> <span class='ocrx_word' id='word_1_538' title='bbox 3161 1317 3214 1370; x_wconf 90' lang='lat' dir='ltr'>in</span> <span class='ocrx_word' id='word_1_539' title='bbox 3244 1317 3349 1372; x_wconf 89' lang='lat' dir='ltr'>alio</span> <span class='ocrx_word' id='word_1_540' title='bbox 3383 1317 3568 1372; x_wconf 78' lang='lat' dir='ltr'>occul-</span> 
     </span>
    </p>
   </div>
   <div class='ocr_carea' id='block_1_73' title="bbox 1973 1409 3570 1486">
    <p class='ocr_par' dir='ltr' id='par_1_73' title="bbox 1973 1409 3570 1486">
     <span class='ocr_line' id='line_1_73' title="bbox 1973 1409 3570 1486; baseline 0.003 -25"><span class='ocrx_word' id='word_1_541' title='bbox 1973 1414 2085 1462; x_wconf 91' lang='lat' dir='ltr'>tum</span> <span class='ocrx_word' id='word_1_542' title='bbox 2117 1424 2223 1478; x_wconf 90' lang='lat' dir='ltr'>quo</span> <span class='ocrx_word' id='word_1_543' title='bbox 2273 1409 2518 1481; x_wconf 89' lang='lat' dir='ltr'>superior</span> <span class='ocrx_word' id='word_1_544' title='bbox 2571 1409 2648 1477; x_wconf 87' lang='lat' dir='ltr'>ﬁt,</span> <span class='ocrx_word' id='word_1_545' title='bbox 2696 1419 2749 1465; x_wconf 89' lang='lat' dir='ltr'>et</span> <span class='ocrx_word' id='word_1_546' title='bbox 2795 1411 2937 1483; x_wconf 88' lang='lat' dir='ltr'>apud</span> <span class='ocrx_word' id='word_1_547' title='bbox 2981 1412 3153 1467; x_wconf 90' lang='lat' dir='ltr'>Deum</span> <span class='ocrx_word' id='word_1_548' title='bbox 3201 1412 3432 1486; x_wconf 82' lang='lat' dir='ltr'>dignior,</span> <span class='ocrx_word' id='word_1_549' title='bbox 3471 1421 3570 1468; x_wconf 88' lang='lat' dir='ltr'>:et</span> 
     </span>
    </p>
   </div>
   <div class='ocr_carea' id='block_1_74' title="bbox 1971 1505 3566 1581">
    <p class='ocr_par' dir='ltr' id='par_1_74' title="bbox 1971 1505 3566 1581">
     <span class='ocr_line' id='line_1_74' title="bbox 1971 1505 3566 1581; baseline 0.004 -21"><span class='ocrx_word' id='word_1_550' title='bbox 1971 1507 2076 1561; x_wconf 86' lang='lat' dir='ltr'>hoc</span> <span class='ocrx_word' id='word_1_551' title='bbox 2104 1505 2226 1561; x_wconf 87' lang='lat' dir='ltr'>ideo</span> <span class='ocrx_word' id='word_1_552' title='bbox 2257 1506 2384 1578; x_wconf 89' lang='lat' dir='ltr'>quia</span> <span class='ocrx_word' id='word_1_553' title='bbox 2412 1523 2521 1562; x_wconf 89' lang='lat' dir='ltr'>non</span> <span class='ocrx_word' id='word_1_554' title='bbox 2552 1523 2671 1578; x_wconf 62' lang='lat' dir='ltr'>qua:</span> <span class='ocrx_word' id='word_1_555' title='bbox 2699 1524 2795 1563; x_wconf 91' lang='lat' dir='ltr'>sua</span> <span class='ocrx_word' id='word_1_556' title='bbox 2822 1516 2946 1563; x_wconf 91' lang='lat' dir='ltr'>sunt</span> <span class='ocrx_word' id='word_1_557' title='bbox 2971 1508 3168 1581; x_wconf 78' lang='lat' dir='ltr'>singuli</span> <span class='ocrx_word' id='word_1_558' title='bbox 3207 1511 3566 1578; x_wconf 86' lang='lat' dir='ltr'>considerant,</span> 
     </span>
    </p>
   </div>
   <div class='ocr_carea' id='block_1_75' title="bbox 1971 1593 3569 1671">
    <p class='ocr_par' dir='ltr' id='par_1_75' title="bbox 1971 1593 3569 1671">
     <span class='ocr_line' id='line_1_75' title="bbox 1971 1593 3569 1671; baseline 0.004 -23"><span class='ocrx_word' id='word_1_559' title='bbox 1971 1593 2066 1648; x_wconf 88' lang='lat' dir='ltr'>sed</span> <span class='ocrx_word' id='word_1_560' title='bbox 2099 1610 2164 1651; x_wconf 86' lang='lat' dir='ltr'>ea</span> <span class='ocrx_word' id='word_1_561' title='bbox 2191 1611 2312 1664; x_wconf 65' lang='lat' dir='ltr'>quae</span> <span class='ocrx_word' id='word_1_562' title='bbox 2341 1595 2566 1651; x_wconf 88' lang='lat' dir='ltr'>aliorum</span> <span class='ocrx_word' id='word_1_563' title='bbox 2617 1595 2779 1651; x_wconf 91' lang='lat' dir='ltr'>bona.</span> <span class='ocrx_word' id='word_1_564' title='bbox 2816 1595 2912 1652; x_wconf 85' lang='lat' dir='ltr'>Illa</span> <span class='ocrx_word' id='word_1_565' title='bbox 2949 1613 3080 1653; x_wconf 83' lang='lat' dir='ltr'>sana</span> <span class='ocrx_word' id='word_1_566' title='bbox 3106 1597 3326 1666; x_wconf 88' lang='lat' dir='ltr'>sauciat,</span> <span class='ocrx_word' id='word_1_567' title='bbox 3358 1599 3569 1671; x_wconf 88' lang='lat' dir='ltr'>integra</span> 
     </span>
    </p>
   </div>
   <div class='ocr_carea' id='block_1_76' title="bbox 1970 1683 3568 1759">
    <p class='ocr_par' dir='ltr' id='par_1_76' title="bbox 1970 1683 3568 1759">
     <span class='ocr_line' id='line_1_76' title="bbox 1970 1683 3568 1759; baseline 0.001 -20"><span class='ocrx_word' id='word_1_568' title='bbox 1970 1683 2298 1754; x_wconf 87' lang='lat' dir='ltr'>corrumpit;</span> <span class='ocrx_word' id='word_1_569' title='bbox 2325 1691 2377 1739; x_wconf 90' lang='lat' dir='ltr'>tu</span> <span class='ocrx_word' id='word_1_570' title='bbox 2405 1684 2586 1740; x_wconf 85' lang='lat' dir='ltr'>saucia</span> <span class='ocrx_word' id='word_1_571' title='bbox 2632 1701 2806 1752; x_wconf 87' lang='lat' dir='ltr'>sanas,</span> <span class='ocrx_word' id='word_1_572' title='bbox 2861 1692 3112 1756; x_wconf 90' lang='lat' dir='ltr'>corrupta</span> <span class='ocrx_word' id='word_1_573' title='bbox 3169 1686 3430 1759; x_wconf 84' lang='lat' dir='ltr'>integras.</span> <span class='ocrx_word' id='word_1_574' title='bbox 3469 1687 3568 1742; x_wconf 85' lang='lat' dir='ltr'>llla</span> 
     </span>
    </p>
   </div>
   <div class='ocr_carea' id='block_1_77' title="bbox 1971 1769 3567 1846">
    <p class='ocr_par' dir='ltr' id='par_1_77' title="bbox 1971 1769 3567 1846">
     <span class='ocr_line' id='line_1_77' title="bbox 1971 1769 3567 1846; baseline 0.002 -19"><span class='ocrx_word' id='word_1_575' title='bbox 1971 1771 2280 1827; x_wconf 90' lang='lat' dir='ltr'>communia</span> <span class='ocrx_word' id='word_1_576' title='bbox 2336 1779 2390 1827; x_wconf 90' lang='lat' dir='ltr'>et</span> <span class='ocrx_word' id='word_1_577' title='bbox 2440 1769 2652 1840; x_wconf 87' lang='lat' dir='ltr'>usitata,</span> <span class='ocrx_word' id='word_1_578' title='bbox 2724 1773 2851 1828; x_wconf 88' lang='lat' dir='ltr'>licet</span> <span class='ocrx_word' id='word_1_579' title='bbox 2901 1774 3009 1828; x_wconf 91' lang='lat' dir='ltr'>sint</span> <span class='ocrx_word' id='word_1_580' title='bbox 3060 1774 3332 1846; x_wconf 89' lang='lat' dir='ltr'>grandia;</span> <span class='ocrx_word' id='word_1_581' title='bbox 3365 1774 3567 1830; x_wconf 82' lang='lat' dir='ltr'>fastidit</span> 
     </span>
    </p>
   </div>
   <div class='ocr_carea' id='block_1_78' title="bbox 1968 1868 3568 1943">
    <p class='ocr_par' dir='ltr' id='par_1_78' title="bbox 1968 1868 3568 1943">
     <span class='ocr_line' id='line_1_78' title="bbox 1968 1868 3568 1943; baseline 0.002 -19"><span class='ocrx_word' id='word_1_582' title='bbox 1968 1885 2090 1924; x_wconf 88' lang='lat' dir='ltr'>rara</span> <span class='ocrx_word' id='word_1_583' title='bbox 2136 1876 2190 1923; x_wconf 90' lang='lat' dir='ltr'>et</span> <span class='ocrx_word' id='word_1_584' title='bbox 2242 1868 2554 1941; x_wconf 88' lang='lat' dir='ltr'>singularia,</span> <span class='ocrx_word' id='word_1_585' title='bbox 2588 1875 2641 1922; x_wconf 86' lang='lat' dir='ltr'>et</span> <span class='ocrx_word' id='word_1_586' title='bbox 2694 1869 2737 1922; x_wconf 91' lang='lat' dir='ltr'>si</span> <span class='ocrx_word' id='word_1_587' title='bbox 2785 1868 2914 1925; x_wconf 86' lang='lat' dir='ltr'>vilia</span> <span class='ocrx_word' id='word_1_588' title='bbox 2970 1871 3221 1938; x_wconf 82' lang='lat' dir='ltr'>extollit;</span> <span class='ocrx_word' id='word_1_589' title='bbox 3257 1879 3313 1926; x_wconf 91' lang='lat' dir='ltr'>tu</span> <span class='ocrx_word' id='word_1_590' title='bbox 3359 1871 3568 1943; x_wconf 85' lang='lat' dir='ltr'>gaudes</span> 
     </span>
    </p>
   </div>
   <div class='ocr_carea' id='block_1_79' title="bbox 1971 1957 3568 2027">
    <p class='ocr_par' dir='ltr' id='par_1_79' title="bbox 1971 1957 3568 2027">
     <span class='ocr_line' id='line_1_79' title="bbox 1971 1957 3568 2027; baseline 0.003 -15"><span class='ocrx_word' id='word_1_591' title='bbox 1971 1957 2223 2013; x_wconf 90' lang='lat' dir='ltr'>omnibus</span> <span class='ocrx_word' id='word_1_592' title='bbox 2277 1957 2436 2012; x_wconf 88' lang='lat' dir='ltr'>bonis</span> <span class='ocrx_word' id='word_1_593' title='bbox 2466 1965 2718 2027; x_wconf 90' lang='lat' dir='ltr'>tauquam</span> <span class='ocrx_word' id='word_1_594' title='bbox 2760 1958 2859 2013; x_wconf 90' lang='lat' dir='ltr'>Dei</span> <span class='ocrx_word' id='word_1_595' title='bbox 2889 1957 3063 2027; x_wconf 85' lang='lat' dir='ltr'>donis,</span> <span class='ocrx_word' id='word_1_596' title='bbox 3096 1967 3148 2013; x_wconf 90' lang='lat' dir='ltr'>et</span> <span class='ocrx_word' id='word_1_597' title='bbox 3169 1975 3276 2014; x_wconf 92' lang='lat' dir='ltr'>non</span> <span class='ocrx_word' id='word_1_598' title='bbox 3307 1969 3416 2025; x_wconf 87' lang='lat' dir='ltr'>tua,</span> <span class='ocrx_word' id='word_1_599' title='bbox 3474 1960 3568 2016; x_wconf 80' lang='lat' dir='ltr'>sed</span> 
     </span>
    </p>
   </div>
   <div class='ocr_carea' id='block_1_80' title="bbox 1972 2045 3569 2117">
    <p class='ocr_par' dir='ltr' id='par_1_80' title="bbox 1972 2045 3569 2117">
     <span class='ocr_line' id='line_1_80' title="bbox 1972 2045 3569 2117; baseline 0 -15"><span class='ocrx_word' id='word_1_600' title='bbox 1972 2047 2148 2102; x_wconf 90' lang='lat' dir='ltr'>aliena</span> <span class='ocrx_word' id='word_1_601' title='bbox 2178 2046 2372 2117; x_wconf 68' lang='lat' dir='ltr'>quaeris</span> <span class='ocrx_word' id='word_1_602' title='bbox 2402 2046 2568 2101; x_wconf 88' lang='lat' dir='ltr'>lucra.</span> <span class='ocrx_word' id='word_1_603' title='bbox 2601 2046 2700 2101; x_wconf 86' lang='lat' dir='ltr'>Illa</span> <span class='ocrx_word' id='word_1_604' title='bbox 2729 2045 3012 2101; x_wconf 88' lang='lat' dir='ltr'>virtutibus</span> <span class='ocrx_word' id='word_1_605' title='bbox 3055 2047 3174 2101; x_wconf 87' lang='lat' dir='ltr'>aliis</span> <span class='ocrx_word' id='word_1_606' title='bbox 3228 2057 3465 2103; x_wconf 87' lang='lat' dir='ltr'>armatur</span> <span class='ocrx_word' id='word_1_607' title='bbox 3518 2055 3569 2102; x_wconf 89' lang='lat' dir='ltr'>et</span> 
     </span>
    </p>
   </div>
   <div class='ocr_carea' id='block_1_81' title="bbox 1973 2134 3570 2206">
    <p class='ocr_par' dir='ltr' id='par_1_81' title="bbox 1973 2134 3570 2206">
     <span class='ocr_line' id='line_1_81' title="bbox 1973 2134 3570 2206; baseline 0.001 -16"><span class='ocrx_word' id='word_1_608' title='bbox 1973 2135 2210 2190; x_wconf 86' lang='lat' dir='ltr'>elevatur</span> <span class='ocrx_word' id='word_1_609' title='bbox 2240 2148 2255 2203; x_wconf 90' lang='lat'><strong>;</strong></span> <span class='ocrx_word' id='word_1_610' title='bbox 2289 2151 2321 2189; x_wconf 92' lang='lat' dir='ltr'>a</span> <span class='ocrx_word' id='word_1_611' title='bbox 2351 2143 2401 2188; x_wconf 93' lang='lat' dir='ltr'>te</span> <span class='ocrx_word' id='word_1_612' title='bbox 2456 2134 2572 2190; x_wconf 89' lang='lat' dir='ltr'>sola</span> <span class='ocrx_word' id='word_1_613' title='bbox 2602 2134 2833 2189; x_wconf 87' lang='lat' dir='ltr'>vincitur</span> <span class='ocrx_word' id='word_1_614' title='bbox 2860 2141 2911 2188; x_wconf 91' lang='lat' dir='ltr'>et</span> <span class='ocrx_word' id='word_1_615' title='bbox 2932 2134 3307 2206; x_wconf 81' lang='lat' dir='ltr'>exstinguitur.</span> <span class='ocrx_word' id='word_1_616' title='bbox 3341 2136 3419 2190; x_wconf 89' lang='lat' dir='ltr'>Tu</span> <span class='ocrx_word' id='word_1_617' title='bbox 3463 2135 3570 2192; x_wconf 77' lang='lat' dir='ltr'>lau-</span> 
     </span>
    </p>
   </div>
   <div class='ocr_carea' id='block_1_82' title="bbox 1972 2231 3569 2304">
    <p class='ocr_par' dir='ltr' id='par_1_82' title="bbox 1972 2231 3569 2304">
     <span class='ocr_line' id='line_1_82' title="bbox 1972 2231 3569 2304; baseline 0.001 -19"><span class='ocrx_word' id='word_1_618' title='bbox 1972 2231 2096 2287; x_wconf 91' lang='lat' dir='ltr'>dem</span> <span class='ocrx_word' id='word_1_619' title='bbox 2151 2231 2413 2299; x_wconf 84' lang='lat' dir='ltr'>divinam,</span> <span class='ocrx_word' id='word_1_620' title='bbox 2447 2231 2539 2286; x_wconf 89' lang='lat' dir='ltr'>illa</span> <span class='ocrx_word' id='word_1_621' title='bbox 2593 2231 2923 2303; x_wconf 88' lang='lat' dir='ltr'>concupiscit</span> <span class='ocrx_word' id='word_1_622' title='bbox 2953 2233 3265 2287; x_wconf 88' lang='lat' dir='ltr'>humanam.</span> <span class='ocrx_word' id='word_1_623' title='bbox 3305 2233 3386 2287; x_wconf 87' lang='lat' dir='ltr'>Tu</span> <span class='ocrx_word' id='word_1_624' title='bbox 3441 2232 3569 2304; x_wconf 85' lang='lat' dir='ltr'>glo-</span> 
     </span>
    </p>
   </div>
   <div class='ocr_carea' id='block_1_83' title="bbox 1970 2320 3570 2393">
    <p class='ocr_par' dir='ltr' id='par_1_83' title="bbox 1970 2320 3570 2393">
     <span class='ocr_line' id='line_1_83' title="bbox 1970 2320 3570 2393; baseline -0.001 -17"><span class='ocrx_word' id='word_1_625' title='bbox 1970 2322 2125 2376; x_wconf 89' lang='lat' dir='ltr'>riaris</span> <span class='ocrx_word' id='word_1_626' title='bbox 2156 2321 2210 2375; x_wconf 91' lang='lat' dir='ltr'>in</span> <span class='ocrx_word' id='word_1_627' title='bbox 2267 2321 2608 2376; x_wconf 62' lang='lat' dir='ltr'>conscientiae</span> <span class='ocrx_word' id='word_1_628' title='bbox 2639 2320 2962 2388; x_wconf 86' lang='lat' dir='ltr'>testimonio,</span> <span class='ocrx_word' id='word_1_629' title='bbox 3005 2321 3095 2376; x_wconf 89' lang='lat' dir='ltr'>illa</span> <span class='ocrx_word' id='word_1_630' title='bbox 3125 2320 3180 2376; x_wconf 91' lang='lat' dir='ltr'>in</span> <span class='ocrx_word' id='word_1_631' title='bbox 3222 2321 3422 2393; x_wconf 73' lang='lat' dir='ltr'>linguas</span> <span class='ocrx_word' id='word_1_632' title='bbox 3469 2337 3570 2376; x_wconf 83' lang='lat' dir='ltr'>va-</span> 
     </span>
    </p>
   </div>
   <div class='ocr_carea' id='block_1_84' title="bbox 1972 2418 3570 2490">
    <p class='ocr_par' dir='ltr' id='par_1_84' title="bbox 1972 2418 3570 2490">
     <span class='ocr_line' id='line_1_84' title="bbox 1972 2418 3570 2490; baseline -0.001 -16"><span class='ocrx_word' id='word_1_633' title='bbox 1972 2419 2232 2489; x_wconf 89' lang='lat' dir='ltr'>niloquio.</span> <span class='ocrx_word' id='word_1_634' title='bbox 2291 2419 2368 2473; x_wconf 91' lang='lat' dir='ltr'>Tu</span> <span class='ocrx_word' id='word_1_635' title='bbox 2417 2419 2550 2473; x_wconf 91' lang='lat' dir='ltr'>colis</span> <span class='ocrx_word' id='word_1_636' title='bbox 2569 2434 2680 2485; x_wconf 87' lang='lat' dir='ltr'>cor,</span> <span class='ocrx_word' id='word_1_637' title='bbox 2714 2418 2806 2473; x_wconf 92' lang='lat' dir='ltr'>illa</span> <span class='ocrx_word' id='word_1_638' title='bbox 2836 2433 3047 2490; x_wconf 80' lang='lat' dir='ltr'>corpus.</span> <span class='ocrx_word' id='word_1_639' title='bbox 3103 2419 3184 2473; x_wconf 87' lang='lat' dir='ltr'>Tu</span> <span class='ocrx_word' id='word_1_640' title='bbox 3239 2434 3400 2472; x_wconf 89' lang='lat' dir='ltr'>ornas</span> <span class='ocrx_word' id='word_1_641' title='bbox 3454 2418 3570 2473; x_wconf 82' lang='lat' dir='ltr'>ani-</span> 
     </span>
    </p>
   </div>
   <div class='ocr_carea' id='block_1_85' title="bbox 1971 2505 3568 2576">
    <p class='ocr_par' dir='ltr' id='par_1_85' title="bbox 1971 2505 3568 2576">
     <span class='ocr_line' id='line_1_85' title="bbox 1971 2505 3568 2576; baseline -0.001 -14"><span class='ocrx_word' id='word_1_642' title='bbox 1971 2523 2141 2572; x_wconf 89' lang='lat' dir='ltr'>mum,</span> <span class='ocrx_word' id='word_1_643' title='bbox 2180 2507 2271 2562; x_wconf 89' lang='lat' dir='ltr'>illa</span> <span class='ocrx_word' id='word_1_644' title='bbox 2294 2507 2520 2562; x_wconf 87' lang='lat' dir='ltr'>vultum.</span> <span class='ocrx_word' id='word_1_645' title='bbox 2570 2508 2648 2562; x_wconf 88' lang='lat' dir='ltr'>Tu</span> <span class='ocrx_word' id='word_1_646' title='bbox 2675 2506 2859 2576; x_wconf 89' lang='lat' dir='ltr'>places</span> <span class='ocrx_word' id='word_1_647' title='bbox 2886 2507 3020 2574; x_wconf 92' lang='lat' dir='ltr'>Deo,</span> <span class='ocrx_word' id='word_1_648' title='bbox 3053 2507 3141 2561; x_wconf 89' lang='lat' dir='ltr'>illa</span> <span class='ocrx_word' id='word_1_649' title='bbox 3199 2505 3438 2561; x_wconf 85' lang='lat' dir='ltr'>diabolo.</span> <span class='ocrx_word' id='word_1_650' title='bbox 3489 2506 3568 2561; x_wconf 88' lang='lat' dir='ltr'>Tu</span> 
     </span>
    </p>
   </div>
   <div class='ocr_carea' id='block_1_86' title="bbox 1971 2593 3570 2667">
    <p class='ocr_par' dir='ltr' id='par_1_86' title="bbox 1971 2593 3570 2667">
     <span class='ocr_line' id='line_1_86' title="bbox 1971 2593 3570 2667; baseline -0.003 -17"><span class='ocrx_word' id='word_1_651' title='bbox 1971 2595 2341 2667; x_wconf 79' lang='lat' dir='ltr'>interemptrix</span> <span class='ocrx_word' id='word_1_652' title='bbox 2369 2613 2427 2650; x_wconf 88' lang='lat' dir='ltr'>es</span> <span class='ocrx_word' id='word_1_653' title='bbox 2463 2595 2736 2660; x_wconf 89' lang='lat' dir='ltr'>vitiorum,</span> <span class='ocrx_word' id='word_1_654' title='bbox 2779 2595 2869 2650; x_wconf 89' lang='lat' dir='ltr'>illa</span> <span class='ocrx_word' id='word_1_655' title='bbox 2898 2595 3173 2660; x_wconf 86' lang='lat' dir='ltr'>virtutum,</span> <span class='ocrx_word' id='word_1_656' title='bbox 3205 2595 3284 2650; x_wconf 85' lang='lat' dir='ltr'>Tu</span> <span class='ocrx_word' id='word_1_657' title='bbox 3336 2593 3570 2649; x_wconf 65' lang='lat' dir='ltr'>aediﬁcas</span> 
     </span>
    </p>
   </div>
   <div class='ocr_carea' id='block_1_87' title="bbox 1969 2682 3562 2754">
    <p class='ocr_par' dir='ltr' id='par_1_87' title="bbox 1969 2682 3562 2754">
     <span class='ocr_line' id='line_1_87' title="bbox 1969 2682 3562 2754; baseline -0.003 -14"><span class='ocrx_word' id='word_1_658' title='bbox 1969 2684 2324 2751; x_wconf 77' lang='lat' dir='ltr'>Hierusalem,</span> <span class='ocrx_word' id='word_1_659' title='bbox 2387 2684 2478 2739; x_wconf 90' lang='lat' dir='ltr'>illa</span> <span class='ocrx_word' id='word_1_660' title='bbox 2532 2683 2904 2754; x_wconf 78' lang='lat' dir='ltr'>Babyloniam.</span> <span class='ocrx_word' id='word_1_661' title='bbox 2959 2684 3038 2739; x_wconf 90' lang='lat' dir='ltr'>Tu</span> <span class='ocrx_word' id='word_1_662' title='bbox 3093 2682 3255 2738; x_wconf 89' lang='lat' dir='ltr'>doces</span> <span class='ocrx_word' id='word_1_663' title='bbox 3302 2682 3562 2746; x_wconf 86' lang='lat' dir='ltr'>animum,</span> 
     </span>
    </p>
   </div>
   <div class='ocr_carea' id='block_1_88' title="bbox 1970 2769 3565 2843">
    <p class='ocr_par' dir='ltr' id='par_1_88' title="bbox 1970 2769 3565 2843">
     <span class='ocr_line' id='line_1_88' title="bbox 1970 2769 3565 2843; baseline -0.002 -17"><span class='ocrx_word' id='word_1_664' title='bbox 1970 2772 2230 2843; x_wconf 87' lang='lat' dir='ltr'>quidquid</span> <span class='ocrx_word' id='word_1_665' title='bbox 2303 2780 2455 2828; x_wconf 84' lang='lat' dir='ltr'>extra</span> <span class='ocrx_word' id='word_1_666' title='bbox 2511 2773 2730 2828; x_wconf 88' lang='lat' dir='ltr'>molitur</span> <span class='ocrx_word' id='word_1_667' title='bbox 2785 2771 2896 2826; x_wconf 89' lang='lat' dir='ltr'>suis</span> <span class='ocrx_word' id='word_1_668' title='bbox 2950 2779 3212 2826; x_wconf 88' lang='lat' dir='ltr'>retrusum</span> <span class='ocrx_word' id='word_1_669' title='bbox 3293 2769 3565 2841; x_wconf 80' lang='lat' dir='ltr'>possidere</span> 
     </span>
    </p>
   </div>
   <div class='ocr_carea' id='block_1_89' title="bbox 1969 2857 3564 2932">
    <p class='ocr_par' dir='ltr' id='par_1_89' title="bbox 1969 2857 3564 2932">
     <span class='ocr_line' id='line_1_89' title="bbox 1969 2857 3564 2932; baseline -0.003 -16"><span class='ocrx_word' id='word_1_670' title='bbox 1969 2861 2249 2926; x_wconf 85' lang='lat' dir='ltr'>thesauris.</span> <span class='ocrx_word' id='word_1_671' title='bbox 2326 2862 2418 2916; x_wconf 88' lang='lat' dir='ltr'>illa</span> <span class='ocrx_word' id='word_1_672' title='bbox 2466 2861 2610 2932; x_wconf 89' lang='lat' dir='ltr'>quod</span> <span class='ocrx_word' id='word_1_673' title='bbox 2663 2861 2982 2915; x_wconf 87' lang='lat' dir='ltr'>stelliferum</span> <span class='ocrx_word' id='word_1_674' title='bbox 3041 2857 3322 2916; x_wconf 88' lang='lat' dir='ltr'>transabiit</span> <span class='ocrx_word' id='word_1_675' title='bbox 3369 2858 3564 2914; x_wconf 72' lang='lat' dir='ltr'>emtum</span> 
     </span>
    </p>
   </div>
   <div class='ocr_carea' id='block_1_90' title="bbox 1970 2947 3560 3020">
    <p class='ocr_par' dir='ltr' id='par_1_90' title="bbox 1970 2947 3560 3020">
     <span class='ocr_line' id='line_1_90' title="bbox 1970 2947 3560 3020; baseline -0.003 -14"><span class='ocrx_word' id='word_1_676' title='bbox 1970 2951 2156 3006; x_wconf 88' lang='lat' dir='ltr'>tellure</span> <span class='ocrx_word' id='word_1_677' title='bbox 2209 2951 2456 3006; x_wconf 86' lang='lat' dir='ltr'>demersa</span> <span class='ocrx_word' id='word_1_678' title='bbox 2503 2949 2635 3020; x_wconf 91' lang='lat' dir='ltr'>petit</span> <span class='ocrx_word' id='word_1_679' title='bbox 2710 2951 2788 3004; x_wconf 87' lang='lat' dir='ltr'>Tu</span> <span class='ocrx_word' id='word_1_680' title='bbox 2845 2965 2904 3002; x_wconf 90' lang='lat' dir='ltr'>es</span> <span class='ocrx_word' id='word_1_681' title='bbox 2950 2948 3092 3014; x_wconf 85' lang='lat' dir='ltr'>fons,</span> <span class='ocrx_word' id='word_1_682' title='bbox 3150 2947 3560 3013; x_wconf 75' lang='lat' dir='ltr'>incrementum,</span> 
     </span>
    </p>
   </div>
   <div class='ocr_carea' id='block_1_91' title="bbox 1967 3034 3562 3109">
    <p class='ocr_par' dir='ltr' id='par_1_91' title="bbox 1967 3034 3562 3109">
     <span class='ocr_line' id='line_1_91' title="bbox 1967 3034 3562 3109; baseline -0.003 -15"><span class='ocrx_word' id='word_1_683' title='bbox 1967 3039 2090 3094; x_wconf 88' lang='lat' dir='ltr'>ﬁnis</span> <span class='ocrx_word' id='word_1_684' title='bbox 2107 3038 2360 3095; x_wconf 89' lang='lat' dir='ltr'>virtutum</span> <span class='ocrx_word' id='word_1_685' title='bbox 2395 3054 2408 3107; x_wconf 91' lang='lat'><strong>;</strong></span> <span class='ocrx_word' id='word_1_686' title='bbox 2441 3039 2532 3094; x_wconf 91' lang='lat' dir='ltr'>illa</span> <span class='ocrx_word' id='word_1_687' title='bbox 2560 3037 2764 3109; x_wconf 88' lang='lat' dir='ltr'>incipit,</span> <span class='ocrx_word' id='word_1_688' title='bbox 2824 3036 3075 3109; x_wconf 88' lang='lat' dir='ltr'>adauget,</span> <span class='ocrx_word' id='word_1_689' title='bbox 3133 3034 3346 3107; x_wconf 82' lang='lat' dir='ltr'>perﬁcit</span> <span class='ocrx_word' id='word_1_690' title='bbox 3402 3051 3562 3091; x_wconf 80' lang='lat' dir='ltr'>omne</span> 
     </span>
    </p>
   </div>
   <div class='ocr_carea' id='block_1_92' title="bbox 1967 3131 3562 3204">
    <p class='ocr_par' dir='ltr' id='par_1_92' title="bbox 1967 3131 3562 3204">
     <span class='ocr_line' id='line_1_92' title="bbox 1967 3131 3562 3204; baseline -0.003 -14"><span class='ocrx_word' id='word_1_691' title='bbox 1967 3137 2196 3191; x_wconf 89' lang='lat' dir='ltr'>malum.</span> <span class='ocrx_word' id='word_1_692' title='bbox 2244 3137 2340 3190; x_wconf 89' lang='lat' dir='ltr'>Illa</span> <span class='ocrx_word' id='word_1_693' title='bbox 2369 3133 2709 3203; x_wconf 88' lang='lat' dir='ltr'>blasphemat</span> <span class='ocrx_word' id='word_1_694' title='bbox 2729 3132 2828 3189; x_wconf 92' lang='lat' dir='ltr'>Dei</span> <span class='ocrx_word' id='word_1_695' title='bbox 2860 3147 3062 3204; x_wconf 82' lang='lat' dir='ltr'>opera;</span> <span class='ocrx_word' id='word_1_696' title='bbox 3095 3131 3246 3202; x_wconf 87' lang='lat' dir='ltr'>quasi</span> <span class='ocrx_word' id='word_1_697' title='bbox 3266 3131 3562 3203; x_wconf 88' lang='lat' dir='ltr'>sapientior</span> 
     </span>
    </p>
   </div>
   <div class='ocr_carea' id='block_1_93' title="bbox 1966 3218 3560 3292">
    <p class='ocr_par' dir='ltr' id='par_1_93' title="bbox 1966 3218 3560 3292">
     <span class='ocr_line' id='line_1_93' title="bbox 1966 3218 3560 3292; baseline -0.005 -12"><span class='ocrx_word' id='word_1_698' title='bbox 1966 3225 2102 3286; x_wconf 88' lang='lat' dir='ltr'>Deo.</span> <span class='ocrx_word' id='word_1_699' title='bbox 2133 3231 2428 3279; x_wconf 90' lang='lat' dir='ltr'>commutat</span> <span class='ocrx_word' id='word_1_700' title='bbox 2465 3238 2527 3278; x_wconf 91' lang='lat' dir='ltr'>ea</span> <span class='ocrx_word' id='word_1_701' title='bbox 2558 3221 2709 3292; x_wconf 88' lang='lat' dir='ltr'>quasi</span> <span class='ocrx_word' id='word_1_702' title='bbox 2762 3221 2989 3276; x_wconf 89' lang='lat' dir='ltr'>meliora</span> <span class='ocrx_word' id='word_1_703' title='bbox 3035 3221 3149 3276; x_wconf 87' lang='lat' dir='ltr'>Deo</span> <span class='ocrx_word' id='word_1_704' title='bbox 3182 3234 3196 3288; x_wconf 91' lang='lat'>;</span> <span class='ocrx_word' id='word_1_705' title='bbox 3223 3228 3279 3274; x_wconf 93' lang='lat' dir='ltr'>tu</span> <span class='ocrx_word' id='word_1_706' title='bbox 3308 3219 3436 3290; x_wconf 86' lang='lat' dir='ltr'>quia</span> <span class='ocrx_word' id='word_1_707' title='bbox 3455 3218 3560 3274; x_wconf 86' lang='lat' dir='ltr'>scis</span> 
     </span>
    </p>
   </div>
   <div class='ocr_carea' id='block_1_94' title="bbox 1964 3314 3557 3392">
    <p class='ocr_par' dir='ltr' id='par_1_94' title="bbox 1964 3314 3557 3392">
     <span class='ocr_line' id='line_1_94' title="bbox 1964 3314 3557 3392; baseline -0.005 -17"><span class='ocrx_word' id='word_1_708' title='bbox 1964 3321 2241 3392; x_wconf 61' lang='lat' dir='ltr'>sapientia</span> <span class='ocrx_word' id='word_1_709' title='bbox 2271 3319 2344 3374; x_wconf 90' lang='lat' dir='ltr'>nil</span> <span class='ocrx_word' id='word_1_710' title='bbox 2375 3318 2497 3374; x_wconf 91' lang='lat' dir='ltr'>inde</span> <span class='ocrx_word' id='word_1_711' title='bbox 2529 3317 2816 3374; x_wconf 89' lang='lat' dir='ltr'>convenire</span> <span class='ocrx_word' id='word_1_712' title='bbox 2840 3316 3063 3386; x_wconf 71' lang='lat' dir='ltr'>justitize</span> <span class='ocrx_word' id='word_1_713' title='bbox 3090 3315 3208 3383; x_wconf 91' lang='lat' dir='ltr'>Dei,</span> <span class='ocrx_word' id='word_1_714' title='bbox 3235 3314 3308 3369; x_wconf 90' lang='lat' dir='ltr'>nil</span> <span class='ocrx_word' id='word_1_715' title='bbox 3327 3329 3557 3384; x_wconf 87' lang='lat' dir='ltr'>pravum</span> 
     </span>
    </p>
   </div>
   <div class='ocr_carea' id='block_1_95' title="bbox 1965 3401 3558 3477">
    <p class='ocr_par' dir='ltr' id='par_1_95' title="bbox 1965 3401 3558 3477">
     <span class='ocr_line' id='line_1_95' title="bbox 1965 3401 3558 3477; baseline -0.004 -12"><span class='ocrx_word' id='word_1_716' title='bbox 1965 3409 2238 3465; x_wconf 69' lang='lat' dir='ltr'>adhaerere</span> <span class='ocrx_word' id='word_1_717' title='bbox 2287 3405 2710 3477; x_wconf 69' lang='lat' dir='ltr'>omnipotentiae,</span> <span class='ocrx_word' id='word_1_718' title='bbox 2763 3405 2838 3460; x_wconf 91' lang='lat' dir='ltr'>nil</span> <span class='ocrx_word' id='word_1_719' title='bbox 2860 3421 3014 3476; x_wconf 90' lang='lat' dir='ltr'>posse</span> <span class='ocrx_word' id='word_1_720' title='bbox 3069 3401 3558 3459; x_wconf 82' lang='lat' dir='ltr'>resisterezidcirco</span> 
     </span>
    </p>
   </div>
   <div class='ocr_carea' id='block_1_96' title="bbox 1964 3491 3556 3568">
    <p class='ocr_par' dir='ltr' id='par_1_96' title="bbox 1964 3491 3556 3568">
     <span class='ocr_line' id='line_1_96' title="bbox 1964 3491 3556 3568; baseline -0.005 -14"><span class='ocrx_word' id='word_1_721' title='bbox 1964 3514 2124 3554; x_wconf 88' lang='lat' dir='ltr'>omne</span> <span class='ocrx_word' id='word_1_722' title='bbox 2181 3496 2324 3568; x_wconf 86' lang='lat' dir='ltr'>quod</span> <span class='ocrx_word' id='word_1_723' title='bbox 2355 3503 2430 3550; x_wconf 89' lang='lat' dir='ltr'>est</span> <span class='ocrx_word' id='word_1_724' title='bbox 2487 3503 2742 3565; x_wconf 87' lang='lat' dir='ltr'>tanquam</span> <span class='ocrx_word' id='word_1_725' title='bbox 2798 3509 2934 3566; x_wconf 91' lang='lat' dir='ltr'>opus</span> <span class='ocrx_word' id='word_1_726' title='bbox 2960 3492 3059 3548; x_wconf 93' lang='lat' dir='ltr'>Dei</span> <span class='ocrx_word' id='word_1_727' title='bbox 3114 3491 3556 3563; x_wconf 84' lang='lat' dir='ltr'>pulcherrimum,</span> 
     </span>
    </p>
   </div>
   <div class='ocr_carea' id='block_1_97' title="bbox 1963 3589 3560 3665">
    <p class='ocr_par' dir='ltr' id='par_1_97' title="bbox 1963 3589 3560 3665">
     <span class='ocr_line' id='line_1_97' title="bbox 1963 3589 3560 3665; baseline -0.003 -15"><span class='ocrx_word' id='word_1_728' title='bbox 1963 3595 2250 3665; x_wconf 90' lang='lat' dir='ltr'>optimum,</span> <span class='ocrx_word' id='word_1_729' title='bbox 2300 3593 2746 3665; x_wconf 89' lang='lat' dir='ltr'>perfectissimum</span> <span class='ocrx_word' id='word_1_730' title='bbox 2803 3590 3034 3662; x_wconf 85' lang='lat' dir='ltr'>judicas,</span> <span class='ocrx_word' id='word_1_731' title='bbox 3094 3589 3229 3646; x_wconf 88' lang='lat' dir='ltr'>dicis</span> <span class='ocrx_word' id='word_1_732' title='bbox 3289 3611 3312 3637; x_wconf 80' lang='grc' dir='ltr'>ιι</span> <span class='ocrx_word' id='word_1_733' title='bbox 3374 3589 3560 3646; x_wconf 84' lang='lat' dir='ltr'>omnia</span> 
     </span>
    </p>
   </div>
   <div class='ocr_carea' id='block_1_98' title="bbox 1963 3677 3554 3755">
    <p class='ocr_par' dir='ltr' id='par_1_98' title="bbox 1963 3677 3554 3755">
     <span class='ocr_line' id='line_1_98' title="bbox 1963 3677 3554 3755; baseline -0.004 -15"><span class='ocrx_word' id='word_1_734' title='bbox 1963 3699 2128 3755; x_wconf 90' lang='lat' dir='ltr'>opera</span> <span class='ocrx_word' id='word_1_735' title='bbox 2183 3682 2397 3738; x_wconf 91' lang='lat' dir='ltr'>Domini</span> <span class='ocrx_word' id='word_1_736' title='bbox 2453 3697 2654 3753; x_wconf 88' lang='lat' dir='ltr'>magna</span> <span class='ocrx_word' id='word_1_737' title='bbox 2700 3688 2756 3736; x_wconf 92' lang='lat' dir='ltr'>et</span> <span class='ocrx_word' id='word_1_738' title='bbox 2809 3679 3071 3751; x_wconf 82' lang='lat' dir='ltr'>exquisita</span> <span class='ocrx_word' id='word_1_739' title='bbox 3124 3677 3182 3735; x_wconf 91' lang='lat' dir='ltr'>in</span> <span class='ocrx_word' id='word_1_740' title='bbox 3234 3693 3424 3734; x_wconf 88' lang='lat' dir='ltr'>omnes</span> <span class='ocrx_word' id='word_1_741' title='bbox 3449 3693 3554 3736; x_wconf 93' lang='lat' dir='ltr'>vo-</span> 
     </span>
    </p>
   </div>
   <div class='ocr_carea' id='block_1_99' title="bbox 1962 3771 2758 3842">
    <p class='ocr_par' dir='ltr' id='par_1_99' title="bbox 1962 3771 2758 3842">
     <span class='ocr_line' id='line_1_99' title="bbox 1962 3771 2758 3842; baseline -0.006 -13"><span class='ocrx_word' id='word_1_742' title='bbox 1962 3774 2190 3828; x_wconf 89' lang='lat' dir='ltr'>luntates</span> <span class='ocrx_word' id='word_1_743' title='bbox 2217 3771 2334 3842; x_wconf 90' lang='lat' dir='ltr'>ejus</span> <span class='ocrx_word' id='word_1_744' title='bbox 2361 3773 2542 3840; x_wconf 67' lang='lat' dir='ltr'>(Prol.</span> <span class='ocrx_word' id='word_1_745' title='bbox 2582 3771 2700 3840; x_wconf 74' lang='lat' dir='ltr'>cx).</span> <span class='ocrx_word' id='word_1_746' title='bbox 2735 3793 2758 3817; x_wconf 73' lang='grc' dir='ltr'>ιι</span> 
     </span>
    </p>
   </div>
   <div class='ocr_carea' id='block_1_100' title="bbox 2033 3907 3550 3981">
    <p class='ocr_par' dir='ltr' id='par_1_100' title="bbox 2033 3907 3550 3981">
     <span class='ocr_line' id='line_1_100' title="bbox 2033 3907 3550 3981; baseline -0.001 -17"><span class='ocrx_word' id='word_1_747' title='bbox 2033 3909 2374 3981; x_wconf 85' lang='lat' dir='ltr'>QuaprOpter</span> <span class='ocrx_word' id='word_1_748' title='bbox 2402 3908 2585 3965; x_wconf 91' lang='lat' dir='ltr'>omnia</span> <span class='ocrx_word' id='word_1_749' title='bbox 2613 3923 2779 3980; x_wconf 87' lang='lat' dir='ltr'>opera</span> <span class='ocrx_word' id='word_1_750' title='bbox 2826 3907 3043 3964; x_wconf 90' lang='lat' dir='ltr'>Domini</span> <span class='ocrx_word' id='word_1_751' title='bbox 3071 3907 3368 3976; x_wconf 86' lang='lat' dir='ltr'>benedicis,</span> <span class='ocrx_word' id='word_1_752' title='bbox 3428 3908 3550 3964; x_wconf 84' lang='lat' dir='ltr'>lau-</span> 
     </span>
    </p>
   </div>
   <div class='ocr_carea' id='block_1_101' title="bbox 1959 3995 3553 4069">
    <p class='ocr_par' dir='ltr' id='par_1_101' title="bbox 1959 3995 3553 4069">
     <span class='ocr_line' id='line_1_101' title="bbox 1959 3995 3553 4069; baseline -0.002 -17"><span class='ocrx_word' id='word_1_753' title='bbox 1959 3999 2056 4054; x_wconf 89' lang='lat' dir='ltr'>das</span> <span class='ocrx_word' id='word_1_754' title='bbox 2084 4006 2138 4054; x_wconf 91' lang='lat' dir='ltr'>et</span> <span class='ocrx_word' id='word_1_755' title='bbox 2191 3998 2580 4069; x_wconf 83' lang='lat' dir='ltr'>superexaltas.</span> <span class='ocrx_word' id='word_1_756' title='bbox 2615 3997 2678 4051; x_wconf 86' lang='lat' dir='ltr'>Et</span> <span class='ocrx_word' id='word_1_757' title='bbox 2728 3997 2864 4052; x_wconf 76' lang='lat' dir='ltr'>sicut</span> <span class='ocrx_word' id='word_1_758' title='bbox 2918 3996 3025 4052; x_wconf 91' lang='lat' dir='ltr'>duo</span> <span class='ocrx_word' id='word_1_759' title='bbox 3054 4013 3258 4068; x_wconf 88' lang='lat' dir='ltr'>genera</span> <span class='ocrx_word' id='word_1_760' title='bbox 3311 3995 3385 4052; x_wconf 85' lang='lat' dir='ltr'>tui</span> <span class='ocrx_word' id='word_1_761' title='bbox 3439 3996 3553 4052; x_wconf 78' lang='lat' dir='ltr'>exi-</span> 
     </span>
    </p>
   </div>
   <div class='ocr_carea' id='block_1_102' title="bbox 1958 4083 3555 4156">
    <p class='ocr_par' dir='ltr' id='par_1_102' title="bbox 1958 4083 3555 4156">
     <span class='ocr_line' id='line_1_102' title="bbox 1958 4083 3555 4156; baseline -0.003 -15"><span class='ocrx_word' id='word_1_762' title='bbox 1958 4095 2102 4141; x_wconf 89' lang='lat' dir='ltr'>stunt</span> <span class='ocrx_word' id='word_1_763' title='bbox 2131 4086 2326 4156; x_wconf 87' lang='lat' dir='ltr'>quibus</span> <span class='ocrx_word' id='word_1_764' title='bbox 2380 4093 2436 4139; x_wconf 91' lang='lat' dir='ltr'>tu</span> <span class='ocrx_word' id='word_1_765' title='bbox 2466 4085 2796 4156; x_wconf 86' lang='lat' dir='ltr'>agnosceris,</span> <span class='ocrx_word' id='word_1_766' title='bbox 2831 4084 2903 4138; x_wconf 89' lang='lat' dir='ltr'>ita</span> <span class='ocrx_word' id='word_1_767' title='bbox 2949 4091 3004 4139; x_wconf 91' lang='lat' dir='ltr'>et</span> <span class='ocrx_word' id='word_1_768' title='bbox 3030 4084 3136 4140; x_wconf 88' lang='lat' dir='ltr'>duo</span> <span class='ocrx_word' id='word_1_769' title='bbox 3155 4099 3359 4156; x_wconf 79' lang='lat' dir='ltr'>genera</span> <span class='ocrx_word' id='word_1_770' title='bbox 3413 4083 3555 4138; x_wconf 85' lang='lat' dir='ltr'>illius</span> 
     </span>
    </p>
   </div>
   <div class='ocr_carea' id='block_1_103' title="bbox 1958 4171 3550 4244">
    <p class='ocr_par' dir='ltr' id='par_1_103' title="bbox 1958 4171 3550 4244">
     <span class='ocr_line' id='line_1_103' title="bbox 1958 4171 3550 4244; baseline -0.002 -15"><span class='ocrx_word' id='word_1_771' title='bbox 1958 4174 2206 4238; x_wconf 80' lang='lat' dir='ltr'>existant,</span> <span class='ocrx_word' id='word_1_772' title='bbox 2269 4189 2366 4244; x_wconf 91' lang='lat' dir='ltr'>per</span> <span class='ocrx_word' id='word_1_773' title='bbox 2410 4188 2531 4241; x_wconf 72' lang='lat' dir='ltr'>qua:</span> <span class='ocrx_word' id='word_1_774' title='bbox 2587 4179 2641 4227; x_wconf 92' lang='lat' dir='ltr'>et</span> <span class='ocrx_word' id='word_1_775' title='bbox 2696 4172 2813 4242; x_wconf 83' lang='lat' dir='ltr'>ipsa</span> <span class='ocrx_word' id='word_1_776' title='bbox 2868 4172 3193 4243; x_wconf 88' lang='lat' dir='ltr'>agnoscitur.</span> <span class='ocrx_word' id='word_1_777' title='bbox 3223 4172 3343 4228; x_wconf 91' lang='lat' dir='ltr'>Duo</span> <span class='ocrx_word' id='word_1_778' title='bbox 3372 4171 3550 4241; x_wconf 80' lang='lat' dir='ltr'>itaque</span> 
     </span>
    </p>
   </div>
   <div class='ocr_carea' id='block_1_104' title="bbox 1957 4259 3547 4333">
    <p class='ocr_par' dir='ltr' id='par_1_104' title="bbox 1957 4259 3547 4333">
     <span class='ocr_line' id='line_1_104' title="bbox 1957 4259 3547 4333; baseline -0.002 -16"><span class='ocrx_word' id='word_1_779' title='bbox 1957 4271 2304 4333; x_wconf 89' lang='lat' dir='ltr'>suntgenera</span> <span class='ocrx_word' id='word_1_780' title='bbox 2367 4259 2660 4316; x_wconf 88' lang='lat' dir='ltr'>elationis:</span> <span class='ocrx_word' id='word_1_781' title='bbox 2694 4259 2838 4315; x_wconf 87' lang='lat' dir='ltr'>aliud</span> <span class='ocrx_word' id='word_1_782' title='bbox 2894 4259 3036 4317; x_wconf 87' lang='lat' dir='ltr'>intus</span> <span class='ocrx_word' id='word_1_783' title='bbox 3087 4275 3188 4331; x_wconf 89' lang='lat' dir='ltr'>per</span> <span class='ocrx_word' id='word_1_784' title='bbox 3239 4259 3547 4331; x_wconf 86' lang='lat' dir='ltr'>superbiam</span> 
     </span>
    </p>
   </div>
   <div class='ocr_carea' id='block_1_105' title="bbox 1959 4348 3552 4421">
    <p class='ocr_par' dir='ltr' id='par_1_105' title="bbox 1959 4348 3552 4421">
     <span class='ocr_line' id='line_1_105' title="bbox 1959 4348 3552 4421; baseline -0.001 -16"><span class='ocrx_word' id='word_1_785' title='bbox 1959 4350 2173 4416; x_wconf 90' lang='lat' dir='ltr'>mentis,</span> <span class='ocrx_word' id='word_1_786' title='bbox 2206 4349 2350 4404; x_wconf 88' lang='lat' dir='ltr'>aliud</span> <span class='ocrx_word' id='word_1_787' title='bbox 2409 4349 2538 4404; x_wconf 90' lang='lat' dir='ltr'>foris</span> <span class='ocrx_word' id='word_1_788' title='bbox 2565 4364 2663 4419; x_wconf 90' lang='lat' dir='ltr'>per</span> <span class='ocrx_word' id='word_1_789' title='bbox 2691 4348 2912 4419; x_wconf 88' lang='lat' dir='ltr'>typhum</span> <span class='ocrx_word' id='word_1_790' title='bbox 2959 4349 3229 4404; x_wconf 90' lang='lat' dir='ltr'>elationis.</span> <span class='ocrx_word' id='word_1_791' title='bbox 3285 4348 3552 4421; x_wconf 88' lang='lat' dir='ltr'>Superbia</span> 
     </span>
    </p>
   </div>
   <div class='ocr_carea' id='block_1_106' title="bbox 1960 4436 3552 4509">
    <p class='ocr_par' dir='ltr' id='par_1_106' title="bbox 1960 4436 3552 4509">
     <span class='ocr_line' id='line_1_106' title="bbox 1960 4436 3552 4509; baseline -0.001 -15"><span class='ocrx_word' id='word_1_792' title='bbox 1960 4439 2103 4494; x_wconf 89' lang='lat' dir='ltr'>enim</span> <span class='ocrx_word' id='word_1_793' title='bbox 2133 4438 2274 4492; x_wconf 89' lang='lat' dir='ltr'>intus</span> <span class='ocrx_word' id='word_1_794' title='bbox 2294 4445 2392 4501; x_wconf 85' lang='lat' dir='ltr'>est.</span> <span class='ocrx_word' id='word_1_795' title='bbox 2417 4436 2677 4507; x_wconf 84' lang='lat' dir='ltr'>jactantia</span> <span class='ocrx_word' id='word_1_796' title='bbox 2719 4436 2869 4492; x_wconf 89' lang='lat' dir='ltr'>foris.</span> <span class='ocrx_word' id='word_1_797' title='bbox 2901 4436 3166 4509; x_wconf 82' lang='lat' dir='ltr'>Superbia</span> <span class='ocrx_word' id='word_1_798' title='bbox 3207 4438 3312 4493; x_wconf 89' lang='lat' dir='ltr'>alia</span> <span class='ocrx_word' id='word_1_799' title='bbox 3338 4445 3417 4493; x_wconf 89' lang='lat' dir='ltr'>est</span> <span class='ocrx_word' id='word_1_800' title='bbox 3444 4453 3552 4508; x_wconf 88' lang='lat' dir='ltr'>qua</span> 
     </span>
    </p>
   </div>
   <div class='ocr_carea' id='block_1_107' title="bbox 1958 4526 3550 4598">
    <p class='ocr_par' dir='ltr' id='par_1_107' title="bbox 1958 4526 3550 4598">
     <span class='ocr_line' id='line_1_107' title="bbox 1958 4526 3550 4598; baseline 0 -16"><span class='ocrx_word' id='word_1_801' title='bbox 1958 4529 2013 4583; x_wconf 90' lang='lat' dir='ltr'>in</span> <span class='ocrx_word' id='word_1_802' title='bbox 2041 4527 2123 4582; x_wconf 90' lang='lat' dir='ltr'>sui</span> <span class='ocrx_word' id='word_1_803' title='bbox 2143 4527 2573 4585; x_wconf 88' lang='lat' dir='ltr'>consideratione</span> <span class='ocrx_word' id='word_1_804' title='bbox 2602 4527 2814 4582; x_wconf 88' lang='lat' dir='ltr'>animus</span> <span class='ocrx_word' id='word_1_805' title='bbox 2841 4526 3161 4592; x_wconf 87' lang='lat' dir='ltr'>intumescit,</span> <span class='ocrx_word' id='word_1_806' title='bbox 3193 4526 3299 4582; x_wconf 88' lang='lat' dir='ltr'>alia</span> <span class='ocrx_word' id='word_1_807' title='bbox 3326 4542 3433 4598; x_wconf 88' lang='lat' dir='ltr'>qua</span> <span class='ocrx_word' id='word_1_808' title='bbox 3459 4526 3550 4582; x_wconf 84' lang='lat' dir='ltr'>in-</span> 
     </span>
    </p>
   </div>
   <div class='ocr_carea' id='block_1_108' title="bbox 1958 4613 3549 4688">
    <p class='ocr_par' dir='ltr' id='par_1_108' title="bbox 1958 4613 3549 4688">
     <span class='ocr_line' id='line_1_108' title="bbox 1958 4613 3549 4688; baseline -0.001 -16"><span class='ocrx_word' id='word_1_809' title='bbox 1958 4617 2040 4672; x_wconf 90' lang='lat' dir='ltr'>sui</span> <span class='ocrx_word' id='word_1_810' title='bbox 2072 4617 2476 4688; x_wconf 89' lang='lat' dir='ltr'>comparatione</span> <span class='ocrx_word' id='word_1_811' title='bbox 2502 4621 2724 4671; x_wconf 67' lang='lat' dir='ltr'>caeteros</span> <span class='ocrx_word' id='word_1_812' title='bbox 2755 4613 3002 4685; x_wconf 88' lang='lat' dir='ltr'>despicit.</span> <span class='ocrx_word' id='word_1_813' title='bbox 3051 4614 3309 4671; x_wconf 89' lang='lat' dir='ltr'>Similiter</span> <span class='ocrx_word' id='word_1_814' title='bbox 3329 4615 3549 4685; x_wconf 89' lang='lat' dir='ltr'>jactan-</span> 
     </span>
    </p>
   </div>
   <div class='ocr_carea' id='block_1_109' title="bbox 1959 4702 3550 4773">
    <p class='ocr_par' dir='ltr' id='par_1_109' title="bbox 1959 4702 3550 4773">
     <span class='ocr_line' id='line_1_109' title="bbox 1959 4702 3550 4773; baseline -0.002 -12"><span class='ocrx_word' id='word_1_815' title='bbox 1959 4707 2031 4762; x_wconf 90' lang='lat' dir='ltr'>tia</span> <span class='ocrx_word' id='word_1_816' title='bbox 2088 4706 2218 4762; x_wconf 88' lang='lat' dir='ltr'>foris</span> <span class='ocrx_word' id='word_1_817' title='bbox 2275 4706 2382 4761; x_wconf 90' lang='lat' dir='ltr'>alia</span> <span class='ocrx_word' id='word_1_818' title='bbox 2436 4712 2517 4759; x_wconf 89' lang='lat' dir='ltr'>est</span> <span class='ocrx_word' id='word_1_819' title='bbox 2573 4719 2680 4773; x_wconf 88' lang='lat' dir='ltr'>qua</span> <span class='ocrx_word' id='word_1_820' title='bbox 2731 4703 2788 4757; x_wconf 92' lang='lat' dir='ltr'>in</span> <span class='ocrx_word' id='word_1_821' title='bbox 2843 4702 2924 4758; x_wconf 90' lang='lat' dir='ltr'>sui</span> <span class='ocrx_word' id='word_1_822' title='bbox 2979 4704 3332 4760; x_wconf 88' lang='lat' dir='ltr'>ostentatione</span> <span class='ocrx_word' id='word_1_823' title='bbox 3384 4705 3550 4759; x_wconf 87' lang='lat' dir='ltr'>homo</span> 
     </span>
    </p>
   </div>
   <div class='ocr_carea' id='block_1_110' title="bbox 1958 4798 3553 4870">
    <p class='ocr_par' dir='ltr' id='par_1_110' title="bbox 1958 4798 3553 4870">
     <span class='ocr_line' id='line_1_110' title="bbox 1958 4798 3553 4870; baseline -0.003 -12"><span class='ocrx_word' id='word_1_824' title='bbox 1958 4803 2214 4860; x_wconf 89' lang='lat' dir='ltr'>blandum</span> <span class='ocrx_word' id='word_1_825' title='bbox 2243 4819 2300 4856; x_wconf 89' lang='lat' dir='ltr'>se</span> <span class='ocrx_word' id='word_1_826' title='bbox 2341 4801 2574 4869; x_wconf 89' lang='lat' dir='ltr'>simulat,</span> <span class='ocrx_word' id='word_1_827' title='bbox 2605 4800 2829 4870; x_wconf 85' lang='lat' dir='ltr'>aliaqua</span> <span class='ocrx_word' id='word_1_828' title='bbox 2856 4815 2963 4869; x_wconf 90' lang='lat' dir='ltr'>qua</span> <span class='ocrx_word' id='word_1_829' title='bbox 2990 4815 3049 4855; x_wconf 91' lang='lat' dir='ltr'>se</span> <span class='ocrx_word' id='word_1_830' title='bbox 3075 4798 3346 4856; x_wconf 89' lang='lat' dir='ltr'>crudelem</span> <span class='ocrx_word' id='word_1_831' title='bbox 3375 4807 3553 4856; x_wconf 80' lang='lat' dir='ltr'>etme-</span> 
     </span>
    </p>
   </div>
   <div class='ocr_carea' id='block_1_111' title="bbox 1961 4887 3553 4960">
    <p class='ocr_par' dir='ltr' id='par_1_111' title="bbox 1961 4887 3553 4960">
     <span class='ocr_line' id='line_1_111' title="bbox 1961 4887 3553 4960; baseline -0.003 -14"><span class='ocrx_word' id='word_1_832' title='bbox 1961 4892 2214 4947; x_wconf 90' lang='lat' dir='ltr'>tuendum</span> <span class='ocrx_word' id='word_1_833' title='bbox 2235 4892 2583 4946; x_wconf 84' lang='lat' dir='ltr'>demonstrat.</span> <span class='ocrx_word' id='word_1_834' title='bbox 2645 4889 2707 4944; x_wconf 83' lang='lat' dir='ltr'>In</span> <span class='ocrx_word' id='word_1_835' title='bbox 2761 4889 2937 4960; x_wconf 89' lang='lat' dir='ltr'>prima</span> <span class='ocrx_word' id='word_1_836' title='bbox 2982 4887 3195 4957; x_wconf 87' lang='lat' dir='ltr'>placere</span> <span class='ocrx_word' id='word_1_837' title='bbox 3243 4887 3446 4957; x_wconf 88' lang='lat' dir='ltr'>nititur,</span> <span class='ocrx_word' id='word_1_838' title='bbox 3495 4887 3553 4942; x_wconf 91' lang='lat' dir='ltr'>in</span> 
     </span>
    </p>
   </div>
   <div class='ocr_carea' id='block_1_112' title="bbox 1957 4975 3557 5050">
    <p class='ocr_par' dir='ltr' id='par_1_112' title="bbox 1957 4975 3557 5050">
     <span class='ocr_line' id='line_1_112' title="bbox 1957 4975 3557 5050; baseline -0.003 -15"><span class='ocrx_word' id='word_1_839' title='bbox 1957 4981 2195 5037; x_wconf 85' lang='lat' dir='ltr'>secunda</span> <span class='ocrx_word' id='word_1_840' title='bbox 2225 4979 2438 5050; x_wconf 88' lang='lat' dir='ltr'>placere</span> <span class='ocrx_word' id='word_1_841' title='bbox 2465 4977 2812 5050; x_wconf 88' lang='lat' dir='ltr'>dedignatur.</span> <span class='ocrx_word' id='word_1_842' title='bbox 2841 4976 2921 5031; x_wconf 83' lang='lat' dir='ltr'>Ex</span> <span class='ocrx_word' id='word_1_843' title='bbox 2950 4976 3124 5047; x_wconf 91' lang='lat' dir='ltr'>primo</span> <span class='ocrx_word' id='word_1_844' title='bbox 3153 4975 3317 5048; x_wconf 86' lang='lat' dir='ltr'>igitur</span> <span class='ocrx_word' id='word_1_845' title='bbox 3355 4991 3557 5048; x_wconf 89' lang='lat' dir='ltr'>genere</span> 
     </span>
    </p>
   </div>
   <div class='ocr_carea' id='block_1_113' title="bbox 1958 5063 3555 5140">
    <p class='ocr_par' dir='ltr' id='par_1_113' title="bbox 1958 5063 3555 5140">
     <span class='ocr_line' id='line_1_113' title="bbox 1958 5063 3555 5140; baseline -0.004 -16"><span class='ocrx_word' id='word_1_846' title='bbox 1958 5069 2227 5140; x_wconf 75' lang='lat' dir='ltr'>superbiae</span> <span class='ocrx_word' id='word_1_847' title='bbox 2248 5067 2302 5122; x_wconf 90' lang='lat' dir='ltr'>in</span> <span class='ocrx_word' id='word_1_848' title='bbox 2323 5083 2429 5137; x_wconf 92' lang='lat' dir='ltr'>quo</span> <span class='ocrx_word' id='word_1_849' title='bbox 2478 5068 2641 5122; x_wconf 88' lang='lat' dir='ltr'>homo</span> <span class='ocrx_word' id='word_1_850' title='bbox 2669 5065 2772 5120; x_wconf 91' lang='lat' dir='ltr'>sibi</span> <span class='ocrx_word' id='word_1_851' title='bbox 2801 5065 2996 5136; x_wconf 91' lang='lat' dir='ltr'>placet,</span> <span class='ocrx_word' id='word_1_852' title='bbox 3030 5063 3263 5134; x_wconf 89' lang='lat' dir='ltr'>primum</span> <span class='ocrx_word' id='word_1_853' title='bbox 3320 5065 3555 5119; x_wconf 87' lang='lat' dir='ltr'>nascitur</span> 
     </span>
    </p>
   </div>
   <div class='ocr_carea' id='block_1_114' title="bbox 1959 5151 3552 5231">
    <p class='ocr_par' dir='ltr' id='par_1_114' title="bbox 1959 5151 3552 5231">
     <span class='ocr_line' id='line_1_114' title="bbox 1959 5151 3552 5231; baseline -0.004 -18"><span class='ocrx_word' id='word_1_854' title='bbox 1959 5174 2132 5231; x_wconf 90' lang='lat' dir='ltr'>genus</span> <span class='ocrx_word' id='word_1_855' title='bbox 2177 5156 2470 5227; x_wconf 73' lang='lat' dir='ltr'>jactantiae,</span> <span class='ocrx_word' id='word_1_856' title='bbox 2525 5154 2582 5208; x_wconf 91' lang='lat' dir='ltr'>in</span> <span class='ocrx_word' id='word_1_857' title='bbox 2637 5169 2744 5226; x_wconf 92' lang='lat' dir='ltr'>quo</span> <span class='ocrx_word' id='word_1_858' title='bbox 2793 5152 3000 5208; x_wconf 67' lang='lat' dir='ltr'>caeteris</span> <span class='ocrx_word' id='word_1_859' title='bbox 3024 5152 3240 5222; x_wconf 90' lang='lat' dir='ltr'>placere</span> <span class='ocrx_word' id='word_1_860' title='bbox 3265 5151 3552 5218; x_wconf 88' lang='lat' dir='ltr'>desiderat,</span> 
     </span>
    </p>
   </div>
   <div class='ocr_carea' id='block_1_115' title="bbox 1961 5248 3556 5324">
    <p class='ocr_par' dir='ltr' id='par_1_115' title="bbox 1961 5248 3556 5324">
     <span class='ocr_line' id='line_1_115' title="bbox 1961 5248 3556 5324; baseline -0.005 -13"><span class='ocrx_word' id='word_1_861' title='bbox 1961 5263 2017 5311; x_wconf 91' lang='lat' dir='ltr'>et</span> <span class='ocrx_word' id='word_1_862' title='bbox 2043 5271 2109 5309; x_wconf 81' lang='lat' dir='ltr'>ex</span> <span class='ocrx_word' id='word_1_863' title='bbox 2166 5251 2401 5308; x_wconf 86' lang='lat' dir='ltr'>secundo</span> <span class='ocrx_word' id='word_1_864' title='bbox 2455 5266 2655 5324; x_wconf 86' lang='lat' dir='ltr'>genere</span> <span class='ocrx_word' id='word_1_865' title='bbox 2698 5249 2968 5322; x_wconf 66' lang='lat' dir='ltr'>superbiae</span> <span class='ocrx_word' id='word_1_866' title='bbox 2997 5249 3053 5304; x_wconf 93' lang='lat' dir='ltr'>in</span> <span class='ocrx_word' id='word_1_867' title='bbox 3082 5265 3187 5319; x_wconf 92' lang='lat' dir='ltr'>quo</span> <span class='ocrx_word' id='word_1_868' title='bbox 3215 5249 3351 5306; x_wconf 90' lang='lat' dir='ltr'>alios</span> <span class='ocrx_word' id='word_1_869' title='bbox 3379 5248 3556 5320; x_wconf 85' lang='lat' dir='ltr'>despi-</span> 
     </span>
    </p>
   </div>
   <div class='ocr_carea' id='block_1_116' title="bbox 1963 5338 3555 5411">
    <p class='ocr_par' dir='ltr' id='par_1_116' title="bbox 1963 5338 3555 5411">
     <span class='ocr_line' id='line_1_116' title="bbox 1963 5338 3555 5411; baseline -0.004 -13"><span class='ocrx_word' id='word_1_870' title='bbox 1963 5343 2036 5399; x_wconf 90' lang='lat' dir='ltr'>cit</span> <span class='ocrx_word' id='word_1_871' title='bbox 2083 5356 2098 5410; x_wconf 87' lang='lat'>;</span> <span class='ocrx_word' id='word_1_872' title='bbox 2147 5340 2439 5397; x_wconf 84' lang='lat' dir='ltr'>secundum</span> <span class='ocrx_word' id='word_1_873' title='bbox 2491 5340 2722 5394; x_wconf 88' lang='lat' dir='ltr'>nascitur</span> <span class='ocrx_word' id='word_1_874' title='bbox 2775 5354 2948 5411; x_wconf 89' lang='lat' dir='ltr'>genus</span> <span class='ocrx_word' id='word_1_875' title='bbox 2995 5338 3286 5407; x_wconf 63' lang='lat' dir='ltr'>jactantia,</span> <span class='ocrx_word' id='word_1_876' title='bbox 3344 5353 3449 5409; x_wconf 92' lang='lat' dir='ltr'>quo</span> <span class='ocrx_word' id='word_1_877' title='bbox 3497 5356 3555 5393; x_wconf 91' lang='lat' dir='ltr'>se</span> 
     </span>
    </p>
   </div>
   <div class='ocr_carea' id='block_1_117' title="bbox 1968 5425 3556 5487">
    <p class='ocr_par' dir='ltr' id='par_1_117' title="bbox 1968 5425 3556 5487">
     <span class='ocr_line' id='line_1_117' title="bbox 1968 5425 3556 5487; baseline -0.002 -2"><span class='ocrx_word' id='word_1_878' title='bbox 1968 5431 2088 5487; x_wconf 87' lang='lat' dir='ltr'>aliis</span> <span class='ocrx_word' id='word_1_879' title='bbox 2144 5444 2252 5484; x_wconf 89' lang='lat' dir='ltr'>non</span> <span class='ocrx_word' id='word_1_880' title='bbox 2309 5428 2597 5484; x_wconf 89' lang='lat' dir='ltr'>amabilem</span> <span class='ocrx_word' id='word_1_881' title='bbox 2683 5427 2778 5483; x_wconf 90' lang='lat' dir='ltr'>sed</span> <span class='ocrx_word' id='word_1_882' title='bbox 2857 5425 3204 5482; x_wconf 89' lang='lat' dir='ltr'>metuendum</span> <span class='ocrx_word' id='word_1_883' title='bbox 3259 5435 3556 5482; x_wconf 74' lang='lat' dir='ltr'>monstrum</span> 
     </span>
    </p>
   </div>
   <div class='ocr_carea' id='block_1_118' title="bbox 1968 5519 2206 5577">
    <p class='ocr_par' dir='ltr' id='par_1_118' title="bbox 1968 5519 2206 5577">
     <span class='ocr_line' id='line_1_118' title="bbox 1968 5519 2206 5577; baseline 0.013 -3"><span class='ocrx_word' id='word_1_884' title='bbox 1968 5519 2206 5577; x_wconf 86' lang='lat' dir='ltr'>laborat.</span> 
     </span>
    </p>
   </div>
  </div>
