3972 6076
462 217 593 272 11⁵11

1626 226 1967 284 WERNERI
2005 227 2299 286 ADBATIS
2334 231 2397 288 S.
2445 231 2665 290 BLASII

3648 239 3795 299 117i

1182 376 1807 486 DOMINICA
1886 380 2360 490 DECIMA
2438 386 3011 495 OCTAVA.

1657 626 2051 693 Secundum
2123 630 2547 696 Matthmum.

537 806 558 833 «ι
592 786 939 839 Accesserant
992 778 1061 839 ad
1089 785 1265 846 Jesum
1311 784 1631 858 Sadducaei;
1665 796 1714 843 et
1744 788 2047 863 interroga-
2077 792 2136 854 Α
2166 808 2296 864 ergo
2350 793 2523 849 David
2551 794 2607 850 in
2654 796 2792 853 libro
2836 798 3166 857 Psalmorum
3198 811 3357 858 vocat
3400 819 3531 857 eum
3580 803 3781 859 Domi-

458 870 535 930 vit
563 889 684 927 eum
742 889 879 929 unus
913 890 978 927 ex
1010 873 1105 939 eis,
1158 882 1366 929 tentans
1386 893 1508 929 eum
1545 896 1556 930 :
1589 875 1859 949 Magister,
1910 878 2051 948 quod

465 970 545 1017 est
573 962 884 1016 mandatum
918 977 1175 1034 magnum
1207 962 1261 1016 in
1292 960 1457 1035 lege?
1491 987 1511 1012 υ
1541 966 1882 1033 etc.(Matth.
1936 969 2049 1036 22.)

459 1056 699 1112 Primum
730 1056 972 1112 omnium
1006 1074 1113 1112 non
1144 1074 1239 1129 pro
1287 1056 1494 1124 ordine,
1526 1059 1619 1113 sed
1648 1076 1745 1130 pro
1792 1058 2050 1135 dignitate

460 1146 699 1218 intellige
745 1146 967 1212 dictum,
1029 1145 1081 1199 id
1121 1152 1199 1201 est
1247 1148 1545 1202 maximum
1603 1148 1863 1218 omnium,
1937 1150 2050 1206 sive

461 1234 721 1306 primum,
784 1233 909 1305 quia
954 1240 1078 1289 ante
1132 1236 1314 1291 omnia
1368 1234 1627 1291 debemus
1646 1237 1834 1293 intimo
1891 1240 2051 1295 corde

460 1320 659 1396 singuli
691 1321 841 1392 quasi
889 1322 1105 1378 unicum
1147 1322 1363 1393 pietatis
1392 1325 1802 1381 fundamentum
1839 1324 2039 1383 locare.

461 1422 605 1497 Ergo
626 1423 865 1493 primum
897 1424 1138 1479 omnium
1170 1433 1223 1479 et
1249 1426 1545 1481 maximum
1602 1427 1913 1483 mandatum
1972 1436 2051 1483 est

458 1513 698 1586 cognitio
719 1519 879 1582 atque
910 1512 1175 1568 confessio
1204 1510 1402 1569 divinae
1430 1514 1645 1569 unitatis
1670 1532 1791 1570 cum
1822 1532 2049 1571 exsecu-

459 1600 603 1657 tione
657 1598 816 1655 bonas
869 1599 1221 1672 Operationis.
1261 1602 1408 1657 Bona
1436 1608 1612 1659 autem
1643 1604 1881 1675 Operatio
1911 1603 2051 1661 dile-

459 1697 634 1753 ctione
681 1697 779 1752 Dei
841 1706 893 1752 et
949 1697 1181 1769 proximi
1240 1697 1535 1770 perﬁcitur.
1603 1698 1760 1769 Quod
1817 1702 2053 1759 breviter

465 1785 585 1842 aliis
613 1784 794 1841 verbis
821 1784 1164 1842 commendat
1202 1787 1487 1857 Apostolus
1520 1784 1730 1844 dicens:
1751 1812 1772 1839 α
1805 1792 1868 1845 In
1898 1790 2049 1846 Chri-

457 1890 538 1938 sto
569 1883 713 1937 enim
742 1882 867 1939 Iesu
922 1901 1097 1953 neque
1139 1884 1475 1941 circumcisio
1507 1884 1708 1957 aliquid
1736 1888 1897 1957 valet,
1954 1907 2053 1944 ne-

458 1988 561 2043 que
585 1972 932 2043 praeputium,
963 1972 1058 2027 sed
1086 1971 1219 2027 ﬁdes
1241 1990 1360 2045 qua:
1390 1991 1488 2046 per
1518 1974 1862 2031 dilectionem
1917 1992 2052 2048 ope-

458 2068 606 2118 ratur
634 2058 787 2131 (Gal.
819 2060 895 2129 v).
932 2083 954 2109 ιι

530 2187 775 2242 Ostendit
806 2204 874 2243 ex
903 2190 1003 2245 hac
1030 2189 1379 2260 responsione
1408 2191 1611 2248 Scriba:
1638 2211 1861 2266 gravem
1910 2212 2054 2267 saepe

457 2277 595 2331 inter
656 2276 873 2331 Seribas
921 2284 972 2330 et
1005 2277 1262 2331 Parisseos
1315 2280 1669 2348 quaestionem
1696 2300 1812 2338 esse
1867 2302 2057 2339 versa-

462 2373 570 2420 tam
602 2364 747 2433 quod
778 2371 916 2419 esset
964 2364 1275 2419 mandatum
1334 2367 1566 2436 primum
1587 2370 1703 2426 sive
1757 2373 2057 2427 maximum

464 2452 664 2507 divinas
701 2452 856 2523 legis,
888 2452 1212 2523 quibusdam
1264 2453 1516 2509 videlicet
1561 2459 1759 2514 hostias
1796 2468 1848 2516 et
1900 2462 2062 2516 sacri-

462 2547 590 2604 ﬁcia
616 2546 980 2616 laudantibus,
1040 2548 1159 2604 aliis
1178 2564 1305 2605 vero
1336 2552 1540 2622 majore
1571 2557 1882 2612 auctoritate
1933 2556 2060 2613 ﬁdei

466 2652 520 2702 et
545 2645 849 2701 dilectionis
884 2660 1051 2717 Opera
1103 2647 1530 2719 praeferentibus,
1561 2667 1626 2708 eo
1655 2653 1799 2722 quod
1845 2654 2061 2725 plurimi

464 2742 679 2805 patrum
710 2742 833 2790 ante
888 2734 1069 2807 legem
1123 2736 1326 2807 absque
1355 2740 1596 2795 omnium
1653 2742 1988 2799 victimarum
2009 2752 2064 2800 et

470 2821 856 2879 sacriﬁciorum
913 2818 1298 2881 consuetudine
1324 2843 1391 2881 ex
1411 2827 1518 2884 ﬁde
1540 2836 1763 2901 tantum,
1822 2847 1942 2901 quas
1969 2848 2064 2903 per

473 2912 820 2969 dilectionem
874 2919 1144 2984 operatur,
1204 2915 1478 2986 placerent
1552 2919 1688 2987 Deo,
1762 2922 2064 2992 summique

468 3000 613 3073 apud
642 3000 819 3072 ipsum
868 3001 974 3057 loci
1003 3002 1344 3059 haberentur.
1397 3006 1575 3062 Nemo
1596 3015 1775 3064 autem
1826 3026 2063 3080 unquam

465 3089 670 3159 absque
721 3088 829 3144 ﬁde
876 3105 940 3145 ac
967 3091 1257 3147 dilectione
1302 3110 1401 3164 per
1431 3096 1743 3153 holocausta
1781 3098 1954 3154 solum
2014 3108 2066 3154 et

471 3175 734 3233 sacriﬁcia
760 3178 876 3233 Deo
906 3179 1170 3249 placuisse
1198 3180 1490 3238 invenitur.
1554 3184 1617 3239 In
1662 3202 1768 3256 qua
1804 3190 2067 3244 sententia

473 3265 666 3323 Scriba
693 3266 791 3321 iste
822 3267 984 3337 etiam
1013 3284 1071 3324 se
1100 3268 1265 3325 fuisse
1293 3270 1602 3327 declaravit.

557 3421 579 3447 α
608 3397 698 3456 Ait
729 3398 808 3455 illi
862 3399 1016 3456 Iesus
1049 3418 1061 3455 :
1094 3398 1302 3474 Diliges
1353 3402 1645 3461 Dominum
1700 3404 1875 3464 Deum
1919 3414 2069 3464 tuum

2161 898 2309 947 num,
2360 883 2542 939 dicens
2576 904 2588 938 :
2620 885 2770 940 Dixit
2813 888 3074 944 Dominus
3136 891 3369 946 Domino
3408 908 3540 946 meo
3576 912 3588 946 :
3630 893 3775 948 Sede

2159 992 2191 1030 a
2220 975 2421 1031 dextris
2477 978 2630 1042 meis,
2664 979 2836 1036 donec
2865 998 3067 1053 ponam
3111 978 3360 1040 inimicos
3390 992 3515 1040 tuos
3543 985 3771 1040 scabel—

2159 1068 2270 1122 lum
2300 1070 2498 1139 pedum
2530 1080 2741 1127 tuorum
2761 1074 2789 1129 ?
2822 1098 2843 1123 υ

2228 1192 2375 1247 Istud
2403 1191 2583 1248 dicere
2638 1194 2855 1250 Domini
2911 1197 3145 1253 Demino
3200 1205 3281 1253 est
3332 1199 3613 1268 aequalem
3666 1194 3771 1253 sibi

2156 1294 2414 1354 generare
2444 1282 2657 1338 Filium.
2690 1285 2926 1341 Domino
2954 1302 3099 1356 meo,
3128 1287 3257 1342 dicit
3276 1287 3468 1357 David,
3528 1303 3647 1344 non
3677 1302 3769 1343 se-

2157 1378 2388 1432 cundum
2420 1378 2565 1446 quod
2611 1379 2680 1434 de
2708 1394 2773 1434 eo
2821 1388 2975 1436 natus
3005 1388 3103 1450 est,
3133 1382 3227 1437 sed
3265 1384 3569 1439 secundum
3620 1384 3771 1454 quod

2158 1466 2227 1521 de
2247 1465 2401 1520 Patre
2456 1482 2672 1536 semper
2726 1468 2849 1523 fuit.
2886 1468 3044 1539 Quod
3099 1478 3276 1526 autem
3307 1487 3339 1527 a
3368 1473 3531 1528 Patre
3582 1473 3769 1543 subji-

2158 1554 2368 1610 ciuntur
2388 1554 2610 1621 inimici,
2644 1557 2759 1613 sive
2791 1559 3033 1613 volentes
3061 1561 3174 1617 sive
3206 1562 3467 1628 nolentes,
3528 1578 3644 1617 non
3678 1564 3771 1615 in-

2159 1641 2465 1698 ﬁrmitatem
2516 1644 2654 1713 Filii,
2687 1646 2782 1700 sed
2830 1647 3086 1703 unitatem
3121 1659 3322 1704 natura;
3342 1665 3448 1720 qua
3477 1651 3539 1704 in
3594 1651 3773 1705 altero

2160 1732 2293 1787 alter
2320 1739 2575 1801 operatur
2619 1734 2888 1806 signiﬁcat
2916 1751 2932 1802 ;
2965 1752 3089 1792 nam
3120 1745 3173 1792 ct
3199 1738 3363 1793 Filius
3382 1738 3613 1808 subjicit
3674 1741 3772 1795 ini-

2160 1830 2331 1883 micos
2361 1828 2522 1897 Patri,
2576 1831 2703 1901 quia
2733 1832 2945 1887 Patrem
2999 1833 3255 1889 clariﬁcat
3310 1850 3473 1905 super
3531 1844 3768 1891 terram.

2162 1917 2253 1973 Sic
2290 1917 2640 1990 interrogatio
2674 1919 2798 1975 Jesu
2830 1921 2986 1977 nobis
3040 1922 3249 1992 proﬁcit
3276 1932 3465 1979 contra
3523 1925 3775 1980 Iudaeos.

2160 2002 2336 2061 ,ιυόωὶ
2390 2014 2569 2061 autem
2624 2007 2820 2064 frivola
2877 2011 3045 2065 multa
3092 2011 3404 2084 conﬁngunt
3460 2022 3781 2069 asserentes

2164 2100 2514 2158 centesimum
2575 2120 2776 2160 nonum
2827 2107 3115 2176 psalmum,
3146 2109 3401 2179 scriptum
3454 2108 3511 2163 in
3576 2126 3779 2181 perso-

2167 2204 2235 2245 na
2288 2190 2497 2245 Eliezer
2550 2191 2644 2245 ﬁlii
2700 2194 2974 2249 vernaculi
3025 2195 3272 2263 Abrahae,
3321 2200 3650 2252 revertentis
3710 2198 3779 2252 de

2168 2279 2314 2334 caede
2370 2280 2604 2350 quinque
2658 2297 2849 2353 regum
2884 2302 2897 2337 :
2930 2283 3071 2339 Sede
3099 2284 3167 2338 ad
3224 2285 3504 2340 dexteram
3567 2303 3773 2341 meam.

2168 2376 2275 2431 Sed
2331 2378 2607 2446 sequentia
2667 2379 2858 2447 psalmi
2886 2395 2992 2435 non
3023 2379 3089 2435 ad
3122 2380 3224 2436 hoc
3248 2382 3610 2438 concordant.
3675 2384 3777 2439 Re-

2169 2473 2251 2520 cte
2310 2464 2488 2534 itaque
2545 2468 2852 2538 opponitur,
2906 2484 3014 2523 non
3071 2470 3195 2539 quia
3251 2471 3547 2539 Christum,
3607 2488 3774 2541 quem

2169 2551 2489 2608 conﬁtentur
2507 2571 2623 2609 esse
2671 2564 2974 2624 venturum,
3009 2557 3179 2613 David
3208 2556 3375 2613 ﬁlium
3408 2559 3613 2627 dicunt,
3677 2561 3771 2614 sed

2170 2642 2297 2713 quia
2349 2642 2664 2715 simpliciter
2720 2645 2995 2700 hominem
3041 2654 3093 2701 et
3138 2662 3245 2702 non
3273 2648 3372 2703 Dei
3430 2647 3772 2704 Filiumcre-

2169 2722 2323 2786 dunt.

2249 2880 2270 2906 «
2307 2856 2361 2910 Si
2393 2873 2523 2927 ergo
2553 2856 2729 2912 David
2775 2874 2828 2912 in
2859 2857 3046 2927 spiritu
3073 2866 3227 2914 vocat
3273 2876 3396 2914 eum
3446 2858 3771 2927 Dominum,

2172 2944 2446 3016 quomodo
2492 2943 2632 2999 ﬁlius
2661 2944 2778 3016 ejus
2826 2947 2959 3002 est?
2991 2947 3055 3000 Et
3088 2964 3247 3002 nemo
3303 2955 3510 3017 poterat
3568 2948 3619 3003 ei
3680 2965 3773 3005 re-

2172 3033 2436 3105 spondere
2484 3033 2732 3102 verbum,
2796 3051 2969 3106 neque
3011 3053 3169 3090 ausus
3206 3034 3304 3091 fuit
3362 3037 3655 3108 quisquam
3706 3054 3775 3093 ex

2173 3132 2266 3187 illa
2294 3131 2381 3187 die
2402 3148 2524 3186 eum
2546 3132 2777 3203 amplius
2800 3133 3151 3207 interrogare.
3186 3157 3208 3182 »
3246 3133 3386 3203 Quia
3414 3134 3468 3188 in
3494 3135 3775 3190 sermoni-

2173 3220 2274 3275 bus
2328 3221 2687 3288 confutantur,
2745 3222 3009 3279 ultranon
3037 3221 3385 3295 interrogant,
3435 3222 3532 3279 sed
3588 3233 3777 3295 aperte

2174 3311 2627 3380 comprehensum
2685 3312 2928 3381 potestati
2989 3311 3200 3366 tradunt
3252 3312 3531 3368 Romanas.
3618 3310 3777 3368 Unde

2176 3405 2325 3467 patet
2354 3412 2563 3454 venena
2611 3398 2829 3457 invidias
2881 3401 3121 3472 superari
3174 3415 3353 3471 posse,
3411 3401 3507 3457 sed
3556 3399 3775 3456 difﬁcile

460 3496 549 3542 'ex
580 3495 690 3543 toto
719 3488 883 3544 corde
912 3496 1022 3557 tuo,
1082 3496 1135 3545 et
1161 3489 1218 3545 in
1248 3497 1358 3547 tota
1385 3492 1565 3550 anima
1594 3501 1701 3566 tua,
1760 3502 1814 3551 et
1861 3497 1918 3552 in
1963 3502 2062 3554 tota

2178 3487 2471 3557 quiescere.

470 3581 652 3630 mente
686 3584 794 3631 tua.
828 3575 944 3632 Hoc
1001 3584 1083 3633 est
1109 3579 1407 3635 maximum
1455 3589 1508 3638 et
1551 3584 1784 3654 primum
1830 3588 2062 3644 manda—

481 3669 615 3719 tum.
647 3662 952 3720 Secundum
983 3671 1161 3721 autem
1190 3668 1365 3723 simile
1392 3678 1471 3725 est
1498 3673 1654 3728 huic:
1682 3674 1889 3747 Diliges
1933 3692 2066 3747 pro~

476 3751 687 3806 ximum
743 3760 893 3808 tuum
949 3753 1085 3809 sicut
1113 3761 1166 3811 te
1221 3756 1417 3827 ipsum.
1449 3761 1512 3814 In
1538 3759 1621 3815 his
1641 3760 1851 3818 duobus
1905 3780 2066 3821 man-

476 3840 617 3896 datis
643 3848 755 3898 tota
782 3842 871 3897 lex
900 3842 1099 3914 pendet
1130 3850 1185 3900 et
1209 3848 1507 3918 prophetae.
1544 3870 1565 3897 υ

543 3973 736 4029 Totam
782 3974 1212 4047 magnitudinem
1268 3986 1320 4033 et
1376 3972 1709 4038 latitudinem
1765 3984 2069 4043 divinorum

488 4061 826 4134 eloquiorum
854 4076 1041 4120 secura
1085 4065 1323 4137 possidet
1351 4069 1599 4139 charitas,
1635 4088 1739 4143 qua
1780 4072 2071 4131 Dominum

476 4158 891 4233 proximumque
937 4162 1248 4235 diligamus.
1306 4164 1477 4222 Docet
1521 4170 1664 4225 enim
1713 4186 1813 4227 nos
1843 4174 2073 4229 caelestis

477 4260 617 4305 unus
662 4250 920 4320 magister
966 4256 1018 4306 et
1071 4250 1248 4308 dicit:
1283 4253 1490 4328 Diliges
1549 4258 1842 4315 Deminum
1892 4261 2071 4319 Deum

485 4342 634 4392 tuum
662 4352 729 4392 ex
752 4344 860 4394 toto
880 4338 1043 4395 corde
1072 4347 1183 4409 tuo,
1219 4362 1241 4390 η
1272 4350 1374 4398 etc.
1398 4344 1843 4420 (Auscenses)
1865 4351 1921 4407 Si
1943 4362 2072 4424 ergo

484 4436 597 4482 aen
624 4426 780 4481 vacat
808 4438 997 4481 omnes
1041 4428 1268 4501 paginas
1319 4440 1528 4489 sanctas
1554 4439 1890 4507 perscrutari,
1947 4455 2077 4496 om—

486 4510 580 4568 nia
633 4510 689 4567 in
725 4513 1003 4571 volumine
1056 4528 1385 4589 sermonum,
1444 4522 1589 4592 quod
1641 4525 1874 4582 volvitur
1918 4529 2073 4584 evol-

483 4612 631 4669 vere,
662 4600 847 4658 omnia
901 4602 1293 4676 Scripturarum
1338 4618 1543 4665 secreta
1596 4620 1895 4685 penetrare,
1954 4623 2073 4673 tene

482 4699 796 4755 charitatem
823 4694 917 4755 ubi
947 4698 1187 4771 pendent
1214 4706 1415 4774 omnia,
1448 4710 1528 4763 Ita
1560 4711 1783 4781 tenebis,
1845 4714 1971 4783 quia
2000 4714 2073 4770 ita

480 4784 733 4859 didicisti,
776 4786 981 4845 tenebis
1040 4789 1202 4846 etiam
1231 4796 1371 4863 quod
1422 4796 1656 4853 nondum
1713 4800 1962 4857 didicisti.
2012 4802 2071 4859 Si

479 4877 624 4932 enim
664 4877 803 4933 nosti
851 4876 1183 4950 charitatem,
1242 4861 1443 4953 aliduid
1472 4888 1631 4956 nosti,
1662 4890 1803 4944 unde
1834 4898 1887 4945 et
1938 4892 2072 4947 illud
2097 4861 2153 4921 D

478 4964 679 5038 pendet
713 4966 858 5038 quod
907 4965 1045 5024 forte
1074 4970 1232 5037 nesti,
1293 4976 1346 5026 et
1397 4973 1453 5027 in
1492 4990 1555 5030 eo
1603 4977 1747 5046 quod
1775 4978 2074 5051 Scripturas

477 5076 585 5118 non
634 5060 908 5137 intelligis,
969 5065 1200 5122 charitas
1238 5075 1400 5140 patet.
1449 5070 1549 5127 Illa
1601 5071 1778 5144 itaque
1835 5082 1976 5133 tenet
2020 5086 2073 5136 et

482 5149 628 5220 quod
680 5156 829 5221 patet
875 5159 928 5208 et
984 5154 1127 5223 quod
1185 5152 1312 5213 latet
1349 5158 1405 5213 in
1456 5158 1656 5215 divinis
1701 5164 2062 5221 sermonibus.

479 5235 584 5325 Qui
617 5239 950 5325 charitatem
1010 5249 1153 5300 tenet
1207 5246 1261 5300 in
1316 5247 1581 5316 moribus,
1632 5250 1738 5307 hoc
1793 5261 1872 5308 est
1928 5256 2072 5325 quod

479 5321 780 5383 breviatum
833 5342 1139 5389 sermonem
1229 5334 1391 5391 faciet
1435 5337 1698 5393 Dominus
1741 5356 1903 5413 super
1943 5321 2069 5400 ἴθι--

479 5422 597 5469 ram
607 5454 620 5468 .

552 5559 576 5587 ε
613 5536 966 5612 Congregatis
1012 5554 1190 5601 autem
1244 5549 1541 5620 Pharisaeis,
1572 5551 1922 5626 interrogavit
1975 5573 2069 5613 eos

475 5626 646 5714 (Iesus,
679 5626 865 5683 dicens
898 5644 911 5681 :
944 5628 1084 5697 Quid
1116 5635 1270 5691 vobis
1298 5637 1509 5694 videtur
1536 5639 1603 5695 de
1631 5641 1839 5697 Christo
1858 5644 2068 5714 ‘?Cujus

470 5712 610 5773 ﬁlius
667 5716 804 5772 est?
831 5715 1027 5774 Dicunt
1075 5720 1123 5774 ei
1156 5739 1170 5777 ε
1203 5723 1394 5781 David.
1464 5727 1550 5783 an
1597 5728 1746 5784 illis:
1779 5712 2064 5798 Quomodo

2738 3612 2816 3671 De
2870 3614 3173 3673 charitate.

2248 3735 2535 3794 Geminam
2564 3732 2721 3792 nobis
2752 3736 3025 3810 Scriptura
3053 3757 3204 3796 sacra
3261 3741 3579 3798 charitatem
3617 3758 3776 3798 com-

2177 3825 2418 3892 mendat,
2463 3825 2563 3880 Dei
2591 3826 2849 3882 videlicet
2895 3836 2947 3883 et
2975 3829 3226 3900 proximi.
3265 3831 3597 3887 Charitatem
3651 3830 3773 3897 Dei,

2177 3930 2236 3977 ut
2286 3922 2363 3978 sic
2418 3923 2594 3992 ipsum
2642 3922 2952 3996 diligamus,
3010 3935 3068 3981 ut
3109 3927 3165 3980 in
3222 3928 3339 3998 ipso
3386 3929 3775 4001 gaudeamus;

2179 4012 2494 4066 charitatcm
2529 4012 2783 4083 proximi,
2817 4021 2874 4067 ut
2906 4015 2980 4069 sic
3009 4014 3183 4086 ipsum
3210 4016 3521 4089 diligamus,
3570 4027 3630 4071 ut
3670 4033 3777 4071 non

2180 4101 2235 4154 in
2295 4098 2432 4169 ipso,
2484 4100 2577 4155 sed
2605 4117 2727 4155 cum
2778 4099 2894 4173 ipso
2925 4100 2979 4156 in
3003 4102 3115 4158 Deo
3134 4104 3471 4176 gaudeamus
3502 4125 3516 4161 :
3552 4107 3659 4161 hoc
3702 4111 3777 4160 est

2180 4196 2240 4243 ut
2268 4189 2441 4242 Deum
2472 4187 2762 4262 diligamus
2790 4200 3013 4261 propter
3039 4208 3096 4246 se
3126 4192 3322 4263 ipsum,
3353 4196 3671 4265 proximum
3696 4217 3782 4256 an-

2183 4285 2290 4331 tem
2344 4285 2569 4347 propter
2622 4278 2824 4334 Deum.
2888 4277 3030 4334 Deus
3078 4287 3255 4336 autem
3302 4280 3501 4339 idcirco
3561 4296 3781 4358 propter

2181 4382 2237 4420 se
2260 4365 2436 4437 ipsum
2466 4363 2771 4438 diligendus
2828 4375 2922 4433 est,
2956 4368 3082 4438 quia
3136 4368 3247 4441 ipse
3305 4378 3384 4425 est
3411 4372 3619 4429 bonum
3677 4394 3779 4433 no—

2182 4471 2349 4519 strum
2381 4478 2395 4532 ;
2426 4463 2709 4535 proximus
2764 4473 2943 4521 autem
2983 4465 3104 4522 ideo
3159 4477 3377 4539 propter
3431 4469 3608 4527 Deum
3663 4475 3784 4531 dili-

2182 4551 2411 4624 gendus,
2445 4551 2572 4621 quia
2606 4569 2726 4608 cum
2759 4553 2875 4626 ipso
2906 4550 2961 4609 in
2997 4555 3112 4611 Deo
3142 4563 3221 4611 est
3240 4557 3442 4613 bonum
3498 4573 3775 4619 nostrum.

2181 4642 2339 4696 lllum
2370 4638 2680 4713 diligamus,
2713 4648 2771 4696 ut
2799 4641 2866 4697 ad
2897 4642 3073 4715 ipsum
3090 4645 3388 4712 veniamus,
3419 4656 3475 4703 et
3500 4648 3556 4703 in
3571 4651 3782 4709 Christo

2181 4727 2533 4803 gaudeamus,
2566 4729 2725 4785 istum
2764 4729 3074 4804 diligamus,
3101 4741 3159 4788 ut
3177 4750 3298 4788 cum
3329 4735 3445 4808 ipso
3475 4753 3780 4805 curramus,

2182 4827 2232 4874 et
2261 4834 2381 4873 cum
2414 4818 2529 4890 ipso
2558 4819 2959 4891 perveniamus.
2999 4819 3155 4876 Illum
3195 4830 3253 4877 ut
3275 4826 3558 4896 gaudium,
3593 4828 3780 4896 istum,

2181 4916 2238 4963 ut
2309 4904 2493 4982 gaudii
2566 4906 2793 4963 socium.
2869 4908 3024 4964 Illum
3083 4916 3137 4964 ut
3194 4913 3457 4982 requiem,
3514 4915 3685 4972 istum
3725 4928 3785 4974 ut

2181 4995 2384 5066 requiei
2413 5003 2734 5051 consortem.
2768 4994 2909 5065 Quid
2939 5005 3015 5052 est
3046 4999 3215 5053 Deum
3258 4998 3485 5072 diligere
3513 5005 3543 5056 ?
3576 5005 3781 5062 habere

2181 5083 2341 5141 velle.
2407 5082 2548 5153 Quid
2607 5093 2687 5140 est
2739 5084 2913 5140 Deum
2943 5082 3170 5159 diligere
3228 5093 3786 5165 prepterseipsum?

2182 5170 2303 5228 ideo
2332 5171 2577 5244 diligere,
2623 5180 2681 5228 ut
2734 5172 2935 5230 habeas
2974 5175 3171 5246 ipsum.
3195 5176 3336 5245 Quid
3367 5187 3448 5234 est
3464 5184 3787 5250 proximum

2180 5261 2406 5333 diligere
2458 5269 2679 5333 propter
2722 5262 2895 5317 Deum
2922 5264 2952 5317 ?
2981 5263 3103 5319 ideo
3151 5264 3379 5338 diligere
3431 5269 3565 5338 quia
3622 5271 3790 5330 habet

2179 5358 2378 5414 Deum.
2440 5356 2589 5413 Sicut
2640 5354 2916 5431 diligimus
2943 5362 3217 5417 hominem
3248 5370 3471 5434 propter
3488 5365 3787 5436 justitiam,

2178 5446 2233 5502 id
2261 5453 2342 5502 est
2368 5447 2493 5518 quia
2521 5446 2683 5502 habet
2704 5445 2989 5517 justitiam,
3023 5457 3077 5504 et
3104 5449 3239 5505 sicut
3265 5450 3545 5525 diligimus
3600 5459 3789 5514 hami-

2175 5558 2301 5600 nem
2338 5551 2560 5616 propter
2609 5544 2948 5615 sapientiam,
2994 5547 3048 5601 id
3102 5554 3180 5603 est
3208 5550 3330 5619 quia
3354 5550 3519 5607 habet
3578 5557 3792 5628 sapim-

2176 5640 2325 5711 tiam,
2356 5642 2435 5696 sic
2463 5641 2739 5714 diligimus
2796 5643 3072 5699 hominem
3104 5653 3325 5715 propter
3356 5648 3555 5719 Deum,
3591 5652 3651 5707 id
3708 5664 3793 5709 at

2178 5738 2304 5808 quia
2332 5737 2495 5795 habet
2537 5737 2733 5809 Deum,
2760 5739 2847 5798 vel
2874 5740 2918 5796 si
2948 5739 3084 5797 forte
3113 5741 3353 5798 nondum
3384 5744 3573 5819 habet,
3601 5756 3791 5807 tamen
