4008 6092
232 162 410 217 1173-

1196 159 1782 217 DEFLORATIONES
1820 161 1916 217 SS.
1960 164 2256 222 PATRUM.
2288 195 2356 208 -—
2394 167 2521 222 LIB.
2546 169 2613 222 II.

3417 173 3553 228 H'ﬂ

223 287 374 358 quia
405 284 694 340 habiturus
717 291 798 340 est
819 299 943 338 cum
963 283 1105 340 velut
1126 284 1324 340 habeat
1345 301 1488 340 eum.
1533 285 1623 340 Sic
1670 286 1852 359 itaque
1883 288 1938 348 A
1966 290 2111 346 Deus
2140 291 2405 364 diligitur,
2439 292 2494 347 in
2519 300 2745 365 utroque
2775 308 2940 349 unum
2969 294 3240 367 impletur,
3272 311 3375 353 nec
3415 311 3554 368 opus
3582 351 3585 356 .

221 384 472 446 propter
500 375 675 429 Deum
705 373 994 428 hominem
1015 373 1317 446 diligimus,
1341 390 1500 445 quem
1523 373 1708 446 utique
1721 392 1848 446 pro-

221 482 364 543 pter
381 475 557 527 Deum
572 487 677 526 non
702 470 1136 542 diligeremus,si
1152 472 1323 526 Deum
1346 488 1453 526 non
1469 472 1850 543 diligeremus,

220 561 703 634 quemadmodum
725 575 852 614 cum
877 560 1152 614 hominem
1174 570 1398 630 prepter
1420 562 1734 629 sapientiam
1764 563 1849 614 tli-

220 652 375 722 ligo,
401 652 523 703 ideo
546 649 734 719 diligo,
757 648 884 718 quia
908 648 1084 718 ipsam
1114 651 1433 719 sapientiam
1462 651 1665 722 diligo:
1694 668 1852 722 quem

223 745 484 818 profecto
517 762 623 799 non
656 745 968 816 diligerem,
1007 746 1051 799 si
1073 747 1401 816 sapientiam
1429 747 1600 817 ipsam
1633 756 1854 817 propter

225 851 406 905 quam
428 835 604 904 ipsum
628 833 801 903 diligo
828 849 940 887 non
964 833 1274 907 diligerem.
1302 836 1380 889 Ita
1401 849 1524 890 cum
1545 833 1854 905 proximum

230 932 469 995 prOpter
499 923 672 976 Deum
705 921 898 992 diligo,
925 922 1050 977 ideo
1074 923 1247 995 diligo
1272 925 1396 995 quia
1440 925 1611 979 Deum
1642 924 1813 996 diligo
1839 967 1850 1004 ε

232 1037 407 1093 quem
439 1021 623 1092 utique
649 1036 758 1074 non
788 1020 1105 1092 diligerem,
1138 1021 1182 1075 si
1218 1022 1390 1075 Deum
1422 1029 1647 1092 prOpter
1697 1040 1854 1092 quem

237 1111 430 1180 ipsum
460 1108 630 1180 diligo
660 1125 768 1163 non
800 1108 1114 1180 diligerem.
1156 1110 1243 1164 Sic
1274 1109 1444 1182 igitur
1478 1128 1490 1163 :
1521 1111 1566 1164 si
1595 1111 1739 1166 bene
1769 1112 1856 1165 di-

242 1198 384 1268 ligo,
421 1205 473 1252 et
503 1198 704 1252 bonum
731 1197 931 1270 diligo.
972 1199 1090 1253 Non
1126 1199 1270 1253 enim
1321 1199 1458 1253 bene
1503 1198 1693 1270 diligo,
1751 1199 1856 1258 nisi

245 1311 378 1350 cum
412 1296 610 1349 bonum
644 1294 813 1365 diligo
845 1312 858 1347 :
894 1304 946 1347 et
979 1311 1101 1350 cum
1135 1295 1336 1348 bonum
1362 1296 1502 1364 quod
1525 1295 1715 1365 diligo,
1749 1311 1858 1350 non

248 1385 323 1438 ob
354 1383 502 1436 aliud
535 1399 692 1452 quam
725 1391 946 1453 propter
992 1382 1287 1436 bonitatem
1342 1383 1418 1436 sic
1466 1383 1658 1455 diligo.
1705 1383 1857 1452 Quo-

247 1473 420 1526 modo
450 1473 478 1524 ?
508 1473 753 1526 Amicum
785 1471 840 1524 in
879 1472 1014 1535 Deo,
1063 1471 1342 1526 inimicum
1393 1481 1616 1541 propter
1646 1473 1847 1527 Deum.

248 1568 400 1636 Quid
433 1578 514 1622 est
544 1568 782 1622 amicum
834 1566 1068 1639 diligere
1119 1569 1171 1621 in
1222 1569 1340 1622 Deo
1372 1569 1399 1620 ‘?
1449 1567 1571 1622 ideo
1618 1567 1850 1638 diligere

1964 379 2139 435 fuerat
2167 388 2498 453 praeceptum
2529 382 2802 455 geminari
2834 384 2903 438 de
2932 399 3096 456 opere
3125 400 3234 441 uno
3261 403 3273 440 :
3325 385 3552 442 Suffice-

1963 478 2046 523 ret
2075 470 2122 524 si
2150 470 2382 526 dixisset
2415 489 2428 524 :
2463 471 2640 543 Dilige
2688 473 2980 527 Dominum
3027 475 3202 528 Deum
3247 483 3434 540 tuum;
3495 475 3550 528 in

1962 559 2065 612 hoc
2098 559 2241 613 enim
2275 567 2444 613 totum
2465 567 2565 614 est.
2603 560 2705 628 Qui
2737 562 2880 616 enim
2913 563 3202 617 Dominum
3252 579 3377 618 vere
3420 562 3551 617 dili-

1964 647 2062 718 git,
2097 648 2296 717 ubique
2321 648 2522 718 diligit.
2565 650 2621 704 Si
2650 665 2782 705 vere
2828 651 3092 722 diligitur,
3135 652 3381 724 diligitur
3427 653 3550 708 ubi-

1964 751 2177 806 cunque
2207 737 2494 791 invenitur.
2529 739 2588 792 ln
2618 755 2677 793 se
2709 739 2828 810 ipso
2858 748 2910 794 et
2938 740 2992 793 in
3023 740 3296 812 proximo,
3329 741 3478 796 intus
3501 749 3553 796 et

1965 834 2116 901 foris,
2151 851 2365 889 sursum
2398 840 2451 891 et
2481 836 2762 904 deorsum,
2805 836 2972 910 longe
3004 842 3057 893 et
3103 856 3290 909 prope.
3342 840 3398 894 Si
3447 840 3552 894 mel

1965 922 2126 978 dulce
2154 931 2255 992 est,
2289 925 2465 980 dulcis
2496 932 2582 980 est
2612 934 2667 982 et
2689 927 2861 981 favus.
2888 927 2944 982 Si
2971 927 3081 982 mel
3123 928 3326 998 diligis,
3371 928 3554 999 diligis

1967 1019 2018 1066 ct
2047 1012 2226 1066 favum
2258 1014 2661 1084 receptaculum
2691 1015 2888 1071 mellis.
2924 1017 3031 1071 Sed
3062 1032 3182 1071 cum
3213 1017 3320 1072 mel
3377 1017 3557 1090 diligi-

1965 1108 2068 1166 tur,
2095 1101 2216 1156 ideo
2244 1102 2510 1174 diligitur,
2540 1103 2665 1173 quia
2695 1103 2928 1159 dulcedo
2949 1105 3128 1174 ipsum
3146 1113 3246 1161 est.
3271 1106 3403 1160 Cum
3425 1122 3558 1162 vero

1965 1190 2116 1243 favus
2147 1190 2406 1260 diligitur,
2439 1191 2565 1246 ideo
2594 1191 2833 1262 diligitur
2877 1194 3015 1263 quia
3059 1194 3290 1250 dulcedo
3336 1195 3389 1248 in
3437 1195 3557 1265 ipso

1966 1291 2070 1342 est.
2106 1287 2209 1342 Mel
2241 1298 2464 1358 propter
2493 1305 2553 1342 se
2575 1289 2748 1358 ipsum
2764 1289 3027 1360 diligitur,
3055 1291 3212 1346 favus
3227 1297 3407 1346 autem
3430 1307 3558 1362 pro-

1966 1385 2086 1445 pter
2114 1377 2220 1429 mel
2250 1377 2510 1448 diligitur.
2549 1377 2613 1430 Et
2654 1377 2700 1430 si
2750 1377 2888 1432 forte
2938 1379 3139 1433 videris
3201 1380 3380 1434 favum
3441 1397 3556 1435 non

1967 1465 2256 1519 habentem
2288 1466 2414 1531 mel,
2451 1466 2605 1520 vides
2639 1466 3005 1536 receptacula.
3044 1467 3130 1521 ubi
3161 1468 3268 1522 mel
3296 1485 3418 1523 esse
3455 1470 3557 1525 de-

1969 1553 2182 1615 buerat,
2211 1562 2263 1607 et
2288 1553 2441 1608 doles
2469 1571 2591 1608 esse
2623 1570 2816 1615 vacua,
2847 1563 2900 1609 et
2931 1571 3040 1609 non
3063 1555 3277 1625 placent
3309 1555 3560 1628 tibiquia

252 1659 388 1728 quia
421 1658 588 1710 Deum
623 1658 800 1711 habet.
831 1657 952 1710 Non
987 1660 1040 1709 in
1072 1657 1272 1710 divitiis
1313 1656 1449 1721 suis,
1483 1673 1592 1709 non
1639 1656 1692 1709 in
1733 1657 1849 1711 for-
1880 1645 1932 1704 Β
1962 1642 2114 1696 arida
2145 1651 2292 1705 sum,
2326 1651 2378 1696 ει
2409 1642 2564 1711 cupis
2594 1643 2700 1696 mel
2730 1643 2842 1698 illic
2871 1660 3013 1708 esse.
3048 1645 3194 1715 (100d
3227 1645 3414 1716 diligis
3450 1664 3462 1699 ε
3506 1653 3562 1701 οἱ

253 1745 492 1801 titudine
522 1762 635 1804 sua,
660 1743 840 1800 nonin
874 1745 1282 1815 pulchritudine
1303 1760 1422 1811 sua,
1461 1743 1555 1798 sed
1597 1744 1650 1798 in
1695 1743 1861 1813 justi-

257 1843 334 1898 tia
366 1859 486 1911 sua,
507 1843 559 1896 in
583 1842 873 1897 sanctitate
901 1857 1018 1909 sua,
1055 1841 1108 1895 in
1133 1840 1376 1897 bonitate
1412 1859 1527 1896 sua.
1568 1841 1665 1895 Illa
1697 1841 1862 1909 enim,

258 1932 364 1986 etsi
387 1947 420 1986 a
441 1932 557 1986 Deo
583 1937 728 1994 sunt,
753 1938 914 1985 extra
946 1931 1126 1985 Deum
1157 1930 1310 2003 diligi
1342 1938 1589 2001 possunt,
1634 1937 1690 1984 et
1721 1945 1866 2000 smpe

258 2031 391 2076 Cum
419 2019 737 2092 diliguntur,
771 2027 1020 2074 avertunt
1049 2025 1102 2074 et
1133 2027 1447 2090 pervertunt
1475 2027 1711 2073 mentem
1735 2017 1868 2072 dili-

269 2123 495 2190 gentem
532 2133 612 2183 se,
648 2125 706 2171 ut
737 2117 909 2171 Deum
945 2131 1054 2171 non
1086 2115 1336 2189 diligant.
1370 2116 1613 2187 Ideoque
1645 2132 1740 2186 pro
1783 2115 1868 2169 his

266 2215 350 2261 est
386 2205 714 2273 laudandus,
748 2205 869 2277 quia
902 2220 1026 2260 cum
1057 2206 1253 2260 dantur
1282 2205 1350 2259 ab
1397 2205 1516 2276 ipso
1547 2204 1766 2271 dantur,
1817 2207 1871 2257 et

272 2296 416 2350 dona
451 2299 568 2365 ejus
598 2303 743 2360 sunt,
779 2295 878 2350 sed
909 2295 961 2349 in
993 2296 1076 2348 bis
1107 2307 1216 2350 non
1248 2304 1329 2349 est
1359 2293 1624 2348 amandus
1683 2289 1870 2364 proxi-

271 2407 415 2457 mus,
452 2391 578 2463 quia
617 2391 791 2445 virtus
824 2391 944 2459 ejus
985 2406 1090 2445 non
1121 2399 1268 2458 sunt,
1319 2407 1498 2462 neque
1545 2391 1748 2445 bonum
1787 2389 1870 2444 fa-

270 2481 420 2537 ciunt
448 2479 546 2534 ista
580 2480 878 2546 hominem,
914 2478 1073 2533 etiam
1105 2479 1149 2534 si
1187 2479 1563 2547 abundaverit,
1612 2494 1717 2534 nec
1762 2490 1871 2533 non

275 2577 323 2632 si
354 2576 589 2633 defuerit
616 2577 838 2632 malum.

342 2713 564 2767 Bonitas
594 2719 771 2766 autem
803 2711 1010 2766 bonum
1046 2710 1173 2766 facit
1198 2719 1250 2766 et
1274 2710 1493 2781 justitia
1542 2711 1766 2778 justum,
1819 2717 1872 2764 et

271 2802 480 2857 veritas
511 2817 723 2864 verum,
757 2807 810 2856 et
859 2800 975 2855 haec
1034 2815 1158 2854 cum
1214 2800 1433 2864 adsunt,
1493 2800 1649 2854 adest
1699 2801 1867 2862 Deus,

273 2891 397 2963 quia
426 2891 574 2945 Deus
602 2890 814 2944 bonitas
843 2897 947 2954 est,
983 2896 1036 2943 et
1082 2889 1293 2957 iustitia
1342 2895 1396 2943 et
1444 2887 1676 2942 veritas.
1742 2887 1871 2944 Ideo

1973 1731 2018 1784 si
2049 1731 2272 1794 venerit,
2309 1731 2484 1801 magis
2511 1730 2720 1801 diligis.
2761 1733 2841 1785 Ita
2890 1731 3104 1803 diligito
3155 1733 3332 1788 Deum
3391 1740 3558 1800 tuum,

1974 1829 2096 1899 quia
2125 1827 2360 1884 dulcedo
2390 1835 2492 1892 est,
2526 1828 2644 1899 ipse
2676 1835 2728 1883 et
2759 1828 2980 1884 bonitas
3012 1837 3066 1884 ct
3096 1830 3315 1886 veritas.
3369 1831 3561 1885 Proxi-

1975 1933 2123 1971 mum
2155 1925 2334 1974 autem
2383 1925 2531 1970 tuum
2585 1916 2780 1989 dilige,
2839 1915 2966 1987 quia
3022 1918 3424 1987 receptaculum
3482 1926 3566 1974 est

1975 2005 2280 2061 dulcedinis
2309 2013 2362 2060 et
2393 2004 2658 2069 veritatis,
2693 2013 2748 2060 et
2776 2004 2821 2058 si
2873 2007 2929 2058 in
2976 2021 3043 2062 eo
3088 2006 3366 2062 inveneris
3417 2007 3566 2078 quod

1973 2095 2178 2148 habere
2207 2094 2388 2157 debet,
2421 2092 2776 2149 dulcedinem
2808 2098 2862 2148 et
2894 2094 3214 2161 bonitatem,
3258 2102 3312 2150 et
3356 2096 3564 2151 verita-

1977 2191 2105 2250 tem,
2127 2182 2292 2254 dilige
2318 2183 2372 2236 in
2396 2181 2517 2252 ipso
2540 2181 2685 2247 illas,
2707 2190 2762 2234 et
2785 2181 2955 2253 dilige
2975 2182 3152 2252 ipsum
3174 2183 3560 2253 prOpterillas.

1980 2272 2036 2326 Si
2067 2279 2246 2326 autem
2277 2286 2513 2326 vacuum
2559 2269 2838 2325 inveneris
2884 2270 3043 2326 bonis
3089 2270 3223 2341 suis,
3275 2271 3400 2326 dole
3445 2272 3570 2343 quia

1980 2367 2394 2438 receptaculum
2425 2367 2589 2422 inane
2617 2366 2792 2434 vides,
2826 2374 2880 2422 et
2933 2376 3062 2438 Opta
3118 2375 3177 2423 ut
3227 2369 3447 2425 veniant
3501 2368 3572 2427 ad

1980 2473 2127 2522 eum,
2161 2465 2214 2511 et
2243 2457 2441 2511 intrent
2471 2455 2526 2510 in
2556 2472 2677 2511 eum
2709 2456 2850 2511 bona
2896 2472 3014 2524 sua,
3065 2463 3124 2512 ut
3160 2456 3250 2511 ﬁat
3295 2457 3414 2528 ipse
3468 2457 3572 2512 bo-

1980 2562 2104 2611 nus,
2136 2545 2344 2600 habens
2373 2546 2518 2600 bona
2547 2561 2664 2612 sua,
2696 2545 2818 2600 sine
2847 2545 3042 2617 quibus
3073 2545 3250 2601 bonus
3296 2561 3420 2602 esse
3463 2560 3574 2604 non

1979 2641 2181 2706 potest.

2665 2799 2896 2840 DIVISIO.

2053 2909 2234 2981 Dilige
2264 2910 2458 2975 Deum,
2495 2907 2623 2980 quia
2651 2907 2867 2964 bonitas
2896 2915 3018 2976 est;
3049 2907 3218 2982 dilige
3247 2909 3576 2980 proximum,

273 2989 328 3042 in
369 2988 628 3053 δοηίῑδῑθτ
661 2995 714 3042 ει
747 2986 978 3055 iustitia.
1026 2992 1082 3040 ει
1139 2985 1363 3040 “male
1417 2983 1729 3055 diligendus
1787 2992 1870 3038 εει
1899 2995 1949 3058 G
1987 2999 2111 3071 quia
2149 3015 2213 3053 ex
2254 2996 2490 3053 bonitate
2531 2995 2706 3052 bonus
2745 3003 2848 3066 est,
2889 2995 2976 3053 vel
3015 2993 3062 3052 si
3100 2998 3273 3053 bonus
3319 3010 3429 3053 non
3473 3007 3576 3067 est,

279 3078 464 3140 homo,
497 3085 551 3130 et
577 3076 798 3146 quando
828 3075 880 3128 in
905 3075 1022 3128 istis
1053 3073 1313 3144 diligitur,
1345 3073 1400 3128 in
1455 3074 1572 3128 Deo
1612 3071 1874 3143 diligitur,

281 3166 409 3236 quia
441 3166 586 3219 Deus
618 3165 834 3219 bonitas
863 3171 962 3229 est,
996 3171 1048 3218 et
1075 3163 1278 3230 iustitia
1307 3170 1360 3217 et
1389 3163 1615 3218 veritas.
1649 3161 1707 3215 Si
1737 3176 1875 3232 ergo

283 3261 423 3315 bene
453 3260 754 3332 diligimus,
789 3269 840 3314 et
873 3260 1074 3314 bonum
1121 3259 1424 3331 diligimus,
1474 3258 1601 3313 boni
1655 3273 1869 3312 sumus.

283 3351 403 3404 Non
434 3349 588 3403 enim
622 3350 794 3404 bonos
826 3347 970 3415 facit,
1008 3348 1113 3402 nisi
1143 3347 1366 3403 dilectio
1399 3348 1538 3402 bona
1571 3354 1624 3400 et
1659 3345 1878 3401 dilectio

285 3439 433 3492 boni.
469 3437 524 3493 Si
561 3447 742 3493 autem
792 3437 917 3491 boni
961 3452 1169 3502 sumus,
1221 3436 1402 3491 nullos
1451 3435 1660 3490 amicos
1706 3434 1877 3490 habe-

287 3552 407 3589 mus
430 3535 532 3588 nisi
556 3535 728 3588 bonos
752 3553 767 3601 ;
791 3542 844 3588 et
872 3533 1054 3588 nullos
1091 3533 1360 3596 inimicos,
1386 3532 1492 3586 nisi
1523 3531 1712 3597 malos,
1753 3529 1882 3601 quia

285 3625 330 3678 si
361 3623 487 3679 boni
517 3640 724 3690 sumus,
758 3623 889 3677 nihil
920 3622 1030 3677 nisi
1065 3622 1269 3676 bonum
1301 3620 1603 3692 diligimus,
1651 3627 1704 3674 et
1749 3618 1882 3672 nihil

285 3721 481 3784 printer
522 3712 726 3766 malum
783 3711 1035 3766 odimus.
1104 3709 1161 3764 Si
1215 3719 1396 3764 autem
1445 3709 1652 3764 amicos
1706 3707 1880 3762 bonos

287 3811 564 3877 habemus,
595 3818 646 3864 et
675 3809 927 3864 inimicos
957 3809 1154 3872 malos,
1188 3807 1395 3862 amicos
1427 3806 1648 3878 quidem
1677 3805 1730 3859 in
1775 3805 1878 3858 bo-

287 3901 449 3954 nitate
472 3914 572 3952 sua
603 3898 832 3969 diligere
863 3897 1150 3966 debemus,
1203 3896 1256 3950 id
1310 3903 1394 3950 est
1449 3895 1505 3949 in
1562 3896 1696 3960 Deo,
1755 3893 1882 3964 quia

285 3987 411 4042 boni
442 3994 566 4041 sunt
599 4004 612 4049 ;
644 3985 896 4041 inimicos
926 3993 1126 4050 autem,
1161 3984 1287 4056 quia
1336 3983 1391 4038 in
1451 3983 1694 4038 bonitate
1750 3981 1879 4035 dili-

287 4103 418 4156 gere
451 4100 557 4139 non
587 4100 902 4154 possumus,
935 4083 1060 4154 quia
1112 4082 1239 4137 boni
1283 4097 1392 4136 non
1442 4090 1569 4135 sunt
1600 4095 1612 4134 :
1673 4087 1880 4133 tantum

290 4183 578 4244 propterea
607 4172 841 4243 diligere
873 4172 1158 4236 debemus,
1189 4180 1246 4224 ut
1278 4170 1578 4224 bonitatem
1626 4168 1878 4231 habeant,

293 4271 344 4316 et
381 4261 505 4314 boni
547 4260 678 4314 sint.
732 4262 796 4313 Et
836 4260 890 4313 in
937 4259 1020 4313 his
1059 4259 1315 4313 omnibus
1354 4273 1463 4313 non
1503 4256 1610 4310 nisi
1659 4254 1881 4308 bonitas

1987 3096 2043 3143 ut
2081 3088 2149 3142 sit
2190 3087 2282 3158 qui
2320 3087 2495 3142 bonus
2533 3102 2656 3141 esse
2684 3093 2884 3156 potest.
2926 3085 3036 3148 Qui
3087 3086 3232 3142 enim
3290 3087 3406 3156 jam
3455 3099 3578 3142 esse

1987 3201 2094 3240 non
2134 3191 2365 3254 possunt
2403 3182 2548 3248 boni,
2593 3181 2856 3254 diligendi
2910 3195 3020 3238 non
3076 3190 3226 3249 sunt,
3283 3183 3412 3255 quia
3474 3195 3578 3239 nec

1987 3273 2223 3345 proximi
2246 3279 2396 3337 sunt,
2423 3272 2520 3325 sed
2544 3270 2708 3325 alieni
2734 3277 2790 3324 et
2823 3271 3018 3326 remoti
3053 3279 3106 3326 et
3141 3271 3402 3327 extranei.
3438 3293 3461 3319 α
3493 3272 3576 3326 Ne

1987 3363 2106 3425 des,
2140 3361 2332 3432 inquit,
2363 3359 2558 3414 alienis
2587 3360 2854 3413 honorem
2903 3367 3073 3424 tuum,
3133 3368 3184 3414 et
3237 3375 3411 3416 annos
3455 3368 3578 3415 tuos

1987 3449 2218 3513 crudeli,
2248 3465 2317 3503 ne
2347 3447 2482 3503 forte
2511 3448 2840 3518 impleantur
2867 3448 3108 3503 extranei
3150 3448 3357 3503 viribus
3393 3449 3498 3503 tuis
3527 3455 3580 3504 et

1989 3540 2208 3594 labores
2235 3537 2312 3591 tui
2342 3535 2449 3591 sint
2478 3537 2530 3590 in
2562 3537 2726 3591 domo
2754 3536 2934 3592 aliena
2965 3538 3149 3605 (Prov.
3181 3535 3259 3606 v).
3287 3557 3310 3587 ι
3334 3537 3420 3592 Isti
3443 3551 3579 3608 ergo

1990 3635 2115 3682 sunt
2143 3625 2304 3681 alieni
2333 3633 2381 3680 et
2417 3625 2657 3680 extranei
2687 3625 2850 3679 nimis
2879 3626 3090 3690 remoti,
3140 3634 3192 3681 et
3241 3625 3406 3696 longe
3448 3625 3576 3682 facti

1989 3717 2190 3787 quibus
2219 3713 2450 3784 amplius
2481 3729 2594 3768 non
2623 3720 2771 3784 patet
2799 3713 3008 3768 reditus
3051 3714 3126 3768 ad
3179 3714 3409 3784 bonum,
3461 3715 3579 3770 da:-

1989 3829 2179 3868 mones
2212 3811 2418 3868 scilicet
2463 3819 2514 3865 et
2562 3811 2692 3865 mali
2748 3811 3004 3865 homines
3058 3824 3182 3865 eum
3241 3809 3580 3865 daemonibus

1987 3901 2247 3956 damnati.
2281 3900 2387 3968 Qui
2415 3899 2620 3954 idcirco
2643 3913 2675 3952 a
2705 3899 2864 3954 nobis
2895 3897 3132 3968 amplius
3159 3897 3426 3966 diligendi
3467 3907 3576 3952 non

1990 3998 2135 4058 sunt,
2165 3989 2290 4061 quia
2320 3990 2388 4042 ab
2414 3987 2506 4042 illo
2537 3987 2686 4042 bono
2717 3993 2942 4056 propter
2971 3985 3118 4055 quod
3159 3984 3407 4056 diligitur
3454 4000 3578 4040 om-

1991 4079 2076 4134 nis
2099 4079 2192 4149 qui
2219 4078 2358 4132 bene
2387 4075 2658 4146 diligitur,
2692 4072 3193 4143 irrecuperabiliter
3219 4081 3570 4129 corruerunt.

1989 4168 2269 4235 Nusquam
2300 4163 2464 4218 nobis
2493 4163 2624 4218 dicit
2649 4160 2929 4232 Scriptura
2957 4169 3016 4216 ut
3053 4161 3332 4216 damones
3379 4161 3582 4233 diliga-

1991 4269 2135 4317 mus,
2167 4269 2344 4323 neque
2372 4252 2497 4307 illos
2526 4249 2773 4306 homines
2802 4250 2890 4322 qui
2913 4250 3029 4319 jam
3077 4266 3199 4305 cum
3242 4250 3580 4306 daemonibus

298 4357 557 4427 diligitur,
593 4356 810 4426 quando
840 4356 974 4409 nihil
1004 4354 1268 4424 diligitur,
1298 4353 1403 4407 nisi
1458 4359 1680 4422 propter
1727 4349 1880 4404 boni-
1907 4349 1962 4410 D
1993 4342 2231 4398 damnati
2262 4349 2416 4396 sunt.
2458 4339 2544 4394 1111
2571 4339 2718 4394 enim
2747 4338 2979 4408 proximi
3008 4354 3117 4395 non
3147 4346 3296 4407 sunt,
3339 4338 3450 4427 sed
3488 4355 3580 4394 re-

300 4455 478 4500 tatem.
513 4444 687 4499 Simili
717 4443 881 4498 modo
910 4460 1031 4498 eum
1061 4443 1210 4497 Deus
1239 4441 1502 4513 diligitur,
1553 4448 1782 4510 propter
1821 4454 1882 4494 se

299 4535 557 4604 diligitur,
591 4534 719 4603 quia
745 4533 815 4587 ab
845 4532 950 4586 alio
980 4547 1086 4585 non
1119 4538 1218 4596 est,
1254 4545 1430 4601 neque
1461 4528 1604 4583 aliud
1648 4528 1716 4581 ab
1764 4528 1882 4598 ipso

299 4631 438 4702 quod
471 4629 717 4701 diligitur
748 4628 802 4682 in
831 4628 972 4698 ipso.
1014 4630 1144 4681 Cum
1193 4643 1320 4682 vero
1367 4625 1648 4697 proximus
1696 4624 1881 4694 diligi-

299 4729 401 4784 tur,
433 4734 542 4773 non
573 4726 797 4788 propter
827 4733 885 4771 se
924 4715 1188 4784 diligitur,
1249 4715 1347 4769 sed
1404 4722 1626 4784 propter
1682 4714 1878 4778 Deum,

300 4808 434 4863 alter
467 4815 522 4861 ut
551 4806 758 4862 amicus
789 4805 881 4877 qui
914 4805 1083 4858 Deum
1115 4804 1300 4868 habet,
1330 4802 1469 4857 alter
1517 4810 1574 4856 ut
1627 4800 1883 4856 inimicus

301 4913 353 4958 ut
380 4905 553 4958 Deum
583 4902 810 4957 habeat.
850 4903 914 4954 Et
943 4901 997 4954 in
1027 4900 1116 4954 bis
1145 4900 1400 4955 omnibus
1430 4915 1540 4953 non
1587 4899 1690 4953 nisi
1739 4899 1886 4952 Deus

305 4993 562 5064 diligitur,
588 4991 713 5062 quia
741 4991 888 5045 aliud
927 5004 1035 5043 non
1069 4997 1154 5044 est
1194 5003 1358 5057 quam
1405 4986 1585 5052 Deus,
1633 4987 1781 5057 quod
1832 4985 1888 5040 in

305 5080 395 5135 illo
417 5081 683 5151 diligitur,
709 5079 832 5150 quia
862 5085 964 5143 est,
997 5077 1050 5131 in
1083 5077 1187 5132 isto
1218 5075 1462 5148 diligitur
1501 5083 1558 5128 ut
1604 5075 1692 5128 sit.
1745 5076 1890 5145 llrgo

309 5194 431 5232 cum
468 5179 617 5232 Deus
674 5177 942 5248 diligitur,
1001 5182 1055 5229 et
1109 5191 1232 5230 cum
1287 5172 1569 5244 proximus
1623 5171 1888 5244 diligitur,

313 5269 454 5322 Deus
484 5265 755 5337 diligitur.
787 5265 973 5333 Quare
1005 5279 1140 5334 ergo
1171 5263 1300 5318 dicit
1329 5263 1610 5333 Scriptura
1642 5279 1655 5314 :
1694 5284 1714 5309 u
1751 5261 1816 5317 Ut
1846 5270 1897 5316 et

317 5355 486 5409 Deum
516 5354 735 5425 diligas,
769 5362 822 5406 et
851 5352 1160 5424 proximum
1190 5352 1412 5423 (Matth.
1462 5352 1614 5419 xxu).
1654 5373 1674 5397 η
1736 5349 1793 5404 Si
1843 5349 1900 5404 in

319 5451 428 5506 Deo
459 5453 634 5504 Deum
666 5450 870 5521 diligis,
920 5459 972 5504 et
1003 5449 1248 5518 proximo
1306 5451 1480 5504 Deum
1535 5448 1737 5519 diligis,
1800 5463 1901 5502 nec

318 5539 459 5595 aliud
490 5541 542 5593 in
575 5541 824 5610 proximo
857 5553 1020 5609 quam
1057 5539 1206 5610 quod
1238 5539 1289 5592 in
1321 5539 1437 5592 Deo
1484 5537 1683 5607 diligis,
1734 5553 1901 5607 quare

319 5645 442 5694 sunt
469 5638 576 5696 duo
606 5644 882 5709 praecepta
919 5635 1202 5693 eharitatis
1226 5637 1254 5692 ‘i
1308 5636 1366 5692 Si
1408 5634 1550 5691 enim
1608 5636 1902 5708 utrobique

1989 4430 2124 4486 moti
2155 4437 2208 4484 et
2237 4428 2402 4484 alieni
2436 4427 2561 4484 facti
2588 4443 2622 4482 a
2663 4427 2842 4482 nobis.
2891 4427 3007 4482 Nos
3062 4435 3243 4482 autem
3300 4426 3581 4497 proximos

1992 4518 2220 4590 diligere
2251 4517 2536 4581 debemus,
2567 4531 2678 4570 non
2705 4514 2933 4582 alienos,
2963 4514 3017 4569 id
3049 4523 3130 4570 est
3157 4515 3428 4580 homines,
3472 4531 3582 4571 11011

1995 4607 2294 4671 daemones,
2336 4613 2386 4659 et
2425 4604 2549 4659 illos
2586 4603 2859 4667 homines,
2899 4602 2992 4674 qui
3029 4602 3116 4658 vel
3152 4619 3253 4674 per
3289 4603 3585 4660 bonitatem

1998 4711 2108 4750 non
2139 4701 2508 4760 recesserunt,
2540 4691 2625 4747 vel
2654 4707 2755 4762 per
2791 4691 3002 4746 arbitrii
3046 4691 3354 4748 libertatem
3402 4691 3582 4747 redire

2001 4797 2252 4862 possunt.
2292 4791 2416 4844 Non
2450 4789 2596 4845 enim
2635 4790 2856 4846 omnino
2896 4789 3064 4862 longe
3120 4798 3246 4844 sunt
3301 4790 3413 4862 qui,
3481 4788 3585 4843 etsi

2002 4879 2256 4944 abierint,
2290 4879 2467 4933 adhuc
2496 4879 2676 4934 redire
2731 4886 2986 4949 possunt.
3031 4877 3125 4932 lsti
3181 4886 3304 4932 sunt
3354 4877 3587 4948 proximi

2000 4988 2138 5044 quos
2168 4971 2400 5042 diligere
2430 4971 2714 5038 debemus,
2744 4971 2830 5026 vel
2867 4969 2922 5026 in
2951 4972 3088 5036 Deo,
3133 4969 3180 5024 si
3221 4977 3586 5036 recesserunt,

2001 5061 2087 5118 vel
2117 5067 2343 5131 propter
2371 5061 2566 5126 Deum,
2601 5060 2646 5114 si
2677 5059 2855 5114 redire
2885 5066 3130 5130 possunt.
3165 5058 3321 5127 Quos
3369 5059 3590 5131 quando

2004 5147 2302 5222 diligimus,
2337 5147 2423 5202 vel
2453 5149 2506 5201 in
2539 5148 2620 5226 eis
2649 5149 2827 5203 Deum
2858 5147 3141 5219 diligimus
3188 5147 3234 5200 si
3275 5146 3405 5202 boni
3443 5155 3586 5216 sunt,

2006 5238 2092 5294 vel
2125 5238 2206 5292 eis
2237 5236 2437 5292 bonum
2467 5233 2744 5308 diligimus
2781 5245 2835 5292 et
2864 5245 3136 5308 Optamus,
3165 5251 3289 5293 cum
3319 5238 3462 5310 quod
3482 5254 3592 5296 non

2008 5334 2134 5382 sunt
2164 5323 2289 5380 boni
2320 5341 2442 5380 esse
2469 5332 2724 5396 possunt.

2086 5459 2314 5527 Propter
2344 5459 2446 5511 hoc
2476 5472 2613 5529 ergo
2643 5457 2749 5512 duo
2787 5463 2912 5512 sunt
2969 5466 3244 5529 praecepta
3299 5459 3595 5526 charitatis,

2013 5546 2115 5602 Dei
2144 5546 2397 5602 videlicet
2425 5555 2477 5601 et
2509 5545 2742 5616 proximi
2760 5551 2817 5601 ut
2835 5561 2934 5617 per
2953 5548 3270 5604 charitatem
3293 5547 3390 5604 Dei
3426 5549 3600 5619 ipsum

2016 5637 2221 5692 bonum
2253 5635 2473 5709 diligas,
2504 5651 2604 5708 per
2629 5635 2948 5694 charitatem
2970 5638 3201 5708 proximi
3220 5638 3426 5694 bonum
3459 5634 3604 5708 quod
