3972 6076
456 264 595 318 1175

1585 246 1930 304 WERNERI
1980 244 2263 301 ABBATIS
2304 245 2360 300 S.
2395 245 2619 301 BLASII

3652 235 3763 288 1175

444 386 631 458 diligis
662 385 911 457 proximo
938 397 1046 439 non
1077 379 1340 436 invideas.
1399 377 1633 431 Poteras
1674 373 1879 444 aliquid
1915 370 2044 427 dili-
2074 368 2129 429 Α
2158 367 2284 423 liter
2321 367 2617 425 valentem.
2665 367 2851 422 Tertio
2881 366 3129 438 Spiritum
3160 363 3397 419 dicimus
3436 376 3553 432 per
3611 365 3767 413 totum

447 491 582 547 gere
612 482 665 529 et
693 472 941 545 proximo
970 485 1081 526 non
1108 468 1341 539 diligere
1373 484 1387 530 ;
1419 472 1637 535 poteras
1666 461 1872 533 aliquid
1907 460 2047 516 velle

447 563 671 627 habere,
705 570 759 617 et
792 569 972 616 tamen
1002 558 1149 614 nolle
1179 564 1240 611 ut
1280 553 1434 609 illiud
1482 552 1705 607 haberet
1762 549 2048 621 proximus

447 660 576 707 tuus
612 666 624 705 :
656 650 711 705 in
741 650 865 705 Deo
896 656 1077 704 tamen
1108 658 1219 702 non
1244 652 1489 716 poteras.
1535 641 1659 695 Non
1702 639 1847 693 enim
1890 646 2050 708 pote-

448 755 538 795 ras
557 740 730 795 Deum
752 738 1002 808 diligere,
1028 734 1139 789 nisi
1158 732 1420 805 diligeres
1442 739 1495 784 et
1517 726 1819 800 proximum
1872 733 2048 781 tuum.

448 838 573 911 quia
595 853 720 893 cum
743 834 944 891 invidia
966 840 1019 889 et
1039 832 1165 888 odio
1188 832 1337 886 Deus
1357 828 1512 899 diligi
1533 842 1641 881 non
1662 831 2048 896 potest,tamen

451 927 575 999 quia
604 925 661 981 in
688 924 809 979 aliis
840 923 1006 978 rebus
1034 922 1142 975 hoc
1187 918 1371 973 facere
1428 924 1667 987 poteras,
1725 921 1789 968 ut
1843 912 2050 984 aliquid

449 1014 627 1071 velles
658 1022 712 1069 et
740 1012 997 1083 proximo
1026 1017 1121 1063 tuo
1150 1022 1259 1060 non
1291 1004 1483 1065 velles.
1516 1003 1830 1057 distinctum
1861 1009 1943 1056 est
1993 1008 2052 1054 ut

451 1112 755 1173 utrumque
781 1100 879 1154 tibi
924 1097 1233 1153 faciendum
1284 1110 1405 1147 esse
1451 1092 1747 1161 intelligas,
1803 1089 2050 1160 quamvis

452 1192 687 1247 alterum
720 1189 838 1244 sine
868 1188 1043 1242 altero
1073 1185 1253 1240 facere
1282 1198 1389 1236 non
1420 1181 1624 1251 possis.
1665 1178 1928 1247 Quamvis
1971 1176 2051 1231 si-

449 1289 559 1344 mul
593 1288 718 1353 sint,
753 1295 935 1340 tamen
966 1283 1074 1337 duo
1110 1288 1235 1335 sunt
1266 1278 1483 1333 dilectio
1516 1278 1616 1331 Dei
1674 1284 1725 1331 et
1781 1275 2040 1346 proximi.

449 1378 643 1447 Neque
692 1374 816 1429 ideo
871 1372 1173 1427 debuerunt
1238 1368 1291 1421 in
1345 1367 1711 1438 praeceptione
1766 1364 2051 1430 confundi,

452 1463 709 1537 quamvis
738 1478 847 1519 non
878 1460 1086 1532 possint
1108 1458 1161 1511 in
1193 1456 1406 1512 actione
1429 1454 1689 1525 separari.
1724 1454 1844 1507 Duo
1888 1453 2054 1524 igitur

451 1560 732 1626 pmcepta
762 1558 887 1605 sunt
914 1546 1225 1605 charitatis:
1262 1560 1428 1599 unum
1449 1542 1595 1613 quod
1616 1544 1793 1597 Deum
1824 1541 2054 1611 diligere

453 1640 803 1714 pracipimur
833 1656 846 1701 ;
879 1637 1110 1692 alterum
1140 1649 1250 1707 quo
1298 1634 1604 1704 proximum
1653 1646 1841 1686 amare
1883 1630 2051 1699 jube-

454 1745 605 1784 mur.
644 1728 750 1784 Sed
782 1727 918 1783 dicis
953 1742 965 1779 2
996 1724 1173 1793 Quare
1202 1723 1302 1778 tria
1327 1722 1452 1777 data
1484 1737 1591 1777 non
1622 1728 1747 1774 sunt
1778 1726 2050 1790 praecepta
2077 1722 2132 1782 Β

460 1816 744 1875 charitatis
772 1824 830 1871 ut
859 1814 1110 1869 similiter
1138 1811 1333 1884 diligat
1361 1812 1526 1867 homo
1567 1824 1630 1864 se
1674 1809 1872 1879 ipsum,
1920 1808 2056 1863 sicut

465 1916 701 1988 diligere
724 1914 942 1983 jubetur
972 1912 1153 1967 Deum
1192 1918 1242 1965 et
1271 1906 1739 1979 proximum.~Sed
1762 1905 2059 1961 considera

464 2005 595 2077 quia
624 2002 959 2075 superfluum
989 2000 1130 2055 foret
1149 2003 1209 2053 ut
1229 1997 1360 2052 illud
1379 1996 1495 2051 tieri
1513 1996 1797 2065 juberetur
1815 1992 1885 2049 ad
1915 1993 2059 2064 quod

463 2092 771 2150 faciendum
802 2090 883 2145 sic
910 2090 1076 2145 homo
1105 2102 1312 2158 pronus
1366 2085 1543 2140 fuerat
1589 2100 1653 2138 ex
1698 2099 1777 2150 se,
1830 2090 1886 2136 ut
1925 2081 2061 2137 illud

474 2189 567 2237 aut
586 2196 694 2236 non
716 2185 922 2251 posset,
939 2184 1031 2231 aut
1051 2191 1160 2231 non
1179 2172 1341 2229 vellet
1362 2173 1658 2236 dimittere,
1682 2170 1895 2226 etiamsi
1925 2185 2061 2241 pro-

466 2270 765 2325 hiberetur.
804 2266 927 2321 Non
960 2264 1125 2336 igitur
1152 2260 1582 2334 praecipiendum
1615 2267 1728 2314 erat
1772 2259 1975 2314 homini
2005 2270 2063 2314 ut

470 2374 535 2414 se
563 2356 838 2427 diligeret,
870 2353 968 2407 sed
999 2351 1299 2405 timendum
1320 2349 1404 2403 vel
1426 2347 1729 2404 cavendum
1754 2348 1929 2417 magis
1946 2355 2063 2402 erat

471 2461 540 2501 ne
567 2443 728 2499 nimis
756 2440 1041 2513 diligeret.
1088 2439 1207 2493 Hoc
1263 2436 1531 2510 siquidem
1587 2444 1793 2491 natura:
1841 2435 2065 2489 insitum

475 2548 614 2606 erat,
641 2547 699 2595 ut
725 2554 786 2593 se
817 2538 973 2593 odire
1003 2551 1110 2591 non
1144 2542 1333 2606 posset
1362 2533 1663 2589 secundum
1694 2548 1857 2603 quam
1904 2548 2065 2587 nemo

471 2645 691 2687 carnem
721 2641 879 2682 suam
907 2624 1035 2680 odio
1064 2625 1252 2679 habuit
1281 2624 1433 2693 cujus
1462 2621 1811 2677 commodum
1841 2622 1931 2693 qui
1960 2636 2065 2676 na.

469 2728 606 2774 turae
636 2717 833 2772 insitus
862 2722 946 2769 est
974 2712 1247 2785 appetitus
1303 2710 1748 2781 inseparabiliter
1783 2710 1979 2780 diligit,
2012 2718 2065 2765 et

476 2806 623 2880 quod
653 2805 947 2862 adversum
977 2810 1059 2858 est
1088 2800 1187 2872 illi,
1221 2816 1442 2872 semper
1466 2800 1767 2854 detestatur
1796 2806 1848 2853 et
1898 2798 2059 2871 fugit.

476 2966 552 3021 De
580 2964 797 3019 anima.
837 2962 1017 3030 Quare
1054 2961 1133 3014 sic
1165 2958 1410 3014 dicatur.
1443 2959 1519 3012 De
1539 2958 1919 3029 appellatione
1948 2958 2072 3013 ani-

2156 480 2356 535 corpus
2394 463 2654 520 emissum
2695 472 2857 536 atque
2896 471 3196 533 receptum,
3255 477 3359 531 per
3421 473 3611 530 quem
3677 458 3768 509 vita

2156 553 2465 609 mortalium
2494 554 2838 620 continetur;
2871 569 2973 609 nec
2993 551 3286 621 aliquando
3309 549 3492 605 otium
3518 545 3765 617 capiens,

2151 641 2275 715 jugi
2299 642 2599 698 mobilitate
2632 650 2945 713 reparatur.

2231 766 2529 821 Sciendum
2560 774 2643 822 est
2670 766 2839 838 igitur
2868 766 3107 820 animum
3134 773 3186 821 et
3236 772 3488 819 mentem
3550 761 3769 832 proprie

2156 862 2391 919 animam
2429 880 2538 918 non
2595 862 2799 920 vocari.
2842 865 2971 919 Haec
3019 862 3410 918 Cassiodorus.
3482 860 3770 915 Caeterum

2158 952 2402 1007 Isidorus
2433 953 2510 1007 sic
2537 953 2609 1006 ait
2643 971 2656 1006 :
2693 976 2713 1000 α
2748 954 2866 1008 Una
2898 960 2980 1007 est
3023 952 3205 1007 anima
3244 968 3368 1023 qua:
3430 950 3578 1003 dum
3644 966 3771 1003 con-

2157 1042 2475 1111 templatur,
2518 1041 2735 1110 Spiritus
2766 1051 2868 1107 est,
2902 1042 3028 1095 dum
3075 1041 3251 1105 sentit,
3314 1056 3526 1095 sensus
3567 1059 3583 1102 ;
3646 1040 3770 1092 dum

2161 1138 2322 1207 sapit,
2354 1138 2602 1202 animus;
2636 1138 2766 1192 dum
2798 1138 3067 1209 intelligit,
3095 1154 3279 1202 mens;
3314 1137 3453 1191 dum
3476 1137 3769 1191 discernji.

2161 1226 2299 1280 ratio
2332 1244 2345 1289 ;
2379 1227 2506 1280 dum
2537 1228 2826 1293 consentit,
2872 1227 3122 1281 voluntas
3158 1246 3170 1289 ;
3228 1228 3353 1280 dum
3422 1226 3771 1287 recordatur,

2161 1316 2428 1369 memoria
2463 1335 2475 1379 ;
2510 1316 2638 1369 dum
2668 1316 2915 1370 membra
2943 1324 3178 1386 vegetat,
3215 1316 3403 1368 anima
3437 1324 3562 1369 est.
3613 1339 3635 1361 -
3674 1316 3775 1369 llo-

2162 1412 2323 1466 minis
2354 1429 2485 1485 ergo
2516 1414 2713 1480 anima,
2748 1422 2807 1467 ut
2826 1413 3099 1469 veracium
3149 1412 3439 1468 doctorum
3494 1412 3779 1467 consentit

2161 1502 2477 1570 auctoritas,
2508 1511 2590 1556 est
2618 1520 2649 1557 a
2684 1503 2796 1557 Deo
2847 1511 3032 1558 creata
3085 1502 3374 1572 spiritualis
3438 1502 3781 1572 prOpriaque

2162 1590 2459 1644 substantia
2489 1590 2571 1645 sui
2600 1590 2851 1661 corporis
2880 1591 3200 1647 viviﬁcatrix
3229 1591 3518 1645 rationalis
3556 1589 3783 1660 quidem

2162 1695 2215 1742 et
2242 1687 2583 1755 immortalis,
2614 1689 2713 1743 sed
2742 1688 2799 1742 in
2830 1689 3033 1742 bonum
3066 1689 3372 1760 malumque
3422 1689 3783 1743 convertibi-

2166 1776 2257 1830 lis.
2296 1776 2454 1831 Edita
2484 1784 2567 1832 est
2596 1778 2754 1847 quasi
2780 1777 3076 1848 parturiale
3105 1793 3287 1843 ovum,
3320 1777 3414 1831 ubi
3447 1777 3567 1831 vita
3593 1776 3787 1831 futura

2166 1864 2284 1919 avis
2314 1880 2617 1933 pennarum
2640 1873 2800 1937 grata
2830 1866 3066 1921 varietas
3096 1867 3424 1922 continetur.
3486 1868 3736 1936 Insuper
3759 1882 3787 1919 ε

2167 1962 2284 2017 Deo
2315 1959 2432 2016 fieri
2461 1960 2547 2017 vel
2572 1962 2746 2017 factas
2772 1963 2981 2018 animas
3011 1963 3367 2034 prudentium
3421 1963 3627 2018 nullus
3687 1980 3787 2018 ne—

2170 2049 2289 2115 scit,
2323 2051 2543 2121 quando
2572 2052 2791 2106 Creator
2817 2060 2899 2107 est
2940 2060 3034 2107 aut
3094 2059 3347 2109 creatura
3396 2067 3573 2106 omne
3639 2053 3785 2123 quod

2169 2138 2382 2192 existit.
2421 2139 2666 2194 Creatrix
2696 2139 2866 2212 igitur
2891 2140 3044 2194 nulla
3094 2148 3346 2196 creatura
3399 2148 3597 2211 potest
3663 2157 3785 2196 esse

2171 2237 2493 2302 substantia,
2532 2236 2787 2307 quoniam
2817 2244 2871 2291 ut
2899 2236 3019 2307 ipsa
3049 2236 3309 2291 subsistat
3361 2237 3589 2305 indiget
3648 2238 3784 2303 Deo,

2172 2332 2226 2379 et
2248 2325 2377 2380 dare
2410 2340 2517 2380 non
2540 2332 2719 2395 potest
2738 2324 2896 2379 alteri
2909 2325 3347 2389 subsistentiam,
3374 2342 3547 2397 quam
3576 2334 3787 2380 tantum

2172 2414 2376 2468 habere
2406 2412 2631 2483 accepit.
2658 2414 2921 2483 Superest
2950 2422 3006 2467 ut
3032 2429 3153 2468 eam
3192 2414 3479 2469 verissime
3513 2432 3545 2468 a
3575 2416 3785 2469 divini-

2173 2518 2282 2565 tate
2311 2510 2585 2564 conditam
2616 2525 2737 2565 esse
2769 2508 3034 2564 fateamur
3062 2526 3179 2581 qua:
3211 2510 3325 2565 sola
3356 2518 3547 2580 potest
3594 2527 3783 2566 creare

2174 2598 2423 2653 mortalia
2453 2606 2505 2652 et
2534 2598 2884 2653 immortalia.
2920 2598 3215 2653 Evidenter
3258 2599 3402 2653 enim
3462 2599 3677 2669 legitur
3733 2602 3784 2654 in

2176 2686 2463 2742 Salomone
2489 2704 2503 2740 :
2529 2708 2550 2732 ι
2574 2687 2639 2740 Et
2661 2695 2961 2741 revertetur
2979 2687 3156 2757 pulvis
3173 2686 3226 2740 in
3245 2695 3446 2741 terram
3471 2689 3619 2742 sicut
3642 2698 3783 2753 erat,

2177 2788 2232 2839 et
2271 2784 2494 2854 spiritus
2560 2791 2861 2838 revertetur
2926 2784 2994 2838 ad
3063 2799 3189 2838 eum
3254 2784 3346 2854 qui
3412 2785 3566 2839 dedit
3639 2786 3792 2839 illum

2177 2874 2375 2942 (Eccli.
2397 2873 2513 2940 xu).
2554 2892 2575 2921 r
2610 2872 2679 2926 Et
2705 2871 2836 2926 alibi
2873 2888 2884 2925 :
2926 2894 2947 2919 ι
2984 2871 3215 2927 Omnem
3244 2872 3426 2927 flatum
3457 2890 3568 2945 ego
3606 2874 3736 2931 feci.
3766 2900 3787 2921 ι

2180 2961 2315 3015 Illud
2345 2969 2526 3015 autem
2566 2960 2707 3032 quod
2742 2961 2979 3015 diximus
3023 2960 3108 3015 sui
3146 2962 3391 3031 corporis
3438 2962 3789 3028 vivificatrix,

548 3046 657 3099 mi.
696 3044 771 3097 De
803 3041 1009 3097 mentis
1039 3039 1441 3109 appellatione,
1466 3042 1522 3093 et
1549 3039 1614 3094 de
1634 3039 1872 3110 spiritu:
1888 3038 2064 3110 appel-

2180 3058 2304 3114 ideo
2335 3058 2531 3113 dicitur
2559 3060 2683 3131 quia
2720 3074 2850 3113 mox
2878 3066 2935 3113 ut
2967 3058 3087 3112 data
3133 3057 3295 3113 fuerit
3341 3057 3605 3113 ineﬂ'abili
3659 3077 3794 3115 con-

556 3128 794 3184 latione.

535 3250 755 3306 Anima:
769 3262 1097 3305 concessum
1111 3252 1194 3302 est
1215 3246 1374 3300 aDeo
1390 3244 1713 3317 ingenitium
1730 3245 1865 3314 (sic)
1885 3260 2070 3300 rerum

487 3348 702 3396 secreta
727 3345 1013 3409 penetrare
1042 3349 1108 3391 ac
1135 3341 1415 3405 penetrata
1452 3334 1760 3388 viventibus
1806 3350 1907 3404 per
1946 3349 2068 3389 eam

483 3442 762 3485 reserare.
797 3425 951 3482 Unde
981 3424 1231 3494 ineptum
1279 3422 1494 3477 ducitur
1546 3422 1695 3477 illam
1752 3438 1852 3493 per
1909 3438 2069 3493 quam

484 3527 646 3596 plura
672 3522 1085 3593 cognoscimus,
1118 3519 1277 3592 quasi
1302 3536 1332 3573 a
1361 3520 1521 3574 nobis
1542 3519 1780 3575 alienam
1802 3520 2071 3592 nosigno-

484 3628 625 3668 rare.
656 3613 718 3665 In
747 3610 935 3680 primis
964 3624 1098 3679 ergo
1127 3608 1450 3672 insinuetur,
1495 3609 1650 3676 cujus
1705 3608 1884 3662 anima
1939 3624 2070 3679 pro-

481 3700 608 3774 prie
638 3699 853 3755 dicatur
881 3711 935 3751 et
961 3712 1129 3767 quare
1160 3696 1241 3753 sio
1269 3695 1588 3765 appelletur.
1638 3696 1858 3766 Pr0prie
1902 3698 2072 3767 igitur

482 3787 719 3844 hominis
746 3784 931 3840 anima
957 3792 1012 3839 et
1054 3799 1164 3838 non
1216 3784 1489 3853 pecudum
1538 3783 1753 3849 dicitur,
1812 3785 2070 3855 quoniam

480 3878 589 3935 vita
616 3875 887 3948 pecudum
930 3872 986 3928 in
1031 3872 1297 3943 sanguine
1327 3879 1537 3926 tantum
1567 3872 1859 3927 constituta
1889 3874 2070 3930 nosci-

478 3975 585 4023 tur.
621 3966 749 4022 Hac
776 3978 930 4030 vero,
973 3961 1101 4033 quia
1143 3960 1465 4017 immortalis
1520 3968 1624 4027 est,
1682 3961 1865 4017 anima
1920 3971 2069 4018 recte

482 4064 636 4138 quasi
672 4079 897 4120 anwma
924 4048 1187 4136 [uimine],
1220 4059 1272 4114 id
1304 4067 1384 4115 est
1411 4073 1445 4113 a
1475 4059 1744 4131 sanguine
1781 4058 1947 4131 longe
1992 4060 2069 4115 di-

480 4160 657 4210 screta
684 4157 925 4216 vocatur,
945 4164 1069 4205 cum
1091 4156 1216 4220 post
1236 4155 1466 4203 mortem
1487 4148 1737 4218 corporis
1771 4148 2072 4217 perfectam

481 4242 605 4311 ejus
634 4247 848 4298 constet
876 4254 1000 4293 esse
1030 4237 1411 4293 substantiam.
1445 4235 1677 4305 Quidam
1708 4236 1945 4292 animam
1990 4239 2073 4293 di-

483 4337 611 4387 cunt
640 4326 989 4399 appellatam,
1023 4341 1089 4382 eo
1119 4326 1265 4397 quod
1292 4325 1493 4381 animet
1519 4334 1682 4397 atque
1710 4325 1950 4382 viviﬁcet
1989 4327 2074 4382 sui

2179 3147 2406 3211 ditione,
2441 3147 2620 3218 diligit
2652 3162 2934 3202 carcerem
2968 3163 3146 3212 suum,
3168 3156 3311 3201 amat
3364 3157 3596 3217 prepter
3639 3152 3791 3219 quod

2179 3236 2353 3290 libera
2390 3252 2514 3291 esse
2543 3251 2652 3290 non
2682 3243 2884 3306 potest,
2921 3235 3206 3291 doloribus
3254 3236 3377 3305 ejus
3426 3239 3793 3293 vehementer

2178 3330 2438 3397 afficitur,
2474 3330 2726 3386 formidat
2756 3330 3030 3386 interitum
3062 3347 3182 3403 quae
3227 3348 3337 3387 non
3382 3338 3566 3402 potest
3597 3336 3742 3389 mori
3774 3354 3788 3401 ;

2179 3429 2233 3477 et
2262 3422 2341 3476 sic
2366 3428 2451 3475 est
2481 3422 2551 3476 ad
2580 3420 2830 3489 corporis
2861 3422 2945 3474 sui
2976 3437 3135 3476 casus
3181 3422 3414 3490 trepida,
3462 3430 3524 3475 ut
3579 3423 3784 3493 ipsam,

2181 3526 2302 3581 quas
2331 3524 2443 3564 non
2486 3516 2667 3579 potest
2695 3508 2931 3565 deficere
2961 3525 3061 3580 per
3091 3518 3356 3575 naturam,
3392 3512 3577 3583 magis
3616 3514 3788 3567 susti-

2178 3622 2311 3661 nere
2348 3606 2539 3662 credas
2576 3614 2840 3661 extrema.
2882 3607 2951 3661 Et
2988 3606 3113 3663 licet
3165 3608 3333 3662 rebus
3400 3609 3790 3679 corporalibus

2178 3695 2488 3750 nultatenus
2526 3697 2646 3765 ipsa
2684 3704 2932 3751 vescatur
2970 3696 3254 3751 subductis
3312 3705 3524 3751 tantum
3580 3699 3790 3753 talibus

2180 3786 2504 3856 gravissimo
2539 3799 2774 3839 mcerore
2807 3783 3110 3849 conﬁcitur,
3138 3785 3462 3840 desiderans
3514 3802 3629 3841 non
3688 3788 3793 3842 sibi

2177 3882 2502 3937 naturaliter
2532 3883 2849 3948 accomoda,
2882 3884 2978 3938 sed
3030 3882 3311 3951 adjunctis
3352 3884 3588 3939 artubus
3652 3902 3793 3957 pro—

2178 3970 2373 4027 futura.
2406 3972 2524 4027 Vita
2553 3987 2688 4043 ergo
2728 3972 2978 4043 corporis
3007 3982 3273 4042 susceptae
3300 3974 3499 4027 animae
3524 3991 3784 4044 praesen-

2178 4061 2251 4115 tia
2281 4069 2381 4129 est,
2417 4076 2561 4115 mors
2593 4068 2778 4115 autem
2814 4061 2931 4129 ejus
2980 4061 3243 4131 probatur
3296 4061 3626 4117 abscessus.
3698 4065 3789 4120 Sic

2179 4157 2325 4213 diem
2349 4157 2575 4213 dicimus
2604 4158 2870 4214 instrante
2889 4159 3028 4223 sole,
3056 4159 3292 4229 quicum
3316 4158 3646 4215 discesserit
3679 4178 3791 4216 nox

2179 4255 2425 4303 vocatur.
2454 4248 2592 4302 Vivit
2622 4247 2801 4319 itaque
2830 4263 3031 4319 corpus
3061 4248 3260 4303 animae
3289 4248 3571 4318 praesidio,
3614 4257 3677 4304 et
3731 4267 3795 4304 ex

2180 4334 2297 4405 ipsa
2326 4336 2597 4406 probatur
2625 4335 2901 4406 accipere,
2958 4335 3100 4391 unde
3158 4352 3216 4391 se
3269 4337 3572 4407 praevaleat
3631 4353 3792 4393 com-

482 4417 730 4487 corporis
787 4414 1164 4469 substantiam.
1223 4415 1449 4469 Animus
1506 4421 1689 4469 autem
1746 4415 2064 4485 appellatur,

2185 4447 2427 4487 movere.
2465 4433 2567 4487 Per
2603 4440 2774 4488 totum
2806 4448 2933 4487 vero
2972 4448 3169 4502 corpus
3197 4434 3343 4504 quod
3386 4434 3617 4499 animat,
3686 4452 3797 4491 non

485 4504 611 4577 quia
648 4502 998 4559 velocissima
1036 4502 1295 4575 cegitatio
1352 4503 1474 4572 ejus
1538 4502 1607 4559 ad
1671 4502 2073 4560 similitudinem

483 4600 632 4660 venti
669 4607 818 4657 motu
858 4598 1022 4656 celeri
1060 4607 1403 4672 pervagatur,
1445 4600 1537 4671 qui
1595 4599 1654 4654 fit
1710 4616 1775 4655 ex
1834 4603 2075 4673 appetitu

483 4690 680 4745 anima:
705 4696 978 4745 commoto
1006 4703 1107 4757 pro
1136 4688 1398 4744 desiderii
1427 4691 1546 4757 ejus
1591 4689 1870 4760 qualitate.
1922 4692 2075 4747 Mens

481 4787 682 4844 dicitur
710 4802 743 4841 a
765 4802 926 4841 mene
972 4776 1174 4858 Ιμήνηι,
1207 4785 1261 4839 id
1283 4794 1363 4841 est
1382 4801 1413 4839 a
1434 4784 1581 4851 luna,
1608 4786 1735 4856 quia
1754 4786 1881 4842 licet
1902 4792 2075 4842 mute-

480 4893 569 4940 tur
595 4884 969 4940 vicissitudine
1000 4886 1171 4950 varia,
1201 4898 1265 4938 se
1294 4892 1476 4939 tamen
1505 4883 1737 4939 restituit
1769 4883 1823 4937 in
1854 4884 1909 4938 id
1930 4885 2078 4956 quod

482 4972 584 5029 fuit
621 4973 855 5045 quadam
894 4972 1135 5028 novitate
1176 4972 1436 5042 perfecta.
1484 4971 1718 5042 Spiritus
1767 4971 1925 5027 etiam
1973 4974 2073 5027 tri-

481 5061 611 5132 plici
633 5061 795 5117 modo
827 5061 1040 5117 dicitur.
1070 5060 1389 5133 Appellatur
1420 5060 1565 5116 enim
1596 5061 1924 5117 veraciteret
1944 5077 2074 5132 pro-

480 5159 599 5229 prie
627 5160 825 5214 nullius
853 5158 1128 5232 indigens,
1160 5160 1277 5230 ipse
1308 5173 1436 5215 vero
1492 5174 1522 5212 a
1580 5159 1849 5215 creaturis
1897 5160 2077 5215 omni-

482 5245 585 5299 bus
622 5247 849 5320 indiget,
892 5248 1163 5318 inspirans
1223 5248 1369 5319 quod
1431 5248 1565 5315 vult,
1634 5255 1683 5303 et
1750 5248 2077 5319 dispensans

481 5334 665 5387 omnia
693 5344 857 5405 prout
886 5337 1018 5402 vult,
1051 5336 1308 5392 universa
1336 5336 1634 5406 complens,
1665 5344 1808 5392 totus
1843 5338 1897 5390 in
1944 5344 2073 5421 toto.

480 5427 774 5483 immobilis
804 5430 945 5495 loco,
978 5438 1031 5485 et
1062 5431 1335 5487 voluntate
1364 5440 1597 5486 aeternus
1627 5439 1928 5501 cunctaque
1958 5448 2077 5503 quae

479 5532 693 5572 summa
731 5526 856 5571 sunt
887 5518 1235 5588 singulariter
1286 5529 1501 5591 potens.
1546 5522 1815 5576 Vocamus
1858 5529 1913 5576 et
1957 5522 2075 5592 spi-

476 5605 645 5663 ritum
683 5606 1041 5661 substantiam
1109 5614 1324 5664 tenuem
1388 5609 1655 5681 nobisque
1722 5609 2070 5677 invisibilem,

475 5712 787 5763 creaturam
815 5702 1195 5770 immortalem,
1230 5712 1488 5776 quantum
1516 5707 1594 5763 illi
1623 5707 1803 5764 datum
1834 5715 1937 5777 est,
1963 5707 2073 5764 uti-

2184 4521 2341 4577 locali
2370 4520 2679 4586 diﬂ'usione,
2714 4521 2814 4575 sed
2852 4522 3085 4592 quadam
3117 4522 3269 4575 vitali
3301 4522 3606 4578 intentione
3655 4541 3797 4593 por-

2183 4610 2397 4680 rigitur.
2430 4610 2565 4665 Nam
2598 4625 2698 4680 per
2724 4625 2915 4665 omnes
2948 4610 3067 4678 ejus
3096 4611 3393 4681 particulas
3450 4620 3564 4666 tota
3624 4612 3801 4667 simul

2184 4707 2358 4776 adest,
2390 4723 2491 4763 nec
2521 4706 2700 4762 minor
2727 4707 2782 4761 in
2810 4707 3132 4773 minoribus,
3196 4723 3299 4763 nec
3365 4709 3420 4762 in
3477 4710 3795 4777 majoribus

2182 4796 2378 4864 major,
2413 4796 2509 4850 sed
2530 4796 2728 4850 alicubi
2754 4795 3042 4862 intensius,
3101 4796 3302 4851 alicubi
3361 4797 3675 4862 remissius,
3738 4808 3796 4853 et

2184 4884 2520 4939 inomnibus
2548 4891 2678 4949 tota,
2714 4884 2846 4939 etin
2890 4884 3121 4955 singulis
3178 4891 3289 4939 tota
3348 4893 3456 4939 est.
3523 4884 3800 4953 Quamvis

2185 4982 2329 5036 enim
2358 4981 2411 5035 in
2445 4995 2678 5051 corpore
2709 4996 2816 5035 non
2848 4990 2960 5037 toto
2991 4984 3172 5046 sentit,
3208 4990 3389 5036 tamen
3421 4990 3530 5036 tota
3588 4986 3791 5039 sentit.

2182 5070 2323 5125 Nam
2354 5085 2476 5125 cum
2506 5070 2709 5139 exiguo
2735 5079 2935 5140 puncto
2961 5070 3015 5125 in
3048 5085 3215 5126 carne
3247 5071 3369 5126 viva
3412 5070 3623 5142 aliquid
3665 5080 3797 5127 tan-

2184 5158 2351 5230 gitur,
2382 5165 2435 5213 et
2466 5157 2511 5212 si
2540 5158 2693 5213 locus
2718 5158 2808 5213 ille
2838 5159 3003 5213 totius
3033 5158 3287 5229 corporis
3318 5176 3427 5214 non
3453 5159 3541 5225 sit,
3578 5162 3677 5215 sed
3704 5162 3795 5216 vix

2183 5254 2238 5310 in
2269 5270 2502 5325 corpore
2530 5254 2799 5322 videatur,
2830 5257 3068 5309 animam
3100 5264 3281 5311 tamen
3312 5264 3478 5311 totam
3497 5272 3609 5311 non
3634 5257 3790 5313 latet.

2182 5346 2375 5415 Neque
2406 5344 2459 5397 id
2491 5344 2634 5412 quod
2668 5344 2898 5398 sentitur
2924 5360 3019 5413 per
3054 5344 3300 5414 corporis
3328 5353 3521 5399 cuneta
3563 5345 3793 5400 discur-

2183 5434 2273 5498 rit,
2302 5433 2395 5488 sed
2428 5432 2505 5486 ibi
2536 5434 2770 5487 sentitur
2792 5440 2999 5487 tantum
3032 5432 3122 5487 ubi
3155 5432 3239 5488 ﬁt.
3306 5434 3459 5489 Unde
3516 5449 3659 5504 ergo
3712 5435 3789 5489 ad

2184 5539 2354 5587 totum
2386 5546 2519 5586 mox
2548 5532 2794 5601 pervenit
2826 5549 2839 5585 :
2873 5530 3018 5603 quod
3057 5530 3111 5585 in
3142 5538 3251 5586 toto
3281 5547 3389 5585 non
3412 5530 3488 5598 ﬁt,
3522 5532 3630 5585 nisi
3661 5532 3792 5602 quia

2182 5620 2258 5676 ibi
2288 5625 2401 5676 tota
2430 5628 2513 5677 est
2541 5620 2632 5675 ubi
2653 5618 2735 5677 fit.
2776 5619 2844 5674 Et
2872 5634 2995 5676 cum
3026 5627 3134 5676 tota
3183 5619 3259 5675 ibi
3302 5620 3389 5687 sit,
3438 5635 3545 5676 non
3597 5627 3793 5676 tamen

2182 5716 2380 5769 cetera
2408 5708 2630 5767 deserit.
2664 5708 2869 5767 Vivunt
2899 5707 3045 5767 enim
3072 5724 3141 5766 ex
3166 5708 3263 5767 illa
3290 5723 3358 5767 ea
3384 5716 3660 5782 praesente
3685 5709 3788 5766 ubi

3928 2738 3931 2809 γ

3931 2828 3933 2879 Ν

3935 3006 3937 3077 γ
