4008 6092
248 287 386 340 ΗΊἺ
1181 283 1757 341 DEFLOILITIONES
1796 283 1892 340 SS.
1935 286 2231 344 PATRUM.
2263 317 2334 328 —-
2371 287 2496 342 LIB.
2540 290 2610 344 ll.
3403 294 3538 348 H78

247 407 384 464 nihil
431 407 629 466 factum
660 419 743 468 est
798 411 932 468 tale.
974 410 1132 481 Quod
1189 411 1235 466 si
1267 409 1418 466 fieret
1456 418 1510 465 et
1546 417 1836 482 utrumque
1864 410 1917 470 A
1950 411 2051 467 sibi
2080 412 2226 483 quod
2257 428 2357 468 sua
2388 413 2716 486 cogitatione
2741 415 2981 487 respicit,
3006 414 3169 470 modo
3197 415 3340 486 quod
3361 417 3538 472 oculis

249 497 414 552 simul
444 497 617 565 ﬁeret,
673 500 832 555 simul
864 508 1154 572 utrumque
1205 508 1368 556 totam
1395 499 1602 571 pariter
1632 515 1739 554 non
1769 500 1847 554 la-
1953 502 2267 557 carnalibus
2294 503 2448 571 vidit,
2515 504 2678 560 modo
2710 505 2857 576 quod
2887 504 3277 576 imaginatione
3317 505 3538 574 phanta-

248 593 419 642 teret.
461 588 697 646 Proinde
757 596 810 644 et
839 589 895 644 in
942 590 1193 646 omnibus
1231 588 1390 644 simul
1422 597 1476 643 et
1503 588 1558 642 in
1613 587 1846 659 singulis
1953 588 2092 644 stica
2131 591 2403 662 concepit.
2451 593 2606 648 Hanc
2641 593 2874 663 proinde
2910 592 3243 664 Spiritualem
3282 593 3538 650 substan-

251 684 538 756 particulis
567 685 819 757 corporis
876 687 960 742 sui
988 694 1102 742 tota
1131 686 1290 741 simul
1320 702 1442 742 esse
1466 701 1578 740 non
1609 692 1796 756 posset
1829 703 1842 751 ;
1953 685 2082 740 tiam
2122 687 2422 758 probabilis
2489 697 2542 743 et
2582 689 2834 746 absoluta
2899 690 3029 744 ratio
3068 688 3372 756 conﬁtetur,
3416 692 3539 762 quia

253 773 302 828 si
349 791 450 846 per
486 774 606 830 illas
644 775 721 830 ita
776 773 1188 841 diﬁ‘underetur,
1231 783 1290 830 ut
1327 775 1575 830 videmus
1611 788 1847 844 corpora
1955 775 2082 830 dum
2113 775 2297 832 omnia
2326 777 2632 848 corporalia
2661 778 2834 834 tribus
2885 778 3199 834 noverimus
3226 778 3383 833 lineis
3412 795 3543 836 con-

254 862 452 918 diﬂ'usa
479 879 579 935 per
609 864 784 934 spatia
823 864 1064 921 locorum
1101 864 1403 920 minoribus
1432 863 1544 918 suis
1599 862 1846 934 partibus
1953 862 2116 919 tineri
2184 863 2539 936 longitudine,
2605 865 2910 932 latitudine,
2971 866 3359 937 profunditate,
3409 869 3542 923 nihil

252 962 463 1026 majora
513 977 786 1032 occupare
833 966 887 1017 et
928 963 1284 1034 amplioribus
1321 962 1607 1034 ampliora.
1656 962 1846 1016 Latum
1953 958 2060 1014 tale
2090 958 2144 1013 in
2169 959 2352 1014 anima
2379 961 2644 1032 probatur
2696 962 2950 1034 reperiri.
2988 963 3198 1018 Deinde
3227 965 3372 1035 quod
3411 980 3539 1021 cor-

254 1058 337 1105 est
367 1049 564 1105 anima:
594 1051 1003 1122 quodammodo
1034 1052 1396 1121 cogitationes
1426 1049 1847 1123 apprehendere
1951 1047 2075 1118 pori
2108 1049 2334 1111 sociata,
2367 1050 2613 1120 quamvis
2641 1051 2814 1121 ipsius
2843 1051 2984 1106 mole
3001 1061 3392 1123 praegravatur,
3415 1053 3540 1123 Opi-

255 1147 305 1193 et
324 1154 424 1209 per
440 1139 763 1210 obsequium
787 1140 990 1212 lingua:
1027 1142 1265 1195 motione
1297 1140 1520 1195 volubili
1552 1140 1843 1194 disserere.
1952 1139 2146 1191 niones
2170 1153 2354 1191 rerum
2377 1137 2608 1193 sollicita
2657 1140 2971 1194 curiositate
2994 1141 3278 1210 perpendit
3298 1142 3541 1196 coelestia

255 1237 315 1290 In
344 1251 582 1306 corpore
611 1238 785 1307 posita
808 1253 969 1307 quam
989 1238 1158 1292 multa
1184 1239 1376 1305 cernit,
1409 1255 1438 1291 a
1474 1255 1532 1292 se
1563 1254 1667 1293 non
1700 1254 1847 1310 egre-
1954 1235 2222 1305 profunde
2268 1237 2490 1307 cogitat,
2543 1237 2813 1290 naturalia
2851 1237 3034 1291 subtili
3063 1236 3408 1308 indagatione
3450 1239 3540 1292 in-

255 1325 412 1380 diens
443 1342 602 1397 quam
631 1326 844 1381 diversa
875 1326 1263 1396 circumspicit.
1301 1327 1511 1400 Ubique
1542 1327 1697 1398 quasi
1728 1327 1846 1381 dis-
1954 1325 2187 1397 vestigat
2253 1332 2306 1378 et
2371 1325 2439 1378 de
2476 1324 2596 1394 ipso
2661 1325 2805 1396 quod
2870 1325 3151 1380 conditore
3215 1343 3315 1381 suo
3373 1327 3542 1382 ardua

254 1415 515 1481 tenditur,
582 1422 635 1470 et
673 1415 870 1470 animae
935 1415 1053 1470 fieri
1091 1415 1356 1471 discessio
1409 1433 1516 1470 non
1555 1416 1838 1486 probatur.
1954 1429 2119 1468 nosse
2149 1412 2446 1468 desiderat.
2494 1411 2655 1482 Quod
2712 1413 2758 1467 si
2797 1422 2942 1468 esset
2979 1414 3301 1484 corporalis,
3342 1415 3543 1488 cogita-

256 1513 532 1579 Movetur,
555 1509 804 1581 erigitur,
825 1509 1076 1566 ﬂuctuari
1092 1509 1467 1581 cognoscitur,
1486 1517 1538 1565 et
1566 1510 1619 1563 in
1649 1527 1708 1565 se
1729 1509 1849 1581 ipsa
1954 1511 2192 1566 tionibus
2259 1511 2371 1566 suis
2409 1509 2714 1582 spiritualia
2773 1526 2874 1568 nec
2914 1519 3163 1568 cerneret
3216 1513 3400 1584 utique
3438 1529 3544 1570 nec

257 1608 518 1671 tanquam
571 1598 624 1652 in
657 1613 860 1672 magno
917 1614 1144 1654 currens
1186 1599 1357 1669 spatio
1387 1607 1734 1668 pervagatur.
1769 1599 1848 1654 Ad
1958 1598 2192 1656 videret.

259 1703 457 1746 causas
501 1703 609 1742 non
651 1687 778 1754 exit,
819 1687 917 1743 sed
969 1687 1287 1744 tractatibus
1324 1687 1438 1742 suis
1495 1696 1849 1760 repraesentat

1106 1997 1723 2100 DOMINICA
1769 1995 2239 2102 DECIMA
2295 1995 2682 2101 NONA.

1469 2240 1859 2307 Secundum
1895 2240 2316 2306 Matthaeum.

332 2450 354 2476 ι
387 2427 714 2484 Ascendens
751 2428 912 2483 Iesus
943 2427 997 2482 in
1028 2426 1355 2492 naviculam,
1385 2427 1760 2483 transfretavit
1796 2436 1846 2484 et
1877 2427 1928 2486 B
1959 2427 2210 2499 corporis
2240 2435 2556 2500 gravantur,
2589 2432 2647 2482 ut
2677 2427 2778 2483 Job
2825 2435 2879 2484 et
2925 2426 3123 2482 Tobias
3171 2435 3222 2482 et
3252 2435 3544 2498 martyres,

259 2518 408 2573 venit
436 2517 491 2571 in
517 2517 790 2573 civitatem
808 2533 959 2571 suam
983 2518 1200 2583 (Matth.
1239 2518 1334 2586 rx).
1363 2517 1639 2572 nChristus
1660 2517 1855 2573 Eccle-
1963 2526 2052 2573 aut
2079 2518 2146 2572 ad
2177 2517 2476 2573 custodiam
2507 2517 2780 2583 virtutum,
2827 2532 2896 2572 ne
2946 2516 3284 2586 superbiant,
3316 2525 3373 2570 ut
3405 2517 3552 2571 Pau-

258 2605 353 2661 βίω
379 2621 576 2660 navem
617 2622 836 2676 semper
855 2605 1198 2678 mitigaturus
1219 2605 1437 2660 fluctum
1461 2605 1643 2660 saeculi
1669 2613 1852 2660 trans-
1961 2605 2072 2672 lus,
2098 2605 2189 2676 qui
2220 2607 2294 2660 ait
2324 2623 2336 2660 :
2379 2629 2400 2654 α
2435 2606 2518 2661 Ne
2555 2605 2875 2676 magnitudo
2905 2605 3297 2660 revelationum
3331 2603 3552 2660 extollat

258 2695 459 2758 cendit,
494 2703 550 2748 ut
584 2695 872 2750 credentes
900 2693 954 2748 in
987 2711 1046 2748 se
1076 2695 1144 2748 ad
1177 2693 1456 2749 cmlestem
1480 2694 1702 2764 patriam
1720 2702 1857 2748 tran-
1960 2711 2068 2761 me,
2098 2695 2258 2748 datus
2315 2701 2398 2748 est
2429 2694 2560 2748 mihi
2620 2693 2867 2748 stimulus
2919 2693 3102 2748 carnis
3157 2709 3294 2748 mea:
3321 2693 3554 2765 angelus

263 2794 433 2866 quilla
453 2792 798 2865 navigatione
827 2793 1110 2863 perducat.
1145 2793 1359 2846 Marcus
1391 2791 1441 2845 in
1473 2792 1850 2863 Capharnaum
1965 2792 2180 2848 Satana-
2209 2799 2265 2846 ut
2289 2808 2376 2847 me
2404 2790 2705 2863 colaphizet
2745 2791 2817 2861 (ll
2842 2789 2968 2846 Cor.
2994 2791 3156 2859 im).-
3199 2794 3306 2846 Aut
3333 2792 3398 2845 ad
3423 2806 3554 2847 cor-

260 2883 453 2954 (Marc.
492 2883 574 2951 ti),
625 2881 911 2936 Matthaeus
958 2881 1012 2935 in
1044 2881 1257 2936 civitate
1287 2895 1403 2948 sua,
1431 2881 1716 2934 Dominum
1749 2896 1851 2936 cu—
1964 2880 2198 2951 rigenda
2224 2890 2468 2951 peccata,
2503 2880 2640 2935 sicut
2675 2879 2842 2934 Maria
2894 2893 3053 2934 soror
3072 2881 3256 2934 Aaron
3286 2879 3338 2932 in
3371 2894 3555 2934 eremo

259 2988 413 3027 rasse
455 2970 811 3042 paralyticum
837 2977 1088 3024 narrant.
1147 2969 1282 3038 Quae
1321 2969 1546 3040 quaestio
1586 2968 1853 3025 difficilius
1961 2970 2031 3025 ob
2062 2970 2232 3024 verba
2262 2968 2578 3024 temeritatis
2607 2984 2864 3039 percussa
2915 2975 3001 3024 est
3031 2968 3200 3036 lepra,
3243 2975 3295 3022 et
3332 2967 3554 3039 paraly-

261 3060 587 3128 solveretur,
619 3059 664 3113 si
721 3060 1004 3114 Matthaaus
1034 3059 1339 3114 nominaret
1367 3059 1656 3113 Narareth.
1697 3059 1855 3115 Nunc
1963 3058 2103 3114 ticus
2139 3058 2241 3112 iste
2280 3065 2375 3112 aut
2411 3058 2480 3112 ad
2535 3056 2768 3130 gloriam
2810 3057 2910 3111 Dei
2961 3056 3243 3122 salvantis,
3303 3057 3418 3112 sive
3455 3073 3556 3128 per

261 3173 392 3229 ergo
424 3158 546 3228 quis
575 3157 781 3212 dubitet
803 3157 1178 3227 Capharnaum
1210 3155 1379 3212 fuisse
1417 3156 1688 3212 civitatem
1746 3158 1854 3211 Do-
1962 3156 2139 3227 ipsum
2169 3156 2285 3210 sive
2315 3171 2412 3226 per
2443 3153 2676 3210 famulos
2707 3170 2855 3222 suos,
2888 3154 3027 3210 sicut
3055 3169 3238 3210 caecus
3268 3161 3427 3208 natus
3466 3154 3558 3225 qui

260 3246 415 3311 mini,
447 3261 610 3318 quam
641 3261 752 3300 non
789 3245 1071 3300 nascendo
1097 3245 1194 3301 sed
1226 3245 1509 3301 miraculis
1537 3245 1856 3301 illustrando
1963 3259 2073 3299 non
2113 3243 2374 3314 peccavit,
2419 3258 2523 3298 nec
2558 3250 2820 3314 parentes
2858 3243 3000 3312 ejus,
3041 3242 3138 3297 sed
3169 3249 3224 3296 ut
3251 3241 3561 3296 manifesta-

264 3352 417 3391 suam
447 3335 668 3390 fecerat.
712 3335 960 3406 Denique
1008 3333 1062 3388 in
1099 3334 1505 3405 comparatione
1543 3339 1855 3390 exterarum
1966 3341 2151 3388 rentur
2187 3347 2357 3403 opera
2403 3333 2507 3386 Dei
2535 3331 2590 3386 in
2628 3331 2723 3386 illo
2753 3332 2936 3399 (Joan.
2970 3333 3113 3400 ix).-
3147 3332 3383 3385 Lazarus
3413 3345 3556 3401 quo-

263 3425 554 3496 regionum
611 3431 758 3479 recte
809 3423 1106 3489 diceretur,
1184 3424 1546 3495 quodcunque
1597 3423 1856 3494 oppidum
1964 3433 2069 3490 que
2107 3417 2266 3487 cujus
2305 3415 2598 3471 infirmitas
2649 3433 2758 3472 non
2814 3416 2912 3470 fuit
2942 3417 3011 3470 ad
3050 3424 3304 3480 mortem,
3347 3415 3444 3470 sed
3499 3422 3556 3470 ut

266 3522 511 3578 Galiltezn
539 3520 773 3576 civitatis
794 3520 1028 3583 Domini,
1063 3535 1131 3574 ne
1167 3519 1294 3573 dum
1334 3521 1706 3589 Capharnum,
1737 3536 1858 3590 quae
1965 3513 2302 3586 glorificatur
2343 3515 2508 3569 Filius
2547 3513 2649 3569 Dei
2687 3529 2787 3584 per
2825 3530 2949 3568 eum
2979 3516 3164 3582 (Joan.
3197 3518 3290 3580 χι),
3343 3521 3434 3567 aut
3487 3513 3559 3568 ad

263 3611 340 3667 ita
377 3610 681 3666 excellebat
735 3609 790 3664 in
849 3608 1072 3664 Galilma
1111 3612 1170 3662 ut
1227 3616 1483 3679 tanquam
1531 3608 1857 3680 metropolis
1965 3603 2370 3659 inchoationem
2398 3603 2764 3658 damnationis
2809 3611 3024 3657 aeterna:
3057 3619 3072 3656 :
3106 3603 3248 3674 quod
3291 3603 3560 3673 reprobo-

265 3699 579 3755 baberetur.
1967 3709 2086 3747 rum
2119 3700 2201 3748 est
2229 3692 2526 3763 proprium,
2555 3691 2694 3747 sicut
2722 3691 3020 3746 Antiochus
3067 3699 3118 3746 et
3156 3692 3424 3756 Herodes,
3467 3690 3559 3761 qui

341 3811 364 3836 α
394 3789 465 3843 Et
494 3803 622 3845 ecce
651 3795 890 3859 quatuor
916 3785 1016 3840 viri
1041 3793 1316 3856 portantes
1335 3785 1389 3840 in
1410 3785 1552 3842 lecto
1579 3786 1856 3841 hominem
1885 3783 1932 3847 C
1963 3781 2321 3838 afflictionum
2352 3780 2571 3836 miseria
2612 3780 2992 3845 ostenderunt,
3035 3780 3163 3851 quid
3204 3779 3417 3850 passuri
3463 3796 3558 3835 es-

265 3878 355 3952 qui
387 3885 506 3933 erat
535 3877 889 3947 paralyticus,
950 3883 1003 3930 et
1032 3875 1350 3947 quaerebant
1377 3890 1500 3930 eum
1541 3874 1763 3938 inferre.
1806 3883 1860 3931 et
1967 3889 2086 3937 sent
2114 3887 2384 3952 perpetuo
2404 3879 2457 3932 in
2482 3879 2756 3950 gehenna.
2789 3877 3001 3947 Quibus
3021 3877 3276 3947 congruit
3295 3877 3424 3931 illud
3445 3893 3564 3948 prov

263 3983 472 4039 ponere
504 3975 627 4020 ante
654 3967 868 4021 Jesum.
934 3965 997 4019 Et
1036 3980 1145 4019 non
1184 3964 1522 4020 invenientes
1561 3981 1673 4036 qua
1704 3970 1857 4036 parte
1967 3971 2149 4041 pheta:
2191 3986 2205 4024 :
2255 3991 2276 4017 α
2318 3966 2532 4039 Duplici
2589 3967 2916 4023 contritione
2972 3973 3192 4022 contere
3249 3981 3349 4020 nos
3423 3968 3558 4036 (Jer.

265 4070 393 4112 cum
421 4054 687 4110 inferrent
722 4070 834 4125 prae
866 4053 1036 4120 turba,
1069 4054 1436 4110 ascenderunt
1463 4070 1629 4125 supra
1657 4062 1857 4111 tectum
1966 4059 2124 4126 xvu).
2152 4081 2174 4107 υ

265 4161 320 4208 et
356 4169 460 4224 per
495 4152 708 4224 tegulas
773 4151 1145 4206 submiserunt
1208 4151 1360 4205 illum
1416 4167 1536 4206 cum
1605 4151 1750 4208 lecto
1802 4152 1859 4206 in
2046 4172 2068 4195 ιι
2107 4149 2172 4202 Et
2191 4143 2738 4217 coeperuntcogitare
2769 4143 2973 4199 Scriba;
3002 4151 3054 4197 et
3085 4141 3562 4198 Pharisaeidicen-

266 4241 506 4296 medium
538 4251 664 4296 ante
690 4242 905 4296 Jesum.
945 4240 1187 4308 Quorum
1220 4239 1380 4295 fidem
1411 4247 1468 4294 ut
1496 4239 1647 4306 vidit,
1677 4240 1810 4294 dixit
1842 4255 1854 4294 :
1967 4253 2051 4301 tes
2093 4259 2106 4299 :
2149 4242 2286 4312 Quis
2315 4245 2398 4297 est
2429 4241 2516 4298 hic
2547 4241 2637 4312 qui
2669 4240 2908 4312 loquitur
2966 4238 3337 4310 blasphemias
3371 4242 3398 4292 ‘2
3429 4238 3564 4307 Quis

266 4327 518 4395 Confide,
559 4327 659 4395 fili,
700 4327 1046 4383 remittuntur
1073 4328 1168 4382 tibi
1206 4336 1428 4396 peccata
1469 4336 1589 4383 tua.
1631 4351 1654 4378 ιι
1689 4330 1860 4384 Para-
1968 4340 2149 4405 potest
2176 4331 2454 4386 dimittere
2491 4338 2720 4400 peccata
2748 4328 2852 4382 nisi
2884 4327 3033 4383 solus
3066 4329 3213 4383 Deus
3243 4332 3270 4382 ξ)
3305 4351 3326 4376 ιι
3364 4327 3565 4382 Verum

265 4417 493 4490 lyticum
526 4432 687 4488 quem
745 4416 950 4470 sanavit
977 4431 1088 4471 non
1143 4431 1244 4486 pro
1274 4430 1372 4470 sua
1400 4413 1506 4470 fide
1535 4432 1658 4472 cum
1689 4432 1859 4472 sensu
1970 4423 2152 4477 dicunt
2179 4419 2387 4476 Scriba:
2409 4419 2535 4490 quia
2558 4419 2673 4489 ipse
2695 4417 2842 4472 solus
2862 4425 3042 4488 potest
3060 4417 3337 4472 dimittere
3356 4415 3446 4487 qui
3467 4433 3568 4486 per

270 4523 504 4581 careret,
575 4514 672 4569 sed
711 4529 813 4584 pro
875 4512 978 4567 fide
1017 4511 1360 4568 offerentium
1419 4513 1636 4568 vocavit
1673 4513 1858 4581 filium,
1974 4527 2070 4566 eos
2100 4525 2319 4581 quoque
2379 4508 2591 4562 dimittit
2627 4507 2825 4578 quibus
2883 4513 3204 4576 potestatem
3263 4505 3568 4560 dimittendi

268 4603 394 4659 ideo
425 4603 552 4674 quia
607 4603 831 4656 dimissa
863 4610 987 4656 sunt
1042 4600 1091 4656 ei
1121 4605 1348 4671 peccata
1377 4616 1502 4655 sua.
1539 4603 1860 4657 Intuendum
1974 4605 2191 4660 tribuit.
2226 4604 2494 4659 Putabant
2525 4603 2813 4657 Dominum
2849 4602 3226 4672 blasphemare
3257 4603 3570 4672 arrogando

273 4701 533 4763 quantum
566 4689 714 4746 valet
745 4689 880 4744 fides
912 4689 1155 4760 prOpria,
1187 4689 1230 4743 si
1287 4697 1489 4744 tantum
1522 4691 1687 4745 valuit
1723 4691 1860 4746 alie-
1973 4694 2082 4750 sibi
2103 4693 2246 4765 quod
2278 4693 2378 4748 Dei
2417 4700 2519 4757 est,
2562 4691 2656 4746 sed
2687 4707 2878 4746 eorum
2917 4689 3280 4763 cngitationes
3313 4690 3570 4744 revelan-

267 4797 358 4837 na.
393 4780 495 4850 Qui
527 4795 662 4852 ergo
694 4788 926 4852 peccato
957 4788 1242 4850 gravatur,
1268 4779 1526 4833 adhibeat
1553 4779 1862 4834 Ecclesiam
1977 4783 2048 4838 do
2085 4791 2137 4839 et
2176 4783 2336 4854 signo
2366 4780 2567 4836 visibili
2599 4780 2743 4852 quod
2774 4788 2984 4834 constat
3011 4794 3222 4851 aequum
3254 4779 3452 4833 divinae
3475 4793 3571 4848 po-

271 4894 394 4950 quae
422 4892 520 4947 pro
551 4891 617 4931 eo
647 4882 922 4946 precetur.
962 4874 1062 4930 llic
1103 4875 1264 4930 datur
1292 4875 1522 4945 intelligi
1573 4875 1862 4948 plerasque
1977 4874 2161 4928 tentia:
2192 4887 2318 4927 esse
2355 4870 2495 4926 sicut
2529 4877 2756 4941 peccata
2811 4869 3083 4924 dimittere
3114 4867 3291 4923 Deum
3340 4883 3400 4923 se
3447 4883 3571 4922 esse

269 4981 556 5036 corporum
611 4963 922 5018 debilitates
978 4963 1199 5019 evenire
1237 4972 1464 5034 propter
1508 4972 1758 5034 peccata.
1797 4965 1862 5019 Et
1968 4961 2209 5034 judicat.

268 5055 396 5110 ideo
435 5053 680 5108 forsitam
735 5052 889 5123 prius
918 5051 1263 5106 dimittuntur
1292 5060 1540 5122 peccata,
1569 5061 1627 5106 ut
1681 5055 1863 5108 causis
2049 5074 2070 5096 ιι
2107 5050 2173 5105 Et
2210 5065 2336 5106 cum
2375 5046 2724 5119 cognovisset
2752 5046 2912 5101 Iesus
2968 5045 3327 5116 cogitationes
3357 5059 3568 5110 eorum,

268 5142 564 5199 debilitatis
595 5141 794 5196 ablatis
838 5141 1046 5196 sanitas
1076 5141 1412 5194 restituatur.
1445 5140 1581 5196 Hinc
1610 5150 1691 5195 est
1719 5143 1864 5211 quod
1893 5150 1946 5211 Ι)
1976 5137 2330 5208 respondens
2358 5136 2492 5192 dixit
2521 5136 2591 5191 ad
2639 5135 2762 5190 illos
2793 5152 2809 5188 τ
2870 5134 3014 5204 Quid
3062 5134 3308 5200 cogitatis
3337 5132 3481 5188 mala
3516 5132 3569 5187 in

269 5223 359 5278 hic
390 5222 717 5293 paralyticus
747 5221 802 5275 in
850 5222 995 5276 L003
1026 5228 1251 5275 νοεειιιιΓ
1281 5220 1446 5275 homo
1477 5222 1639 5291 quasi
1670 5237 1874 5291 Pecca-
1983 5226 2243 5285 cordibus
2273 5225 2469 5281 vestris
2497 5225 2526 5278 ἳ
2564 5224 2693 5297 quid
2734 5233 2817 5278 est
2847 5224 3057 5279 facilius
3097 5223 3280 5278 dicere
3325 5237 3336 5275 :
3380 5222 3575 5276 Dimit-

268 5319 356 5366 tor
395 5311 554 5380 (Luc.
588 5312 664 5380 v),
707 5317 760 5363 et
825 5309 934 5364 alio
972 5308 1270 5380 paralytico
1309 5308 1378 5363 ad
1417 5309 1682 5379 piscinam
1722 5310 1865 5365 dici-
1977 5324 2161 5370 tuntur
2193 5315 2287 5369 tibi
2322 5323 2565 5385 peccata,
2623 5329 2692 5368 an
2733 5314 2943 5368 dicere.
2993 5315 3171 5382 Surge
3210 5320 3260 5365 et
3291 5311 3508 5365 ambula
3545 5313 3573 5364 ξ)

269 5407 400 5454 tur:
442 5419 464 5447 ι
506 5399 650 5452 Ecce
681 5414 842 5452 sanus
872 5398 1045 5452 factus
1077 5413 1157 5461 es,
1206 5399 1315 5464 jam
1357 5397 1472 5452 noli
1503 5413 1754 5467 peccare,
1798 5415 1866 5454 ne
1975 5407 2045 5462 Ut
2099 5413 2276 5460 autem
2339 5402 2524 5458 sciatis
2591 5402 2717 5474 quia
2757 5402 2923 5456 Filius
2964 5401 3196 5455 hominis
3251 5409 3574 5470 potestatem

268 5487 510 5542 deterius
541 5486 636 5540 tibi
668 5486 872 5558 aliquid
904 5486 1182 5556 contingat
1217 5485 1416 5554 (Joan.
1453 5489 1530 5554 ν).
1568 5511 1587 5534 υ
1615 5487 1866 5558 Quinque
1975 5495 2142 5549 habet
2200 5493 2253 5546 in
2286 5501 2432 5546 terra
2464 5491 2736 5545 dimittere
2792 5497 3038 5560 peccata,
3096 5496 3221 5542 tunc
3252 5489 3321 5542 ait
3353 5489 3574 5558 paraly-

270 5593 448 5639 autem
473 5591 598 5638 sunt
628 5581 947 5637 diﬁerentiae
979 5598 1290 5644 causarum,
1324 5597 1424 5652 pro
1455 5583 1650 5653 quibus
1679 5584 1732 5637 in
1763 5585 1868 5639 hac
1978 5583 2087 5637 tico
2121 5599 2133 5635 :
2166 5581 2282 5636 Tibi
2324 5581 2447 5636 dico
2483 5597 2494 5633 :
2530 5581 2732 5649 Surge,
2769 5578 2897 5633 tolle
2927 5578 3127 5634 lectum
3150 5585 3320 5645 tuum,
3354 5585 3406 5630 et
3435 5575 3574 5629 vade

270 5674 383 5730 vita
411 5671 683 5728 molestiis
716 5671 1088 5742 corporalibus
1120 5670 1433 5743 affligimur.
1466 5674 1572 5726 Aut
1598 5673 1743 5728 enim
1795 5673 1867 5728 ad
1976 5671 2032 5726 in
2063 5670 2284 5725 domum
2317 5677 2492 5724 tuam.
2536 5691 2557 5715 ιι
2614 5669 2804 5723 Utrum
2849 5667 2953 5721 sint
3009 5666 3304 5738 paralytico
3350 5671 3575 5733 peccata

270 5762 464 5821 merita
519 5760 773 5834 augenda
826 5775 932 5833 per
999 5759 1314 5832 patientiam
1361 5758 1497 5833 justi
1553 5759 1866 5820 inﬁrmitate
1975 5759 2202 5816 dimissa
2230 5758 2381 5816 solus
2408 5765 2637 5815 noverat
2668 5756 2761 5830 qui
2791 5755 3118 5813 dimittebat.
3185 5753 3422 5824 Surgere
3478 5765 3573 5805 au-
