3972 6076
443 229 584 285 11Ἷ9

1583 227 1918 284 VVERNERI
1957 226 2238 282 ABBATIS
2278 228 2335 283 S.
2377 228 2593 285 BLASII

3603 233 3745 289 1180

446 389 554 437 tem
584 387 636 437 et
667 381 950 438 ambulare
982 381 1327 438 manifestum
1357 388 1469 438 erat
1496 380 1748 438 omnibus
1765 379 1855 450 qui
1877 379 2032 435 vide-

2157 365 2221 419 De
2241 378 2302 420 eo
2316 364 2449 436 quid
2479 366 2554 420 sit
2579 364 2737 433 ﬁdes,
2757 364 2902 450 quid
2922 363 3333 450 cogqitioﬁdei,
3365 369 3421 420 et
3451 364 3521 421 de
3557 366 3748 420 tribu:

449 471 602 524 bant.
642 470 725 524 Fit
753 469 919 541 igitur
950 470 1165 526 visibile
1196 471 1410 542 signum
1467 478 1525 524 ut
1554 469 1816 540 probetur
1842 467 2038 522 invisi-

450 557 577 612 bile.
612 559 830 614 Lectum
862 558 990 615 tolle
1021 568 1076 614 ut
1107 560 1254 631 quod
1285 559 1379 614 fuit
1408 559 1774 613 testimonium
1806 555 2037 612 inﬁmi-

449 656 573 710 tatis
604 656 675 710 sit
702 656 950 725 probatio
983 656 1259 711 sanitatis.

525 766 546 790 υ
575 745 643 800 Ut
671 752 849 799 autem
886 746 1091 812 sciatis,
1133 769 1152 791 υ
1177 753 1289 800 etc.
1331 760 1507 817 usque
1537 744 1663 800 illuc
1689 763 1700 798 :
1728 768 1749 790 α
1777 745 1848 799 ait
1879 758 2041 816 para-

451 830 616 903 lytico
641 851 655 896 ;
685 855 708 882 ιι
743 834 908 889 verba
931 843 1054 888 sunt
1077 834 1447 905 evangelislae,
1480 834 1631 903 quasi
1657 833 1801 889 dicat
1823 832 2038 887 lectori-

448 933 550 987 bus
572 934 854 1007 Evangelii
881 955 892 990 :
926 935 1012 990 Illi
1043 937 1461 991 murmurabant
1489 935 1557 990 de
1588 935 1692 990 hoc
1721 934 1863 1006 quod
1885 933 2039 988 dixe-

444 1028 567 1076 rat:
604 1047 625 1072 α
664 1023 1016 1078 Dimittuntur
1044 1024 1142 1078 tibi
1171 1032 1432 1096 peccata;
1472 1047 1494 1070 η
1529 1022 1626 1077 sed
1658 1037 1762 1092 ego
1792 1021 1914 1078 dico
1935 1037 2036 1078 vo-

450 1111 536 1164 bis
567 1127 687 1166 eum
721 1112 923 1166 dixisse
954 1113 1250 1184 paralytico
1276 1131 1290 1168 :
1313 1135 1332 1161 ‹·
1359 1114 1590 1184 Surge,»
1617 1119 1673 1164 ut
1695 1127 1789 1180 per
1803 1111 2040 1166 sanatio-

451 1224 577 1262 nem
611 1209 731 1277 ejus
750 1209 945 1264 sciatis
973 1211 1096 1280 quia
1118 1209 1280 1264 Filius
1300 1209 1556 1274 hominis,
1579 1215 1631 1263 et
1665 1217 1798 1263 tunc
1827 1207 2036 1274 habuit,

448 1303 502 1350 et
557 1295 722 1351 habet
751 1304 1077 1366 potestatem
1107 1296 1407 1351 dimittendi
1435 1303 1675 1366 peccata.
1719 1296 1814 1348 Vel
1870 1294 2040 1349 verba

449 1383 646 1438 Christi
680 1394 904 1456 possunt
959 1401 1081 1440 esse
1113 1385 1183 1439 ita
1223 1404 1236 1440 :
1288 1386 1396 1440 Vos
1427 1384 1678 1450 cogitatis
1733 1383 1874 1453 quod
1932 1399 2037 1437 non

444 1481 649 1550 possim
681 1481 956 1536 dimittere
987 1488 1234 1552 peccata,
1269 1482 1364 1536 sed
1398 1491 1449 1535 ut
1501 1481 1686 1536 sciatis
1717 1481 1843 1552 quia
1874 1480 2038 1534 Filius

446 1569 702 1635 hominis,
736 1570 790 1623 id
821 1578 904 1624 est
933 1586 1054 1641 ego,
1091 1572 1198 1626 hoc
1254 1579 1452 1640 potest,
1499 1570 1590 1633 ait,
1649 1570 1754 1625 hoc
1802 1577 1879 1624 est
1911 1569 2037 1624 dicit

445 1651 562 1726 ipse
593 1658 759 1711 Filius
795 1659 1027 1712 hominis
1060 1659 1359 1730 paralytico
1393 1679 1404 1713 :
1442 1682 1462 1706 υ
1499 1659 1696 1730 Surge.
1735 1679 1758 1708 ι

529 1777 549 1801 (ι
586 1755 648 1808 Et
679 1755 967 1810 confestim
999 1773 1234 1826 surgens
1281 1772 1462 1812 coram
1509 1755 1633 1819 illis,
1693 1755 1811 1809 tulit
1839 1755 2038 1810 lectum

450 1841 505 1896 in
562 1858 667 1913 quo
698 1843 941 1911 jacebat,
975 1851 1028 1898 et
1057 1845 1185 1898 abiit
1231 1843 1282 1897 in
1314 1845 1534 1898 domum
1586 1859 1742 1898 suam
1789 1843 2044 1913 magniﬁ-

450 1945 582 1986 cans
605 1931 800 1985 Deum.
837 1933 900 1985 Et
955 1933 1147 2002 repleti
1203 1942 1324 1986 sunt
1354 1934 1568 2001 timore,
1630 1933 1873 1987 dicentes
1917 1931 2046 2002 quia

452 2027 686 2081 vidimus
707 2028 978 2083 mirabilia
1017 2029 1204 2083 hodie.
1253 2030 1319 2084 Et
1365 2028 1813 2100 gloriﬁcaverunt
1869 2029 2042 2082 Deum

449 2115 543 2184 qui
599 2116 751 2170 dedit
807 2125 1138 2187 potestatem
1172 2116 1334 2171 talem
1393 2116 1727 2170 hominibus.
1773 2141 1794 2164 ι»
1849 2118 2043 2188 Magna

455 2204 551 2258 Dei
587 2205 758 2258 virtus
787 2206 1114 2269 ostenditur,
1145 2205 1235 2259 ubi
1267 2206 1384 2260 sine
1442 2221 1593 2260 mora
1623 2205 1773 2258 salus
1804 2206 1855 2258 in
1883 2206 2041 2274 jussu

451 2292 570 2360 ejus
601 2293 926 2362 completur.
959 2294 1114 2349 Unde
1164 2294 1358 2348 merito
1414 2294 1503 2362 qui
1557 2294 1781 2347 aderant
1839 2293 2044 2348 relictis

455 2387 806 2458 blasphemiis
829 2398 1105 2460 stupentes
1127 2391 1194 2444 ad
1245 2389 1466 2446 laudem
1505 2397 1891 2445 convertuntur
1919 2399 2042 2445 tan-

453 2482 522 2529 ta:
542 2477 865 2541 majestatis,
890 2493 992 2533 nec
1015 2479 1267 2532 timerent
1317 2479 1360 2532 si
1390 2479 1671 2534 crederent
1710 2494 1842 2533 sane
1873 2487 1926 2533 et
1955 2479 2041 2532 di-

456 2563 691 2634 ligerent
721 2566 979 2635 perfecte.
1014 2566 1234 2622 Curatio
1286 2568 1564 2638 paralytici
1594 2567 1794 2622 indicat
1847 2567 2042 2622 animm

453 2662 810 2719 salvationem
843 2663 1172 2734 suspirantis
1200 2664 1265 2719 ad
1297 2665 1569 2720 Christum
1602 2675 1721 2735 post
1769 2665 2040 2721 illecebrae

457 2752 640 2807 carnis
672 2753 941 2809 inertiam.
973 2753 1075 2821 Qui
1110 2754 1284 2824 primo
1335 2754 1544 2826 indiget
1597 2754 1884 2821 ministris,
1947 2755 2039 2826 qul

452 2856 569 2896 eam
607 2841 818 2896 Christo
838 2839 1083 2908 aderant,
1135 2842 1187 2896 id
1235 2850 1313 2897 est
1344 2843 1678 2908 doctoribus,
1739 2843 1829 2914 qui
1883 2857 2033 2912 Spem

454 2936 864 2993 intercessionis
918 2946 1234 3012 suggerant.
1294 2940 1475 2994 Marco
1501 2947 1752 2994 narrante
1807 2948 2037 3010 quatuor

446 3027 739 3097 portitores
769 3026 1012 3095 fuerunt,
1073 3027 1188 3083 sive
1229 3031 1354 3099 quia
1405 3037 1636 3100 quatuor
1685 3028 2036 3100 evangelistis

448 3123 854 3194 praedicantium
887 3124 1057 3178 virtus
1089 3123 1351 3190 ﬁrmatur,
1408 3126 1523 3180 sive
1554 3133 1785 3196 quatuor
1815 3125 2028 3179 virtuti-

2627 436 2894 508 gradibus
2933 437 3249 508 utriusque.

2219 531 2544 604 Priusquam
2575 550 2696 603 qua
2725 534 2795 588 ad
2830 534 2994 587 tidem
3041 534 3308 604 pertinent
3339 533 3622 590 discutere
3653 535 3749 588 in-

2146 617 2436 686 cipiamus,
2487 618 2615 688 quid
2647 620 2711 672 sit
2755 617 2890 672 ﬁdes
2946 619 3064 689 ipsa
3117 619 3388 688 inspicere
3443 620 3745 674 debemus.

2145 703 2442 773 Apostolus
2473 704 2550 758 sic
2581 702 2772 757 diﬂinit
2801 702 2964 759 ﬁdem
2997 723 3008 758 :
3060 724 3082 753 ι
3121 705 3277 758 Fides
3306 713 3395 758 est
3425 706 3750 758 substantia

2145 815 2333 854 rerum
2382 803 2797 869 sperandarum,
2857 811 3239 870 argumentum
3322 817 3429 856 non
3472 817 3748 871 apparen-

2144 888 2281 942 tium
2312 888 2501 958 (Hebr.
2542 890 2628 959 ll).
2674 911 2696 939 ν
2733 890 2862 944 Cum
2890 890 3033 944 enim
3056 906 3144 944 res
3175 890 3430 962 quaelibet
3460 891 3612 960 apud
3644 907 3747 945 nos

2145 988 2244 1043 per
2274 980 2474 1041 actum,
2508 973 2727 1044 quando
2758 973 3008 1030 videlicet
3054 984 3358 1045 prmsentes
3389 991 3559 1029 sensu
3591 991 3742 1030 com-

2147 1071 2559 1142 prehenduntur
2585 1090 2598 1135 ;
2630 1071 2829 1142 velper
2849 1071 3200 1138 intellectum,
3223 1071 3436 1142 quando
3453 1073 3741 1140 absentes,

2146 1160 2231 1215 vel
2260 1160 2425 1214 etiam
2460 1175 2566 1215 non
2597 1159 2889 1215 existentes
2919 1161 2972 1214 in
3002 1160 3352 1216 similitudine
3383 1177 3481 1215 sua
3513 1171 3564 1216 et
3598 1162 3744 1215 ima-

2144 1257 2421 1329 ginatione
2451 1257 2742 1328 capiuntur
2772 1273 2786 1327 ;
2833 1258 2919 1314 vel
2950 1275 3049 1328 per
3077 1259 3489 1330 experientiam,
3523 1261 3746 1330 quando

2145 1361 2210 1400 ea
2245 1363 2365 1417 quae
2396 1345 2450 1400 in
2485 1347 2644 1400 nobis
2699 1355 2824 1401 sunt
2881 1347 3186 1401 sentiuntur
3213 1362 3244 1401 a
3299 1349 3479 1410 nobis,
3511 1357 3571 1402 ut
3602 1363 3747 1420 gau—

2143 1435 2314 1499 dium,
2374 1435 2619 1498 tristitia,
2679 1451 2834 1489 amor
2886 1445 2936 1490 ct
2993 1436 3198 1490 timor:
3259 1453 3379 1507 quae
3435 1437 3749 1490 subsistunt

2143 1529 2196 1582 in
2212 1529 2388 1592 nobis,
2410 1539 2462 1584 et
2483 1531 2793 1585 sentiuntur
2818 1547 2848 1585 a
2870 1532 3048 1594 nobis,
3071 1532 3220 1586 nullo
3243 1534 3435 1587 horum
3455 1535 3750 1587 modorum

2143 1617 2433 1673 invisibilia
2463 1619 2561 1674 Dei
2617 1621 2907 1689 capiuntur
2961 1636 2991 1674 a
3023 1621 3200 1687 nobis,
3232 1639 3356 1692 qua:
3387 1622 3571 1676 solum
3621 1638 3754 1676 cre-

2065 1705 2119 1764 B
2149 1707 2353 1760 duntur
2382 1723 2414 1762 a
2445 1707 2627 1762 nobis.
2668 1710 2861 1780 Neque
2911 1710 3058 1762 enim
3117 1727 3215 1780 per
3243 1720 3419 1765 actum
3448 1711 3756 1781 praesentia

2151 1814 2295 1871 sunt,
2357 1823 2534 1877 neque
2582 1807 2634 1860 in
2694 1808 3051 1864 similitudine
3116 1809 3290 1881 aliqua
3346 1811 3755 1880 comprehendi

2149 1902 2398 1965 possunt,
2430 1911 2531 1952 nec
2563 1897 3027 1966 quemadmodum
3054 1898 3144 1952 illa
3175 1915 3294 1970 quae
3325 1899 3378 1952 in
3401 1900 3565 1954 nobis
3599 1909 3752 1966 sunt,

2151 1991 2200 2038 et
2232 1983 2533 2038 sentiuntur
2559 2000 2587 2038 a
2639 1984 2816 2040 nobis.
2868 1983 3016 2056 Ergo
3075 1985 3180 2040 ﬁde
3211 1986 3330 2041 sola
3358 1987 3676 2042 subsistunt
3702 1990 3758 2043 in

2151 2082 2326 2149 nobis,
2362 2090 2414 2136 et
2446 2083 2791 2136 subsistentia
2821 2099 3009 2137 eorum
3041 2093 3128 2139 est
3149 2083 3283 2138 ﬁdes
3313 2101 3420 2156 qua
3448 2087 3760 2141 creduntur

2151 2171 2273 2240 quia
2304 2178 2448 2236 sunt,
2482 2171 2578 2224 sed
2635 2171 2815 2242 qualia
2847 2178 2972 2225 sunt
3026 2189 3131 2227 non
3174 2174 3750 2244 comprehenduntur.

2153 2258 2241 2314 Sic
2298 2259 2478 2330 itaque
2508 2276 2607 2329 per
2654 2259 2814 2314 ﬁdem
2846 2262 3019 2316 solam
3065 2261 3362 2316 subsistunt
3393 2266 3446 2316 in
3480 2265 3670 2328 nobis,
3707 2273 3757 2319 et

2151 2357 2268 2412 sola
2300 2357 2404 2412 ﬁde
2435 2357 2734 2428 probantur
2763 2374 2795 2412 a
2826 2359 2999 2423 nobis,
3025 2375 3127 2414 nec
3183 2359 3331 2414 aliud
3362 2372 3756 2430 argumentum

2152 2445 2352 2500 habere
2406 2461 2719 2516 possumus,
2753 2447 2860 2500 nisi
2919 2449 3047 2518 quia
3077 2448 3358 2504 credimus
3379 2449 3468 2502 illa
3501 2449 3614 2504 ﬁde
3649 2467 3762 2520 qua

2149 2534 2358 2590 ratione
2413 2550 2522 2589 non
2553 2536 3099 2605 comprehendimus.
3145 2537 3263 2592 Nec
3290 2537 3590 2608 descriptio
3625 2538 3760 2594 ﬁdei

2148 2631 2386 2687 ostendit
2412 2632 2540 2701 quid
2573 2632 2734 2686 faciat
2765 2631 2920 2697 ﬁdes,
2983 2633 3080 2687 sed
3114 2634 3166 2687 in
3221 2649 3287 2688 ea
3317 2649 3424 2689 non
3480 2635 3752 2690 diﬂinitur

2146 2721 2275 2793 quid
2307 2722 2377 2775 sit
2406 2719 2561 2775 ﬁdes.
2593 2722 2690 2775 Est
2719 2732 2903 2775 autem
2935 2721 3180 2778 diﬂinitio
3209 2721 3333 2778 fidei
3375 2725 3517 2780 haec.
3576 2725 3749 2781 Fides

2147 2819 2227 2866 est
2257 2809 2566 2865 voluntaria
2594 2811 2840 2881 quaedam
2885 2811 3151 2867 certitudo
3199 2812 3515 2867 absentium
3574 2831 3749 2884 supra

2146 2907 2456 2977 opinionem
2490 2915 2541 2962 et
2571 2907 2712 2961 infra
2742 2907 3025 2962 scientiam
3085 2911 3370 2965 constituta
3427 2911 3494 2964 Et
3554 2911 3749 2966 scien-

2143 3004 2271 3058 dum
2302 3013 2384 3059 est
2444 3002 2574 3076 quia
2602 3003 2745 3058 aliud
2777 3004 3018 3074 cognitio
3045 3004 3194 3071 ﬁdei,
3226 3005 3371 3060 aliud
3400 3004 3567 3062 fides.
3606 3009 3751 3062 Cum

2144 3102 2290 3156 enim
2323 3101 2378 3156 ﬁt
2410 3117 2592 3157 sermo
2623 3101 2677 3155 in
2709 3103 2942 3157 auribus
3000 3103 3255 3174 plurium,
3289 3119 3480 3158 omnes
3509 3105 3754 3174 aquali-

445 3189 548 3266 bus
601 3210 800 3268 ﬁducia
846 3213 1043 3267 mentis
1115 3213 1183 3267 ad
1238 3189 1653 3284 promerendam
1713 3213 2031 3284 sospitatem

2157 3208 2219 3247 er
2248 3191 2394 3262 quod
2417 3191 2609 3246 dicitur
2651 3189 2984 3262 intelligunt,
3018 3192 3114 3246 sed
3144 3209 3252 3247 non
3281 3208 3471 3248 omnes
3511 3193 3755 3264 aquali-

447 3300 696 3372 erigitur.
731 3301 809 3356 De
841 3301 1036 3372 quibus
1066 3302 1118 3355 in
1149 3310 1368 3357 aeternae
1397 3303 1674 3372 sapientiae
1705 3302 1864 3357 laude
1894 3301 2032 3356 dici-

447 3403 532 3450 tur
565 3414 578 3451 :
616 3419 637 3444 α
675 3399 1058 3464 Sobrietatem,
1094 3407 1142 3454 et
1191 3399 1513 3470 sapientiam
1545 3399 1720 3466 docet,
1783 3408 1834 3455 et
1882 3399 2040 3469 justi-

448 3483 596 3549 tiam,
632 3494 684 3540 et
739 3486 988 3540 virtutem
1018 3489 1174 3559 (Sap.
1233 3490 1376 3548 vni).
1437 3489 1547 3542 Has
1602 3488 1844 3543 nonnulli
1902 3505 2038 3559 pru-

448 3572 706 3640 dentiam,
783 3573 1170 3642 fortitudinem,
1273 3577 1707 3646 temperantiam,
1774 3577 2039 3644 justitiam

451 3675 504 3723 et
533 3669 788 3724 virtutem
845 3671 1142 3740 appellant.
1180 3671 1633 3728 Desiderantibus
1674 3672 2039 3745 paralyticum

451 3754 651 3812 oﬁ‘erre
684 3757 945 3822 Christo;
1002 3760 1157 3813 turba
1189 3759 1418 3826 obsistit,
1484 3762 1606 3831 quia
1664 3778 1809 3832 saépe
1867 3763 2048 3816 anima

452 3850 576 3917 post
613 3847 856 3917 corporis
887 3847 1151 3903 desidiam
1185 3864 1421 3919 superna
1453 3852 1635 3921 gratia
1683 3851 1928 3905 renovari
1956 3867 2048 3906 cu-

453 3945 609 4016 piens
641 3947 819 4016 prisca
857 3947 1250 4003 consuetudine
1304 3955 1657 4018 peccatorum
1725 3950 2048 4013 retardatur,

456 4051 605 4105 saepe
661 4035 805 4090 inter
832 4036 1106 4092 orationes
1138 4045 1190 4092 et
1221 4053 1390 4092 suave
1447 4037 1780 4109 colloquium
1806 4053 1927 4094 cum
1953 4045 2059 4091 tur-

460 4132 528 4186 ba
558 4132 796 4188 Domino
828 4134 1220 4206 cogitationum
1252 4134 1426 4190 aciem
1478 4136 1674 4189 mentis
1705 4151 1772 4190 ne
1811 4136 2056 4190 Christus

463 4218 710 4276 videatur
738 4222 1072 4278 intercludit.
1129 4223 1280 4278 Tunc
1311 4240 1446 4294 ergo
1500 4233 1698 4280 tectum
1752 4225 1946 4278 domus
2003 4225 2057 4278 in

467 4333 574 4385 qua
608 4318 764 4372 docet
794 4317 1044 4373 Christus
1099 4329 1179 4374 est
1209 4321 1634 4390 ascendendum,
1668 4321 1721 4376 id
1776 4331 1854 4376 est
1889 4337 2059 4376 sacrre

2134 3298 2193 3337 er
2220 3281 2458 3337 credunt
2491 3297 2502 3333 :
2544 3288 2596 3335 et
2616 3281 2993 3350 cognitionem
3020 3281 3288 3336 dictorum
3309 3297 3503 3337 omnes
3517 3283 3750 3351 habent,

2151 3380 2247 3434 sed
2281 3377 2440 3433 ﬁdem
2472 3393 2661 3431 omnes
2691 3393 2798 3432 non
2830 3379 3046 3432 habent.
3081 3379 3260 3433 Potest
3291 3388 3471 3433 autem
3503 3381 3755 3451 cognitio

2154 3467 2280 3523 ﬁdei
2317 3483 2439 3522 esse
2471 3465 2587 3520 sine
2617 3465 2766 3520 omni
2815 3465 2921 3522 ﬁde
2954 3486 2967 3531 ;
3029 3465 3167 3522 ﬁdes
3211 3475 3388 3522 autem
3448 3468 3571 3522 sine
3601 3470 3758 3524 omni

2142 3556 2454 3629 cognitione
2485 3571 2607 3609 esse
2639 3570 2746 3609 non
2795 3563 2990 3624 potest.
3032 3555 3202 3623 Multi,
3255 3571 3379 3612 cum
3412 3557 3671 3621 credunt,
3705 3566 3758 3612 et

2154 3670 2259 3709 non
2290 3653 2486 3706 habent
2543 3651 2915 3721 cognitionem
2948 3669 3138 3707 eorum
3188 3654 3426 3706 omnium
3462 3671 3588 3724 quae
3624 3670 3757 3709 cre-

2154 3743 2303 3806 dunt,
2363 3741 2488 3812 quia
2544 3739 2903 3795 credentibus
2932 3749 2983 3794 et
3010 3742 3471 3812 cognoscentibus
3501 3743 3756 3806 credunt,

2157 3841 2210 3886 et
2237 3846 2343 3885 non
2374 3838 2580 3884 norunt
2609 3829 2714 3898 ipsi
2753 3845 2916 3883 omne
2947 3832 3092 3899 quod
3149 3830 3394 3896 credunt,
3428 3831 3526 3884 sed
3558 3841 3759 3886 norunt

2153 3928 2211 3984 lli
2241 3928 2438 3996 quibus
2469 3927 2728 3982 credunt.
2773 3925 3052 3994 Ejusmodi
3110 3936 3192 3982 est
3246 3926 3380 3982 ﬁdes
3413 3928 3758 4000 simplicium

2157 4017 2212 4070 in
2245 4014 2503 4080 Ecclesia,
2567 4015 2655 4085 qui
2691 4014 3104 4082 perfectioribus
3169 4015 3446 4071 credendo
3478 4025 3533 4070 et
3564 4018 3756 4072 adhae-

2160 4105 2334 4160 rendo
2365 4103 2500 4158 salvi
2530 4103 2682 4167 ﬁunt,
2726 4103 2864 4157 sicut
2895 4104 3161 4174 scriptum
3193 4113 3273 4158 est
3306 4120 3318 4158 :
3355 4126 3377 4151 ιι
3425 4106 3604 4160 Boves
3635 4121 3760 4160 ara-

2165 4206 2314 4268 bant,
2347 4209 2399 4258 et
2447 4203 2615 4257 asine
2647 4202 3012 4271 pascebantur
3050 4203 3204 4271 juxta
3235 4218 3331 4258 eos
3363 4203 3482 4273 (Job
3543 4205 3603 4272 l).
3647 4228 3668 4250 ιι
3697 4205 3759 4258 Hi

2166 4294 2307 4349 enim
2340 4293 2392 4345 in
2425 4291 2531 4345 ﬁde
2562 4290 2921 4360 perfector-um
2981 4291 3214 4362 amplius
3270 4291 3498 4346 credunt
3531 4309 3546 4356 ;
3609 4294 3759 4364 quod

466 4379 768 4474 Scripturm
799 4407 1102 4462 sublimitas
1131 4411 1455 4480 appetenda,
1489 4379 1685 4482 lexque
1717 4411 1930 4465 Domini
1962 4410 2048 4465 die
2076 4413 2129 4473 D
2167 4381 2441 4438 credendo
2470 4381 2522 4433 in
2553 4394 2612 4434 se
2650 4379 2826 4432 minus
2856 4389 3216 4451 cognoscum'

463 4500 737 4562 noctuque
793 4495 1130 4552 meditanda.
1189 4498 1470 4553 Patefacto
1525 4507 1685 4564 tecto,
1745 4515 1894 4571 a'ger
1923 4507 2048 4554 ante

463 4589 646 4643 Jesum
679 4591 1027 4658 submittitur,
1064 4594 1188 4664 quia
1237 4595 1493 4649 reseratis
1527 4595 1814 4665 Scriptura:
1843 4606 2050 4668 myste-

468 4678 563 4734 riis
595 4679 661 4733 ad
693 4680 934 4735 notitiam
959 4681 1157 4736 Christi
1188 4685 1520 4753 pervenitur.
1581 4685 1784 4740 Domus
1814 4685 1940 4739 Jesu
1971 4695 2056 4742 te-

471 4767 610 4839 gulis
641 4778 889 4825 contecta
919 4770 1270 4838 describitur,
1329 4776 1456 4845 quia
1489 4773 1590 4827 sub
1612 4773 1725 4827 vilii
1757 4774 2054 4829 litterarum

466 4865 759 4933 velamine,
817 4867 860 4922 si
893 4869 961 4922 sit
1017 4867 1104 4939 qui
1136 4880 1338 4924 reseret
1362 4871 1564 4937 divina,
1624 4872 2060 4945 spiritualisgra-

465 4953 550 5008 tiae
584 4955 755 5010 virtus
809 4956 1102 5012 invenitur.
1173 4958 1328 5028 Quod
1387 4969 1566 5014 autem
1621 4977 1743 5014 cum
1784 4961 1926 5016 lecto
1957 4961 2060 5016 de-

468 5043 705 5112 ponitur,
769 5045 1042 5117 signiﬁcat
1069 5046 1137 5100 ab
1186 5047 1402 5103 homine
1453 5048 1630 5104 adhuc
1660 5049 1712 5102 in
1741 5049 1844 5103 ista
1896 5065 2062 5105 carne

472 5140 764 5198 constituto
794 5143 1070 5199 Christum
1099 5143 1304 5200 debere
1352 5145 1630 5216 cognosci.
1663 5147 1742 5202 De
1772 5147 1911 5203 lecto
1941 5163 2062 5202 sur-

472 5242 602 5296 gere
631 5239 716 5284 est
745 5231 983 5287 animam
1013 5249 1072 5288 se
1103 5249 1134 5288 a
1165 5233 1476 5289 carnalibus
1531 5235 1822 5290 desideriis
1849 5236 2064 5292 abstra-

471 5314 620 5370 here.
655 5317 796 5374 Dicit
853 5337 1032 5392 ergo:
1093 5322 1266 5393 Surge
1324 5323 1393 5377 de
1443 5331 1666 5394 torpore
1692 5323 2061 5396 negligentiae,

477 5418 530 5463 et
560 5425 760 5480 corpus
782 5413 835 5466 in
853 5415 1007 5482 cujus
1031 5417 1560 5486 desideriisjacuisti
1591 5419 1645 5472 in
1675 5421 1931 5476 exercitia
1965 5423 2063 5477 bo-

477 5514 666 5552 norum
697 5515 924 5569 Operum
955 5505 1146 5559 attolle
1191 5515 1242 5560 et
1299 5507 1377 5562 sic
1432 5509 1656 5562 domum
1716 5509 2066 5566 habitationis

475 5595 694 5644 eternae
725 5590 1033 5660 ingredere.
1091 5591 1196 5646 Vel
1227 5594 1302 5648 ire
1334 5595 1383 5648 in
1414 5595 1630 5651 domum
1679 5611 1762 5652 est
1794 5599 1974 5656 redire
1997 5600 2067 5655 ad

480 5671 752 5727 internam
786 5672 876 5727 sui
904 5673 1229 5742 custodiam,
1261 5692 1329 5732 ne
1359 5678 1545 5733 iterum
1575 5689 1788 5751 peccet;

2229 4497 2453 4552 Duobus
2485 4495 2659 4550 modis
2689 4494 2883 4550 crescit
2915 4493 3049 4549 ﬁdes
3084 4512 3096 4550 :
3156 4497 3447 4552 devotione
3477 4497 3597 4550 sive
3628 4511 3766 4551 con-

2161 4585 2371 4653 stantia,
2395 4593 2447 4639 et
2507 4582 2840 4649 cognitione.
2877 4585 3222 4639 Incrementa
3255 4583 3377 4640 ﬁdei
3426 4601 3525 4655 per
3585 4586 3766 4640 devo-

2164 4675 2366 4731 tionem
2413 4688 2510 4744 per
2537 4680 2648 4726 tres
2684 4672 2884 4742 gradus
2929 4674 3250 4742 procedunt.
3309 4674 3516 4728 Primus
3548 4675 3767 4747 gradus

2167 4782 2249 4829 est
2275 4771 2643 4843 acquiescere,
2690 4769 2962 4824 secundus
2993 4787 3056 4824 ex
3088 4771 3306 4836 timore,
3340 4772 3529 4826 tertius
3562 4773 3769 4844 gradus

2168 4872 2251 4919 est
2305 4867 2678 4916 certumesse.
2739 4858 3050 4913 Secundum
3103 4861 3203 4915 hos
3260 4869 3370 4915 tres
3425 4861 3631 4933 gradus
3665 4859 3770 4915 tria

2169 4966 2292 5015 sunt
2321 4971 2530 5029 genera
2570 4955 2872 5020 hominum,
2925 4957 3015 5028 qui
3047 4956 3216 5011 ﬁdem
3278 4967 3582 5029 sequuntur
3616 4977 3630 5012 :
3689 4968 3771 5012 est

2169 5047 2313 5103 enim
2346 5044 2618 5117 quoddam
2648 5060 2823 5116 genus
2853 5045 3133 5099 hominum
3167 5045 3219 5099 in
3253 5054 3440 5103 sancta
3489 5046 3771 5111 Ecclesia,

2171 5136 2367 5209 quibus
2398 5133 2624 5189 credere
2656 5140 2738 5187 est
2786 5133 2982 5198 solum,
3044 5149 3153 5188 non
3209 5135 3591 5190 contradicere
3616 5132 3772 5189 ﬁdei.

2173 5235 2279 5304 Qui
2308 5234 2381 5288 ita
2408 5233 2596 5288 vivunt
2629 5241 2688 5286 ut
2716 5231 2824 5286 nali
2855 5236 3000 5302 sunt,
3056 5249 3162 5286 non
3193 5234 3444 5298 amando,
3503 5234 3607 5287 sed
3665 5249 3773 5304 ap-

2174 5323 2478 5395 probando,
2512 5322 2700 5392 inquo
2730 5320 2841 5374 nati
2903 5328 3046 5385 sunt,
3107 5321 3199 5392 qui
3257 5320 3357 5377 etsi
3409 5322 3464 5375 in
3493 5321 3604 5376 alio
3660 5321 3774 5375 nati

2176 5419 2378 5475 essent,
2413 5408 2600 5465 ﬁdeles
2641 5425 2751 5464 non
2785 5417 2969 5464 essent
3002 5424 3015 5463 :
3057 5410 3451 5465 consuetudine
3482 5411 3631 5464 enim
3699 5411 3777 5463 vi—

2176 5509 2338 5565 vendi
2370 5506 2531 5562 ﬁdem
2562 5516 2764 5572 tenent,
2829 5522 2936 5560 non
2992 5523 3202 5562 amore.
3238 5508 3335 5561 Est
3385 5518 3568 5561 autem
3627 5507 3777 5562 aliud

2177 5613 2353 5670 genus
2426 5596 2701 5651 hominum
2751 5596 3004 5650 attentius
3061 5595 3520 5652 considerantium
3576 5607 3782 5651 statum

2178 5686 2301 5742 title
2329 5685 2580 5741 humanae
2609 5701 2732 5741 esse
2761 5683 3004 5754 dubium,
3041 5693 3098 5740 et
3154 5701 3216 5741 ex
3248 5700 3313 5740 eo
3370 5684 3786 5753 quodammodo
