4008 6092
247 255 380 307 1181

1168 251 1747 309 ΒΕΡΕΟΒΛΤΙΟΝΕΞ
1778 252 1874 308 SS.
1925 254 2239 312 PATRUM.
2277 286 2345 297 —
2374 256 2506 314 LIB.
2544 257 2614 313 II.

3399 258 3537 312 1183

245 374 509 430 ﬂuctuare
564 371 937 445 incipientium
952 371 1008 427 in
1046 372 1178 442 ﬁde,
1208 377 1462 447 quoniam
1479 375 1686 430 multos
1703 391 1840 432 con-
1868 379 1924 441 Α
1953 386 2180 450 peccata
2227 394 2327 435 sua
2382 381 2704 453 neglexerit,
2775 383 2934 456 quasi
2971 381 3314 438 institutionis
3335 380 3534 434 divina:

242 463 479 534 spiciunt
509 478 734 518 aversos
754 469 804 516 et
833 460 1042 517 alienos
1069 479 1101 516 a
1121 461 1247 530 fide,
1266 471 1319 518 et
1350 471 1531 518 tamen
1551 463 1697 518 ducti
1730 465 1842 534 pie-

242 559 354 607 tate
377 549 504 606 fidei
534 567 564 606 e
593 549 806 606 duobus
863 549 1046 604 dubiis
1073 551 1178 607 hoc
1207 551 1416 624 eligunt
1448 551 1595 624 quod
1638 553 1840 608 doctri-

240 663 315 702 na
347 647 627 704 Catholica
657 648 888 704 docente
921 646 1249 703 didicerunt.
1284 649 1406 702 Istis
1438 664 1542 720 pax
1577 663 1839 705 necessa—

241 737 327 792 ria
356 746 457 803 est,
491 736 770 791 tribulatio
808 735 1137 806 periculosa,
1175 753 1244 792 ne
1272 739 1405 792 forte
1434 739 1504 792 de
1531 738 1840 808 periclitan-

240 826 392 880 tibus
451 833 716 897 negantes
773 824 1104 879 efliciantur.
1151 825 1247 879 Est
1280 827 1424 880 aliud
1454 843 1634 897 genus
1662 828 1842 882 adhuc

237 922 542 983 hominum,
587 923 684 993 qui
717 921 848 976 certi
879 929 1005 975 sunt
1033 929 1082 976 et
1116 921 1419 976 continuati
1449 923 1501 976 in
1534 921 1640 977 fide
1701 939 1836 978 sua:

239 1026 380 1082 quos
430 1010 578 1064 Deus
610 1010 697 1064 vel
730 1025 830 1080 per
883 1010 1170 1065 exteriora
1226 1009 1493 1065 miracula
1551 1009 1842 1066 confirma-

241 1099 336 1165 vit,
409 1097 496 1154 vel
562 1113 660 1170 per
723 1097 1041 1153 interiorem
1107 1098 1523 1169 inspirationem
1588 1099 1830 1154 edocuit.

240 1185 337 1240 Isti
384 1185 732 1241 tribulatione
769 1199 875 1241 non
928 1187 1339 1252 subvertuntur,
1400 1186 1502 1241 sed
1578 1202 1842 1242 exercen-

241 1282 348 1329 tur.

313 1394 605 1451 Sciendum
639 1393 796 1450 etiam
829 1394 973 1466 quod
1021 1395 1162 1450 sicut
1192 1399 1302 1450 tres
1334 1402 1457 1449 sunt
1514 1395 1716 1467 gradus
1745 1410 1841 1466 per

250 1498 390 1555 quos
418 1484 554 1538 tides
578 1484 793 1548 crescit,
828 1483 902 1538 ita
935 1490 1046 1538 tres
1073 1484 1276 1554 gradus
1308 1492 1432 1538 sunt
1453 1501 1551 1555 per
1568 1501 1706 1556 quos
1726 1500 1840 1540 cre-

240 1573 342 1630 scit
374 1573 616 1644 cognitio
629 1571 774 1627 ﬁdei.
793 1573 1005 1626 Primus
1021 1574 1230 1644 gradus
1243 1581 1324 1627 est
1337 1574 1673 1645 cognitionis
1691 1573 1835 1641 fidei,

243 1671 392 1742 quod
424 1667 560 1724 nihil
589 1670 770 1724 minus
798 1686 1035 1741 unquam
1068 1669 1206 1724 fides
1251 1671 1454 1724 habere
1484 1670 1677 1740 potuit,
1711 1686 1838 1725 cre-

237 1739 372 1814 dere
392 1758 648 1814 videlicet
680 1759 858 1813 Deum
884 1739 1036 1824 esse,
1068 1767 1122 1812 et
1151 1774 1273 1813 eum
1305 1739 1633 1813 salvatorem
1667 1766 1718 1813 et
1748 1775 1835 1814 re-
1863 1739 1916 1800 Β

237 1865 645 1911 muneratorem
663 1863 1010 1926 exspectare.
1054 1857 1181 1910 Haec
1210 1855 1449 1928 cOgnitio
1479 1853 1605 1910 fidei
1635 1856 1843 1926 simpli.

235 1944 391 2001 cibus
423 1951 548 1999 ante
611 1942 1044 1999 incarnationem
1077 1944 1289 1998 Domini
1320 1945 1391 1998 ad
1423 1944 1650 1998 salutem
1685 1944 1842 1998 suffi-

239 2048 369 2089 cere
423 2033 620 2102 potuit,
675 2041 733 2086 ut
767 2039 820 2087 et
853 2033 1022 2087 Deum
1053 2033 1346 2087 crederent
1399 2041 1452 2087 et
1500 2033 1839 2088 Salvatorem

244 2129 650 2191 eitspectarent,
687 2121 934 2192 quamvis
966 2120 1210 2190 ejusdem
1243 2120 1557 2176 salvationis
1587 2137 1701 2175 sua:
1729 2136 1842 2176 mo-

239 2211 370 2266 dum
400 2219 451 2264 et
484 2218 699 2280 tempus
729 2225 836 2264 non
867 2218 1286 2282 cognoscerent.
1321 2211 1438 2265 Duo
1469 2210 1610 2265 enim
1659 2211 1711 2264 in
1736 2212 1840 2263 ho-

246 2308 393 2362 mine
421 2315 628 2361 tantum
664 2315 792 2360 sunt
825 2327 835 2361 :
875 2316 1070 2361 natura
1100 2316 1152 2362 et
1204 2307 1384 2377 culpa.
1422 2309 1486 2361 Et
1515 2307 1742 2362 Creator
1769 2307 1838 2360 ad

240 2406 491 2451 naturam
550 2395 812 2463 refertur,
867 2396 1120 2450 Salvator
1177 2397 1244 2450 ad
1278 2397 1516 2466 culpam.
1553 2397 1666 2452 Sub
1715 2397 1837 2463 lege

238 2493 424 2540 autem
451 2483 651 2553 scripta
670 2485 1097 2556 crevitcognitio
1139 2485 1558 2555 quandojamde
1602 2499 1834 2554 persona

240 2571 624 2643 Redemptoris
681 2573 964 2628 manifeste
995 2573 1083 2645 agi
1111 2575 1293 2642 cmpit,
1327 2581 1381 2627 et
1437 2573 1684 2628 Salvator
1739 2588 1838 2642 per

240 2661 421 2731 legem
453 2661 710 2731 promitti,
772 2670 827 2716 et
863 2671 983 2730 post
1043 2662 1463 2730 promissionem
1513 2661 1834 2732 exspectari.

243 2749 355 2805 Sub
383 2751 563 2822 gratia
592 2757 770 2804 autem
801 2751 977 2806 adhuc
1007 2750 1241 2819 amplius
1272 2751 1514 2804 excrevit
1569 2750 1831 2820 cognitio,

240 2854 365 2894 cum
406 2839 520 2906 jam
558 2838 676 2907 ipse
723 2838 997 2903 Salvator,
1031 2853 1138 2893 non
1170 2847 1225 2892 ut
1252 2838 1404 2908 prius
1430 2854 1460 2891 a
1491 2839 1677 2891 multis
1737 2855 1834 2906 pu-

242 2927 456 2981 tabatur
483 2926 660 2981 solum
692 2928 876 2993 homo,
919 2927 1020 2981 sed
1053 2935 1105 2981 et
1137 2928 1283 2981 Deus
1325 2943 1486 2982 verus
1518 2926 1835 2981 manifesta-

240 3031 328 3078 tus
358 3032 459 3091 est,
491 3032 544 3078 et
573 3025 690 3095 ipse
722 3023 1112 3094 redemptionis
1141 3023 1342 3079 modus
1369 3039 1479 3080 non
1515 3024 1569 3078 in
1601 3031 1831 3079 terrenae

243 3113 480 3168 culmine
507 3114 808 3183 potestatis,
865 3114 962 3168 sed
992 3114 1044 3166 in
1068 3123 1241 3168 morte
1271 3114 1537 3184 probatus
1583 3121 1666 3168 est
1694 3129 1832 3168 con-

247 3209 393 3256 stare
426 3201 744 3257 Salvatoris.

250 3327 326 3382 Dc
357 3325 686 3381 remissione
715 3330 1096 3398 peccatorum,
1118 3329 1174 3381 ct
1204 3328 1252 3381 si
1275 3329 1594 3382 sacerdotes
1610 3329 1842 3397 peccata

769 3429 1058 3484 dimittere
1087 3430 1323 3500 possint.

326 3553 664 3608 Potestatem
716 3552 1022 3608 remittendi
1058 3561 1285 3623 peccata
1312 3553 1533 3622 quidam
1562 3552 1665 3608 soli
1730 3553 1845 3607 Dco

259 3641 330 3696 ita
360 3642 637 3696 ascribere
668 3642 1023 3706 conabantur,
1057 3651 1113 3694 ut
1141 3643 1196 3695 in
1224 3656 1291 3696 ea
1339 3643 1614 3696 hominem
1670 3642 1844 3712 parti-

255 3730 432 3800 cipem
463 3728 580 3784 fieri
611 3745 777 3800 posse
806 3730 956 3784 nullo
985 3731 1151 3784 modo
1177 3731 1505 3785 concedant.
1541 3731 1689 3784 Etad
1718 3745 1848 3784 con-

258 3819 621 3873 firmationem
656 3819 814 3886 hujus
849 3818 1168 3872 assertionis
1223 3819 1501 3872 adducunt
1543 3818 1847 3873 mundatio-

253 3923 382 3962 nem
428 3908 572 3962 illius
603 3907 828 3978 leprosi,
848 3922 1009 3978 quem
1043 3907 1302 3961 Dominus
1323 3910 1472 3978 prius
1501 3923 1601 3979 per
1641 3916 1847 3963 semet-

253 4006 432 4075 ipsum
453 4005 672 4058 sanitati
702 4005 950 4070 restituit,
1006 4019 1072 4058 ac
1105 4005 1149 4058 si
1181 4004 1379 4060 deinde
1408 4006 1476 4060 ad
1531 4006 1848 4061 sacerdotes

252 4094 419 4161 misit,
450 4109 556 4148 non
589 4102 640 4147 ut
672 4093 791 4162 ejus
823 4094 1102 4148 mundatio
1134 4094 1330 4149 virtute
1361 4094 1581 4149 illorum
1607 4095 1844 4165 perﬁce-

253 4192 418 4248 retur,
451 4184 548 4239 red
581 4190 636 4236 ut
665 4186 1040 4238 tantummodo
1071 4183 1380 4238 testimonio
1409 4184 1618 4238 illorum
1641 4182 1845 4238 confir-

265 4280 502 4326 maretur
536 4273 696 4339 (Luc.
736 4272 818 4341 v).
851 4271 1026 4326 Simili
1060 4272 1228 4326 modo
1244 4271 1298 4325 in
1328 4274 1582 4341 przesenti
1602 4271 1848 4326 Ecclesia

256 4369 389 4421 dant
443 4367 744 4422 ministeria
783 4369 1137 4422 sacerdotum
1168 4368 1304 4421 nihil
1343 4368 1575 4437 amplius
1638 4367 1847 4422 virtutis

1949 475 2316 538 contemptor,
2349 471 2594 541 quamvis
2613 487 2721 526 non
2749 489 2847 544 pro
2874 472 3135 544 peccatis,
3168 487 3288 541 qure
3312 470 3425 536 jam
3454 469 3534 520 di-

1947 556 2116 612 missa
2155 564 2303 627 sunt,
2374 573 2500 612 reus
2566 567 2837 628 teneatur,
2871 570 3059 616 tamen
3097 576 3194 630 pro
3228 567 3530 624 containp'u

1948 671 2077 710 reus
2117 656 2240 710 erit.
2273 657 2371 712 Vel
2394 655 2662 725 fortassis,
2685 659 2771 714 vel
2793 659 2912 731 quia
2943 665 3166 730 peccata
3197 673 3309 724 εμπ-ει
3332 657 3442 723 jam
3465 657 3534 708 uti

1948 748 2332 799 contumacem
2351 746 2598 810 redeunt,
2625 764 2743 819 quae
2767 749 3034 820 priusper
3061 763 3286 816 comi--2
3313 746 3468 796 :rimn-
3487 762 3491 792 :
3509 767 3533 794 ,λ

1949 831 2232 887 bumiliato
2258 833 2480 887 dimissa
2511 835 2743 891 fuerunt.

2018 960 2135 1013 Hac
2174 974 2308 1032 ergo
2371 961 2582 1016 ratione
2622 963 2851 1031 probant
2902 961 3150 1017 homines
3188 959 3335 1013 nullo
3374 973 3537 1012 mmo

1946 1055 2272 1117 potestatem
2303 1049 2508 1104 habere
2530 1049 2832 1106 dimittendi
2860 1058 3102 1120 peccata,
3125 1053 3220 1104 sed
3271 1051 3409 1102 hanc
3441 1063 3536 1099 so-

1946 1135 2052 1189 lius
2095 1136 2196 1190 Dei
2233 1151 2378 1202 esse,
2420 1137 2559 1192 sicut
2596 1143 2652 1193 et
2711 1139 2766 1192 in
2804 1139 3104 1211 Evangelio
3140 1139 3312 1192 Judzri
3349 1143 3538 1191 contra

1947 1223 2240 1278 Dominum
2296 1234 2720 1292 murmurantes,
2789 1227 2914 1298 quia
2995 1226 3129 1282 dixit
3185 1225 3530 1296 paralytico:

1952 1335 1974 1359 ι
2010 1311 2247 1367 Dimissa
2276 1321 2401 1367 sunt
2432 1322 2655 1383 peccata
2683 1321 2794 1381 tua,
2832 1337 2852 1363 ι
2889 1315 3100 1369 aierunt
3127 1316 3301 1370 solum
3358 1314 3536 1367 Deum

1947 1424 2111 1479 posse
2150 1419 2375 1480 peccata
2411 1411 2682 1466 dimittere
2711 1413 2938 1468 (Matth.
2988 1414 3091 1480 ιχ).
3131 1412 3239 1466 Sed
3288 1411 3534 1465 fortassis

1949 1497 2038 1568 qui
2069 1499 2172 1553 hoc
2199 1497 2266 1554 de
2299 1499 2640 1555 absolutione
2660 1509 3006 1570 peccatorum
3037 1501 3238 1565 dicunt,
3265 1497 3534 1566 quomodo

1948 1595 2232 1666 quisquam
2265 1605 2488 1666 peccato
2516 1597 2718 1670 ligetur
2746 1613 2852 1653 non
2883 1597 3014 1652 satis
3043 1597 3333 1668 diligenter
3354 1603 3536 1650 atten-

1949 1683 2100 1738 dunt.
2135 1685 2356 1739 Duobus
2386 1685 2528 1740 enim
2561 1686 2738 1740 modis
2783 1693 3038 1756 peccator
3068 1685 3264 1757 ligatus
3307 1690 3412 1738 est.
3455 1682 3536 1734 Li-

1945 1780 2102 1842 gatus
2131 1781 2214 1827 est
2241 1773 2601 1828 obduratione
2629 1774 2847 1840 mentis,
2890 1774 3094 1846 ligatus
3120 1783 3203 1828 est
3236 1772 3419 1826 debito
3449 1769 3535 1822 fu-

1949 1877 2082 1924 turae
2135 1870 2520 1925 damnationis
2561 1887 2576 1925 :
2617 1871 2856 1942 quandiu
2902 1887 3136 1940 namque
3193 1869 3373 1939 gratia
3437 1864 3538 1921 Dei

1946 1973 2069 2014 cum
2090 1959 2312 2014 homine
2341 1965 2447 2025 est,
2468 1959 2674 2014 solutus
2714 1968 2796 2015 est
2813 1962 2997 2025 homo,
3047 1967 3100 2014 et
3127 1959 3194 2014 ad
3219 1960 3356 2011 bene
3411 1971 3539 2025 ope-

1946 2047 2179 2101 randum
2212 2047 2513 2117 expeditus.
2587 2048 2695 2103 Sed
2724 2064 2851 2105 cum
2895 2065 2994 2119 per
3025 2058 3306 2119 peccatum
3363 2043 3536 2115 gratia

1948 2136 2042 2190 Dei
2066 2136 2426 2201 subtrahitur,
2459 2137 2638 2192 statim
2692 2138 2809 2208 ipsa
2848 2153 2948 2191 sua
2978 2136 3336 2192 obduratione
3382 2148 3537 2186 mens

1945 2232 2272 2288 intrinsecus
2301 2234 2598 2305 obligatur.
2640 2236 2748 2289 Ista
2782 2235 3066 2290 obduratio
3096 2235 3214 2288 sive
3242 2229 3536 2286 excwcatio

1945 2321 2142 2376 mentis
2179 2323 2470 2378 interiores
2535 2325 2786 2378 tenebrae
2827 2333 2979 2387 sunt,
3031 2324 3086 2377 in
3120 2324 3310 2394 quibus
3379 2322 3537 2372 homo

1945 2426 2044 2480 pro
2086 2419 2314 2480 peccato
2352 2427 2456 2467 suo
2523 2412 2575 2465 in
2614 2413 2871 2482 prasenti
2921 2412 3194 2482 obligatus
3225 2418 3452 2471 tenetur,
3489 2415 3540 2459 et

1947 2498 2052 2552 nisi
2083 2501 2152 2552 ab
2180 2499 2264 2552 bis
2294 2500 2349 2553 in
2408 2502 2511 2556 hac
2541 2500 2653 2555 vita
2709 2501 2917 2556 solutus
2947 2500 3132 2566 fuerit,
3194 2497 3538 2568 postmodum

1948 2594 2130 2664 ligatis
2183 2596 2434 2650 manibus
2479 2602 2534 2650 et
2563 2598 2792 2666 pedibus
2849 2598 2905 2652 in
2943 2602 3245 2652 exteriores
3285 2595 3539 2649 tenebras

1947 2683 2258 2752 projicitur.
2299 2685 2406 2738 Sed
2438 2685 2563 2755 quia
2597 2702 2760 2741 nemo
2792 2703 2888 2739 sua
2921 2687 3123 2740 virtute
3153 2693 3277 2754 post
3327 2684 3536 2735 ruinam

1946 2773 2161 2842 peccati
2220 2789 2446 2844 surgere
2485 2773 2710 2841 valeret,
2779 2775 2883 2827 nisi
2938 2775 3117 2827 divina
3166 2770 3539 2826 misericordia

1949 2863 2181 2931 gratuito
2212 2861 2554 2931 praeveniens
2583 2879 2707 2916 eum
2736 2864 3036 2927 suscitaret,
3072 2863 3194 2917 ideo
3225 2867 3541 2914 necesseest

1948 2959 2002 3003 ut
2044 2951 2197 3004 Deus
2248 2950 2483 3022 gratiam
2540 2967 2696 3005 suam
2754 2968 2913 3022 quam
2971 2950 3322 3021 peccantibus
3381 2947 3538 3000 nobis

1869 3100 1918 3163 Ο
1941 3063 2090 3133 juste
2128 3064 2484 3130 subtraxerat,
2518 3064 2742 3136 quando
2799 3066 2866 3120 ad
2925 3065 3294 3135 paenitentiam
3356 3061 3537 3116 vivifi-

1952 3153 2111 3207 candi
2145 3169 2354 3218 sumus,
2390 3154 2508 3208 sola
2541 3154 2910 3210 misericordia
2943 3155 3102 3208 nullis
3132 3153 3332 3206 nostris
3368 3152 3539 3205 meri-

1951 3250 2019 3304 tis
2050 3250 2486 3320 praacedentibus
2544 3250 2738 3305 reddat
2767 3259 3036 3321 quatenus
3090 3249 3211 3319 ipsa
3239 3249 3417 3320 gratia
3445 3247 3540 3300 ad-

1950 3338 2177 3394 veniens
2207 3355 2304 3394 cor
2333 3347 2576 3394 nostrum
2597 3355 2625 3392 a
2659 3346 2876 3408 torpore
2906 3337 3237 3393 infidelitatis
3268 3347 3316 3391 et
3348 3353 3378 3390 a
3407 3351 3540 3406 pec-

1951 3427 2058 3483 cati
2087 3435 2262 3482 morte
2307 3428 2622 3493 exsuscitet,
2653 3435 2710 3481 ut
2749 3427 2960 3483 scilicet
2989 3428 3080 3498 qui
3136 3426 3365 3497 primum
3426 3426 3540 3493 ipsa

1953 3516 2071 3570 sola
2099 3524 2358 3586 operante
2386 3517 2456 3570 ad
2487 3516 2863 3587 paenitentiam
2893 3515 3227 3588 compuncti,
3253 3532 3283 3568 a
3307 3513 3541 3567 vinculis

1949 3613 2550 3684 torporisabsolvimur,
2585 3615 2770 3681 etiam,
2812 3616 2930 3686 ipsa
2970 3614 3170 3670 deinde
3209 3618 3541 3683 cooperante

1951 3702 2271 3772 penitentes
2296 3718 2327 3756 a
2355 3703 2542 3758 debito
2575 3703 2938 3759 damnationis
2967 3703 3176 3758 absolvi
3201 3716 3528 3756 mereamur.

1955 3791 2076 3848 Hoc
2106 3792 2245 3846 bene
2271 3792 2324 3845 in
2353 3793 2768 3848 resuscitatione
2797 3793 2995 3848 Lazari
3024 3791 3387 3864 signiﬁcatum
3437 3797 3540 3854 est,

1952 3897 2110 3952 quem
2133 3880 2251 3951 ipse
2281 3881 2544 3936 Dominus
2576 3897 2672 3950 per
2701 3898 2761 3936 se
2793 3881 2947 3951 prius
3005 3881 3332 3934 intrinsecus
3355 3894 3387 3933 a
3418 3879 3540 3932 vin-

1952 3979 2079 4036 aulo
2107 3978 2296 4032 mortis
2327 3977 2583 4041 absolvit,
2635 3977 2874 4032 viviﬁcat
2902 3986 3080 4031 autem
3118 3977 3189 4030 de
3237 3976 3365 4030 foris
3401 3975 3544 4028 mini-

1953 4067 2120 4122 sterio
2170 4068 2412 4136 ipsorum
2467 4066 2833 4134 apostolorum
2890 4080 3015 4119 cum
3080 4064 3217 4118 solvi
3291 4063 3544 4132 praecepit

1955 4155 2270 4224 (Ιοαη.χι).
2337 4153 2428 4208 Sic
2473 4168 2710 4222 namque
2738 4153 2793 4206 in
2851 4165 3039 4208 sancta
3093 4152 3338 4208 Ecclesia
3398 4167 3544 4206 nunc

1954 4252 2194 4298 mortuos
2218 4241 2456 4312 peccatis
2485 4257 2582 4311 per
2609 4241 2782 4296 solam
2825 4242 3055 4312 gratiam
3113 4256 3265 4295 suam
3322 4241 3544 4294 interius

1954 4338 2236 4397 vivificans
2264 4339 2334 4392 ad
2381 4339 2852 4408 compunctionem
2874 4339 3143 4403 accendit,
3177 4348 3334 4408 atque
3381 4337 3543 4390 viviti-

255 4457 462 4510 ltabere
493 4457 595 4509 nisi
627 4457 871 4526 quaedam
906 4457 1283 4510 tantummodo
1314 4427 1473 4527 signa
1502 4472 1626 4511 esse
1671 4464 1730 4510 ut
1756 4455 1846 4511 ille
1875 4456 1928 4517 D
1959 4435 2115 4527 9“”
2142 4443 2240 4497 per
2268 4427 2668 4527 °?nf“ssi°nem
2688 4427 2829 4527 fora?
2858 4429 3046 4527 νθξιίτε
3076 4427 3333 4527 Ρτωθίρίίν
3357 4441 3421 4481 ac
3467 4427 3544 4527 sic

253 4551 525 4621 videlicet,
559 4552 648 4623 qui
679 4553 827 4623 prius
859 4569 957 4623 per
985 4553 1372 4607 contritionem
1405 4553 1586 4608 cordis
1642 4554 1787 4608 intus
1815 4570 1848 4608 a

254 4641 488 4697 Domino
544 4641 868 4708 absolvitur,
917 4642 1263 4712 postmodum
1291 4641 1348 4697 in
1377 4643 1721 4699 confessione
1778 4643 1848 4697 ab

256 4731 334 4785 eis
392 4729 682 4784 absolutus
731 4746 854 4784 esse
883 4732 1223 4785 ostendatur.
1259 4731 1416 4800 Quod
1447 4741 1629 4786 autem
1657 4733 1709 4786 in
1733 4730 1850 4788 sola

257 4819 443 4874 cordis
471 4819 803 4874 contritione
833 4819 996 4874 etiam
1028 4829 1150 4874 ante
1181 4820 1580 4876 confessionem
1597 4821 1710 4876 oris
1722 4837 1850 4891 pec-

257 4914 375 4962 cata
406 4907 764 4974 dimittantur,
797 4908 1110 4978 prephetico
1159 4909 1250 4962 illo
1281 4908 1589 4963 testimonio
1645 4925 1850 4980 appro-

259 5007 386 5060 bare
417 5005 604 5060 volunt
634 5006 782 5076 quod
824 5006 1058 5060 dicitur:
1091 5005 1467 5076 «Quacumque
1512 5007 1649 5061 liora
1688 5007 1848 5078 inge-

259 5103 459 5157 muerit
487 5111 765 5173 peccator,
825 5105 1010 5157 salvus
1058 5103 1157 5157 erit
1204 5105 1430 5173 (Ezech.
1494 5121 1630 5160 xvut
1663 5124 1676 5170 ;
1715 5130 1735 5152 ω
1797 5114 1850 5160 et

256 5191 382 5245 alibi
427 5208 441 5244 :
489 5212 510 5242 ι
556 5191 699 5260 Quia
764 5191 941 5246 adhuc
1004 5200 1054 5246 te
1092 5191 1366 5263 loquente,
1435 5192 1635 5247 dicam.
1707 5195 1848 5250 Ecce

258 5280 448 5334 adsum
490 5280 625 5348 (Ira.
685 5285 826 5344 va).
865 5303 887 5328 ιι
920 5281 986 5334 Et
1021 5280 1299 5334 l’salmista
1342 5299 1354 5334 :
1394 5304 1414 5328 «
1452 5281 1596 5347 Dixi,
1654 5281 1846 5353 inquit,

259 5366 561 5422 conﬁtebor
591 5369 880 5423 adversum
913 5384 999 5422 me
1031 5367 1344 5436 injustitiam
1378 5385 1556 5424 meam
1589 5369 1845 5437 Domino,

259 5464 309 5511 et
338 5461 392 5510 tu
406 5456 662 5510 remisisti
681 5457 1014 5527 impietatem
1035 5459 1238 5527 peccati
1263 5459 1366 5513 mei
1383 5460 1564 5529 (Psal.
1619 5462 1796 5530 xxxi).
1823 5484 1843 5507 η

258 5553 468 5610 Idcirco
498 5561 680 5608 tamen
735 5567 860 5625 post
899 5555 1277 5611 contritionem
1318 5557 1522 5623 cordis,
1571 5558 1850 5614 confessio

259 5657 474 5714 quoque
503 5644 616 5697 oris
655 5653 737 5697 est
774 5644 1108 5710 necessaria,
1145 5647 1272 5714 quia
1303 5646 1357 5699 in
1381 5646 1502 5716 quis
1535 5646 1697 5702 etiam
1728 5657 1850 5718 post

257 5731 600 5802 impetratam
657 5731 869 5788 veniam
935 5740 1286 5803 peccatorum
1341 5734 1587 5793 confiteri
1655 5738 1848 5796 eadem

1953 4525 2152 4581 deinde
2181 4524 2502 4582 confitentes
2557 4541 2655 4595 per
2683 4525 3042 4580 ministerium
3073 4525 3418 4581 sacerdotum
3471 4523 3540 4576 ab

1957 4615 2208 4671 exteriori
2231 4615 2468 4681 vinculo,
2511 4617 2614 4669 hoc
2644 4624 2724 4669 est
2755 4631 2784 4667 a
2813 4614 3004 4669 debito
3031 4615 3392 4669 damnationis
3449 4613 3547 4666 ab-

1957 4703 2116 4758 solvi.
2177 4706 2321 4759 Bene
2378 4713 2554 4757 autem
2616 4703 2856 4757 debitum
2904 4703 3263 4758 damnationis
3307 4701 3546 4756 exterius

1958 4794 2232 4848 vinculum
2262 4793 2476 4852 dicitur,
2512 4792 2635 4862 quia
2681 4792 2934 4861 pr0tinus
2981 4793 3048 4844 ad
3085 4792 3340 4846 tenebras
3380 4802 3543 4843 exn:-

1957 4883 2132 4937 riores
2163 4897 2298 4952 quas
2319 4882 2556 4936 evadere
2577 4882 2834 4951 dignatus
2864 4897 2971 4935 non
2994 4889 3094 4942 est,
3129 4881 3374 4950 quisquis
3396 4881 3544 4946 prius

1956 4971 2009 5024 in
2043 4972 2140 5026 hac
2188 4971 2296 5025 vita
2354 4985 2386 5024 a
2417 4970 2656 5024 tenebrie
2687 4969 3033 5024 interioribus
3062 4969 3197 5023 solvi
3231 4985 3337 5023 non
3362 4984 3545 5022 mere-

1957 5067 2058 5114 tur.

2031 5191 2136 5247 Sed
2168 5192 2328 5259 male,
2362 5191 2629 5263 inquiunt,
2665 5192 2734 5247 de
2793 5192 3073 5248 sacerdote
3104 5191 3319 5245 Domini
3375 5189 3549 5246 facitis

1957 5281 2046 5353 qui
2078 5282 2126 5336 ei
2161 5289 2483 5352 potestatem
2514 5281 2821 5335 dimittendi
2852 5286 3092 5352 peccata,
3125 5298 3245 5352 quae
3293 5281 3409 5335 Deo
3448 5279 3549 5334 soli

1959 5378 2221 5448 competit
2251 5380 2444 5447 (Marc.
2482 5383 2567 5446 tt),
2602 5378 2855 5432 tribuitis.
2914 5379 3035 5432 Non
3066 5393 3172 5449 ego
3229 5377 3548 5431 sacerdotes

1959 5468 2092 5521 deos
2127 5467 2286 5521 facio.
2337 5468 2536 5522 Sermo
2567 5466 2819 5532 divimus,
2853 5484 2942 5537 qni
2965 5467 3181 5520 mentiri
3215 5483 3318 5519 non
3351 5473 3546 5535 potest,

1959 5563 2276 5617 sacerdotes
2310 5563 2444 5617 deos
2473 5563 2605 5616 dicit
2645 5579 2657 5614 :
2694 5583 2715 5611 ct
2751 5562 2889 5629 Diis,
2919 5562 3108 5633 inquit,
3133 5578 3238 5615 nou
3269 5562 3544 5623 flt'llailCS,

1957 5659 2012 5707 et
2040 5651 2269 5722 principi
2299 5652 2485 5722 populi
2516 5651 2589 5705 tui
2621 5665 2727 5705 non
2760 5651 3052 5706 maledicas
3079 5651 3276 5721 (Ertio.
3313 5649 3480 5712 xxii).
3522 5668 3544 5690 υ

1958 5740 2052 5796 lsti
2105 5755 2236 5798 vero
2292 5749 2484 5796 contra
2534 5739 2678 5810 legis
2731 5749 3061 5812 praeceptum
3093 5739 3195 5794 diis
3241 5737 3542 5801 detrahunt,
