3972 6076
505 239 642 292 1183

506 547 700 595 atatem
733 543 1044 600 dimittendi
1094 559 1316 619 peccata
1395 555 1574 620 tribui,
1635 555 1726 611 ille
1783 555 2093 610 hominibus

503 637 824 698 potestatem
865 634 1103 691 divinam
1143 638 1328 693 tribuit
1381 643 1470 712 qui
1503 643 1569 697 de
1590 644 1904 698 hominibus
1959 644 2092 698 deos

506 723 660 779 facit.
726 729 835 784 Sed
865 741 1048 787 tamen
1081 734 1199 804 ipse
1232 737 1372 792 sicut
1397 756 1461 793 ex
1494 740 1792 810 semetipso
1823 742 1966 795 Deus
1986 749 2090 807 est,

503 811 576 867 ita
616 815 775 871 etiam
809 835 904 889 per
939 823 1292 894 semetipsum
1325 829 1540 898 quando
1573 829 1684 884 vult
1715 829 1832 884 sine
1859 829 2092 884 humana

504 914 892 982 coaperatione
922 928 1145 986 peccata
1174 922 1446 979 dimittere
1477 933 1675 995 potest.
1733 926 1801 980 Hi
1829 942 1961 981 vero
1998 927 2092 998 qui

502 1013 568 1052 ex
597 1003 905 1072 semetipsis
935 1006 1010 1060 dii
1054 1025 1161 1063 non
1193 1019 1337 1078 sunt,
1370 1013 1448 1068 illi
1479 1015 1637 1068 etiam
1690 1015 1795 1069 nisi
1825 1030 1891 1070 eo
1921 1030 1953 1070 a
1983 1031 2090 1087 quo

499 1097 621 1141 sunt
649 1089 752 1145 hoc
782 1095 928 1163 quod
978 1105 1121 1163 sunt,
1155 1099 1209 1153 in
1238 1102 1316 1154 eis
1347 1109 1400 1156 et
1425 1119 1523 1172 per
1551 1119 1648 1157 eos
1699 1111 1982 1173 operante,
2039 1111 2092 1159 et

502 1184 581 1238 eis
609 1200 959 1258 cooperante,
995 1204 1219 1264 peccata
1241 1198 1512 1253 dimittere
1547 1215 1652 1253 non
1668 1199 2088 1270 possunt.Quod

504 1289 644 1345 ergo
673 1278 822 1332 solus
855 1282 998 1336 Deus
1021 1293 1102 1337 est
1136 1285 1326 1350 bonus,
1363 1296 1657 1342 nectamen
1688 1288 1814 1343 inde
1843 1289 2089 1358 sequitur

497 1368 670 1426 bonos
702 1391 808 1430 non
841 1393 962 1432 esse
993 1381 1155 1434 etiam
1189 1398 1286 1437 eos
1319 1384 1444 1453 quia
1475 1385 1706 1439 Domino
1745 1387 2001 1451 serviunt,
2032 1390 2088 1441 et

496 1461 638 1529 quod
670 1464 822 1518 solus
857 1467 1003 1521 Deus
1035 1470 1304 1525 mirabilia
1336 1472 1462 1528 facit
1509 1475 1688 1542 (Psal.
1726 1476 1895 1543 Lxxi),
1927 1483 1980 1529 et
2007 1483 2087 1529 ta-

493 1561 624 1601 men
653 1550 721 1605 de
745 1552 896 1620 justo
920 1557 1135 1612 homine
1167 1560 1368 1616 dicitur
1397 1579 1411 1615 :
1457 1585 1478 1611 «ι
1514 1563 1664 1617 Fecit
1683 1564 1827 1618 enim
1857 1563 2088 1618 mirabi-

492 1639 568 1697 lia
597 1643 650 1697 in
683 1647 790 1702 vita
822 1666 914 1705 sua
944 1654 1144 1721 (Eccli.
1196 1662 1372 1727 xxxi),
1411 1682 1434 1706 ι
1461 1661 1543 1713 Ita
1569 1659 1733 1714 etiam
1756 1659 1903 1715 solus
1939 1661 2086 1716 Deus

491 1749 716 1808 peccata
748 1745 982 1814 dimittit,
1016 1759 1144 1808 tunc
1170 1770 1384 1826 quoque
1413 1756 1631 1827 quando
1653 1756 1964 1812 sacerdotes
2011 1758 2080 1812 ab

491 1842 558 1882 eo
589 1837 641 1883 et
669 1848 768 1901 per
801 1851 923 1890 eum
955 1838 1254 1897 dimittunt.
1301 1846 1426 1914 Ipse
1456 1845 1597 1898 enim
1632 1846 1735 1900 hoc
1776 1845 1830 1899 in
1863 1845 2082 1900 homine

493 1914 623 1972 facit
651 1923 796 1991 quod
826 1926 990 1981 homo
1017 1945 1116 1998 per
1145 1947 1264 1985 eum
1287 1931 1439 1987 facit.
1483 1933 1597 1988 Nec
1627 1933 1750 1988 ideo
1791 1934 2079 1988 dicendum

493 2015 575 2060 est
607 2007 878 2066 hominem
909 2015 979 2068 ibi
1011 2018 1141 2072 nihil
1164 2019 1362 2084 facere,
1384 2021 1509 2092 quia
1527 2037 1758 2092 pereum
1772 2023 2077 2090 Deusfacit,

497 2092 608 2150 imo
640 2114 771 2154 vero
795 2101 920 2156 ideo
953 2106 1119 2160 multo
1147 2109 1362 2174 melius,
1393 2117 1445 2164 et
1476 2110 1642 2164 multo
1672 2111 1849 2166 verius
1881 2111 2076 2178 facere,

498 2183 628 2253 quia
659 2203 757 2256 per
775 2205 894 2243 eum
929 2193 1078 2248 Deus
1109 2195 1254 2251 facit.
1287 2198 1426 2252 Hinc
1453 2207 1536 2252 est
1562 2200 1706 2269 quod
1740 2201 1898 2254 Petro
1927 2201 2076 2271 prin-

489 2279 595 2370 cipi
630 2287 1005 2354 apostolorum
1067 2293 1234 2348 dicit:
1276 2318 1297 2341 «
1333 2295 1450 2348 Tibi
1491 2296 1632 2350 dabo
1685 2296 1868 2351 claves
1925 2299 2078 2370 regni

489 2369 780 2454 calorum.
821 2375 1201 2450 Quodcunque
1224 2380 1481 2452 ligaveris
1520 2400 1682 2454 super
1712 2393 1934 2447 terram,
1977 2369 2080 2441 erit

485 2453 708 2526 ligatum
741 2462 860 2516 etin
892 2465 1043 2520 cmlis
1071 2477 1123 2522 et
1143 2471 1504 2542 quodcunque
1521 2453 1755 2527 solveris
1785 2490 1954 2544 super
1969 2482 2079 2529 ter-

486 2567 601 2606 ram
631 2555 733 2610 erit
761 2557 993 2615 solutum
1029 2563 1143 2617 etin
1164 2565 1709 2637 ccelis(Matth.xvx).
1749 2592 1770 2616 ι
1803 2569 1926 2624 Non
1945 2570 2080 2626 dixit

496 2652 863 2726 quodcunque
893 2659 1182 2726 solveritis,
1228 2664 1330 2719 hoc
1355 2672 1456 2730 est,
1481 2674 1540 2720 ut
1600 2665 1676 2719 illi
1705 2667 1870 2733 aiunt,
1923 2668 2077 2723 solu-

492 2746 604 2793 tum
636 2747 1005 2813 ostenderitis,
1042 2748 1201 2804 fuerit
1230 2752 1486 2817 solutum,
1545 2755 1639 2809 sed
1663 2758 1764 2809 erit
1817 2757 2075 2823 solutum,

486 2828 610 2899 quia
639 2838 962 2890 sententiam
1020 2839 1156 2893 Petri
1206 2856 1314 2895 non
1373 2843 1652 2912 praecedit,
1688 2844 1784 2898 sed
1835 2845 2078 2916 sequitur

485 2920 748 2974 sententia
788 2923 936 2978 cmli.
975 2927 1058 2981 Ne
1088 2937 1264 2984 autem
1305 2931 1408 2986 hoc
1439 2930 1538 2985 soli
1563 2933 1722 2986 Petro
1752 2947 2077 2988 concessum

482 3013 641 3075 putes
674 3025 817 3076 esse,
849 3014 974 3068 audi
1011 3018 1139 3086 quid
1160 3019 1416 3073 omnibus
1446 3021 1706 3088 apostolis
1739 3037 1801 3076 ac
1848 3039 1947 3093 per
1973 3024 2076 3080 hoc

480 3107 732 3162 omnibus
761 3113 1136 3180 apostolorum
1169 3120 1586 3174 successoribus
1619 3129 1672 3174 et
1701 3122 2073 3191 apostolorum

478 3193 599 3249 vice
634 3196 986 3268 fungentibus
1017 3203 1164 3259 dicat
1199 3225 1209 3260 :
1252 3229 1273 3254 «ι
1307 3207 1572 3278 Accipite,
1608 3209 1796 3282 inquit,
1817 3210 2074 3281 Spiritum

479 3302 726 3349 sanctum
763 3315 773 3350 :
811 3315 1044 3370 quorum
1106 3304 1426 3359 remiseritis
1480 3317 1725 3377 peccata,
1784 3310 2074 3363 remittun-

478 3390 573 3438 tur
603 3383 702 3449 eis,
741 3395 794 3439 et
824 3405 1050 3458 quorum
1099 3393 1425 3448 retinueritis
1457 3404 1666 3450 retenta
1695 3407 1818 3451 sunt
1875 3398 2064 3467 (Joan.

477 3473 603 3538 xx).
645 3474 746 3529 Ubi
775 3476 931 3544 dixit,
985 3480 1030 3533 si
1053 3482 1420 3550 ostenderitis,
1453 3483 1603 3539 fuit?
1632 3486 1914 3556 Nusquam
1969 3487 2074 3543 hoc

483 3567 635 3655 dixit,
670 3573 766 3625 sed
801 3573 936 3627 dixit
968 3593 981 3628 :
1017 3577 1071 3630 Si
1106 3577 1364 3645 feceritis,
1396 3580 1519 3634 erit.
1560 3581 1798 3636 Audiant
1855 3599 1991 3655 ergo
2021 3591 2074 3638 et

481 3654 790 3730 intelligant
819 3679 829 3713 :
868 3684 890 3708 α
927 3661 1174 3730 Quorum
1193 3667 1514 3722 remiseritis
1535 3679 1781 3737 peccata,
1800 3654 2072 3726 remittun-

483 3751 572 3798 tur
600 3746 706 3800 eis.
751 3771 773 3796 ι-
799 3748 1008 3817 Quibus
1038 3753 1141 3808 hoc
1171 3753 1454 3809 dicebatur
1470 3757 1622 3825 prius
1637 3757 1841 3812 dictum
1864 3760 2064 3815 fuerat:

483 3855 506 3880 α
532 3833 774 3904 Accipite
805 3838 1062 3909 Spiritum
1077 3851 1322 3896 sanctum
1341 3844 1544 3914 (ibid),
1566 3861 1696 3909 nne,
1715 3846 1800 3901 vel
1821 3849 1964 3917 quod
1977 3849 2072 3903 da-

478 3921 637 3978 batur
664 3925 982 3982 crederetur
1009 3931 1437 4001 contemptibile,
1455 3932 1699 4004 velquod
1740 3936 2071 4006 accipientes

478 4031 771 4092 operantur
790 4025 1163 4082 existimentur
1194 4045 1262 4084 ex
1282 4029 1518 4085 humana
1535 4031 1736 4086 virtute
1748 4034 2067 4102 procedere.

473 4109 596 4165 Non
627 4128 763 4182 ergo
793 4115 984 4169 mirum
1015 4123 1117 4180 est,
1159 4117 1205 4172 si
1233 4119 1480 4175 homines
1540 4125 1774 4190 peccata
1826 4122 2072 4180 dimitte-

472 4214 531 4254 re
585 4211 830 4268 possunt,
895 4205 1020 4274 quia
1052 4207 1234 4261 uthoc
1289 4209 1520 4276 possint,
1558 4225 1670 4264 non
1724 4228 1789 4265 ex
1819 4227 1937 4277 sua,
1971 4213 2068 4268 sed

472 4311 540 4350 ex
572 4298 752 4353 divina
783 4301 982 4356 virtute
1014 4304 1310 4373 accipiunt,
1336 4315 1390 4360 et
1410 4308 1514 4362 hoc
1553 4309 1867 4364 hominibus
1896 4310 2066 4364 Deum

471 4383 624 4453 dare,
662 4387 794 4441 nihil
851 4395 930 4444 est
961 4391 1103 4445 aliud
1135 4409 1293 4462 quam
1334 4396 1507 4449 Deum
1530 4396 1634 4451 hoc
1663 4413 1762 4465 per
1818 4399 2065 4454 homines

467 4473 664 4527 facere.
699 4475 855 4542 Quod
885 4487 1064 4533 autem
1082 4481 1154 4535 de
1171 4483 1516 4538 mundatione
1532 4485 1735 4554 leprosi
1759 4496 2057 4556 opponunt,

465 4569 691 4625 minime
731 4575 1264 4643 oppositionieorum
1296 4578 1640 4650 suﬂ'ragatur,
1704 4582 1832 4650 quia
1864 4583 1909 4636 si
1941 4583 2064 4639 ideo

463 4677 721 4739 peccator
766 4679 889 4725 ante
946 4673 1351 4729 confessionem
1380 4677 1592 4733 absolvi
1622 4679 1933 4734 credendus
1958 4688 2062 4748 est,

467 4766 592 4838 quia
625 4767 878 4838 leprosus
908 4771 1200 4826 mundatus
1242 4784 1321 4828 est
1352 4783 1476 4829 ante
1537 4777 2063 4833 demonstrationem

466 4856 659 4910 eadem
691 4857 898 4913 ratione
931 4869 1185 4928 peccator
1212 4871 1337 4932 post
1363 4865 1838 4934 compunctionem
1877 4866 1945 4920 ad
1979 4883 2064 4921 sa-

469 4946 747 5000 cerdotem
781 4948 862 5002 ire
891 4964 1000 5002 non
1023 4949 1183 5004 debet
1241 4961 1526 5021 peccatum
1581 4970 1736 5007 suum
1777 4954 2060 5025 plangere,

463 5043 562 5098 sed
585 5044 847 5110 justitiam
877 5047 1286 5114 demonstrare,
1321 5051 1447 5122 quia
1479 5060 1531 5106 et
1559 5052 1648 5108 ille
1679 5053 1747 5107 ad
1792 5054 2062 5110 sacerdo-

465 5147 554 5194 tes
577 5141 779 5196 missus
810 5151 912 5208 est,
947 5160 1056 5200 non
1113 5155 1166 5200 et
1197 5147 1480 5202 sanitatem
1514 5149 1798 5220 reciperet,
1850 5151 1948 5205 sed
2005 5139 2063 5206 ιιι

467 5235 750 5291 sanitatem
784 5240 1193 5296 demonstraret
1224 5262 1235 5297 :
1270 5245 1415 5314 quod
1445 5247 1668 5300 omnino
1718 5245 1852 5300 fides
1908 5247 2065 5301 Chri-

472 5331 640 5385 stiana
669 5334 942 5391 abhorret.
980 5339 1275 5408 PrOpterea
1308 5340 1351 5394 si
1377 5341 1720 5405 miraculum,
1758 5343 1900 5413 quod
1949 5344 2064 5399 Do-

461 5428 641 5482 minus
699 5442 952 5499 Operatus
1000 5446 1106 5491 est.
1141 5439 1520 5493 sacerdotibus
1553 5456 1659 5496 non
1689 5440 1761 5494 ob
1793 5457 2055 5496 reveren-

463 5525 594 5580 tiam
627 5526 814 5590 ofﬁcii,
857 5532 954 5583 sed
1003 5533 1069 5586 ad
1124 5533 1524 5606 imprOperium
1557 5537 1876 5606 ostenditur,
1937 5539 2065 5609 quid

465 5625 612 5681 aliud
644 5642 861 5697 quoque
895 5644 1060 5696 quam
1092 5631 1220 5685 novi
1255 5634 1544 5690 sacerdotii
1565 5635 1618 5689 in
1644 5636 1873 5706 spiritali
1900 5652 2063 5692 cura-

467 5721 610 5778 tione
643 5729 988 5793 contemptus
1021 5732 1322 5795 generatur
1346 5727 1374 5780 ‘?

1607 251 1946 309 WERNERI
1983 254 2270 312 ABBATIS
2310 258 2365 314 S.
2406 259 2606 314 BLASI

505 363 636 432 quia
690 373 1008 435 potestatem
1085 369 1341 428 divinitus
1406 375 1657 431 collatam
1717 376 2172 436 sacerdotibusA

506 453 724 508 auferre
755 455 960 512 volunt.
1003 459 1198 530 Neque
1227 479 1350 518 vere
1385 480 1488 534 ego
1537 467 1907 522 sacerdotibus
1935 476 2096 538 pote-

3677 263 3814 317 1184

2870 401 2959 441 ων
2971 403 3079 444 1810
3092 429 3106 443 ο

2271 506 2578 562 Notandum
2635 525 2849 581 quoque
2906 520 2988 567 est
3027 521 3079 568 et
3134 513 3266 568 illud
3316 514 3461 586 quod
3522 514 3735 570 dicitur
3795 534 3809 570 :

2205 627 2227 651 α
2308 604 2640 677 Quacunque
2711 609 2846 662 hora
2884 609 3211 678 ingemuerit
3285 620 3562 683 peccator,
3611 613 3811 667 salvus

2199 693 2302 748 erit
2332 695 2552 759 (Ezech.
2603 698 2786 768 xvm).
2825 699 2989 771 nEgo
3021 699 3089 755 de
3119 701 3204 755 his
3252 701 3538 771 przecipue
3595 702 3808 756 dictum

2199 791 2428 858 tes-timo,
2452 794 2543 863 qui
2575 801 2744 850 totam
2776 795 2950 850 vitam
2982 814 3139 852 suam
3176 799 3230 852 in
3261 803 3502 869 peccatis
3533 809 3806 871 agentes,

2199 879 2253 934 in
2284 879 2391 936 ﬁne
2420 884 2701 952 pmnitent,
2717 893 2769 939 et
2788 893 2914 940 tunc
2928 895 3151 956 peccata
3167 903 3262 942 sua
3277 888 3560 954 deserunt,
3573 889 3806 959 quando

2191 970 2308 1036 jam
2347 970 2400 1024 in
2437 971 2542 1026 hac
2595 973 2707 1027 vita
2745 982 2960 1044 tempus
2991 975 3379 1031 satisfactionis
3421 975 3643 1033 habere
3693 993 3803 1033 non

2197 1067 2447 1129 possunt.
2481 1058 2691 1128 Quibus
2720 1062 2932 1131 dicitur,
2967 1079 3034 1119 ne
3056 1072 3236 1120 tamen
3265 1064 3376 1121 ullo
3413 1066 3585 1120 modo
3619 1065 3694 1121 de
3713 1083 3804 1121 ve-

2197 1155 2287 1210 nia
2317 1156 2626 1227 desperent,
2659 1158 2780 1230 quia
2831 1168 2885 1214 et
2905 1169 3029 1217 tunc
3058 1178 3285 1234 quoque
3341 1163 3389 1217 si
3417 1180 3554 1218 vere
3616 1166 3805 1234 preci-

2198 1245 2416 1312 tuerint,
2474 1245 2909 1302 misericordiam
2971 1251 3233 1322 consequi
3291 1251 3490 1306 valent.
3538 1253 3665 1308 Hoc
3695 1261 3803 1320 est,

2197 1359 2517 1417 quacunque
2547 1346 2702 1411 hora,
2746 1347 2954 1403 scilicet
3001 1348 3157 1404 etiam
3189 1350 3244 1403 in
3289 1351 3572 1415 extremis,
3639 1351 3804 1406 etiam

2193 1431 2249 1485 in
2279 1433 2511 1488 articulo
2545 1437 2902 1502 necessitatis,
2936 1437 2986 1491 si
3019 1446 3272 1506 peccator
3301 1439 3665 1511 ingemuerit,
3697 1442 3803 1496 hoc

2195 1535 2296 1593 est,
2329 1545 2396 1584 ex
2428 1538 2536 1584 tota
2566 1532 2749 1586 cordis
2778 1533 3100 1590 contritione
3129 1551 3428 1591 conversus
3453 1538 3654 1600 tuerit,
3691 1539 3806 1592 sal-

2192 1633 2290 1672 vus
2321 1619 2442 1686 erit,
2474 1620 2542 1673 ab
2571 1629 2774 1676 aeterna
2804 1623 3010 1678 scilicet
3031 1624 3400 1680 damnatione.
3441 1623 3623 1693 Quasi
3683 1627 3806 1680 aliis

2113 1729 2165 1791 Β
2196 1706 2379 1760 verbis
2410 1707 2687 1764 diceretur
2729 1728 2740 1764 :
2775 1708 3113 1782 Quacunque
3143 1710 3283 1767 hora
3301 1713 3355 1767 in
3387 1714 3661 1783 praesenti
3695 1721 3807 1769 vita

2194 1812 2456 1874 peccator
2479 1821 2611 1860 vere
2641 1806 2972 1876 pcenituerit,
3006 1810 3060 1863 in
3092 1809 3270 1864 futura
3297 1811 3404 1864 vita
3443 1827 3558 1864 non
3574 1811 3803 1880 peribit.

2191 1888 2350 1958 Quod
2406 1893 2452 1946 si
2501 1894 2622 1965 quis
2687 1897 2982 1951 contendat
3039 1897 3171 1953 illud
3223 1897 3370 1969 quod
3425 1898 3641 1954 dictum
3704 1909 3804 1965 est,

2197 2012 2218 2036 ι
2253 1989 2435 2044 salvus
2465 1992 2584 2056 erit,
2621 2014 2643 2040 ιι
2679 2008 2789 2046 non
2818 2010 2941 2048 esse
2981 1994 3186 2050 dictum
3211 1996 3278 2051 de
3308 1996 3620 2052 salvatione
3685 2016 3807 2069 quae

2189 2079 2242 2134 in
2269 2078 2444 2134 futuro
2500 2079 2770 2146 tribuitur,
2827 2082 2925 2136 sed
2973 2083 3042 2138 de
3071 2083 3162 2138 illa
3192 2084 3378 2154 potius
3399 2102 3525 2156 quae
3556 2086 3618 2140 in
3653 2104 3806 2157 prae-

2189 2167 2328 2220 senti
2359 2167 2703 2223 absolutione
2734 2179 3084 2240 peccatorum
3117 2174 3482 2228 condonatur.
3523 2175 3657 2230 Non
3699 2193 3802 2231 ne-

2189 2280 2344 2321 cesse
2369 2276 2455 2321 est
2483 2276 2661 2322 tamen
2691 2285 2792 2322 nos
2819 2269 3006 2324 dicere
3032 2271 3176 2341 quod
3198 2281 3451 2341 peccator
3497 2273 3573 2326 ab
3640 2275 3793 2328 omni

2189 2355 2373 2410 debito
2402 2371 2499 2411 suo
2527 2356 2863 2423 absolvatur,
2894 2359 3076 2414 statim
3113 2375 3182 2414 ex
3206 2377 3315 2431 quo
3341 2377 3572 2432 gemere
3600 2363 3796 2432 cuspit,

2188 2443 2363 2499 donec
2411 2453 2583 2499 totum
2648 2455 2982 2502 consecutus
3036 2447 3199 2504 fuerit
3253 2449 3584 2515 remedium,
3647 2451 3798 2522 quod

2187 2542 2337 2596 Deus
2366 2542 2432 2596 ab
2461 2543 2810 2598 obtinendam
2842 2545 3056 2599 veniam
3087 2545 3332 2600 instituit.
3359 2547 3473 2602 Hoc
3495 2555 3584 2602 est
3603 2558 3792 2603 autem

2188 2631 2508 2695 remedium,
2570 2640 2627 2686 ut
2667 2633 2834 2688 corde
2864 2635 3150 2703 paeniteat,
3202 2643 3256 2690 et
3311 2650 3409 2690 ore
3451 2635 3794 2692 conﬁteatur

2185 2718 2441 2775 delictum
2474 2741 2492 2776 :
2515 2721 2660 2792 quod
2714 2738 2836 2777 cum
2893 2722 3104 2789 fecerit,
3131 2725 3246 2792 jam
3274 2724 3508 2794 amplius
3567 2725 3794 2782 debitor

2187 2817 2546 2872 damnationis
2604 2834 2711 2874 non
2744 2820 2866 2884 erit,
2928 2821 3092 2875 etiam
3147 2820 3193 2874 si
3231 2821 3540 2877 satisfactio
3597 2832 3790 2891 restat,

2186 2922 2350 2977 quam
2387 2923 2488 2976 pro
2513 2916 2735 2976 peccato
2756 2908 3040 2977 persolvit.
3075 2908 3233 2977 Quod
3262 2909 3308 2964 si
3341 2909 3475 2964 forte
3525 2922 3796 2981 peccator

2185 3010 2322 3049 vere
2348 2995 2626 3065 pmniteat,
2660 2997 2756 3051 sed
2789 2996 3188 3053 intercurrente
3216 2998 3440 3054 articulo
3482 3003 3796 3055 necessita-

2103 3083 2151 3146 C
2190 3092 2254 3148 lis
2283 3093 2352 3146 ad
2381 3093 2780 3148 confessionem
2813 3094 3001 3149 venire
3049 3111 3157 3149 non
3190 3097 3382 3166 possit,
3440 3096 3796 3154 conﬁdenter

2185 3181 2474 3251 pronuntio
2503 3181 2648 3250 quod
2704 3181 2757 3236 in
2789 3198 2855 3238 eo
2898 3199 3143 3238 summus
3200 3185 3458 3240 sacerdos
3520 3187 3790 3257 complet,

2183 3271 2327 3340 quod
2356 3270 2600 3326 mortalis
2629 3285 2734 3324 non
2766 3271 2958 3341 potuit,
2991 3279 3044 3325 et
3075 3272 3216 3341 apud
3248 3273 3422 3326 Deum
3449 3272 3567 3340 jam
3584 3273 3792 3330 factum

2183 3367 2397 3412 constat
2420 3359 2565 3430 quod
2596 3360 2760 3414 hamo
2779 3359 2999 3430 quidem
3015 3377 3141 3415 vere
3162 3361 3456 3425 voluit,sed
3481 3379 3595 3416 non
3620 3364 3793 3419 valuit

2183 3447 2502 3516 adimplere,
2535 3448 2657 3517 quia
2689 3448 3095 3502 confessionem
3137 3465 3245 3504 non
3284 3458 3643 3522 contemptus
3691 3468 3793 3508 ex-

2181 3543 2474 3610 clusit,sed
2505 3544 2784 3614 impedivit
2840 3545 3166 3600 necessitas.
3223 3546 3457 3601 Proinde
3519 3548 3599 3612 id,
3637 3553 3787 3620 quod

2180 3631 2380 3686 dictum
2403 3640 2486 3686 est
2517 3649 2531 3686 :
2568 3655 2590 3680 ·
2625 3632 2961 3705 Quacunque
3011 3634 3150 3689 hora
3176 3634 3507 3706 ingemuerit
3573 3653 3785 3706 pecca-

2181 3725 2268 3769 tor
2297 3717 2478 3771 salvus
2507 3718 2635 3783 erit,
2673 3742 2694 3765 ι»
2731 3718 2774 3772 si
2805 3718 2873 3772 de
2905 3719 3164 3788 praesenti
3179 3719 3351 3774 salute
3372 3720 3677 3791 accipitur,
3710 3725 3789 3778 sic

2180 3804 2590 3876 intelligendum
2619 3815 2722 3872 est,
2757 3822 2820 3862 ac
2849 3808 2894 3861 si
2917 3807 3216 3862 diceretur.
3280 3809 3435 3864 Tunc
3469 3815 3786 3880 peccatoris

2179 3893 2325 3948 salus
2353 3895 2556 3964 incipit,
2591 3896 2810 3966 quando
2832 3895 3098 3951 veraciter
3144 3912 3244 3967 pro
3299 3897 3518 3953 delictis
3550 3901 3671 3954 suis
3699 3901 3781 3956 in-

2179 3995 2432 4066 gemiscit
2465 4011 2479 4063 ;
2513 4011 2633 4066 quae
2692 4003 2872 4050 tamen
2901 3996 3054 4050 salus
3098 4004 3226 4053 tunc
3253 3997 3416 4067 plene
3473 3998 3777 4067 perﬁcitur,

2183 4084 2398 4153 quando
2437 4083 2490 4138 id
2547 4084 2698 4138 unde
2751 4084 3080 4154 ingemuerit
3101 4085 3265 4139 etiam
3308 4101 3407 4141 ore
3463 4087 3776 4143 conﬁtetur.

2180 4173 2313 4226 Item
2343 4172 2472 4226 illud
2530 4173 2674 4244 quod
2705 4173 2901 4228 dicitur
2929 4173 3057 4244 quia
3098 4173 3277 4229 adhuc
3305 4181 3358 4229 te
3387 4174 3656 4246 loquente
3703 4177 3778 4231 dio

2180 4275 2296 4315 cam
2335 4275 2346 4314 :
2385 4282 2407 4306 ιι
2447 4261 2586 4315 Ecce
2619 4261 2811 4315 adsum
2845 4262 2979 4328 (Isa.
3012 4264 3164 4326 va).
3210 4285 3231 4310 η
3259 4262 3348 4317 Sic
3383 4264 3780 4319 convenienter

2179 4356 2358 4418 potest
2390 4349 2563 4418 accipi
2594 4350 2722 4420 quia
2771 4349 2917 4403 Deus
2947 4349 3066 4418 pius
3091 4349 3246 4405 adest
3285 4367 3382 4419 per
3407 4352 3670 4422 gratiam,
3725 4362 3779 4406 ut

2097 4438 2147 4497 D
2179 4453 2276 4492 cor
2313 4437 2384 4491 ad
2439 4437 2814 4507 paenitentiam
2859 4447 3212 4508 compungat,
3262 4439 3460 4495 deinde
3508 4441 3693 4506 adest,
3723 4448 3778 4496 ut

2171 4534 2527 4596 peccatorum
2557 4526 2946 4596 indulgentiam
2977 4525 3254 4582 confitenti
3284 4528 3508 4582 tribuat.

2246 4637 2525 4689 Postremo
2553 4635 2605 4688 id
2637 4636 2779 4706 quod
2813 4635 2884 4690 de
2920 4637 3133 4705 psalmo
3162 4646 3445 4707 opponunt
3475 4654 3486 4693 :
3533 4662 3555 4687 α
3593 4641 3726 4695 Dixi
3759 4661 3773 4695 :

2178 4724 2495 4779 Contitebor
2516 4724 2805 4779 adversum
2839 4741 2925 4779 me
2957 4725 3275 4794 injustitiam
3307 4743 3485 4781 meam
3514 4729 3774 4793 Domino,

2171 4824 2222 4869 et
2245 4822 2301 4868 tu
2332 4813 2591 4867 remisisti
2622 4813 2951 4882 impietatem
2975 4815 3186 4884 peccati
3207 4817 3315 4870 mei
3335 4817 3509 4884 (Psal.
3536 4822 3726 4882 uxr),
3750 4844 3771 4866 -

2180 4916 2404 4967 sanctus
2437 4913 2741 4982 Gregorius
2766 4912 2834 4968 de
2860 4913 3019 4983 culpa
3049 4914 3395 4984 cogitationis
3423 4924 3774 4972 tantummo-

2178 5009 2248 5064 do
2280 5009 2473 5064 decem
2530 5026 2654 5064 esse
2683 5011 2920 5066 asseruit
2951 5012 3005 5065 in
3035 5012 3152 5067 hac
3182 5013 3347 5066 verba
3380 5029 3394 5068 :
3430 5013 3591 5084 Stepe
3611 5016 3774 5070 mise-

2173 5098 2350 5153 ricors
2381 5099 2525 5153 Deus
2547 5115 2614 5153 eo
2643 5099 2803 5154 citius
2831 5108 3051 5170 peccata
3077 5100 3262 5156 cordis
3287 5101 3639 5173 abluit,quod
3657 5105 3772 5160 haec

2167 5195 2316 5250 exire
2346 5195 2416 5248 ad
2448 5211 2618 5263 opera
2649 5211 2755 5249 non
2788 5197 3077 5266 permittit.
3110 5198 3265 5253 Unde
3294 5209 3444 5254 recte
3475 5215 3583 5268 per
3613 5201 3769 5255 Psal-

2171 5283 2387 5336 mistam
2447 5283 2643 5337 dicitur
2699 5302 2712 5337 :
2779 5307 2800 5332 α
2849 5283 2975 5338 Dixi
3028 5303 3042 5340 :
3099 5285 3414 5340 Confitebor
3469 5287 3767 5344 adversum

2163 5387 2250 5424 me
2296 5371 2618 5438 injustitiam
2650 5388 2824 5426 meam
2856 5373 3087 5428 Domino
3119 5393 3133 5438 ;
3167 5383 3220 5429 et
3249 5383 3300 5428 tu
3349 5376 3614 5431 remisisti
3667 5379 3770 5432 im-

2167 5461 2428 5530 pietatem
2460 5460 2666 5529 peccati
2701 5461 2835 5514 mei.
2877 5483 2898 5508 »
2938 5463 3005 5516 Et
3037 5463 3200 5531 paulo
3226 5471 3366 5532 post,
3392 5480 3559 5534 quam
3593 5465 3767 5521 facilis

2169 5565 2344 5618 super
2376 5549 2493 5604 haec
2525 5548 2683 5603 venia
2733 5550 2802 5603 sit
2853 5551 3112 5614 ostendit,
3168 5551 3258 5622 qui
3317 5552 3447 5606 dum
3477 5569 3541 5608 se
3597 5556 3766 5609 adhuc

2167 5645 2433 5716 permittit
2457 5652 2662 5715 petere,
2697 5647 2800 5702 hoc
2861 5647 3006 5717 quod
3060 5663 3119 5702 se
3174 5651 3362 5719 petere
3419 5651 3764 5720 permittebat

2166 5734 2418 5800 obtinuit,
2453 5741 2718 5806 quatenus
2777 5736 2904 5808 quia
2958 5752 3080 5792 cum
3127 5753 3298 5809 usque
3352 5738 3426 5794 ad
3455 5754 3603 5810 opus
3659 5755 3761 5796 non
