4008 6092
224 263 362 316 1185

1151 247 1735 307 DEFLORATIONES
1770 246 1874 305 SS.
1920 240 2234 306 PATRUM.
2274 276 2343 290 -—
2381 245 2508 304 LIB.
2549 244 2619 303 Il.

3369 255 3505 312 1186

213 391 435 443 venerat
482 379 642 453 culpa
683 393 853 448 usque
905 375 976 432 ad
1019 374 1322 448 cruciatum
1362 388 1471 428 non
1501 373 1806 444 perveniret
1828 372 1882 436 Α
1914 373 2030 428 vice
2058 372 2159 428 Dei
2230 373 2533 444 fungentes,
2594 387 2715 427 cum
2773 375 2964 445 quibus
3022 376 3231 434 interim
3287 393 3505 434 causam

220 470 558 546 poenitentia,
589 468 685 523 sed
716 466 953 538 cogitata
1009 463 1223 520 afﬂictio
1270 469 1506 516 mentem
1560 468 1809 533 tergeret,

216 578 380 634 quam
436 557 691 615 nimirum
746 553 1116 611 tantummodo
1165 550 1399 623 cogitata
1454 549 1705 618 iniquitas
1733 550 1813 603 in-

224 659 495 731 quinasse.
551 652 708 724 Quod
765 652 809 705 si
895 650 1015 720 quis
1062 650 1165 703 hoc
1205 647 1272 702 de
1328 646 1568 716 quolibet
1620 646 1812 701 delicto

218 749 354 804 velit
414 745 681 814 accipere,
747 740 881 796 sciat
920 747 1099 794 tamen
1163 735 1307 792 aliud
1368 743 1645 806 peccatum
1675 752 1811 803 esse,

222 836 367 894 aliud
398 834 729 905 impietatem
760 828 986 901 peccati.
1048 825 1303 897 Impietas
1330 840 1563 893 namque
1611 824 1816 894 peccati

222 936 339 1007 ipsa
367 930 663 988 rectissime
692 925 980 982 obduratio
1008 923 1187 978 cordis
1241 921 1515 990 accipitur,
1551 936 1671 990 quae
1699 920 1816 991 pri-

224 1040 374 1079 mum
428 1021 486 1074 in
514 1016 927 1088 compunctione
982 1013 1227 1079 solvitur,
1281 1017 1342 1065 ut
1391 1008 1733 1080 postmodum
1762 1009 1818 1063 in

221 1109 559 1169 confessione
589 1112 868 1178 peccatum
923 1103 1121 1173 ipsum,
1183 1100 1239 1153 id
1278 1105 1359 1152 est
1388 1096 1628 1152 debitum
1656 1096 1816 1152 dam-

226 1210 460 1270 nationis
489 1207 816 1265 absolvatur.
858 1202 967 1258 Sed
1011 1201 1125 1255 sive
1164 1200 1267 1254 hoc
1294 1196 1406 1252 sive
1437 1196 1542 1251 alio
1574 1212 1819 1266 quocun-

227 1317 331 1373 que
386 1297 550 1354 modo
608 1292 879 1365 praedictae
925 1288 1267 1345 auctoritates
1320 1292 1675 1356 exponentur,
1722 1300 1823 1339 nos

227 1372 505 1449 verissime
531 1381 848 1439 conﬁlemur
875 1376 1179 1433 sacerdotes
1208 1372 1309 1429 Dei
1367 1374 1421 1426 in
1451 1373 1688 1428 Ecclesia
1715 1389 1824 1442 po-

230 1494 474 1543 testatem
520 1482 719 1538 habere
769 1476 972 1551 ligandi
1028 1483 1187 1545 atque
1242 1470 1506 1539 solvendi,
1566 1486 1672 1526 non
1700 1486 1824 1540 per-

230 1574 493 1633 functorie
523 1570 773 1626 inusitato
829 1564 1063 1637 quodam
1114 1577 1314 1635 genere
1352 1558 1607 1628 loquendi
1648 1559 1824 1631 signi-

231 1664 463 1730 ﬁcatam,
522 1659 617 1715 sed
671 1655 933 1715 veraciter
981 1670 1014 1708 a
1067 1652 1182 1707 Deo
1236 1663 1573 1717 concessam,
1634 1648 1827 1717 quibus

1919 479 2071 518 suam
2093 462 2207 517 sine
2264 460 2499 532 periculo
2554 477 2715 535 agere
2745 473 2982 535 possunt.
3029 467 3222 520 Ament
3248 466 3508 524 interces-

1919 567 2084 619 sores,
2118 559 2167 606 et
2200 550 2425 605 timeant
2444 549 2674 619 judices.

2598 658 2817 714 Dmsro
2829 699 2843 713 .

1993 762 2362 832 Quorumdam
2419 764 2691 834 inquisitio
2750 774 2832 820 est
2878 766 3005 836 quid
3033 782 3168 839 opus
3198 767 3264 823 sit
3291 769 3407 823 Deo
3439 765 3508 824 ad

1922 852 2183 908 solvenda
2234 860 2455 922 peccata
2509 853 2789 908 hominum
2848 856 3095 911 homines
3140 864 3516 927 cooperatores

1924 956 2183 1011 quaerere,
2224 940 2374 1010 quasi
2438 957 2535 1011 per
2587 957 2647 997 se
2700 942 2844 1011 quod
2900 944 3127 1000 voluerit
3184 960 3293 1000 non
3334 946 3513 1001 valeat

1925 1038 2241 1107 adimplere.
2296 1038 2403 1093 Sed
2448 1038 2741 1094 certissime
2796 1040 2932 1095 scire
2987 1041 3247 1096 debemus
3288 1042 3517 1113 quodin

1926 1126 2267 1183 absolvendis
2294 1126 2528 1197 peccatis
2545 1143 2883 1197 nequaquam
2907 1130 3021 1184 Deo
3057 1131 3292 1185 humana
3311 1146 3518 1201 coope-

1926 1216 2063 1271 ratio
2099 1214 2441 1287 suﬂ'ragetur.
2481 1216 2609 1272 Ideo
2642 1224 2819 1270 tamen
2874 1218 3148 1273 hominem
3195 1226 3519 1289 cooperato-

1929 1321 2045 1360 rem
2072 1303 2209 1370 ﬁeri,
2241 1304 2367 1373 quia
2392 1303 2536 1358 salus
2565 1304 2861 1374 peccatoris
2903 1322 2967 1360 eo
2999 1307 3162 1362 modo
3192 1316 3514 1379 competen-

1934 1394 2035 1449 tius
2062 1391 2351 1463 perﬁcitur.
2383 1391 2488 1461 Qui
2516 1393 2661 1446 enim
2719 1400 2961 1464 peccata,
3018 1395 3121 1449 nisi
3149 1395 3329 1468 plagae
3360 1411 3517 1467 quae-

1932 1490 2057 1546 dam
2087 1490 2257 1544 sunt?
2290 1496 2344 1543 et
2373 1488 2500 1558 quid
2527 1496 2608 1544 est
2633 1490 2964 1561 pmnitentia,
2982 1491 3083 1547 nisi
3112 1492 3379 1548 medicina
3398 1494 3426 1546 ?
3458 1493 3524 1547 Et

1931 1578 2130 1634 scimus
2158 1577 2374 1647 quidem
2429 1577 2486 1630 in
2532 1577 2783 1631 sanandis
2836 1579 3147 1634 vulneribus
3176 1581 3369 1646 carnis,
3417 1579 3521 1635 nisi

1934 1682 2233 1739 congruum
2317 1664 2634 1720 adhibeatur
2697 1667 2997 1723 remedium
3067 1667 3261 1734 dolori,
3319 1685 3523 1738 nequa-

231 1762 432 1817 dictum
464 1764 544 1813 est
570 1775 583 1812 ε
620 1776 644 1807 ι
678 1753 918 1823 Quorum
948 1748 1260 1805 remiseritis
1279 1750 1518 1817 Ρθθθθίδν
1548 1745 1826 1800 “mil-“13‘
1851 1725 1908 1789 B
1936 1779 2098 1834 quam
2147 1761 2385 1832 sequitur
2439 1760 2658 1816 effectus
2711 1763 3019 1819 curationis.
3080 1763 3217 1833 Quia
3268 1780 3397 1837 ergo
3428 1781 3526 1837 per

233 1860 317 1907 tur
344 1848 458 1905 eis:
489 1853 543 1902 et
570 1859 796 1914 quorum
825 1838 1167 1908 retinueritis,
1197 1844 1404 1894 retenta
1444 1842 1599 1889 erunt
1627 1837 1816 1908 (Joan.

232 1949 350 2017 xx).
386 1967 407 1994 η
445 1942 553 2000 Sed
582 1941 718 1996 forte
747 1938 865 2008 quis
884 1943 1125 2006 opponet
1151 1935 1277 2006 quia
1300 1935 1608 1992 sacerdotes
1634 1933 1830 1989 multos

234 2038 409 2109 ligant
440 2033 497 2087 in
527 2028 782 2096 Ecclesia,
842 2025 933 2097 qui
989 2023 1133 2096 apud
1188 2025 1361 2079 Deum
1407 2040 1515 2079 non
1546 2022 1823 2095 ligantur:

233 2126 473 2193 itemque
501 2118 698 2174 multos
752 2115 985 2181 solvunt,
1019 2113 1110 2183 qui
1139 2112 1283 2182 apud
1312 2114 1485 2169 Deum
1523 2112 1675 2183 ligati
1701 2125 1828 2181 per-

234 2217 474 2267 manent.
506 2207 612 2262 Sed
640 2219 787 2275 saepe
841 2209 895 2258 et
939 2202 1251 2257 innocentes
1292 2200 1482 2272 ligant,
1517 2208 1571 2254 et
1598 2199 1651 2253 in
1680 2205 1831 2253 reatu

234 2312 613 2380 permanentes
641 2301 945 2367 absolvunt,
967 2306 1021 2355 et
1045 2298 1124 2354 sic
1142 2314 1328 2353 verum
1357 2313 1467 2352 non
1486 2296 1621 2351 erit:
1648 2316 1666 2347 ι
1687 2294 1831 2364 Quo-

236 2414 358 2454 rum
378 2391 689 2452 remiseritis
742 2396 964 2462 peccata
1015 2388 1349 2444 remittentur
1376 2386 1473 2454 eis,
1523 2393 1575 2441 et
1601 2400 1830 2456 quorum

238 2482 562 2544 retinueritis
586 2487 794 2537 retenta
821 2484 976 2534 erunt
1009 2474 1203 2546 (Joan.
1242 2476 1358 2546 xx).
1396 2498 1420 2525 ιι

314 2592 423 2649 Sed
451 2588 728 2647 sciendum
759 2592 840 2641 est
886 2583 1030 2655 quod
1058 2598 1207 2654 saepe
1252 2597 1406 2638 sacra
1452 2580 1726 2652 Scriptura
1758 2578 1836 2635 sic

242 2683 312 2739 de
338 2698 397 2737 re
427 2680 606 2750 aliqua
636 2674 868 2746 loquitur
895 2678 958 2727 ut
981 2671 1110 2743 quid
1138 2670 1262 2726 inde
1292 2677 1577 2726 venturum
1605 2669 1676 2723 sit
1701 2682 1834 2739 pro-

244 2771 487 2827 nuntiare
542 2766 803 2832 videntur,
862 2770 915 2817 et
968 2769 1151 2816 tamen
1205 2759 1455 2815 virtutem
1502 2757 1621 2827 ejus
1660 2756 1837 2828 magis

246 2883 409 2939 quam
438 2872 688 2921 eventum
718 2860 1003 2931 exprimat,
1037 2856 1163 2927 quia
1198 2871 1307 2912 non
1337 2853 1466 2925 quid
1492 2854 1709 2909 evenire
1735 2852 1836 2908 de-

244 2958 390 3025 beat,
421 2955 515 3010 sed
545 2951 674 3023 quid
701 2948 917 3005 evenire
947 2946 1115 3018 possit
1151 2944 1415 3000 ostendat.
1443 2942 1605 2999 Verbi
1641 2942 1834 3014 gratia,

243 3046 376 3102 dicit
434 3041 667 3115 quodam
724 3038 842 3093 loco
901 3035 1217 3106 Scriptura:
1254 3056 1276 3082 u
1324 3031 1427 3101 Qui
1473 3030 1762 3087 crediderit
1784 3036 1838 3084 et

244 3134 544 3206 baptizatus
566 3127 725 3183 fuerit
750 3126 932 3182 salvus
959 3124 1059 3179 erit
1088 3124 1278 3193 (Marc.
1310 3122 1462 3191 xvr);
1510 3142 1533 3169 ιι
1577 3127 1629 3175 et
1658 3126 1839 3175 tamen

248 3232 448 3288 scimus
476 3227 602 3299 quia
658 3222 812 3280 multi
866 3220 1145 3279 credentes
1171 3218 1501 3289 baptismum
1551 3216 1838 3286 accipiunt,

250 3320 341 3392 qui
371 3325 557 3391 postea
584 3313 756 3385 culpis
801 3310 911 3367 suis
966 3308 1309 3381 exigentibus
1351 3306 1625 3378 reprobati
1653 3304 1723 3360 ad
1747 3321 1840 3359 sa-

250 3409 417 3464 lutem
443 3413 702 3461 aeternam
732 3416 842 3456 non
886 3398 1222 3470 pertingant.
1288 3397 1423 3451 Item
1452 3395 1508 3449 in
1537 3394 1642 3449 alio
1674 3394 1792 3448 loco
1825 3409 1837 3445 :

256 3527 278 3555 α
310 3502 415 3572 Qui
453 3499 742 3556 manducat
765 3511 982 3551 carnem
1032 3509 1211 3549 meam
1265 3499 1317 3547 et
1362 3491 1500 3546 bibit
1526 3490 1843 3562 sanguinem

252 3606 436 3647 meum
493 3588 657 3644 habet
710 3585 877 3641 vitam
933 3590 1210 3646 aeternam,
1272 3587 1326 3634 et
1354 3580 1407 3633 in
1432 3578 1698 3648 judicium
1737 3593 1847 3633 non

252 3681 447 3748 veniet,
481 3677 576 3733 sed
606 3673 818 3731 transiet
850 3672 919 3728 de
948 3677 1121 3727 morte
1159 3669 1228 3724 ad
1266 3668 1429 3725 vitam
1459 3668 1649 3738 (Joan.
1685 3666 1781 3736 vr).
1817 3687 1839 3713 ιο

254 3780 319 3835 Et
349 3785 528 3833 tamen
554 3773 750 3831 Paulus
769 3771 895 3826 diett
925 3786 938 3823 :
977 3791 999 3817 κ
1035 3767 1174 3836 Quia
1228 3764 1467 3837 quisquis
1507 3780 1702 3835 corpus
1728 3763 1848 3818 Do-

253 3866 388 3922 mini
409 3863 630 3936 indigne
659 3859 985 3916 manducare
1015 3863 1068 3911 et
1095 3855 1318 3911 calicem
1365 3853 1553 3908 bibere
1580 3867 1846 3924 praesum-

254 3955 440 4026 pserit,
465 3951 728 4023 judicium
759 3948 866 4003 sibi
891 3944 1181 4001 manducat
1208 3951 1262 3999 et
1286 3942 1425 3999 bibit
1449 3941 1504 4015 (Ι
1532 3943 1655 3998 Cor.
1688 3940 1796 4013 x1.)
1818 3962 1840 3989 υ

257 4043 471 4112 Ubique
501 4056 632 4113 ergo
669 4037 846 4109 magis
875 4036 1043 4093 virtus
1087 4040 1544 4089 sacramentorum
1584 4028 1849 4100 exprimi-

261 4139 363 4201 tur,
394 4147 461 4187 no
491 4127 635 4199 quod
665 4142 760 4199 per
807 4140 872 4180 ea
917 4122 1142 4194 quilibet
1183 4121 1564 4194 participantes
1609 4115 1852 4173 salvandi

257 4228 382 4296 sint,
439 4223 535 4281 sed
589 4221 734 4294 quod
789 4220 984 4276 salvari
1044 4218 1252 4290 possint
1284 4216 1640 4290 significatur.
1689 4213 1852 4282 Quasi

260 4316 568 4371 diceretur:
626 4311 797 4365 Tanta
846 4308 1016 4364 virtus
1070 4314 1151 4362 est
1202 4305 1478 4377 baptismi,
1529 4311 1587 4357 ut
1616 4301 1855 4373 quisquis

1932 1850 2242 1923 superbiam
2282 1866 2503 1906 omnem
2551 1858 2827 1921 peccatum
2857 1852 3078 1923 geritur,
3117 1869 3332 1908 necesse
3362 1862 3441 1909 est
3469 1862 3527 1910 ut

1934 1957 2034 2012 per
2062 1939 2417 1995 humilitatem
2464 1938 2641 1994 omnis
2697 1939 3011 2009 poenitentia
3053 1940 3353 2011 condiatur,
3385 1958 3526 2012 qua-

1937 2046 2090 2095 tenus
2117 2037 2537 2094 inobedientiam
2589 2037 2897 2093 obedientia
2952 2037 3185 2111 frangat,
3243 2048 3296 2096 et
3333 2041 3527 2096 elatio-

1937 2129 2021 2183 nis
2077 2136 2340 2184 tumorem
2394 2126 2710 2181 humilitatis
2765 2126 2981 2182 devotio
3037 2136 3264 2198 premat.
3324 2129 3530 2187 Conve-

1938 2217 2091 2273 niens
2120 2231 2250 2288 ergo
2280 2214 2436 2273 valde
2459 2222 2557 2283 est,
2588 2222 2647 2269 ut
2676 2230 2775 2270 nos
2829 2215 2919 2286 qui
2957 2215 3234 2285 peccando
3257 2217 3372 2272 Deo
3401 2233 3530 2273 con-

1939 2320 2177 2369 tumaces
2205 2311 2404 2367 fuimus
2433 2311 2742 2384 pcenitendo
2801 2312 2962 2367 etiam
2994 2312 3163 2367 servis
3191 2313 3290 2368 Dei
3316 2314 3529 2385 suppli-

1939 2427 2028 2467 ces
2051 2410 2239 2478 simus,
2270 2418 2323 2464 et
2350 2410 2511 2465 homo
2542 2408 2633 2479 qui
2675 2408 2745 2463 ad
2784 2409 2884 2463 Dei
2935 2411 3167 2481 gratiam
3199 2426 3530 2467 conservan-

1939 2500 2066 2555 dam
2114 2498 2410 2554 mediatore
2464 2513 2573 2554 non
2637 2497 2803 2570 eguit,
2851 2497 2966 2567 jam
3022 2514 3143 2555 eam
3213 2516 3531 2572 recuperare

1941 2604 2049 2645 non
2078 2588 2179 2642 nisi
2208 2603 2306 2659 per
2327 2586 2604 2642 hominem
2660 2587 3013 2642 mediatorem
3071 2588 3255 2659 possit.
3296 2590 3436 2644 Nam
3483 2595 3536 2643 et

1941 2688 2045 2741 hoc
2106 2684 2518 2740 saluberrimum
2583 2691 2665 2739 est
2713 2684 3007 2753 peccatori,
3065 2692 3122 2738 ut
3176 2685 3346 2741 discat
3374 2701 3535 2756 quam

1943 2775 2106 2847 longe
2137 2773 2410 2844 peccando
2435 2788 2467 2826 a
2498 2772 2612 2827 Deo
2668 2772 2967 2827 recesserit.
3021 2774 3153 2827 Cum
3184 2781 3360 2828 autem
3391 2772 3537 2827 difﬁ-

1945 2864 2114 2919 culter
2139 2861 2449 2934 pmnitendo
2479 2860 2548 2915 ad
2575 2861 2749 2915 Deum
2795 2861 2952 2928 redit,
2986 2861 3112 2930 quia
3141 2868 3195 2916 et
3238 2862 3444 2916 cautior
3471 2860 3538 2916 de

1944 2959 2153 3030 reliquo
2183 2957 2425 3026 edicitur,
2460 2974 2581 3012 cum
2624 2972 2732 3011 non
2789 2957 2904 3012 sine
2960 2957 3111 3029 gravi
3145 2958 3327 3013 labore
3355 2958 3538 3028 pmni-

1865 3072 1916 3135 C
1949 3049 2076 3104 tenti
2105 3049 2279 3104 aditus
2329 3046 2676 3118 indulgentiae
2732 3047 2987 3117 aperitur.
3032 3046 3227 3102 Gemat
3253 3062 3384 3119 ergo
3414 3063 3540 3118 pec-

1947 3144 2115 3205 cator,
2173 3144 2226 3193 et
2279 3135 2526 3205 suspiret,
2577 3142 2629 3189 et
2679 3134 2871 3189 anxius
2914 3150 3013 3204 pro
3070 3142 3290 3206 peccato
3336 3151 3433 3190 suo
3465 3135 3539 3190 ti-

1950 3233 2114 3293 meat,
2145 3234 2196 3281 et
2242 3230 2582 3297 expavescat,
2640 3223 2900 3278 sollicitus
2942 3222 3218 3291 discurrat,
3252 3223 3541 3279 auxiliato-

1949 3331 2037 3371 res
2063 3322 2117 3370 et
2143 3314 2519 3369 intercessores
2572 3319 2793 3381 quierat,
2845 3318 3146 3381 prosternat
3171 3327 3227 3366 se
3271 3312 3544 3367 humiliter

1953 3411 2158 3467 homini
2210 3411 2300 3481 qui
2345 3409 2520 3466 noluit
2572 3408 2845 3464 humiliter
2896 3415 3067 3464 astare
3098 3410 3354 3477 Creatori,
3402 3408 3545 3464 utin

1954 3504 2057 3557 hoc
2086 3500 2245 3557 etiam
2278 3499 2418 3554 facto
2447 3498 2851 3569 quodammodo
2909 3498 2976 3552 ad
3037 3499 3211 3553 Deum
3238 3498 3452 3567 clamet,
3492 3503 3547 3553 et

1954 3597 2142 3653 dicat:
2214 3596 2366 3665 Vide,
2428 3595 2678 3664 Domine,
2758 3602 2810 3650 et
2881 3594 3181 3661 considera,
3234 3602 3287 3650 et
3331 3594 3544 3650 attende

1955 3688 2101 3757 quod
2154 3685 2323 3742 facio.
2387 3685 2509 3740 Seio
2556 3685 2795 3754 quidem,
2855 3684 3103 3749 Domine,
3144 3690 3196 3739 et
3224 3684 3395 3739 fateor
3422 3684 3549 3753 quia

1954 3776 2052 3831 tibi
2098 3774 2290 3844 subjici
2346 3774 2489 3829 nolle
2543 3772 2868 3828 damnabilis
2923 3772 3024 3827 fuit
3069 3772 3250 3839 elatio,
3292 3772 3387 3827 sed
3429 3772 3547 3842 jam

1956 3872 2174 3937 propter
2196 3871 2244 3918 te
2275 3878 2453 3918 coram
2510 3860 2730 3917 homine
2775 3861 3034 3931 prosterni
3067 3876 3173 3915 non
3204 3861 3291 3927 sit,
3344 3877 3545 3929 quasso,

1959 3952 2055 4008 tibi
2085 3950 2429 4023 despicabilis
2456 3949 2690 4007 devotio.
2722 3951 2981 4020 Magnum
3021 3956 3100 4004 est
3147 3948 3291 4018 quod
3333 3947 3546 4013 abstuli,

1959 4059 2059 4098 nec
2088 4057 2280 4114 parum
2310 4037 2566 4110 estquod
2619 4036 2813 4091 reddo.
2861 4035 2907 4092 Ο
2965 4052 3127 4106 quam
3176 4036 3357 4093 suavis
3384 4044 3437 4092 et
3460 4036 3552 4106 ju-

1960 4139 2137 4196 cunda
2163 4138 2263 4192 Dei
2293 4135 2458 4190 nostri
2512 4132 2788 4189 miseratio
2842 4139 3013 4187 totum
3070 4132 3272 4186 bonum
3304 4132 3421 4203 ipse
3446 4147 3554 4189 no-

1959 4236 2127 4283 strum
2155 4226 2213 4281 in
2241 4224 2397 4279 nobis
2424 4229 2692 4293 operatur,
2733 4228 2786 4276 et
2833 4221 2978 4277 velut
3023 4229 3176 4292 pater
3229 4221 3472 4275 alludens
3498 4223 3555 4276 in

1961 4323 2086 4380 ﬁliis
2112 4324 2190 4378 sic
2219 4328 2387 4377 totum
2418 4318 2562 4385 facit,
2585 4326 2644 4374 ut
2679 4318 2829 4388 quasi
2871 4318 3006 4373 nihil
3048 4318 3228 4374 facere
3258 4318 3505 4374 videatur
3539 4320 3553 4374 i

262 4410 394 4466 illud
417 4407 644 4463 fideliter
663 4414 715 4460 et
733 4406 926 4459 devote
946 4403 1330 4473 acceperit,per
1358 4400 1489 4454 illud
1511 4399 1577 4454 ad
1598 4406 1852 4453 aeternam
1881 4420 1934 4481 Ι)
1970 4414 2107 4468 Ecce
2163 4416 2412 4482 peccator
2443 4414 2814 4478 compunctus,
2863 4406 3052 4479 gemit‘
3084 4407 3339 4476 suspirat,
3377 4406 3554 4477 ιπη-

263 4499 490 4555 salutem
538 4494 842 4566 pertingere
898 4491 1084 4561 possit.
1145 4492 1278 4543 Item
1327 4495 1473 4543 tanta
1495 4488 1662 4543 virtus
1690 4487 1853 4540 estin

264 4584 571 4655 sumptione
625 4580 867 4651 corporis
927 4587 979 4633 et
1024 4577 1302 4650 sanguinis
1356 4576 1483 4642 mei,
1517 4582 1574 4630 ut
1600 4590 1697 4645 per
1726 4574 1856 4629 illud

270 4682 571 4753 quicunque
610 4676 774 4748 digne
828 4672 1116 4745 sumpserit
1169 4681 1425 4728 aeternam
1479 4671 1643 4727 vitam
1672 4684 1858 4725 conse—

271 4769 361 4841 qui
390 4766 582 4839 possit.
622 4763 797 4820 Simili
823 4762 987 4818 modo
1018 4764 1119 4817 hoc
1147 4761 1347 4817 dictum
1375 4760 1618 4816 mstimo:
1648 4782 1670 4807 α
1703 4757 1858 4827 Quo-

271 4872 391 4913 rum
445 4852 756 4910 remiseritis
808 4858 1047 4923 peccata,
1101 4849 1442 4905 remittuntur
1497 4848 1592 4916 eis,
1637 4854 1689 4902 et
1718 4861 1860 4917 quo-

272 4970 391 5010 rum
446 4949 786 5018 retinueritis,
831 4955 1038 5004 retenta
1086 4953 1259 5023 erunt.
1324 4969 1346 4994 n
1405 4948 1485 5001 Ae
1536 4944 1580 4998 si
1628 4942 1863 5014 apertius

273 5044 537 5100 diceretur
567 5058 581 5095 :
610 5039 836 5094 Tantam
888 5035 1045 5093 vobis
1098 5042 1417 5107 potestatem
1455 5034 1511 5087 in
1551 5031 1784 5104 ligandis
1810 5038 1864 5087 et

274 5138 545 5197 solvendis
573 5134 805 5209 peccatis
852 5133 1050 5200 tribuo,
1108 5140 1167 5187 ut
1196 5130 1434 5203 quisquis
1463 5146 1497 5185 a
1523 5128 1679 5187 vobis
1706 5127 1865 5200 ligari

275 5235 549 5304 meruerit,
581 5231 725 5304 apud
753 5248 841 5286 me
870 5231 1073 5286 solutus
1130 5245 1246 5285 esse
1274 5244 1383 5284 non
1412 5227 1598 5299 possit,
1632 5233 1685 5281 et
1712 5225 1864 5295 quis-

278 5324 398 5396 quis
424 5340 457 5379 a
484 5321 641 5379 vobis
668 5320 804 5376 solvi
861 5317 1133 5387 meruerit,
1179 5318 1296 5388 jam
1352 5315 1495 5387 apud
1554 5331 1645 5369 me
1670 5313 1869 5386 ligatus

280 5438 390 5478 non
418 5421 506 5475 sit.
536 5419 769 5474 Audiant
808 5417 1073 5483 homines,
1123 5422 1177 5470 et
1229 5413 1533 5486 intelligant
1560 5419 1869 5484 peccatores

282 5508 426 5580 quod
455 5506 763 5579 praesidium
794 5505 872 5559 eis
898 5520 931 5559 a
958 5505 1072 5558 Deo
1101 5502 1428 5569 conceditur,
1478 5500 1621 5571 quod
1650 5513 1862 5554 rursum

276 5596 543 5669 judicium
602 5600 949 5667 praeparatur.
998 5591 1257 5647 Fortassis
1310 5591 1485 5646 Deum
1520 5589 1749 5644 necdum
1779 5587 1868 5642 in-

284 5693 568 5769 terpellare
597 5698 950 5767 presumunt.
1014 5691 1229 5749 Habent
1282 5687 1528 5749 homines
1569 5687 1873 5747 sacerdotes

1961 4510 2157 4568 matur,
2216 4496 2499 4555 conﬁtetur
2550 4503 2757 4551 reatum
2806 4512 2981 4563 suum,
3034 4494 3268 4566 postulat
3313 4495 3550 4562 veniam,

1965 4591 2173 4663 ﬂagitat
2226 4584 2670 4653 misericordiam,
2717 4591 2771 4638 et
2816 4585 2919 4639 hoc
2972 4590 3141 4639 totum
3179 4583 3330 4653 quasi
3361 4600 3427 4638 ex
3458 4584 3554 4637 ho-

1966 4677 2112 4734 mine
2140 4691 2256 4731 esse
2284 4673 2536 4730 creditur.
2570 4671 2677 4727 Sed
2706 4671 2843 4741 quis,
2879 4687 3082 4741 quaeso,
3136 4673 3238 4725 hoc
3276 4670 3423 4737 facit,
3456 4669 3557 4724 nisi

1967 4776 2058 4832 ille
2087 4774 2178 4845 qui
2211 4774 2352 4827 intus
2409 4768 2678 4841 presidet,
2728 4775 2782 4823 et
2809 4784 2902 4824 cor
2947 4768 3181 4824 hominis
3218 4766 3286 4821 ad
3336 4768 3439 4821 hoc
3467 4767 3556 4820 fa—

1968 4863 2217 4921 ciendum
2274 4859 2512 4915 movet?
2567 4856 2804 4912 Obsecro
2858 4863 2916 4911 ut
2964 4871 3072 4910 non
3126 4855 3197 4909 sit
3250 4869 3557 4920 onerosum,

1970 4955 2013 5008 si
2068 4952 2233 5009 breve
2292 4946 2452 5017 hujus
2506 4945 2584 5001 rei
2637 4944 2909 5017 quoddam
2985 4943 3295 5015 exemplum
3351 4957 3558 5014 propo-

1971 5057 2127 5098 διωΓο
2157 5059 2170 5097 ἶ

2044 5130 2200 5185 Pater
2229 5124 2448 5197 quidam
2506 5120 2794 5195 quemdam
2837 5126 3210 5176 contumacem
3237 5118 3405 5175 ﬁlium
3436 5136 3560 5176 cum

1974 5234 2175 5292 magno
2205 5216 2385 5271 furore
2414 5211 2642 5281 expulit,
2686 5217 2745 5265 ut
2798 5208 2871 5264 ita
2917 5206 3142 5264 aﬂlictus
3173 5208 3442 5264 humiliari
3472 5208 3562 5263 di-

1975 5315 2162 5363 sceret.
2197 5304 2304 5361 Sed
2330 5302 2425 5357 illo
2480 5300 2536 5354 in
2579 5297 2915 5355 contumacia
2942 5313 3039 5351 sua
3083 5296 3394 5367 persistente
3423 5313 3561 5366 qua-

1977 5406 2102 5461 dam
2141 5403 2368 5458 discreta
2422 5391 2818 5469 dispensatione
2874 5393 3083 5449 consilii
3129 5410 3160 5447 a
3214 5400 3363 5463 patre
3394 5402 3566 5449 mater

1976 5493 2219 5559 mittitur,
2249 5496 2309 5544 ut
2334 5502 2443 5544 non
2472 5484 2625 5556 quasi
2653 5500 2686 5538 a
2711 5491 2861 5553 patre
2916 5482 3098 5547 missa,
3138 5482 3231 5537 sed
3260 5482 3412 5552 quasi
3442 5498 3566 5537 ma-

1978 5590 2129 5638 terna
2146 5596 2244 5651 per
2269 5594 2327 5632 se
2358 5576 2553 5647 pietate
2574 5572 2733 5627 ducta
2786 5570 3009 5626 veniens
3064 5569 3313 5625 muliebri
3351 5570 3565 5625 levitate

1980 5677 2308 5739 obstinatum
2357 5671 2681 5739 demulceat,
2712 5674 3086 5726 contumacem
3114 5667 3183 5724 ad
3212 5664 3565 5723 humilitatem
