3972 6076
523 237 661 293 1187

1609 227 1959 286 WERNERI
2015 228 2303 284 ABBATIS
2343 227 2399 282 S.
2453 225 2707 282 BLASll.

3711 231 3832 285 “83

525 363 722 424 ﬂectat,
757 360 1107 414 vehementer
1132 364 1340 428 patrem
1370 355 1562 409 iratum
1583 355 1810 417 nuntiet,
1843 371 1901 410 se
1932 363 2110 410 tamen
2140 354 2193 414 Α
2225 354 2360 417 hac,
2397 360 2448 408 et
2477 352 2749 408 custodiet
2767 350 3165 409 misericordias
3183 353 3401 408 Domini
3423 352 3455 406 ?
3487 354 3684 422 (Psal.
3711 358 3830 409 cvm

521 451 949 504 interventuram
991 447 1275 517 spondeat,
1318 444 1531 499 veniam
1586 443 1877 514 promittat,
1921 444 2106 499 consi-

520 548 652 601 lium
670 546 857 601 salutis
875 553 1160 618 suggerat,
1177 544 1564 598 intercessores
1586 557 1835 612 quaarere
1859 542 2109 620 suadeat,

522 653 631 691 non
663 635 769 688 nisi
797 634 1010 705 magnis
1053 632 1311 703 precibus
1340 638 1548 702 patrem
1587 629 1796 700 placari
1838 645 2005 699 posse
2030 629 2112 683 di-

520 734 626 790 cat,
661 740 883 780 causam
912 732 1088 777 tamen
1137 721 1218 776 rei
1275 735 1334 774 se
1390 727 1767 789 suscepturum
1797 725 2028 781 asserat,
2061 726 2115 772 et

519 815 588 868 ad
619 815 817 868 bonum
851 812 1018 867 ﬁnem
1069 827 1181 865 rem
1223 823 1438 864 omnem
1489 824 1550 862 se
1578 807 1956 877 perducturum
1987 821 2112 877 pro-

521 912 719 966 mittat.
758 910 968 976 Videte,
1000 923 1214 980 quaeso,
1253 906 1298 961 si
1329 921 1437 960 non
1467 905 1539 958 ita
1574 919 1742 959 causa
1770 911 1954 959 nostra
1985 903 2110 974 agi-

520 1009 627 1053 tur.
696 1001 1020 1054 Peccantem
1082 997 1256 1050 filium
1315 996 1462 1050 Deus
1519 994 1680 1047 Pater
1711 992 1865 1062 quasi
1903 991 2112 1062 expulit

521 1091 688 1143 iratus
717 1107 730 1150 ς
765 1088 849 1143 cui
881 1096 1059 1141 tamen
1091 1085 1145 1138 in
1172 1083 1451 1154 proposito
1482 1082 1640 1136 bona:
1677 1079 1967 1135 voluntatis
1997 1096 2110 1135 suae

519 1186 768 1240 fortassis
817 1200 1094 1254 nunquam
1138 1182 1305 1236 iratus
1345 1180 1469 1234 fuit.
1527 1178 1636 1233 Sed
1668 1178 1794 1248 quia
1821 1177 2108 1232 infirmitas

516 1276 751 1328 humana
782 1289 880 1342 per
908 1288 966 1326 se
998 1272 1066 1325 de
1096 1270 1250 1340 lapsu
1312 1283 1538 1338 surgere
1587 1281 1695 1320 non
1726 1266 1886 1333 valet,
1920 1266 1984 1319 ad
2016 1282 2110 1322 cor

497 1362 827 1433 peccatoris
851 1361 986 1414 mira
1017 1359 1196 1431 gratia
1243 1356 1492 1422 mittitur,
1541 1355 1801 1410 sacerdos
1831 1354 2107 1412 interces-

516 1477 612 1514 sor
641 1459 920 1528 quaeritur,
953 1465 1012 1512 ut
1069 1457 1219 1511 Deus
1273 1454 1361 1510 cui
1404 1454 1575 1508 iratus
1606 1467 1712 1508 non
1743 1452 1922 1506 fuerat
1951 1467 2108 1507 com-

515 1548 787 1618 placetur.
839 1545 983 1614 Quid
1019 1545 1199 1603 dicam
1239 1543 1267 1600 ?
1317 1541 1452 1611 Quis
1491 1541 1710 1613 sapiens
1749 1549 1802 1597 et
1838 1540 2109 1613 intelliget

2216 441 2472 512 Nunquid
2540 441 2685 495 enim
2744 441 3017 512 superﬂuo
3081 443 3206 497 ideo
3275 442 3480 496 factum
3541 453 3637 497 est
3697 445 3831 512 quod

2222 540 2423 594 factum
2454 547 2552 604 est,
2587 538 2710 608 quia
2741 539 2887 594 Deus
2941 540 3011 594 ab
3040 539 3176 594 irato
3224 539 3278 593 in
3329 541 3640 612 prapitium
3675 549 3834 595 muts-

2221 635 2310 681 tus
2343 643 2450 682 non
2492 635 2596 692 est,
2633 627 2722 696 qui
2751 627 2865 682 suis
2912 643 3195 698 nunquam
3227 628 3504 699 propitius
3544 645 3668 683 non
3701 631 3832 684 θειῖ

2220 714 2417 770 Absit!
2463 715 2570 770 Sed
2613 731 2844 772 necesse
2883 724 2964 771 est
3002 715 3082 772 sic
3120 714 3256 783 ﬁeri,
3299 717 3423 788 quia
3457 717 3634 772 aliter
3663 727 3832 773 reatus

2220 812 2400 868 meriti
2432 811 2660 868 sceleris
2690 829 2798 869 non
2831 821 3009 883 potest
3030 813 3264 884 expiari.
3288 814 3547 870 Necesse
3581 824 3670 870 est
3702 832 3829 886 ergo

2219 902 2299 956 sic
2327 901 2467 966 ﬁeri,
2503 901 2623 972 quia
2657 903 2802 956 Deus
2830 903 2934 958 hoc
2993 903 3154 958 etiam
3179 903 3322 974 quod
3352 903 3487 958 dare
3518 903 3822 970 desiderat,

2219 1006 2250 1044 a
2281 1007 2338 1045 se
2365 989 2612 1062 praecipit
2657 990 2948 1061 postulari.
3005 992 3249 1047 Necesse
3280 999 3363 1046 est
3391 1008 3532 1065 ergo
3579 993 3668 1048 sic
3695 993 3823 1059 ﬁeri,

2219 1088 2345 1158 quia
2396 1087 2502 1144 etsi
2557 1087 2610 1141 in
2654 1088 2769 1143 Deo
2829 1088 3124 1143 secundum
3185 1089 3528 1159 propositum
3563 1106 3710 1162 erga
3739 1107 3828 1144 nos

2219 1177 2296 1229 rei
2330 1191 2435 1230 non
2470 1175 2669 1242 fuerat,
2721 1177 2773 1230 in
2824 1177 2982 1232 nobis
3029 1186 3206 1230 tamen
3254 1178 3562 1232 secundum
3623 1189 3825 1233 reatum

2217 1265 2298 1318 ira
2324 1265 2603 1319 manebat.
2643 1263 2774 1334 Qua-
2797 1280 2926 1320 cum
2949 1265 3132 1319 debita
3165 1266 3550 1321 satisfactione
3574 1267 3824 1330 solvitur,

2219 1371 2273 1416 ut
2303 1363 2378 1416 ita
2408 1363 2608 1427 dicam,
2639 1378 2748 1418 non
2807 1363 2954 1418 Deus
2997 1363 3222 1432 homini,
3258 1363 3356 1418 sed
3388 1365 3510 1420 Deo
3543 1365 3722 1420 homo
3749 1381 3830 1419 re-

2217 1449 2557 1506 conciliatur.

2119 1685 2192 1705 φ-

1502 1837 2122 1942 DOMINICA
2195 1836 2843 1942 VIGESIMA.

1726 2081 2112 2149 Secundum
2141 2081 2568 2146 Matthzeum.

592 2302 613 2328 α
647 2275 994 2348 Loquebatur
1023 2275 1184 2328 Jesus
1200 2289 1323 2328 cum
1344 2269 1627 2342 discipulis
1655 2269 1770 2325 suis
1789 2269 1842 2324 in
1860 2271 2094 2340 parabo-
2125 2275 2178 2336 Β
2212 2267 2355 2325 tione
2376 2269 2458 2324 lac
2487 2276 2540 2324 et
2568 2267 2677 2322 mel
2707 2277 3120 2338 processerunt.
3171 2269 3299 2335 Lac,
3330 2269 3384 2324 id
3417 2278 3506 2325 est
3537 2287 3692 2342 opus
3720 2273 3822 2326 mi-

510 2368 598 2433 lis,
619 2367 805 2420 dicens
830 2378 842 2417 :
863 2361 1051 2417 Simile
1072 2362 1266 2416 factum
1291 2368 1373 2416 est
1392 2376 1619 2431 regnum
1638 2359 1901 2415 caelorum
1919 2359 2098 2414 homi-

509 2457 565 2510 ni
581 2453 720 2525 regi,
744 2451 834 2523 qui
855 2449 979 2506 fecit
999 2451 1216 2520 nuptias
1237 2447 1348 2503 ﬁlio
1369 2463 1495 2513 suo,
1523 2470 1544 2496 ιι
1571 2456 1677 2504 etc.
1698 2446 1915 2517 (Matth.
1937 2456 2098 2522 xxii.)

505 2544 565 2598 In
585 2540 857 2613 parabolis
876 2538 1100 2594 audiunt
1119 2537 1265 2610 quod
1285 2544 1474 2607 aperte
1493 2552 1600 2591 non
1623 2536 1976 2592 merebantur
1995 2553 2096 2592 au-

511 2640 644 2696 dire.
677 2639 871 2694 Sciens
902 2636 1165 2692 Dominus
1196 2635 1526 2692 voluntatem
1548 2633 1884 2690 saevientium
1907 2642 2098 2689 contra

506 2746 586 2796 se,
615 2725 967 2783 nihilominus
997 2733 1174 2779 tamen
1217 2724 1460 2794 increpat
1488 2723 1630 2779 illos.
1673 2723 1785 2778 Rex
1816 2723 1916 2777 iste
1947 2723 2096 2777 Deus

507 2820 666 2872 Pater
717 2824 826 2870 est.
892 2813 998 2883 Qui
1054 2813 1185 2869 fecit
1233 2812 1449 2884 nuptias
1497 2811 1610 2867 filio
1641 2827 1760 2878 suo,
1793 2811 2010 2882 quando
2041 2812 2095 2864 in

503 2923 659 2971 utero
690 2911 932 2984 Virginis
954 2927 1077 2967 eum
1107 2911 1357 2966 humanm
1396 2917 1602 2965 natura:
1633 2909 1928 2978 conjunxit.
1962 2908 2096 2977 Quae

503 3001 815 3072 conjunctio
847 3017 913 3056 ex
943 3000 1158 3055 duabus
1187 2999 1395 3055 exstitit
1439 2997 1666 3066 naturis,
1721 3013 1829 3053 non
1858 3013 1922 3052 ex
1952 2997 2093 3052 dua-

498 3094 600 3148 bus
656 3090 925 3162 personis.
981 3088 1246 3159 Apertius
1309 3087 1415 3142 dici
1459 3095 1681 3158 potest:
1722 3087 1939 3156 Nuptiae
1969 3094 2093 3140 sunt

499 3181 736 3238 societas
769 3179 966 3234 Christi
997 3187 1049 3232 et
1081 3176 1359 3243 Ecclesia,
1381 3185 1484 3231 tam
1509 3193 1574 3231 ex
1607 3175 1809 3232 Iudaeis
1839 3189 2005 3246 quam
2026 3191 2093 3228 ex

498 3279 752 3351 gentibus
783 3282 1168 3349 congregatae.
1222 3273 1402 3344 Hujus
1441 3274 1638 3344 Sponsi
1682 3272 1955 3327 thalamus
1994 3271 2093 3326 fuit

494 3378 680 3423 uterus
715 3365 980 3436 Virginis.
1013 3364 1382 3434 Congregatio
1407 3363 1678 3430 justorum
1709 3377 1942 3432 regnum
1971 3376 2088 3416 cm-

493 3457 669 3510 lorum
701 3455 920 3520 dicitur,
953 3452 1079 3524 quia
1117 3453 1171 3505 in
1201 3466 1263 3506 ea
1294 3451 1548 3506 caelestes
1579 3451 1810 3507 virtutes
1841 3458 2086 3521 regnant.

496 3554 628 3619 Qum
658 3553 712 3604 in
748 3554 850 3605 hoc
880 3550 1072 3604 similis
1101 3556 1184 3604 est
1206 3550 1319 3603 Deo
1343 3549 1508 3614 Patri,
1532 3550 1657 3620 quia
1684 3549 1822 3604 sicut
1843 3548 1934 3603 ille
1953 3548 2087 3603 Filio

2209 2357 2538 2422 raculorum,
2570 2373 2669 2428 per
2697 2357 2841 2428 quod
2875 2356 3043 2412 rudes
3073 2358 3230 2428 quasi
3286 2359 3441 2428 pueri
3494 2370 3820 2415 sustentan-

2208 2455 2322 2510 tur;
2344 2446 2470 2515 mel,
2495 2446 2550 2499 id
2566 2454 2646 2500 est
2666 2445 2942 2517 eloquium
2978 2445 3261 2511 doctrinae,
3302 2455 3361 2501 ut
3395 2448 3470 2501 ait
3495 2449 3814 2520 PrOpheta:

2213 2569 2234 2591 ι
2271 2544 2449 2612 Quam
2477 2543 2657 2599 dulcia
2687 2543 2944 2600 faucibus
2973 2544 3108 2600 meis
3138 2544 3355 2616 eloquia
3386 2555 3479 2601 tua
3506 2563 3688 2618 super
3716 2548 3820 2603 mel

2207 2641 2257 2687 et
2289 2632 2468 2688 favum
2499 2633 2580 2688 ori
2611 2649 2734 2688 meo
2763 2635 2938 2704 (Psal.
2972 2635 3182 2702 cxvui).
3207 2658 3228 2681 -
3254 2635 3398 2690 Bene
3429 2651 3576 2706 ergo
3609 2637 3815 2692 dictum

2206 2721 2304 2776 fuit
2331 2722 2569 2776 Abrahae
2600 2740 2611 2776 :
2645 2744 2667 2770 α
2705 2722 2809 2776 Exi
2841 2723 2909 2776 de
2938 2729 3085 2777 terra
3136 2731 3255 2789 tua,
3290 2732 3342 2777 et
3373 2724 3441 2778 de
3475 2726 3814 2795 cognatione

2205 2826 2313 2885 tua,
2353 2843 2375 2868 ιι
2407 2819 2463 2873 id
2494 2827 2575 2875 est
2607 2819 2675 2874 de
2703 2819 3006 2883 Judaismo,
3057 2828 3110 2875 et
3139 2821 3208 2875 de
3245 2821 3682 2878 circumcisione
3732 2824 3816 2878 in-

2203 2908 2389 2978 tellige
2420 2909 2736 2963 exeundum
2777 2924 2900 2963 esse
2932 2909 3023 2980 qui
3054 2909 3248 2962 salvari
3299 2909 3437 2964 vult.
3479 2912 3604 2966 Nec
3638 2912 3814 2968 solum

2203 2996 2393 3063 Judaei,
2443 2997 2542 3052 sed
2600 3005 2653 3051 et
2709 2996 2890 3051 nullus
2948 2997 3110 3052 homo
3140 3007 3318 3068 potest
3354 2999 3704 3056 manducare
3733 3001 3814 3056 lac

2202 3104 2250 3150 et
2285 3096 2390 3150 mel
2422 3096 2539 3160 Dei,
2573 3095 2674 3149 nisi
2707 3103 2912 3150 terram
2944 3105 2993 3151 et
3027 3101 3405 3167 cognationem
3435 3113 3593 3151 suam
3634 3099 3811 3154 relin-

2201 3192 2349 3255 quat,
2383 3192 2441 3238 ut
2468 3192 2550 3238 est
2579 3183 2714 3238 illud
2745 3201 2756 3239 :
2794 3206 2816 3232 «
2847 3185 2964 3238 Nisi
3013 3188 3134 3254 quis
3165 3185 3452 3254 reliquerit
3504 3197 3736 3257 patrem
3762 3200 3812 3243 et

2199 3282 2455 3340 matrem,
2479 3281 2607 3342 etc.,
2630 3289 2738 3328 non
2761 3281 2944 3342 potest
2973 3289 3094 3329 esse
3119 3291 3275 3328 meus
3297 3274 3610 3344 discipulus
3637 3279 3798 3347 (Luc.

2199 3377 2340 3426 xlvi.
2385 3394 2406 3417 η
2451 3371 2584 3426 Item
2623 3385 2635 3424 :
2674 3394 2695 3417 ε
2740 3370 2842 3439 Qui
2873 3370 2990 3426 vult
3022 3387 3174 3426 meus
3196 3388 3321 3426 esse
3351 3372 3696 3442 discipulus,
3726 3375 3810 3426 ab-

2197 3468 2364 3529 neget
2385 3459 2743 3530 semetipsum
2765 3461 2928 3524 (Lur.
2959 3464 3054 3528 Ix).
3085 3484 3106 3509 η
3133 3461 3567 3532 Relinquitergo
3588 3477 3804 3534 cogna-

2200 3548 2405 3603 tionem
2436 3564 2609 3611 suam,
2645 3550 2734 3619 qui
2763 3565 2870 3604 non
2899 3550 3197 3604 contemnit
3227 3566 3370 3613 eam,
3414 3551 3514 3604 sed
3555 3553 3654 3622 qui
3687 3552 3805 3621 plus

495 3656 594 3694 suo
623 3637 901 3705 conjunxit
933 3636 1252 3701 Ecclesiam,
1301 3636 1375 3691 ita
1423 3638 1514 3692 illa
1565 3636 1916 3708 congregatio
1947 3634 2086 3690 ﬁlios
2117 3636 2165 3700 C
2197 3645 2373 3714 diligit
2403 3647 2575 3700 Deum
2609 3662 2767 3716 quam
2794 3656 3082 3716 parentes;
3115 3646 3371 3717 relinquit
3392 3655 3606 3702 terram
3627 3664 3802 3715 suam,

493 3745 621 3782 suos
648 3743 790 3798 quos
825 3727 937 3779 Deo
967 3732 1198 3796 generat
1246 3740 1346 3794 per
1389 3725 1612 3778 verbum
1655 3723 2080 3793 praedicationis,

490 3844 588 3898 per
619 3824 742 3880 fidei
776 3830 1112 3877 sacramenta
1142 3821 1429 3889 conjunxit
1458 3820 1717 3876 Ecclesiae
1746 3819 2008 3875 ﬁdelium.

566 3948 586 3971 α
635 3923 704 3977 Et
748 3919 966 3976 vocavit
1016 3919 1224 3988 plures,
1257 3927 1307 3972 et
1339 3919 1476 3972 hora
1505 3934 1673 3973 coenae
1701 3917 1848 3972 misit
1892 3934 2082 3974 servos

487 4030 616 4070 suos
663 4026 857 4068 vocare
903 4008 1161 4064 invitatos
1205 4006 1276 4061 ad
1330 4007 1568 4077 nuptias,
1609 4013 1662 4061 et
1691 4005 1948 4061 nolebant
1977 4021 2078 4061 ve-

489 4105 624 4158 nire.
653 4125 674 4150 »
701 4103 877 4156 Lucas
897 4096 1162 4152 describit
1182 4097 1283 4150 sub
1327 4095 1689 4166 appellatione
1711 4111 1882 4150 comae
1905 4097 2066 4163 (Luc.

482 4202 602 4270 xiv)
635 4198 779 4270 quod
803 4194 1084 4251 Mattheeus
1103 4192 1545 4264 dicitprandium
1589 4208 1731 4258 esse,
1768 4208 1890 4247 cum
1929 4193 2074 4262 apud

483 4290 734 4358 antiquos
757 4283 1000 4355 quotidie
1033 4283 1098 4335 ad
1129 4282 1314 4337 horam
1346 4297 1544 4336 nonam
1578 4281 1869 4352 prandium
1899 4280 2069 4344 fieret,

486 4378 629 4448 quod
654 4390 808 4432 coena
841 4370 1152 4428 vocabatur.
1187 4370 1485 4425 Prandium
1513 4385 1607 4424 seu
1637 4385 1792 4425 caena
1823 4369 2072 4424 doctrina

481 4485 562 4531 est
587 4472 813 4544 justitim
846 4479 897 4522 et
928 4467 1098 4524 verba
1135 4466 1334 4521 divina.
1384 4468 1575 4521 Manna
1605 4466 1837 4538 ﬁguram
1861 4467 2070 4522 habens

478 4563 633 4618 νωιδί
663 4561 713 4614 in
746 4561 963 4613 diserto
994 4556 1115 4610 ideo
1146 4556 1434 4610 dicebatur
1460 4571 1659 4609 manna
1688 4555 1889 4622 (Exod.
1933 4558 2064 4622 xvt),

483 4653 626 4726 quod
683 4645 950 4704 llehz-aice
987 4643 1184 4699 dicitur
1221 4645 1352 4715 quid
1406 4649 1489 4700 est
1544 4645 1664 4709 hoc,
1724 4652 1779 4698 ut
1827 4644 2067 4716 quoties-

473 4766 688 4824 cunque
743 4746 992 4801 audimus
1059 4743 1294 4799 verbum
1363 4742 1652 4797 admoneat
1718 4757 1820 4797 nos
1887 4742 2063 4812 ipsum

473 4857 674 4897 nomen
712 4835 998 4904 requirere
1031 4849 1044 4886 :
1079 4831 1220 4900 Quid
1251 4840 1338 4886 est
1367 4831 1473 4887 hoc
1502 4831 1645 4902 quod
1681 4830 1976 4885 audimus?
2001 4832 2063 4885 Et

469 4935 608 4987 sicut
645 4929 828 4985 cibum
891 4939 1013 4979 cum
1080 4919 1565 4984 masticaverimus,
1623 4919 1946 4973 dimittimus
2003 4920 2057 4973 in

2195 3735 2285 3804 qui
2318 3735 2496 3789 carnis
2525 3751 2638 3788 sum
2692 3749 2802 3790 non
2859 3735 3103 3804 sequitur
3146 3736 3510 3804 voluptatem.
3549 3737 3631 3790 Ex
3665 3747 3800 3791 tem-

2191 3838 2322 3893 p0re
2345 3823 2518 3893 Moysi
2548 3822 2711 3890 coepit
2741 3823 3050 3878 convivium
3081 3823 3222 3876 istud
3247 3825 3551 3894 praeparari
3582 3827 3798 3896 quando

2189 3919 2282 3975 lex
2316 3921 2442 3975 data
2471 3928 2572 3974 est.
2605 3920 2759 3988 Quod
2785 3920 3094 3975 convivium
3125 3921 3193 3974 ita
3222 3920 3458 3975 diversis
3500 3924 3795 3992 speciebus

2183 4008 2407 4077 justitia:
2438 4009 2756 4064 decoratum
2789 4017 2890 4075 est,
2912 4009 3051 4065 sicut
3079 4009 3265 4080 regale
3297 4010 3599 4080 prandium
3631 4013 3798 4067 diver-

2187 4106 2266 4159 sis
2298 4105 2434 4160 cibis
2465 4114 2719 4161 ornatur.
2759 4106 2833 4160 Ex
2866 4105 3062 4162 eodem
3089 4113 3331 4177 tempore
3363 4107 3621 4162 exierunt
3655 4109 3791 4163 inri-

2188 4202 2409 4261 tatores,
2444 4194 2498 4249 id
2528 4199 2612 4250 est
2644 4195 2947 4266 prophetae.

2259 4317 2280 4339 α
2318 4293 2517 4347 Iterum
2575 4291 2720 4346 misit
2747 4291 2886 4348 alios
2925 4308 3135 4359 servos,
3166 4293 3356 4349 dicens
3388 4309 3399 4348 ε
3435 4293 3617 4350 Dicite
3651 4295 3791 4350 invi-

2182 4382 2308 4435 tatis
2342 4400 2354 4436 :
2392 4382 2536 4436 Ecce
2565 4381 2857 4451 prandium
2916 4397 3096 4436 meum
3156 4383 3367 4453 paravi,
3415 4384 3565 4438 tauri
3599 4385 3712 4439 mei
3743 4395 3788 4438 et

2182 4469 2348 4524 altilia
2379 4469 2581 4532 occisa.
2611 4481 2666 4522 et
2696 4470 2875 4524 omnia
2917 4479 3128 4540 parata.
3166 4471 3352 4525 Venite
3385 4473 3454 4524 ad
3484 4473 3737 4543 nuptias.
3765 4502 3781 4518 υ

2181 4567 2333 4622 Servi
2364 4567 2524 4638 primi
2556 4567 2777 4622 fuerunt
2806 4569 3088 4639 praphetze
3128 4569 3414 4639 praenuntii
3446 4569 3787 4625 incarnatio-

2181 4655 2264 4710 nis
2290 4676 2303 4723 ;
2338 4655 2566 4710 secundi
2595 4665 2717 4710 sunt
2748 4655 3001 4726 apostoli,
3027 4657 3117 4728 qui
3146 4656 3291 4712 facta
3320 4666 3600 4711 asserunt.
3629 4659 3788 4714 Unde

2176 4744 2264 4800 hic
2323 4745 2521 4800 dicitur
2575 4745 2864 4816 prandium
2918 4753 3188 4816 paratum,
3245 4746 3300 4800 id
3342 4755 3425 4800 est
3455 4750 3784 4816 mysterium

2174 4841 2566 4896 incarnationis
2593 4841 2941 4912 completum,
2977 4850 3028 4896 et
3060 4843 3314 4897 introitus
3358 4844 3523 4913 regni
3560 4855 3784 4914 apertus

2171 4929 2416 5000 quiante
2449 4929 2622 4984 fuerat
2677 4931 2916 4985 clausus.
2981 4931 3143 4984 Tauri
3199 4939 3250 4986 et
3280 4931 3536 5003 saginata
3593 4935 3784 4990 occisa

470 5019 833 5077 stomachum,
891 5011 967 5065 ila
996 5018 1048 5063 et
1104 5009 1331 5064 verbum
1389 5008 1525 5062 bene
1583 5015 1870 5061 "aelale
1901 5023 2057 5062 com—
2085 4993 2138 5053 D
2170 4993 2547 5089 intelliguntur
2568 5019 2738 5073 sancti
2770 5019 2956 5074 occisi.
2991 5018 3198 5074 Omnes
3219 4993 3507 5090 prophetae
3539 5029 3594 5075 et
3625 5022 3784 5076 Chri-

469 5107 834 5164 mandandum
867 5107 950 5155 est
978 5097 1252 5152 memoriat
1283 5095 1435 5166 quasi
1465 5096 1766 5152 stomacho.
1808 5096 2057 5151 lnvitatio

466 5205 562 5257 fuit
596 5202 809 5272 quando
840 5194 1102 5251 Dominus
1145 5193 1278 5247 dixit
1325 5192 1390 5244 ad
1421 5192 1744 5247 Abraham:
1784 5215 1805 5242 «ι
1857 5192 1956 5246 Exi
1986 5194 2054 5249 de

465 5301 499 5345 ι‹
541 5305 613 5340 ἰΤι
644 5298 726 5340 lui;
809 5333 814 5336 .
867 5286 934 5340 de
968 5281 1293 5353 cOgnatione
1351 5287 1458 5344 tua,
1507 5287 1559 5335 et
1607 5280 1724 5334 veni
1767 5280 1821 5334 in
1854 5289 2053 5336 terram

2169 5124 2284 5170 stus
2309 5117 2431 5170 ideo
2462 5116 2629 5171 occisi
2661 5124 2802 5181 sunt,
2862 5125 2919 5170 ut
2976 5117 3079 5172 hoc
3115 5116 3399 5188 spirituale
3431 5117 3780 5176 tabernacu-

2168 5204 2275 5259 lum
2311 5204 2538 5259 iirmiter
2568 5203 2851 5275 ﬁgeretur.
2916 5206 3056 5260 Nam
3115 5207 3256 5261 sicut
3287 5207 3497 5262 viscera
3531 5208 3690 5280 agni.
3725 5207 3776 5261 id

2165 5310 2247 5358 est
2277 5301 2491 5373 eloquia
2537 5303 2740 5356 Christi
2797 5303 3048 5358 homines
3108 5319 3216 5358 non
3274 5309 3773 5368 manducaverunt,

464 5398 497 5451 (ί
559 5421 562 5424 .
599 5415 617 5424 ,.
656 5393 776 5427 nm;
818 5389 1028 5428 :ravero
1057 5370 1174 5435 tibi,
1208 5378 1260 5424 et
1289 5369 1432 5424 dabo
1462 5369 1558 5423 tibi
1590 5368 1738 5422 illam
1772 5375 1828 5423 et
1857 5370 2051 5425 semini

460 5486 512 5531 tt.
546 5509 550 5516 -
585 5474 746 5538 (Cm.
820 5473 923 5539 tu).
966 5493 986 5516 η
1023 5470 1198 5538 Quam
1216 5477 1418 5521 terram
1440 5467 1468 5518 ‘?
1503 5465 2049 5532 Orientalem,ﬂuen-

455 5575 524 5621 te.
561 5591 567 5614 ι
609 5563 685 5614 lac
721 5571 764 5609 ut
819 5557 922 5613 uel.
973 5556 1129 5623 Quod
1188 5572 1373 5610 verum
1407 5571 1515 5610 non
1545 5563 1628 5609 est
1674 5554 1741 5608 de
1775 5564 1916 5609 terra
1945 5558 2046 5610 Ju-

454 5667 608 5719 dim}.
640 5659 934 5723 Nuupiam
963 5652 1107 5706 enim
1137 5651 1226 5706 illa
1262 5651 1414 5704 ﬂuxit
1446 5650 1531 5706 lac
1560 5659 1614 5706 et
1643 5651 1775 5705 mel.
1816 5651 1926 5707 Sed
1957 5661 2044 5707 est

457 5746 742 5812 rationalis
774 5758 879 5814 qua
901 5739 1148 5797 Christus
1177 5738 1436 5808 suscepit,
1485 5739 1554 5794 de
1594 5739 1756 5809 cujus
1785 5739 2044 5797 incarna-

2163 5391 2268 5445 nisi
2331 5399 2618 5462 postquam
2665 5391 2878 5446 occisus
2940 5401 3037 5457 est,
3098 5392 3193 5447 sed
3227 5400 3347 5463 post
3379 5402 3616 5449 mortem
3657 5397 3774 5462 ejus

2161 5477 2455 5550 Evangelia
2487 5479 2934 5548 ptzedicaverunt,
2971 5479 3050 5535 sic
3087 5488 3139 5534 et
3181 5480 3414 5546 viscera,
3451 5481 3508 5536 id
3541 5492 3628 5538 est
3663 5486 3772 5537 elo-

2160 5567 2284 5636 quia
2317 5567 2702 5637 prOphetarum
2735 5583 2844 5623 non
2867 5576 2992 5622 sunt
3023 5578 3296 5638 suscepta,
3329 5569 3436 5624 nisi
3467 5583 3766 5642 p05tquam

2155 5655 2325 5710 occisi
2349 5663 2501 5710 sunt.
2542 5656 2597 5709 Si
2632 5656 2775 5710 enim
2835 5657 3206 5728 suscepissent
3249 5673 3552 5714 sermones
3585 5661 3767 5722 Ιιιιὶε,

2154 5758 2431 5815 nunquam
2451 5753 2767 5803 serrassent
2797 5760 2945 5814 cum,
2969 5746 3066 5802 sed
3081 5755 3377 5818 postquam
3405 5748 3632 5807 occisus
3663 5761 3767 5817 est,
