4008 6092
285 254 424 306 1189

1342 245 1932 305 DEFLORATIONES
1988 247 2086 305 SS.
2127 246 2437 306 PATRUM.
2478 279 2547 290 --
2584 249 2710 306 LIB.
2753 249 2823 307 ΙΙ.

3437 256 3572 308 H90

282 373 456 430 Judaei
494 382 773 447 coeperunt
825 390 948 430 eum
1004 372 1216 446 lugere.
1280 372 1429 430 Sicut
1482 372 1627 428 enim
1681 371 1880 428 nullius
1905 372 1963 433 Α
1991 371 2311 428 exercitibus
2337 371 2447 427 suis
2472 373 2706 445 perdidit
2756 373 3053 432 homicidas
3105 374 3226 430 illos
3280 382 3333 430 et
3386 375 3579 433 civita-

282 464 516 521 viventis
552 464 800 519 animalis
849 463 1055 519 viscera
1106 461 1515 532 manducantur,
1555 461 1629 517 ita
1682 460 1878 519 viven-

285 553 421 608 tium
451 554 834 625 prophetarum
860 567 1136 611 sermones
1190 566 1352 610 nemo
1399 550 1651 622 suscepit.
1712 549 1878 622 Sagi-

281 658 411 706 nata
446 657 571 707 sunt
595 650 769 721 gratia
795 649 894 709 Dei
924 649 1109 723 plena.
1171 649 1285 707 Nec
1337 648 1460 707 ideo
1511 647 1648 705 dixit
1700 654 1880 702 tauros

283 745 341 793 et
366 738 611 813 saginata
675 738 805 809 quin
853 737 990 794 tauri
1048 738 1264 795 fuerunt
1314 736 1567 810 saginati,
1619 734 1716 792 sed
1767 750 1879 792 non

280 842 472 883 omnes
500 826 731 900 saginati
759 825 975 885 fuerunt
1002 827 1156 885 tauri.
1190 825 1422 896 Quidam
1469 825 1615 882 enim
1671 830 1877 881 tantum

275 924 558 995 propheta!
586 922 818 993 fuerunt,
850 923 1069 993 quidam
1099 931 1279 981 autem
1310 924 1586 996 pr0phetee
1614 930 1668 979 et
1691 938 1876 979 sacer-

278 1010 453 1077 dotes,
473 1012 609 1068 sicut
634 1012 895 1069 Jeremias
913 1020 966 1069 et
1024 1012 1290 1069 Ezechiel.
1330 1012 1467 1086 Ergo
1496 1011 1742 1085 saginata
1785 1009 1876 1067 di-

282 1100 355 1155 cit
409 1103 697 1171 prophetas
756 1102 1148 1171 tantummodo,
1210 1100 1337 1171 quia
1396 1100 1586 1171 repleti
1661 1099 1879 1155 fuerunt

282 1197 489 1268 Spiritu
514 1206 698 1255 sancto
730 1213 744 1267 ;
779 1206 957 1255 tauros
983 1207 1162 1255 autem
1192 1198 1283 1270 qui
1323 1206 1378 1255 et
1424 1199 1705 1268 prophetae
1754 1197 1874 1255 fue-

276 1292 402 1339 runt
429 1292 483 1339 et
504 1286 826 1342 sacerdotes.
861 1286 1008 1343 Sicut
1038 1288 1181 1344 enim
1215 1286 1349 1342 tauri
1380 1287 1543 1342 duces
1578 1293 1699 1340 sunt
1742 1300 1876 1359 gre-

283 1373 389 1445 gis,
416 1374 489 1428 ita
511 1381 562 1428 et
582 1375 887 1430 sacerdotes
906 1376 1177 1448 principes
1219 1375 1424 1447 p0puli.
1474 1374 1640 1429 Aliter
1671 1393 1682 1427 :
1716 1372 1877 1428 Tauri

275 1477 399 1526 sunt
426 1471 608 1526 Patres
636 1472 841 1527 Veteris
897 1472 1243 1537 Testamenti,
1303 1471 1393 1542 qui
1451 1470 1698 1526 inimicos
1752 1485 1878 1525 suos

276 1574 349 1615 ex
378 1560 733 1629 permissione
761 1560 897 1634 legis
927 1561 1076 1632 quasi
1108 1560 1361 1617 cornibus
1390 1559 1584 1617 virium
1613 1573 1876 1630 repercu-

275 1648 506 1704 tiebant.
544 1649 723 1709 Altilia
748 1665 878 1705 vero
907 1647 1213 1723 signiﬁcant
1260 1649 1447 1705 Patres
1486 1647 1625 1705 Novi
1682 1647 1875 1703 Testa-

1987 468 2094 517 tem
2123 462 2337 517 illorum
2366 462 2659 519 succendit.
2696 485 2718 511 ν
2762 464 2944 536 Magni
2996 462 3236 519 criminis
3288 473 3581 536 arguuntur

1987 550 2078 621 qui
2105 566 2290 608 servos
2316 550 2461 624 regis
2488 550 2815 608 occiderunt.
2850 551 3077 622 Quando
3105 552 3253 608 venit
3292 552 3363 607 ad
3415 553 3582 610 ultio-

1982 661 2107 702 nem
2136 648 2300 703 homo
2330 646 2533 717 siletur,
2566 655 2617 705 et
2644 664 2741 705 rex
2771 656 2973 707 tantum
3030 648 3247 707 dicitur.
3316 650 3578 707 Exerciti-

1983 733 2104 806 bus,
2134 735 2189 793 id
2218 735 2474 793 estmalis
2502 736 2711 810 angelis
2764 754 2858 794 seu
2913 737 3170 797 Romanis
3222 738 3323 795 sub
3378 740 3581 812 Vespa-

1982 824 2135 878 siano
2164 832 2216 880 et
2244 824 2360 881 Tito
2415 824 2630 882 Judaeos
2688 826 2976 896 interemit,
3008 832 3063 883 et
3093 827 3577 898 praevaricatricem

1983 920 2257 977 succendit
2273 920 2565 981 civitatem.
2622 923 2719 981 Vel
2774 923 2846 981 ita
2897 941 2908 977 :
2973 924 3330 997 Exercitibus,
3388 924 3445 979 id
3500 932 3580 985 est

1983 1009 2185 1067 sanctis
2211 1010 2420 1084 angelis
2449 1028 2546 1082 per
2573 1028 2707 1085 quos
2727 1011 2991 1083 judicium
3049 1012 3337 1082 exercebit,
3389 1030 3578 1085 perse-

1985 1106 2210 1170 quentes
2237 1099 2442 1171 perdet,
2476 1107 2529 1154 et
2555 1101 2845 1170 civitatem,
2877 1099 2933 1155 id
2962 1108 3041 1155 est
3096 1117 3311 1156 carnem
3370 1100 3424 1155 in
3472 1118 3578 1173 qua

1983 1186 2353 1243 habitaverant
2383 1203 2503 1243 cum
2533 1188 2714 1243 anima
2743 1190 2797 1242 in
2827 1191 3075 1263 gehenna
3100 1190 3377 1246 cremabit.

2060 1326 2082 1354 α
2116 1304 2264 1361 Tunc
2280 1303 2534 1361 aitservis
2552 1304 2661 1361 suis
2684 1304 2923 1376 :Nuptia‘e
2944 1306 3161 1377 quidem
3175 1316 3374 1378 parata
3406 1316 3531 1365 sunt
3557 1324 3571 1379 ;

1982 1391 2077 1449 sed
2099 1392 2189 1463 qui
2209 1392 2415 1449 invitati
2432 1401 2584 1449 erant
2603 1409 2710 1449 non
2751 1393 2962 1451 fuerunt
3000 1394 3170 1467 digni.
3222 1398 3299 1451 Ite
3346 1412 3474 1471 ergo
3504 1398 3574 1452 ad

1984 1481 2157 1539 exitus
2185 1481 2414 1549 viarum,
2447 1490 2499 1539 et
2540 1498 2886 1553 quoscunque
2923 1482 3233 1541 inveneritis
3277 1493 3463 1542 vocate
3507 1486 3575 1543 ad

1982 1581 2214 1652 nuptias.
2250 1602 2274 1629 ιο
2310 1580 2368 1635 Si
2395 1579 2451 1634 in
2481 1579 2757 1651 Scriptura
2783 1596 2935 1637 sacra
2982 1580 3099 1637 vias
3153 1581 3389 1639 actiones
3436 1585 3575 1641 acci-

1984 1669 2181 1742 pimus,
2239 1668 2412 1726 exitus
2452 1667 2661 1725 viarum
2717 1668 3071 1743 intelligimus
3124 1669 3364 1729 del‘ectus
3416 1672 3575 1730 actio-

273 1747 459 1815 menti,
494 1747 807 1821 evangelica
834 1756 1104 1821 praecepta
1133 1756 1379 1817 terentes,
1411 1754 1466 1805 et
1510 1746 1701 1819 pennis
1739 1762 1871 1802 san-
1899 1730 1954 1792 Β
1983 1730 2132 1827 imm,
2165 1730 2291 1827 quia
2317 1756 2393 1812 illi
2420 1756 2740 1829 plerumque
2796 1730 2954 1815 facile
3008 1757 3077 1814 ad
3132 1758 3423 1816 Dominum
3481 1777 3574 1819 ve.

274 1844 375 1893 cta
405 1836 872 1909 contemplationis
897 1836 966 1892 ad
994 1837 1247 1895 sublimia
1284 1838 1454 1892 elatos
1496 1852 1596 1908 per
1638 1835 1871 1910 gratiam

275 1932 493 1981 teternze
520 1925 867 2000 pinguedinis
894 1933 1203 1998 perceptam
1234 1925 1526 1998 saginatas,
1577 1924 1713 1981 sicut
1759 1923 1869 1979 alti-

273 2020 348 2078 lia
376 2020 622 2094 saginata
649 2021 898 2092 dicimus,
928 2022 998 2078 ab
1047 2038 1113 2079 eo
1170 2022 1317 2095 quod
1371 2030 1450 2079 est
1503 2021 1668 2080 alere.
1726 2021 1870 2078 Nota

274 2110 419 2181 quod
441 2111 495 2165 in
516 2111 679 2182 priori
702 2109 1017 2167 invitatione
1037 2110 1170 2166 nihil
1212 2110 1278 2167 de
1320 2110 1482 2167 tauris
1528 2118 1582 2166 et
1631 2109 1868 2166 altilibus

274 2197 487 2266 dicitur,
526 2199 621 2255 sed
658 2200 716 2254 in
777 2199 1030 2269 secunda,
1100 2199 1225 2273 quia
1287 2201 1451 2268 Deus,
1515 2216 1637 2255 cum
1699 2198 1868 2256 verba

271 2298 391 2369 ejus
420 2298 603 2355 audire
632 2299 901 2369 nolumus,
958 2298 1206 2374 adjungit
1259 2299 1528 2370 exempla.
1590 2321 1612 2348 α
1646 2296 1863 2366 Omnia,

270 2385 462 2457 inquit,
490 2396 679 2457 parata
697 2396 837 2457 sunt,
876 2410 898 2438 ι»
918 2388 1044 2459 quia
1076 2387 1337 2461 quidquid
1368 2387 1437 2445 ad
1469 2387 1696 2444 salutem
1727 2402 1868 2459 qum-

270 2475 421 2544 ritur,
454 2483 621 2531 totum
644 2476 762 2549 jam
791 2476 1143 2548 adimpletum
1174 2485 1253 2532 est
1297 2477 1353 2532 in
1406 2476 1710 2549 Scripturis.
1760 2474 1864 2545 Qui

271 2574 491 2648 ignarus
520 2584 618 2642 est,
650 2575 883 2635 inveniet
914 2577 989 2632 ibi
1019 2575 1149 2646 quid
1179 2576 1349 2633 discat
1379 2590 1394 2646 ;
1426 2574 1553 2647 quid
1572 2581 1867 2631 contumax

272 2671 351 2719 est
377 2670 429 2718 et
455 2671 723 2736 peccator,
755 2664 992 2722 inveniet
1036 2664 1113 2719 ibi
1161 2663 1321 2720 futuri
1370 2662 1563 2734 judicii
1613 2661 1854 2734 ﬂagella.

270 2751 474 2808 Omnes
501 2752 610 2809 cibi
636 2753 977 2810 inveniuntur
995 2753 1052 2808 in
1085 2751 1372 2827 Scripturis
1418 2759 1470 2808 et
1516 2751 1863 2824 parvulorum

269 2847 323 2898 et
360 2841 626 2917 majorum
641 2883 654 2895 .

345 2979 368 3006 α
410 2956 492 3011 Illi
530 2964 709 3015 autem
746 2957 1119 3029 neglexerunt,
1178 2964 1234 3013 et
1284 2955 1550 3024 abierunt,
1617 2954 1754 3011 alius
1804 2952 1861 3011 in

266 3044 453 3104 villam
480 3061 653 3113 suam,
686 3045 822 3102 alius
849 3060 979 3103 vero
1027 3044 1095 3100 ad
1142 3044 1564 3117 negotiationem
1618 3058 1793 3099 suam.
1829 3064 1853 3091 υ

265 3133 388 3188 Non
409 3134 844 3209 dixitmalignati
878 3141 1020 3203 sunt,
1062 3133 1159 3191 sed
1199 3134 1569 3207 neglexerunt,
1602 3131 1729 3203 quia
1750 3146 1860 3189 non

269 3245 458 3287 omnes
483 3231 653 3287 Judaei
681 3231 1055 3288 cruciﬁxerunt
1092 3232 1378 3299 Christum,
1421 3238 1513 3287 aut
1563 3230 1619 3287 in
1687 3235 1860 3285 morte

269 3319 387 3392 ejus
430 3328 831 3376 consenserunt.
891 3320 1080 3377 Omnis
1135 3328 1284 3377 actus
1338 3322 1605 3375 humanus
1655 3317 1861 3388 duplex

266 3416 364 3476 est,
396 3417 487 3464 aut
515 3410 645 3465 villa
672 3409 874 3465 scilicet
902 3416 993 3466 aut
1022 3408 1343 3483 negotiatio.
1396 3409 1458 3463 ln
1505 3407 1632 3463 villa
1655 3405 1858 3461 intelli-

266 3505 412 3579 gitur
438 3522 598 3563 omne
626 3522 763 3581 opus
804 3514 1093 3576 terrenum,
1146 3507 1259 3562 sive
1313 3505 1371 3562 in
1425 3520 1577 3579 agro,
1635 3504 1748 3560 sive
1801 3503 1859 3561 in

267 3594 443 3661 vinea,
476 3595 588 3652 sive
617 3595 672 3650 in
718 3594 882 3662 ferro,
940 3602 994 3653 et
1046 3593 1306 3667 quidquid
1359 3593 1545 3649 labore
1600 3607 1858 3648 manuum

265 3681 347 3739 ﬁt.
395 3683 554 3755 Quod
595 3691 774 3739 autem
810 3685 867 3738 in
910 3683 1094 3741 labore
1149 3699 1427 3751 manuum,
1484 3681 1579 3737 sed
1634 3688 1688 3738 et
1741 3680 1860 3737 aliis

264 3778 424 3835 lucris
477 3779 874 3849 consequimur,
934 3786 991 3835 ut
1045 3778 1101 3834 in
1154 3777 1450 3837 honoribus
1515 3792 1855 3848 permanere,

265 3873 357 3923 aut
418 3867 475 3922 in
538 3868 748 3938 militia,
816 3874 909 3923 aut
970 3866 1025 3921 in
1091 3866 1455 3935 mercatione,
1531 3881 1693 3923 omne
1756 3866 1860 3921 hoc

266 3955 558 4028 negotiatio
587 3957 906 4030 appellatur.
960 3955 1183 4013 Duobus
1237 3971 1369 4029 ergo
1443 3953 1624 4012 verbis
1696 3969 1858 4011 omne

265 4068 401 4124 opus
453 4055 749 4110 humanum
804 4053 1065 4111 conclusit
1119 4053 1234 4113 sive
1291 4055 1596 4123 honestum,
1665 4058 1725 4109 ut
1778 4059 1860 4111 est

265 4142 407 4199 villae
436 4143 659 4199 cultura.
693 4141 847 4199 Unde
878 4143 1137 4201 Salomon
1168 4161 1181 4200 :
1220 4164 1241 4192 «
1274 4143 1356 4199 Ne
1382 4141 1563 4198 oderis
1591 4140 1860 4212 operatio-

266 4247 390 4285 nem
419 4232 670 4287 rusticam
722 4231 923 4302 (Eccli.
980 4234 1100 4304 vn),
1136 4254 1157 4281 η
1217 4230 1331 4289 sive
1387 4231 1747 4296 inhonestam,
1801 4235 1862 4285 ut

267 4334 349 4385 est
376 4329 668 4402 negotiatio
695 4327 989 4401 dignitatis,
1030 4327 1144 4387 sive
1192 4327 1415 4395 militiae,
1474 4326 1588 4384 sive
1644 4342 1858 4383 merca-

267 4423 432 4471 turae:
466 4416 608 4471 unde
636 4417 767 4470 nihil
797 4424 954 4473 antea
1007 4416 1179 4472 Judaei
1228 4415 1497 4473 tenebant.
1556 4413 1665 4471 Sed
1720 4415 1858 4471 forte

267 4504 400 4560 dicis
434 4520 445 4559 :
476 4506 547 4562 Et
576 4505 755 4560 villam
787 4506 963 4561 colere
994 4512 1270 4578 peccatum
1301 4512 1402 4572 est,
1446 4503 1573 4576 quia
1620 4503 1858 4575 impedi-

266 4611 506 4659 mentum
537 4610 614 4659 est
642 4603 670 4657 ‘3
697 4603 821 4660 Non
850 4611 929 4659 est
966 4603 1171 4659 cultura
1216 4602 1359 4658 villa:
1402 4608 1703 4675 peccatum,
1761 4600 1856 4657 sed

264 4690 319 4745 in
345 4690 684 4762 praeferendo
714 4707 834 4747 eam
878 4692 995 4749 Deo
1026 4690 1158 4747 facis
1213 4705 1328 4748 esse
1385 4697 1692 4764 peccatum.
1750 4691 1857 4747 Aut

265 4778 340 4836 ita
372 4798 383 4836 :
418 4780 558 4837 Villa
585 4787 667 4836 est
711 4779 943 4837 mundus
996 4781 1114 4848 iste,
1170 4779 1313 4837 circa
1371 4795 1531 4851 quem
1587 4786 1858 4837 amatores

264 4867 450 4923 mundi
504 4876 874 4941 occupantur;
934 4868 1226 4943 negotiatio
1294 4875 1473 4923 autem
1542 4867 1855 4938 przedicatio

262 4963 399 5039 legis
429 4973 482 5021 et
508 4965 810 5036 procuratio
840 4965 1027 5039 templi
1055 4980 1217 5036 quam
1247 4963 1396 5020 avari
1441 4962 1747 5021 sacerdotes
1801 4969 1857 5018 et

246 5054 439 5132 caeteri
485 5053 714 5111 ministri
745 5053 929 5126 templi
986 5053 1137 5127 quasi
1190 5051 1611 5126 negotiationem
1662 5050 1852 5106 existi-

261 5151 427 5200 mant.
459 5142 709 5216 Sequitur
739 5162 751 5198 :

336 5282 359 5309 ι
394 5258 608 5331 Reliqui
635 5274 766 5316 vero
796 5265 1082 5313 tenuerunt
1109 5273 1295 5313 servos
1323 5257 1440 5327 ejus
1469 5271 1483 5325 ;
1543 5260 1602 5312 et
1656 5262 1853 5312 contu-

261 5346 423 5402 melia
449 5346 668 5403 allectos
720 5346 1051 5402 occiderunt.
1088 5369 1110 5395 υ
1172 5347 1255 5402 De
1308 5363 1406 5402 sua
1458 5351 1632 5401 morte
1689 5351 1849 5410 tacet,

261 5434 388 5506 quia
413 5435 469 5491 in
498 5436 663 5506 priori
692 5436 950 5507 parabole
969 5434 1095 5491 inde
1111 5435 1357 5491 dixerat:
1385 5442 1440 5490 et
1456 5434 1690 5491 ostendit
1706 5448 1852 5488 mor—

260 5538 368 5585 tem
423 5530 806 5603 discipulorum
862 5549 1100 5601 suorum,
1178 5549 1312 5604 quos
1381 5540 1504 5604 post
1568 5546 1851 5589 ascensum

256 5635 412 5677 suum
443 5621 753 5679 occiderunt
776 5621 969 5681 Judasi.

328 5749 358 5803 L-
387 5728 506 5786 Rex
533 5735 713 5787 autem
738 5744 862 5787 cum
918 5728 1138 5789 vidisset
1192 5728 1356 5788 iratus
1411 5736 1509 5799 est,
1566 5734 1620 5787 et
1672 5725 1851 5785 missis

1975 1853 2147 1922 niunt,
2180 1868 2314 1923 quos
2341 1853 2398 1908 in
2444 1853 2667 1912 terrenis
2716 1852 2924 1913 actibus
2974 1869 3233 1926 prospera
3289 1856 3437 1917 nulla
3489 1874 3572 1917 co-

1976 1941 2256 1996 mitantur.

2053 2079 2074 2104 «
2109 2057 2175 2111 Et
2202 2054 2402 2130 egressi
2423 2055 2564 2112 servi
2586 2055 2704 2129 ejus
2724 2056 2779 2111 in
2796 2056 2913 2114 vias
2944 2068 3411 2131 congregaverunt
3456 2077 3572 2118 om-

1976 2162 2072 2201 nes
2100 2161 2236 2216 quos
2273 2145 2591 2201 invenerunt
2647 2145 2820 2201 malos
2875 2153 2927 2201 et
2981 2144 3171 2214 bonos,
3230 2154 3284 2203 et
3334 2148 3574 2220 impletae

1974 2240 2100 2289 sunt
2127 2233 2327 2305 nuptiae
2354 2232 2825 2288 discumbentium.
2863 2254 2886 2282 ιι
2922 2233 3024 2289 Per
3069 2234 3241 2291 malos
3294 2244 3347 2293 et
3396 2238 3571 2295 bonos

1975 2337 2158 2401 aperte
2189 2329 2487 2389 ostenditur
2514 2329 2641 2399 quia
2669 2346 2767 2402 per
2794 2328 3006 2401 nuptias
3047 2330 3283 2387 Ecclesia
3323 2333 3573 2406 designa-

1979 2427 2077 2486 tur,
2110 2435 2216 2491 qua
2244 2435 2387 2473 nunc
2414 2426 2467 2472 et
2496 2417 2784 2474 indiscreta
2821 2418 3061 2490 suscipit,
3120 2428 3173 2476 et
3224 2423 3569 2493 postmodum

1973 2508 2030 2562 in
2060 2506 2368 2581 egressione
2396 2505 2650 2563 discernit
2682 2526 2694 2563 :
2730 2506 2855 2561 Mali
2878 2506 3167 2566 miscentur
3209 2508 3384 2578 bonis,
3444 2512 3571 2584 quia

1973 2621 2043 2661 ne
2073 2620 2341 2676 quaquam
2372 2604 2617 2675 perducit
2645 2602 2848 2660 ferrum
2880 2604 3074 2660 animae
3104 2602 3172 2660 ad
3216 2606 3566 2665 subtilitatem

1974 2693 2236 2749 acuminis
2265 2692 2308 2746 si
2338 2692 2394 2745 in
2422 2692 2523 2747 hoc
2551 2707 2661 2748 non
2689 2691 2907 2748 eraserit
2960 2692 3090 2748 lima
3144 2693 3333 2750 alienae
3389 2698 3568 2769 pravi-

1973 2781 2118 2838 tatis.
2156 2780 2367 2837 Debent
2422 2780 2568 2836 enim
2626 2780 2756 2836 boni
2809 2781 3034 2837 tolerare
3090 2781 3264 2838 malos
3318 2784 3456 2841 sicut
3508 2786 3565 2843 in

1972 2886 2096 2927 arca
2122 2870 2240 2926 Noe
2268 2868 2479 2924 diversa
2508 2868 2722 2924 fuerunt
2751 2885 2956 2942 genera
3007 2868 3339 2942 animalium,
3401 2880 3454 2930 et
3508 2875 3565 2931 in

1969 2967 2163 3023 horreo
2192 2972 2314 3021 sunt
2341 2980 2512 3038 grana
2539 2980 2660 3021 cum
2690 2963 2878 3037 paleis.

1889 3082 1940 3147 α
2046 3095 2068 3123 α
2101 3072 2325 3129 Intravit
2352 3079 2531 3128 autem
2558 3087 2655 3131 rex
2683 3078 2741 3127 ut
2770 3070 2975 3129 videret
3019 3072 3436 3134 discumbentes.
3495 3079 3563 3135 Et

1968 3160 2105 3217 vidit
2130 3161 2208 3217 ibi
2236 3160 2514 3219 hominem
2544 3176 2652 3217 non
2709 3160 2958 3218 vestitum
3006 3170 3154 3220 veste
3204 3165 3449 3235 nuptiali,
3510 3175 3564 3224 et

1968 3250 2045 3306 ait
2069 3249 2146 3305 illi
2178 3268 2190 3304 :
2222 3248 2426 3316 Amice,
2463 3246 2735 3319 quomodo
2767 3250 2871 3305 huc
2926 3248 3133 3308 intrasti
3191 3267 3301 3308 non
3357 3255 3563 3312 habens

1967 3355 2171 3405 vestem
2199 3345 2493 3419 nupualem
2519 3346 2548 3400 ‘2
2581 3368 2604 3393 ιι
2638 3345 2775 3412 Rex,
2803 3345 2859 3399 id
2887 3353 2967 3401 est
2995 3346 3138 3404 Deus
3163 3346 3402 3419 intravit,
3455 3369 3563 3410 non

1968 3436 2100 3507 quin
2126 3435 2325 3505 ubique
2346 3434 2431 3502 sit,
2476 3432 2570 3489 sed
2628 3432 2720 3489 ubi
2774 3433 2890 3490 vult
2943 3434 3185 3505 aspicere
3241 3437 3317 3494 ibi
3371 3439 3565 3499 dicitur

1967 3539 2206 3598 praesens
2242 3537 2255 3593 ;
2287 3522 2379 3579 ubi
2410 3529 2591 3579 autem
2620 3536 2729 3577 non
2757 3521 2890 3589 vult,
2932 3521 3127 3578 dicitur
3181 3525 3398 3583 absens.
3464 3531 3560 3585 ln-

1967 3606 2127 3678 travit
2170 3629 2228 3677 ut
2267 3619 2493 3688 videret,
2549 3618 2605 3674 id
2662 3626 2743 3674 est
2788 3618 2958 3675 videri
3012 3620 3176 3678 faciat
3225 3623 3559 3696 singulorum

1966 3710 2176 3769 merita.
2208 3710 2287 3766 De
2315 3709 2491 3764 futuro
2521 3706 2755 3779 loquitur
2782 3707 2868 3763 hic
2893 3723 2993 3777 per
3037 3715 3281 3783 tempora
3334 3723 3560 3785 praeter.

1966 3801 2066 3856 ita.
2104 3799 2231 3856 Dies
2259 3796 2579 3868 aspectionis
2606 3795 2721 3851 dies
2749 3802 2827 3851 est
2858 3795 3049 3867 judicii
3104 3799 3317 3868 quando
3374 3802 3552 3860 visita-

1968 3907 2115 3959 turus
2141 3904 2223 3955 est
2254 3896 2580 3955 Christianos
2609 3893 2699 3967 qui
2753 3910 2916 3967 super
2966 3911 3208 3955 mensam
3249 3898 3554 3972 Scriptura-

1965 4004 2087 4047 rum
2114 3985 2452 4049 recumbunt,
2484 3982 2540 4037 id
2596 3988 2676 4039 est
2725 3982 3085 4053 requiescunt,
3148 3992 3199 4040 et
3254 3986 3561 4049 caelestibus

1965 4076 2239 4148 replentur
2265 4070 2546 4128 doctrinis.
2584 4070 2796 4125 Vestem
2827 4070 3121 4141 nuptialem
3174 4072 3357 4146 accipe
3410 4092 3559 4147 pm-

1967 4182 2124 4243 cepta
2147 4167 2368 4228 Domini
2398 4186 2410 4223 :
2444 4166 2501 4223 Si
2532 4164 2651 4239 quis
2678 4165 2843 4239 igitur
2868 4166 2925 4223 in
2952 4173 3196 4241 tempore
3217 4170 3407 4242 judicii
3436 4174 3559 4233 fue-

1966 4261 2037 4319 rit
2060 4260 2327 4325 inveutus,
2359 4254 2458 4312 sub
2487 4253 2706 4309 nomine
2735 4254 3034 4312 Christiano
3084 4255 3300 4315 indutus
3355 4263 3563 4323 exuviis

1968 4348 2164 4405 veteris
2190 4343 2425 4405 hominis
2469 4340 2649 4401 audiet
2705 4341 2879 4399 illud:
2943 4366 2964 4393 α
3024 4344 3230 4416 Amice,
3289 4352 3561 4421 quomodo

1885 4438 1940 4502 D
1970 4446 2076 4503 huc
2114 4442 2321 4501 intrasti
2349 4441 2377 4495 εν
2412 4466 2434 4491 η
2461 4440 2711 4499 Amicum
2742 4447 2915 4510 vocat,
2949 4441 3075 4512 quia
3130 4443 3382 4503 invitatus
3438 4450 3559 4507 fuit.

1968 4534 2255 4606 Amplius:
2291 4530 2460 4588 Vestis
2501 4528 2754 4602 nuptialis
2809 4537 2886 4585 est
2940 4531 3189 4602 charitas,
3250 4552 3410 4607 quam
3469 4541 3563 4595 ha-

1965 4625 2097 4682 bere
2125 4623 2285 4679 debet
2312 4620 2487 4676 omnis
2513 4617 2833 4691 baptizatus,
2867 4626 3058 4691 etquae
3107 4620 3179 4677 ita
3226 4625 3452 4680 habetur
3505 4628 3563 4682 in

1966 4722 2178 4781 duobus
2205 4718 2505 4795 praeceptis,
2528 4714 2676 4773 idest
2694 4715 2750 4771 in
2772 4714 3057 4775 dilectione
3090 4718 3190 4775 Dei
3219 4727 3271 4775 et
3299 4722 3555 4794 proximi,

1966 4812 2101 4869 sicut
2128 4811 2185 4865 in
2207 4806 2418 4864 duobus
2458 4804 2619 4878 lignis
2674 4804 2937 4877 superiori
2993 4813 3046 4860 et
3101 4805 3339 4863 inferiori
3397 4812 3559 4867 vestis

1966 4902 2179 4957 texitur.
2211 4896 2415 4965 Amice,
2446 4893 2593 4961 dicit,
2625 4908 2687 4948 ac
2715 4891 2757 4946 si
2789 4900 2971 4963 aperte
3000 4892 3141 4949 dicat
3174 4913 3185 4950 :
3243 4896 3448 4968 Amice,
3510 4907 3563 4956 et

1966 5006 2076 5045 non
2104 4987 2275 5044 amice
2308 5004 2319 5039 :
2355 4982 2525 5038 amice
2557 4996 2651 5053 per
2679 4979 2861 5049 ﬁdem,
2922 4981 3016 5037 sed
3071 4998 3178 5038 non
3236 4984 3408 5041 amice
3462 5003 3561 5057 per

1965 5080 2361 5154 operationem.
2399 5078 2468 5130 At
2513 5073 2603 5129 ille
2658 5072 2969 5128 obmutuit:
3027 5074 3128 5130 Hic
3181 5074 3561 5135 abscondimus

1965 5187 2150 5244 opera,
2191 5175 2245 5224 et
2282 5165 2519 5223 celamus
2572 5161 2735 5218 corda
2789 5170 3018 5231 nostra;
3070 5163 3167 5217 sed
3217 5164 3275 5219 in
3320 5165 3413 5223 illo
3469 5167 3559 5225 die

1964 5258 2180 5333 quando
2208 5255 2289 5312 sol
2317 5262 2371 5310 et
2398 5253 2524 5308 luna
2570 5256 2625 5306 et
2679 5256 2819 5305 totus
2865 5249 3099 5305 mundus
3150 5253 3313 5309 stabit
3355 5256 3554 5313 adver-

1964 5371 2083 5410 sum
2110 5368 2209 5409 nos
2235 5350 2289 5405 in
2339 5344 2700 5404 testimonium
2757 5350 3117 5415 peccatorum,
3174 5352 3227 5399 et
3271 5346 3315 5401 si
3366 5352 3551 5407 omnia

1965 5449 2192 5509 taceant,
2250 5439 2382 5510 ipsae
2432 5442 2612 5490 tamen
2667 5432 3020 5504 cogitationes
3079 5439 3274 5489 nostra
3326 5444 3380 5492 et
3432 5439 3552 5510 ipsa

1963 5548 2130 5607 opera
2158 5526 2462 5602 specialiter
2488 5522 2706 5579 stabunt
2751 5530 2873 5576 ante
2928 5520 3113 5578 oculos
3165 5530 3375 5581 nostros
3427 5536 3550 5583 ante

1961 5625 2158 5688 Deum,
2190 5618 2400 5673 dicente
2419 5610 2676 5685 Apostolo
2709 5626 2724 5665 :
2779 5632 2802 5661 ι
2836 5611 3264 5683 Cogitationibus
3315 5612 3549 5670 invicem

1962 5716 2337 5780 accusantibus
2366 5707 2648 5768 autetiam
2679 5705 3093 5765 defendentibus
3121 5709 3175 5765 in
3194 5709 3281 5770 die
3335 5710 3550 5779 quando
