  <div class='ocr_page' id='page_1' title='image "/cluster/home/n/w/nwhite01/storage/ocr_20150623/157/hvd.32044054760152/601.png"; bbox 0 0 3972 6076; ppageno 0'>
   <div class='ocr_carea' id='block_1_1' title="bbox 499 207 630 263">
    <p class='ocr_par' dir='ltr' id='par_1_1' title="bbox 499 207 630 263">
     <span class='ocr_line' id='line_1_1' title="bbox 499 207 630 263; baseline 0 -1"><span class='ocrx_word' id='word_1_1' title='bbox 499 207 630 263; x_wconf 84' lang='grc'><strong>1191</strong></span> 
     </span>
    </p>
   </div>
   <div class='ocr_carea' id='block_1_2' title="bbox 1625 207 2656 273">
    <p class='ocr_par' dir='ltr' id='par_1_2' title="bbox 1625 207 2656 273">
     <span class='ocr_line' id='line_1_2' title="bbox 1625 207 2656 273; baseline 0.013 -13"><span class='ocrx_word' id='word_1_2' title='bbox 1625 207 1966 266; x_wconf 76' lang='lat' dir='ltr'><strong>WERNERI</strong></span> <span class='ocrx_word' id='word_1_3' title='bbox 2005 209 2287 267; x_wconf 75' lang='lat' dir='ltr'><strong>ABBATIS</strong></span> <span class='ocrx_word' id='word_1_4' title='bbox 2325 213 2388 271; x_wconf 88' lang='lat' dir='ltr'><strong>S.</strong></span> <span class='ocrx_word' id='word_1_5' title='bbox 2435 213 2656 273; x_wconf 82' lang='lat' dir='ltr'><strong>BLASII</strong></span> 
     </span>
    </p>
   </div>
   <div class='ocr_carea' id='block_1_3' title="bbox 3663 228 3795 287">
    <p class='ocr_par' dir='ltr' id='par_1_3' title="bbox 3663 228 3795 287">
     <span class='ocr_line' id='line_1_3' title="bbox 3663 228 3795 287; baseline 0.03 -4"><span class='ocrx_word' id='word_1_6' title='bbox 3663 228 3795 287; x_wconf 69' lang='lat'><strong>“91</strong></span> 
     </span>
    </p>
   </div>
   <div class='ocr_carea' id='block_1_4' title="bbox 485 327 3800 416">
    <p class='ocr_par' dir='ltr' id='par_1_4' title="bbox 485 327 3800 416">
     <span class='ocr_line' id='line_1_4' title="bbox 485 327 3800 416; baseline 0.008 -32"><span class='ocrx_word' id='word_1_7' title='bbox 485 329 812 398; x_wconf 86' lang='lat' dir='ltr'><strong>judicaverit</strong></span> <span class='ocrx_word' id='word_1_8' title='bbox 841 327 1104 385; x_wconf 85' lang='lat' dir='ltr'><strong>Dominus</strong></span> <span class='ocrx_word' id='word_1_9' title='bbox 1135 328 1350 386; x_wconf 85' lang='lat' dir='ltr'><strong>occulta</strong></span> <span class='ocrx_word' id='word_1_10' title='bbox 1397 328 1680 386; x_wconf 85' lang='lat' dir='ltr'><strong>hominum</strong></span> <span class='ocrx_word' id='word_1_11' title='bbox 1734 350 1834 405; x_wconf 89' lang='lat' dir='ltr'><strong>per</strong></span> <span class='ocrx_word' id='word_1_12' title='bbox 1889 336 2076 391; x_wconf 88' lang='lat' dir='ltr'><strong>Jesum</strong></span> <span class='ocrx_word' id='word_1_13' title='bbox 2105 335 2164 399; x_wconf 88' lang='grc' dir='ltr'><strong>Α</strong></span> <span class='ocrx_word' id='word_1_14' title='bbox 2193 338 2530 404; x_wconf 86' lang='lat' dir='ltr'><strong>exteriores;</strong></span> <span class='ocrx_word' id='word_1_15' title='bbox 2552 347 2741 412; x_wconf 87' lang='lat' dir='ltr'><strong>postea</strong></span> <span class='ocrx_word' id='word_1_16' title='bbox 2763 344 3040 416; x_wconf 89' lang='lat' dir='ltr'><strong>patientur</strong></span> <span class='ocrx_word' id='word_1_17' title='bbox 3067 346 3223 404; x_wconf 87' lang='lat' dir='ltr'><strong>ﬂetus</strong></span> <span class='ocrx_word' id='word_1_18' title='bbox 3255 357 3311 407; x_wconf 89' lang='lat' dir='ltr'><strong>et</strong></span> <span class='ocrx_word' id='word_1_19' title='bbox 3333 351 3614 409; x_wconf 84' lang='lat' dir='ltr'><strong>stridores</strong></span> <span class='ocrx_word' id='word_1_20' title='bbox 3659 355 3800 410; x_wconf 83' lang='lat' dir='ltr'><strong>den-</strong></span> 
     </span>
    </p>
   </div>
   <div class='ocr_carea' id='block_1_5' title="bbox 492 427 1176 496">
    <p class='ocr_par' dir='ltr' id='par_1_5' title="bbox 492 427 1176 496">
     <span class='ocr_line' id='line_1_5' title="bbox 492 427 1176 496; baseline -0.004 -16"><span class='ocrx_word' id='word_1_21' title='bbox 492 427 762 481; x_wconf 89' lang='lat' dir='ltr'><strong>Christum</strong></span> <span class='ocrx_word' id='word_1_22' title='bbox 795 429 979 496; x_wconf 83' lang='lat' dir='ltr'><strong>(Rom.</strong></span> <span class='ocrx_word' id='word_1_23' title='bbox 1020 427 1108 496; x_wconf 83' lang='grc' dir='ltr'><strong>ιι).</strong></span> <span class='ocrx_word' id='word_1_24' title='bbox 1153 450 1176 476; x_wconf 70' lang='grc' dir='ltr'><strong>ιι</strong></span> 
     </span>
    </p>
   </div>
   <div class='ocr_carea' id='block_1_6' title="bbox 567 577 2082 653">
    <p class='ocr_par' dir='ltr' id='par_1_6' title="bbox 567 577 2082 653">
     <span class='ocr_line' id='line_1_6' title="bbox 567 577 2082 653; baseline 0.008 -27"><span class='ocrx_word' id='word_1_25' title='bbox 567 601 588 626; x_wconf 74' lang='grc' dir='ltr'><strong><em>α</em></strong></span> <span class='ocrx_word' id='word_1_26' title='bbox 624 579 776 634; x_wconf 83' lang='lat' dir='ltr'><strong>Tunc</strong></span> <span class='ocrx_word' id='word_1_27' title='bbox 807 577 937 632; x_wconf 79' lang='lat' dir='ltr'><strong>dixit</strong></span> <span class='ocrx_word' id='word_1_28' title='bbox 971 595 1064 634; x_wconf 87' lang='lat' dir='ltr'><strong>rex</strong></span> <span class='ocrx_word' id='word_1_29' title='bbox 1099 579 1360 635; x_wconf 78' lang='lat' dir='ltr'><strong>ministris</strong></span> <span class='ocrx_word' id='word_1_30' title='bbox 1395 595 1406 634; x_wconf 88' lang='lat'><strong>:</strong></span> <span class='ocrx_word' id='word_1_31' title='bbox 1442 580 1648 653; x_wconf 85' lang='lat' dir='ltr'><strong>Ligatis</strong></span> <span class='ocrx_word' id='word_1_32' title='bbox 1685 582 1935 638; x_wconf 82' lang='lat' dir='ltr'><strong>manibus</strong></span> <span class='ocrx_word' id='word_1_33' title='bbox 1963 581 2082 653; x_wconf 84' lang='lat' dir='ltr'><strong>ejus</strong></span> 
     </span>
    </p>
   </div>
   <div class='ocr_carea' id='block_1_7' title="bbox 493 667 2084 736">
    <p class='ocr_par' dir='ltr' id='par_1_7' title="bbox 493 667 2084 736">
     <span class='ocr_line' id='line_1_7' title="bbox 493 667 2084 736; baseline 0.003 -14"><span class='ocrx_word' id='word_1_34' title='bbox 493 676 545 723; x_wconf 89' lang='lat' dir='ltr'><strong>et</strong></span> <span class='ocrx_word' id='word_1_35' title='bbox 576 667 826 736; x_wconf 81' lang='lat' dir='ltr'><strong>pedibus,</strong></span> <span class='ocrx_word' id='word_1_36' title='bbox 860 668 1054 722; x_wconf 90' lang='lat' dir='ltr'><strong>mittite</strong></span> <span class='ocrx_word' id='word_1_37' title='bbox 1087 668 1140 722; x_wconf 88' lang='lat' dir='ltr'><strong>in</strong></span> <span class='ocrx_word' id='word_1_38' title='bbox 1188 670 1443 723; x_wconf 82' lang='lat' dir='ltr'><strong>tenebras</strong></span> <span class='ocrx_word' id='word_1_39' title='bbox 1493 671 1806 736; x_wconf 82' lang='lat' dir='ltr'><strong>exteriores,</strong></span> <span class='ocrx_word' id='word_1_40' title='bbox 1855 671 1947 726; x_wconf 90' lang='lat' dir='ltr'><strong>ubi</strong></span> <span class='ocrx_word' id='word_1_41' title='bbox 1985 674 2084 727; x_wconf 90' lang='lat' dir='ltr'><strong>erit</strong></span> 
     </span>
    </p>
   </div>
   <div class='ocr_carea' id='block_1_8' title="bbox 492 756 2082 830">
    <p class='ocr_par' dir='ltr' id='par_1_8' title="bbox 492 756 2082 830">
     <span class='ocr_line' id='line_1_8' title="bbox 492 756 2082 830; baseline 0.003 -20"><span class='ocrx_word' id='word_1_42' title='bbox 492 757 649 812; x_wconf 78' lang='lat' dir='ltr'><strong>fletus</strong></span> <span class='ocrx_word' id='word_1_43' title='bbox 681 765 732 810; x_wconf 89' lang='lat' dir='ltr'><strong>et</strong></span> <span class='ocrx_word' id='word_1_44' title='bbox 762 756 964 810; x_wconf 89' lang='lat' dir='ltr'><strong>stridor</strong></span> <span class='ocrx_word' id='word_1_45' title='bbox 992 757 1256 812; x_wconf 87' lang='lat' dir='ltr'><strong>dentium.</strong></span> <span class='ocrx_word' id='word_1_46' title='bbox 1296 782 1315 806; x_wconf 85' lang='grc'><strong>››</strong></span> <span class='ocrx_word' id='word_1_47' title='bbox 1350 759 1570 829; x_wconf 86' lang='lat' dir='ltr'><strong>Ligatas</strong></span> <span class='ocrx_word' id='word_1_48' title='bbox 1599 774 1792 813; x_wconf 90' lang='lat' dir='ltr'><strong>manus</strong></span> <span class='ocrx_word' id='word_1_49' title='bbox 1824 768 1876 814; x_wconf 92' lang='lat' dir='ltr'><strong>et</strong></span> <span class='ocrx_word' id='word_1_50' title='bbox 1913 761 2082 830; x_wconf 89' lang='lat' dir='ltr'><strong>pedes</strong></span> 
     </span>
    </p>
   </div>
   <div class='ocr_carea' id='block_1_9' title="bbox 497 853 2084 924">
    <p class='ocr_par' dir='ltr' id='par_1_9' title="bbox 497 853 2084 924">
     <span class='ocr_line' id='line_1_9' title="bbox 497 853 2084 924; baseline 0.003 -17"><span class='ocrx_word' id='word_1_51' title='bbox 497 854 790 924; x_wconf 85' lang='lat' dir='ltr'><strong>ﬂetumque</strong></span> <span class='ocrx_word' id='word_1_52' title='bbox 821 853 1103 908; x_wconf 90' lang='lat' dir='ltr'><strong>oculorum</strong></span> <span class='ocrx_word' id='word_1_53' title='bbox 1137 863 1190 908; x_wconf 91' lang='lat' dir='ltr'><strong>et</strong></span> <span class='ocrx_word' id='word_1_54' title='bbox 1236 855 1529 909; x_wconf 85' lang='lat' dir='ltr'><strong>stridorem</strong></span> <span class='ocrx_word' id='word_1_55' title='bbox 1578 855 1840 921; x_wconf 90' lang='lat' dir='ltr'><strong>dentium,</strong></span> <span class='ocrx_word' id='word_1_56' title='bbox 1886 857 1975 910; x_wconf 89' lang='lat' dir='ltr'><strong>vel</strong></span> <span class='ocrx_word' id='word_1_57' title='bbox 2016 857 2084 912; x_wconf 90' lang='lat' dir='ltr'><strong>ad</strong></span> 
     </span>
    </p>
   </div>
   <div class='ocr_carea' id='block_1_10' title="bbox 495 941 2081 1017">
    <p class='ocr_par' dir='ltr' id='par_1_10' title="bbox 495 941 2081 1017">
     <span class='ocr_line' id='line_1_10' title="bbox 495 941 2081 1017; baseline 0 -19"><span class='ocrx_word' id='word_1_58' title='bbox 495 941 958 1012; x_wconf 88' lang='lat' dir='ltr'><strong>comprobandam</strong></span> <span class='ocrx_word' id='word_1_59' title='bbox 1005 942 1430 998; x_wconf 87' lang='lat' dir='ltr'><strong>resurrectionis</strong></span> <span class='ocrx_word' id='word_1_60' title='bbox 1477 943 1762 998; x_wconf 82' lang='lat' dir='ltr'><strong>veritatem</strong></span> <span class='ocrx_word' id='word_1_61' title='bbox 1820 943 2081 1017; x_wconf 88' lang='lat' dir='ltr'><strong>intellige,</strong></span> 
     </span>
    </p>
   </div>
   <div class='ocr_carea' id='block_1_11' title="bbox 493 1030 2087 1102">
    <p class='ocr_par' dir='ltr' id='par_1_11' title="bbox 493 1030 2087 1102">
     <span class='ocr_line' id='line_1_11' title="bbox 493 1030 2087 1102; baseline 0.003 -17"><span class='ocrx_word' id='word_1_62' title='bbox 493 1031 583 1085; x_wconf 92' lang='lat' dir='ltr'><strong>vel</strong></span> <span class='ocrx_word' id='word_1_63' title='bbox 614 1037 764 1086; x_wconf 88' lang='lat' dir='ltr'><strong>certe</strong></span> <span class='ocrx_word' id='word_1_64' title='bbox 794 1031 918 1084; x_wconf 90' lang='lat' dir='ltr'><strong>ideo</strong></span> <span class='ocrx_word' id='word_1_65' title='bbox 949 1030 1181 1102; x_wconf 80' lang='lat' dir='ltr'><strong>ligantur</strong></span> <span class='ocrx_word' id='word_1_66' title='bbox 1210 1047 1403 1086; x_wconf 87' lang='lat' dir='ltr'><strong>manus</strong></span> <span class='ocrx_word' id='word_1_67' title='bbox 1433 1041 1483 1086; x_wconf 91' lang='lat' dir='ltr'><strong>et</strong></span> <span class='ocrx_word' id='word_1_68' title='bbox 1511 1033 1702 1102; x_wconf 83' lang='lat' dir='ltr'><strong>pedes,</strong></span> <span class='ocrx_word' id='word_1_69' title='bbox 1734 1038 1791 1085; x_wconf 89' lang='lat' dir='ltr'><strong>ut</strong></span> <span class='ocrx_word' id='word_1_70' title='bbox 1819 1033 2087 1090; x_wconf 82' lang='lat' dir='ltr'><strong>desistant</strong></span> 
     </span>
    </p>
   </div>
   <div class='ocr_carea' id='block_1_12' title="bbox 492 1128 2082 1202">
    <p class='ocr_par' dir='ltr' id='par_1_12' title="bbox 492 1128 2082 1202">
     <span class='ocr_line' id='line_1_12' title="bbox 492 1128 2082 1202; baseline 0.001 -20"><span class='ocrx_word' id='word_1_71' title='bbox 492 1129 638 1183; x_wconf 91' lang='lat' dir='ltr'><strong>male</strong></span> <span class='ocrx_word' id='word_1_72' title='bbox 660 1128 899 1198; x_wconf 88' lang='lat' dir='ltr'><strong>operari,</strong></span> <span class='ocrx_word' id='word_1_73' title='bbox 921 1136 972 1183; x_wconf 90' lang='lat' dir='ltr'><strong>et</strong></span> <span class='ocrx_word' id='word_1_74' title='bbox 992 1145 1211 1184; x_wconf 81' lang='lat' dir='ltr'><strong>currere</strong></span> <span class='ocrx_word' id='word_1_75' title='bbox 1237 1130 1306 1183; x_wconf 91' lang='lat' dir='ltr'><strong>ad</strong></span> <span class='ocrx_word' id='word_1_76' title='bbox 1330 1129 1716 1184; x_wconf 81' lang='lat' dir='ltr'><strong>effundendum</strong></span> <span class='ocrx_word' id='word_1_77' title='bbox 1739 1130 2082 1202; x_wconf 86' lang='lat' dir='ltr'><strong>sanguinem.</strong></span> 
     </span>
    </p>
   </div>
   <div class='ocr_carea' id='block_1_13' title="bbox 496 1217 2083 1289">
    <p class='ocr_par' dir='ltr' id='par_1_13' title="bbox 496 1217 2083 1289">
     <span class='ocr_line' id='line_1_13' title="bbox 496 1217 2083 1289; baseline 0.003 -19"><span class='ocrx_word' id='word_1_78' title='bbox 496 1217 631 1285; x_wconf 68' lang='lat' dir='ltr'><strong>Quae</strong></span> <span class='ocrx_word' id='word_1_79' title='bbox 661 1233 803 1272; x_wconf 89' lang='lat' dir='ltr'><strong>nunc</strong></span> <span class='ocrx_word' id='word_1_80' title='bbox 836 1225 1030 1287; x_wconf 87' lang='lat' dir='ltr'><strong>sponte</strong></span> <span class='ocrx_word' id='word_1_81' title='bbox 1059 1218 1299 1288; x_wconf 79' lang='lat' dir='ltr'><strong>ligantur</strong></span> <span class='ocrx_word' id='word_1_82' title='bbox 1329 1218 1382 1271; x_wconf 91' lang='lat' dir='ltr'><strong>in</strong></span> <span class='ocrx_word' id='word_1_83' title='bbox 1412 1218 1561 1282; x_wconf 89' lang='lat' dir='ltr'><strong>vitio,</strong></span> <span class='ocrx_word' id='word_1_84' title='bbox 1594 1225 1721 1273; x_wconf 92' lang='lat' dir='ltr'><strong>tunc</strong></span> <span class='ocrx_word' id='word_1_85' title='bbox 1742 1221 1794 1272; x_wconf 89' lang='lat' dir='ltr'><strong>in</strong></span> <span class='ocrx_word' id='word_1_86' title='bbox 1817 1219 2083 1289; x_wconf 91' lang='lat' dir='ltr'><strong>supplicio</strong></span> 
     </span>
    </p>
   </div>
   <div class='ocr_carea' id='block_1_14' title="bbox 493 1305 2084 1378">
    <p class='ocr_par' dir='ltr' id='par_1_14' title="bbox 493 1305 2084 1378">
     <span class='ocr_line' id='line_1_14' title="bbox 493 1305 2084 1378; baseline 0.004 -21"><span class='ocrx_word' id='word_1_87' title='bbox 493 1305 803 1378; x_wconf 84' lang='lat' dir='ltr'><strong>ligabuutur</strong></span> <span class='ocrx_word' id='word_1_88' title='bbox 833 1305 1090 1360; x_wconf 86' lang='lat' dir='ltr'><strong>dolendo.</strong></span> <span class='ocrx_word' id='word_1_89' title='bbox 1135 1307 1192 1359; x_wconf 92' lang='lat' dir='ltr'><strong>In</strong></span> <span class='ocrx_word' id='word_1_90' title='bbox 1243 1307 1369 1360; x_wconf 86' lang='lat' dir='ltr'><strong>ﬂetu</strong></span> <span class='ocrx_word' id='word_1_91' title='bbox 1420 1321 1640 1376; x_wconf 88' lang='lat' dir='ltr'><strong>quoque</strong></span> <span class='ocrx_word' id='word_1_92' title='bbox 1695 1307 1975 1362; x_wconf 90' lang='lat' dir='ltr'><strong>oculorum</strong></span> <span class='ocrx_word' id='word_1_93' title='bbox 2031 1315 2084 1363; x_wconf 92' lang='lat' dir='ltr'><strong>et</strong></span> 
     </span>
    </p>
   </div>
   <div class='ocr_carea' id='block_1_15' title="bbox 491 1402 2083 1472">
    <p class='ocr_par' dir='ltr' id='par_1_15' title="bbox 491 1402 2083 1472">
     <span class='ocr_line' id='line_1_15' title="bbox 491 1402 2083 1472; baseline 0.001 -13"><span class='ocrx_word' id='word_1_94' title='bbox 491 1405 724 1459; x_wconf 88' lang='lat' dir='ltr'><strong>stridore</strong></span> <span class='ocrx_word' id='word_1_95' title='bbox 755 1402 992 1457; x_wconf 88' lang='lat' dir='ltr'><strong>dentium</strong></span> <span class='ocrx_word' id='word_1_96' title='bbox 1027 1419 1125 1472; x_wconf 88' lang='lat' dir='ltr'><strong>per</strong></span> <span class='ocrx_word' id='word_1_97' title='bbox 1151 1404 1528 1472; x_wconf 84' lang='lat' dir='ltr'><strong>metaphoram</strong></span> <span class='ocrx_word' id='word_1_98' title='bbox 1561 1405 1928 1458; x_wconf 85' lang='lat' dir='ltr'><strong>membrorum</strong></span> <span class='ocrx_word' id='word_1_99' title='bbox 1958 1420 2083 1460; x_wconf 89' lang='lat' dir='ltr'><strong>cor-</strong></span> 
     </span>
    </p>
   </div>
   <div class='ocr_carea' id='block_1_16' title="bbox 489 1491 2081 1563">
    <p class='ocr_par' dir='ltr' id='par_1_16' title="bbox 489 1491 2081 1563">
     <span class='ocr_line' id='line_1_16' title="bbox 489 1491 2081 1563; baseline 0 -15"><span class='ocrx_word' id='word_1_100' title='bbox 489 1492 758 1563; x_wconf 69' lang='lat' dir='ltr'><strong>por-alium</strong></span> <span class='ocrx_word' id='word_1_101' title='bbox 789 1491 1110 1561; x_wconf 77' lang='lat' dir='ltr'><strong>magnitudo</strong></span> <span class='ocrx_word' id='word_1_102' title='bbox 1141 1492 1449 1546; x_wconf 87' lang='lat' dir='ltr'><strong>ostenditur</strong></span> <span class='ocrx_word' id='word_1_103' title='bbox 1477 1494 2081 1548; x_wconf 78' lang='lat' dir='ltr'><strong>tormentorum.Exte-</strong></span> 
     </span>
    </p>
   </div>
   <div class='ocr_carea' id='block_1_17' title="bbox 491 1580 2080 1646">
    <p class='ocr_par' dir='ltr' id='par_1_17' title="bbox 491 1580 2080 1646">
     <span class='ocr_line' id='line_1_17' title="bbox 491 1580 2080 1646; baseline 0.002 -11"><span class='ocrx_word' id='word_1_104' title='bbox 491 1582 665 1636; x_wconf 89' lang='lat' dir='ltr'><strong>riores</strong></span> <span class='ocrx_word' id='word_1_105' title='bbox 695 1580 933 1635; x_wconf 76' lang='lat' dir='ltr'><strong>tenebrae</strong></span> <span class='ocrx_word' id='word_1_106' title='bbox 963 1589 1086 1633; x_wconf 90' lang='lat' dir='ltr'><strong>sunt</strong></span> <span class='ocrx_word' id='word_1_107' title='bbox 1115 1580 1452 1646; x_wconf 68' lang='lat' dir='ltr'><strong>novissimae,</strong></span> <span class='ocrx_word' id='word_1_108' title='bbox 1500 1581 1555 1635; x_wconf 90' lang='lat' dir='ltr'><strong>id</strong></span> <span class='ocrx_word' id='word_1_109' title='bbox 1602 1589 1684 1634; x_wconf 90' lang='lat' dir='ltr'><strong>est</strong></span> <span class='ocrx_word' id='word_1_110' title='bbox 1724 1591 1928 1636; x_wconf 68' lang='lat' dir='ltr'><strong>aeterna</strong></span> <span class='ocrx_word' id='word_1_111' title='bbox 1975 1599 2080 1638; x_wconf 88' lang='lat' dir='ltr'><strong>nox</strong></span> 
     </span>
    </p>
   </div>
   <div class='ocr_carea' id='block_1_18' title="bbox 2187 427 2345 481">
    <p class='ocr_par' dir='ltr' id='par_1_18' title="bbox 2187 427 2345 481">
     <span class='ocr_line' id='line_1_18' title="bbox 2187 427 2345 481; baseline -0.006 0"><span class='ocrx_word' id='word_1_112' title='bbox 2187 427 2345 481; x_wconf 91' lang='lat' dir='ltr'><strong>tium.</strong></span> 
     </span>
    </p>
   </div>
   <div class='ocr_carea' id='block_1_19' title="bbox 2673 557 3279 630">
    <p class='ocr_par' dir='ltr' id='par_1_19' title="bbox 2673 557 3279 630">
     <span class='ocr_line' id='line_1_19' title="bbox 2673 557 3279 630; baseline 0.008 -18"><span class='ocrx_word' id='word_1_113' title='bbox 2673 557 2961 630; x_wconf 78' lang='lat' dir='ltr'><strong>Expositio</strong></span> <span class='ocrx_word' id='word_1_114' title='bbox 2986 560 3054 617; x_wconf 75' lang='lat' dir='ltr'><strong>de</strong></span> <span class='ocrx_word' id='word_1_115' title='bbox 3073 562 3279 618; x_wconf 80' lang='lat' dir='ltr'><strong>eodem.</strong></span> 
     </span>
    </p>
   </div>
   <div class='ocr_carea' id='block_1_20' title="bbox 2266 669 3802 745">
    <p class='ocr_par' dir='ltr' id='par_1_20' title="bbox 2266 669 3802 745">
     <span class='ocr_line' id='line_1_20' title="bbox 2266 669 3802 745; baseline 0.009 -22"><span class='ocrx_word' id='word_1_116' title='bbox 2266 691 2287 716; x_wconf 85' lang='grc'><em>‹‹</em></span> <span class='ocrx_word' id='word_1_117' title='bbox 2322 669 2466 725; x_wconf 86' lang='lat' dir='ltr'><strong>Beati</strong></span> <span class='ocrx_word' id='word_1_118' title='bbox 2498 669 2590 742; x_wconf 87' lang='lat' dir='ltr'><strong>qui</strong></span> <span class='ocrx_word' id='word_1_119' title='bbox 2617 672 2838 728; x_wconf 88' lang='lat' dir='ltr'><strong>audiunt</strong></span> <span class='ocrx_word' id='word_1_120' title='bbox 2875 676 3104 731; x_wconf 85' lang='lat' dir='ltr'><strong>verbum</strong></span> <span class='ocrx_word' id='word_1_121' title='bbox 3159 678 3276 745; x_wconf 89' lang='lat' dir='ltr'><strong>Dei,</strong></span> <span class='ocrx_word' id='word_1_122' title='bbox 3339 686 3395 735; x_wconf 90' lang='lat' dir='ltr'><strong>et</strong></span> <span class='ocrx_word' id='word_1_123' title='bbox 3473 681 3802 737; x_wconf 80' lang='lat' dir='ltr'><strong>custodiunt</strong></span> 
     </span>
    </p>
   </div>
   <div class='ocr_carea' id='block_1_21' title="bbox 2186 756 3797 841">
    <p class='ocr_par' dir='ltr' id='par_1_21' title="bbox 2186 756 3797 841">
     <span class='ocr_line' id='line_1_21' title="bbox 2186 756 3797 841; baseline 0.011 -32"><span class='ocrx_word' id='word_1_124' title='bbox 2186 756 2322 811; x_wconf 89' lang='lat' dir='ltr'><strong>illud</strong></span> <span class='ocrx_word' id='word_1_125' title='bbox 2359 757 2370 813; x_wconf 86' lang='lat' dir='ltr'><strong>l</strong></span> <span class='ocrx_word' id='word_1_126' title='bbox 2415 760 2573 825; x_wconf 85' lang='lat' dir='ltr'><strong>(Luc.</strong></span> <span class='ocrx_word' id='word_1_127' title='bbox 2614 764 2726 832; x_wconf 74' lang='grc' dir='ltr'><strong>χι.)</strong></span> <span class='ocrx_word' id='word_1_128' title='bbox 2751 763 2897 818; x_wconf 81' lang='lat' dir='ltr'><strong>Multi</strong></span> <span class='ocrx_word' id='word_1_129' title='bbox 2919 774 3060 830; x_wconf 90' lang='lat' dir='ltr'><strong>sunt,</strong></span> <span class='ocrx_word' id='word_1_130' title='bbox 3085 768 3410 834; x_wconf 88' lang='lat' dir='ltr'><strong>charissimi,</strong></span> <span class='ocrx_word' id='word_1_131' title='bbox 3438 773 3533 841; x_wconf 85' lang='lat' dir='ltr'><strong>qui</strong></span> <span class='ocrx_word' id='word_1_132' title='bbox 3563 773 3797 826; x_wconf 82' lang='lat' dir='ltr'><strong>verbum</strong></span> 
     </span>
    </p>
   </div>
   <div class='ocr_carea' id='block_1_22' title="bbox 2189 846 3797 931">
    <p class='ocr_par' dir='ltr' id='par_1_22' title="bbox 2189 846 3797 931">
     <span class='ocr_line' id='line_1_22' title="bbox 2189 846 3797 931; baseline 0.011 -32"><span class='ocrx_word' id='word_1_133' title='bbox 2189 846 2292 900; x_wconf 91' lang='lat' dir='ltr'><strong>Dei</strong></span> <span class='ocrx_word' id='word_1_134' title='bbox 2320 863 2422 903; x_wconf 89' lang='lat' dir='ltr'><strong>nec</strong></span> <span class='ocrx_word' id='word_1_135' title='bbox 2449 865 2582 904; x_wconf 89' lang='lat' dir='ltr'><strong>aure</strong></span> <span class='ocrx_word' id='word_1_136' title='bbox 2611 853 2856 922; x_wconf 90' lang='lat' dir='ltr'><strong>corporis</strong></span> <span class='ocrx_word' id='word_1_137' title='bbox 2899 854 3091 909; x_wconf 89' lang='lat' dir='ltr'><strong>audire</strong></span> <span class='ocrx_word' id='word_1_138' title='bbox 3123 856 3330 911; x_wconf 90' lang='lat' dir='ltr'><strong>volunt.</strong></span> <span class='ocrx_word' id='word_1_139' title='bbox 3363 859 3630 931; x_wconf 85' lang='lat' dir='ltr'><strong>Plerique</strong></span> <span class='ocrx_word' id='word_1_140' title='bbox 3661 877 3797 916; x_wconf 84' lang='lat' dir='ltr'><strong>vero</strong></span> 
     </span>
    </p>
   </div>
   <div class='ocr_carea' id='block_1_23' title="bbox 2189 934 3795 1017">
    <p class='ocr_par' dir='ltr' id='par_1_23' title="bbox 2189 934 3795 1017">
     <span class='ocr_line' id='line_1_23' title="bbox 2189 934 3795 1017; baseline 0.011 -29"><span class='ocrx_word' id='word_1_141' title='bbox 2189 934 2294 991; x_wconf 92' lang='lat' dir='ltr'><strong>hoc</strong></span> <span class='ocrx_word' id='word_1_142' title='bbox 2321 952 2449 991; x_wconf 86' lang='lat' dir='ltr'><strong>aure</strong></span> <span class='ocrx_word' id='word_1_143' title='bbox 2481 938 2698 1009; x_wconf 85' lang='lat' dir='ltr'><strong>quidem</strong></span> <span class='ocrx_word' id='word_1_144' title='bbox 2729 941 2970 1004; x_wconf 86' lang='lat' dir='ltr'><strong>audiunt,</strong></span> <span class='ocrx_word' id='word_1_145' title='bbox 3019 944 3122 998; x_wconf 90' lang='lat' dir='ltr'><strong>sed</strong></span> <span class='ocrx_word' id='word_1_146' title='bbox 3169 946 3390 1003; x_wconf 89' lang='lat' dir='ltr'><strong>minime</strong></span> <span class='ocrx_word' id='word_1_147' title='bbox 3435 948 3591 1003; x_wconf 88' lang='lat' dir='ltr'><strong>beati</strong></span> <span class='ocrx_word' id='word_1_148' title='bbox 3643 959 3795 1017; x_wconf 81' lang='lat' dir='ltr'><strong>sunt,</strong></span> 
     </span>
    </p>
   </div>
   <div class='ocr_carea' id='block_1_24' title="bbox 2188 1024 3797 1105">
    <p class='ocr_par' dir='ltr' id='par_1_24' title="bbox 2188 1024 3797 1105">
     <span class='ocr_line' id='line_1_24' title="bbox 2188 1024 3797 1105; baseline 0.011 -28"><span class='ocrx_word' id='word_1_149' title='bbox 2188 1024 2312 1095; x_wconf 89' lang='lat' dir='ltr'><strong>quia</strong></span> <span class='ocrx_word' id='word_1_150' title='bbox 2342 1024 2472 1080; x_wconf 87' lang='lat' dir='ltr'><strong>illud</strong></span> <span class='ocrx_word' id='word_1_151' title='bbox 2503 1029 2788 1097; x_wconf 84' lang='lat' dir='ltr'><strong>opratione</strong></span> <span class='ocrx_word' id='word_1_152' title='bbox 2817 1045 2930 1085; x_wconf 92' lang='lat' dir='ltr'><strong>non</strong></span> <span class='ocrx_word' id='word_1_153' title='bbox 2975 1031 3242 1105; x_wconf 85' lang='lat' dir='ltr'><strong>dilligunt.</strong></span> <span class='ocrx_word' id='word_1_154' title='bbox 3274 1035 3378 1104; x_wconf 87' lang='lat' dir='ltr'><strong>Qui</strong></span> <span class='ocrx_word' id='word_1_155' title='bbox 3426 1046 3623 1092; x_wconf 84' lang='lat' dir='ltr'><strong>autem</strong></span> <span class='ocrx_word' id='word_1_156' title='bbox 3665 1039 3797 1094; x_wconf 85' lang='lat' dir='ltr'><strong>illud</strong></span> 
     </span>
    </p>
   </div>
   <div class='ocr_carea' id='block_1_25' title="bbox 2189 1111 3794 1194">
    <p class='ocr_par' dir='ltr' id='par_1_25' title="bbox 2189 1111 3794 1194">
     <span class='ocr_line' id='line_1_25' title="bbox 2189 1111 3794 1194; baseline 0.01 -28"><span class='ocrx_word' id='word_1_157' title='bbox 2189 1111 2422 1168; x_wconf 90' lang='lat' dir='ltr'><strong>sollicita</strong></span> <span class='ocrx_word' id='word_1_158' title='bbox 2471 1131 2605 1171; x_wconf 88' lang='lat' dir='ltr'><strong>aure</strong></span> <span class='ocrx_word' id='word_1_159' title='bbox 2660 1118 2904 1184; x_wconf 88' lang='lat' dir='ltr'><strong>audiunt,</strong></span> <span class='ocrx_word' id='word_1_160' title='bbox 2963 1121 3173 1176; x_wconf 89' lang='lat' dir='ltr'><strong>intento</strong></span> <span class='ocrx_word' id='word_1_161' title='bbox 3224 1124 3391 1180; x_wconf 91' lang='lat' dir='ltr'><strong>corde</strong></span> <span class='ocrx_word' id='word_1_162' title='bbox 3448 1128 3794 1194; x_wconf 85' lang='lat' dir='ltr'><strong>custodiunt,</strong></span> 
     </span>
    </p>
   </div>
   <div class='ocr_carea' id='block_1_26' title="bbox 2190 1202 3799 1289">
    <p class='ocr_par' dir='ltr' id='par_1_26' title="bbox 2190 1202 3799 1289">
     <span class='ocr_line' id='line_1_26' title="bbox 2190 1202 3799 1289; baseline 0.011 -34"><span class='ocrx_word' id='word_1_163' title='bbox 2190 1202 2392 1257; x_wconf 89' lang='lat' dir='ltr'><strong>devoto</strong></span> <span class='ocrx_word' id='word_1_164' title='bbox 2415 1219 2580 1274; x_wconf 89' lang='lat' dir='ltr'><strong>opere</strong></span> <span class='ocrx_word' id='word_1_165' title='bbox 2606 1205 2835 1276; x_wconf 90' lang='lat' dir='ltr'><strong>implere</strong></span> <span class='ocrx_word' id='word_1_166' title='bbox 2861 1216 3138 1278; x_wconf 80' lang='lat' dir='ltr'><strong>satagunt.</strong></span> <span class='ocrx_word' id='word_1_167' title='bbox 3171 1210 3236 1264; x_wconf 86' lang='lat' dir='ltr'><strong>Hi</strong></span> <span class='ocrx_word' id='word_1_168' title='bbox 3258 1212 3401 1268; x_wconf 88' lang='lat' dir='ltr'><strong>beati</strong></span> <span class='ocrx_word' id='word_1_169' title='bbox 3461 1223 3619 1281; x_wconf 85' lang='lat' dir='ltr'><strong>sunt,</strong></span> <span class='ocrx_word' id='word_1_170' title='bbox 3667 1217 3799 1289; x_wconf 77' lang='lat' dir='ltr'><strong>quia</strong></span> 
     </span>
    </p>
   </div>
   <div class='ocr_carea' id='block_1_27' title="bbox 2189 1299 3405 1365">
    <p class='ocr_par' dir='ltr' id='par_1_27' title="bbox 2189 1299 3405 1365">
     <span class='ocr_line' id='line_1_27' title="bbox 2189 1299 3405 1365; baseline 0.01 -13"><span class='ocrx_word' id='word_1_171' title='bbox 2189 1312 2311 1352; x_wconf 92' lang='lat' dir='ltr'><strong>cum</strong></span> <span class='ocrx_word' id='word_1_172' title='bbox 2343 1299 2510 1355; x_wconf 88' lang='lat' dir='ltr'><strong>verbo</strong></span> <span class='ocrx_word' id='word_1_173' title='bbox 2542 1301 2639 1356; x_wconf 91' lang='lat' dir='ltr'><strong>Dei</strong></span> <span class='ocrx_word' id='word_1_174' title='bbox 2670 1302 2724 1356; x_wconf 93' lang='lat' dir='ltr'><strong>in</strong></span> <span class='ocrx_word' id='word_1_175' title='bbox 2754 1312 3016 1359; x_wconf 76' lang='lat' dir='ltr'><strong>aeternum</strong></span> <span class='ocrx_word' id='word_1_176' title='bbox 3040 1308 3405 1365; x_wconf 88' lang='lat' dir='ltr'><strong>exsultabuut.</strong></span> 
     </span>
    </p>
   </div>
   <div class='ocr_carea' id='block_1_28' title="bbox 2263 1424 3804 1512">
    <p class='ocr_par' dir='ltr' id='par_1_28' title="bbox 2263 1424 3804 1512">
     <span class='ocr_line' id='line_1_28' title="bbox 2263 1424 3804 1512; baseline 0.013 -36"><span class='ocrx_word' id='word_1_177' title='bbox 2263 1447 2284 1470; x_wconf 76' lang='grc' dir='ltr'><strong>α</strong></span> <span class='ocrx_word' id='word_1_178' title='bbox 2318 1424 2464 1478; x_wconf 89' lang='lat' dir='ltr'><strong>ldem</strong></span> <span class='ocrx_word' id='word_1_179' title='bbox 2489 1425 2728 1480; x_wconf 84' lang='lat' dir='ltr'><strong>Verbum</strong></span> <span class='ocrx_word' id='word_1_180' title='bbox 2747 1428 2914 1483; x_wconf 84' lang='lat' dir='ltr'><strong>refert</strong></span> <span class='ocrx_word' id='word_1_181' title='bbox 2934 1430 3096 1486; x_wconf 86' lang='lat' dir='ltr'><strong>hodie</strong></span> <span class='ocrx_word' id='word_1_182' title='bbox 3117 1433 3168 1485; x_wconf 90' lang='lat' dir='ltr'><strong>in</strong></span> <span class='ocrx_word' id='word_1_183' title='bbox 3191 1436 3486 1507; x_wconf 88' lang='lat' dir='ltr'><strong>evangelio</strong></span> <span class='ocrx_word' id='word_1_184' title='bbox 3504 1438 3664 1510; x_wconf 88' lang='lat' dir='ltr'><strong>quod</strong></span> <span class='ocrx_word' id='word_1_185' title='bbox 3682 1441 3804 1512; x_wconf 85' lang='lat' dir='ltr'><strong>qui-</strong></span> 
     </span>
    </p>
   </div>
   <div class='ocr_carea' id='block_1_29' title="bbox 2187 1510 3795 1591">
    <p class='ocr_par' dir='ltr' id='par_1_29' title="bbox 2187 1510 3795 1591">
     <span class='ocr_line' id='line_1_29' title="bbox 2187 1510 3795 1591; baseline 0.013 -27"><span class='ocrx_word' id='word_1_186' title='bbox 2187 1510 2313 1565; x_wconf 91' lang='lat' dir='ltr'><strong>dam</strong></span> <span class='ocrx_word' id='word_1_187' title='bbox 2349 1529 2439 1567; x_wconf 85' lang='lat' dir='ltr'><strong>rex</strong></span> <span class='ocrx_word' id='word_1_188' title='bbox 2481 1513 2608 1570; x_wconf 88' lang='lat' dir='ltr'><strong>fecit</strong></span> <span class='ocrx_word' id='word_1_189' title='bbox 2655 1517 2872 1586; x_wconf 89' lang='lat' dir='ltr'><strong>nuptias</strong></span> <span class='ocrx_word' id='word_1_190' title='bbox 2910 1515 3019 1574; x_wconf 81' lang='lat' dir='ltr'><strong>filio</strong></span> <span class='ocrx_word' id='word_1_191' title='bbox 3064 1537 3189 1575; x_wconf 94' lang='lat' dir='ltr'><strong>suo.</strong></span> <span class='ocrx_word' id='word_1_192' title='bbox 3237 1522 3342 1591; x_wconf 89' lang='lat' dir='ltr'><strong>Qui</strong></span> <span class='ocrx_word' id='word_1_193' title='bbox 3388 1525 3539 1580; x_wconf 89' lang='lat' dir='ltr'><strong>misit</strong></span> <span class='ocrx_word' id='word_1_194' title='bbox 3593 1510 3795 1585; x_wconf 71' lang='lat' dir='ltr'><strong>servos</strong></span> 
     </span>
    </p>
   </div>
   <div class='ocr_carea' id='block_1_30' title="bbox 2189 1596 3798 1668">
    <p class='ocr_par' dir='ltr' id='par_1_30' title="bbox 2189 1596 3798 1668">
     <span class='ocr_line' id='line_1_30' title="bbox 2189 1596 3798 1668; baseline 0.013 -20"><span class='ocrx_word' id='word_1_195' title='bbox 2189 1612 2324 1650; x_wconf 91' lang='lat' dir='ltr'><strong>suos</strong></span> <span class='ocrx_word' id='word_1_196' title='bbox 2370 1596 2628 1653; x_wconf 85' lang='lat' dir='ltr'><strong>invitatos</strong></span> <span class='ocrx_word' id='word_1_197' title='bbox 2678 1616 2896 1668; x_wconf 89' lang='lat' dir='ltr'><strong>vocare,</strong></span> <span class='ocrx_word' id='word_1_198' title='bbox 2929 1611 2982 1656; x_wconf 92' lang='lat' dir='ltr'><strong>et</strong></span> <span class='ocrx_word' id='word_1_199' title='bbox 3019 1605 3279 1660; x_wconf 90' lang='lat' dir='ltr'><strong>nolebant</strong></span> <span class='ocrx_word' id='word_1_200' title='bbox 3307 1610 3522 1666; x_wconf 88' lang='lat' dir='ltr'><strong>venire.</strong></span> <span class='ocrx_word' id='word_1_201' title='bbox 3589 1614 3798 1668; x_wconf 82' lang='lat' dir='ltr'><strong>lterum</strong></span> 
     </span>
    </p>
   </div>
   <div class='ocr_carea' id='block_1_31' title="bbox 493 1674 3797 1771">
    <p class='ocr_par' dir='ltr' id='par_1_31' title="bbox 493 1674 3797 1771">
     <span class='ocr_line' id='line_1_31' title="bbox 493 1674 3797 1771; baseline 0.008 -41"><span class='ocrx_word' id='word_1_202' title='bbox 493 1675 877 1740; x_wconf 85' lang='lat' dir='ltr'><strong>damnationis,</strong></span> <span class='ocrx_word' id='word_1_203' title='bbox 911 1674 1036 1746; x_wconf 89' lang='lat' dir='ltr'><strong>quia</strong></span> <span class='ocrx_word' id='word_1_204' title='bbox 1085 1675 1368 1730; x_wconf 87' lang='lat' dir='ltr'><strong>interiores</strong></span> <span class='ocrx_word' id='word_1_205' title='bbox 1424 1683 1548 1730; x_wconf 90' lang='lat' dir='ltr'><strong>sunt</strong></span> <span class='ocrx_word' id='word_1_206' title='bbox 1599 1678 1813 1732; x_wconf 64' lang='lat' dir='ltr'><strong>caecitas</strong></span> <span class='ocrx_word' id='word_1_207' title='bbox 1866 1678 2073 1733; x_wconf 86' lang='lat' dir='ltr'><strong>cordis.</strong></span> <span class='ocrx_word' id='word_1_208' title='bbox 2106 1691 2160 1750; x_wconf 84' lang='grc' dir='ltr'>Β</span> <span class='ocrx_word' id='word_1_209' title='bbox 2189 1683 2326 1739; x_wconf 88' lang='lat' dir='ltr'><strong>alios</strong></span> <span class='ocrx_word' id='word_1_210' title='bbox 2357 1686 2503 1740; x_wconf 88' lang='lat' dir='ltr'><strong>misit</strong></span> <span class='ocrx_word' id='word_1_211' title='bbox 2541 1706 2552 1740; x_wconf 89' lang='lat'>:</span> <span class='ocrx_word' id='word_1_212' title='bbox 2587 1689 2780 1758; x_wconf 90' lang='lat' dir='ltr'><strong>quibus</strong></span> <span class='ocrx_word' id='word_1_213' title='bbox 2809 1700 2866 1744; x_wconf 89' lang='lat' dir='ltr'><strong>ut</strong></span> <span class='ocrx_word' id='word_1_214' title='bbox 2902 1691 3143 1747; x_wconf 83' lang='lat' dir='ltr'><strong>invitatis</strong></span> <span class='ocrx_word' id='word_1_215' title='bbox 3185 1697 3473 1764; x_wconf 89' lang='lat' dir='ltr'><strong>prandium</strong></span> <span class='ocrx_word' id='word_1_216' title='bbox 3506 1711 3797 1771; x_wconf 85' lang='lat' dir='ltr'><strong>paratum,</strong></span> 
     </span>
    </p>
   </div>
   <div class='ocr_carea' id='block_1_32' title="bbox 491 1764 2077 1838">
    <p class='ocr_par' dir='ltr' id='par_1_32' title="bbox 491 1764 2077 1838">
     <span class='ocr_line' id='line_1_32' title="bbox 491 1764 2077 1838; baseline 0.001 -18"><span class='ocrx_word' id='word_1_217' title='bbox 491 1765 728 1834; x_wconf 81' lang='lat' dir='ltr'><strong>Repulso</strong></span> <span class='ocrx_word' id='word_1_218' title='bbox 759 1779 866 1820; x_wconf 88' lang='lat' dir='ltr'><strong>uno</strong></span> <span class='ocrx_word' id='word_1_219' title='bbox 896 1764 1082 1836; x_wconf 90' lang='lat' dir='ltr'><strong>iniquo</strong></span> <span class='ocrx_word' id='word_1_220' title='bbox 1109 1780 1268 1820; x_wconf 90' lang='lat' dir='ltr'><strong>omne</strong></span> <span class='ocrx_word' id='word_1_221' title='bbox 1298 1780 1497 1835; x_wconf 89' lang='lat' dir='ltr'><strong>corpus</strong></span> <span class='ocrx_word' id='word_1_222' title='bbox 1554 1767 1824 1820; x_wconf 88' lang='lat' dir='ltr'><strong>malorum</strong></span> <span class='ocrx_word' id='word_1_223' title='bbox 1889 1765 2077 1838; x_wconf 73' lang='lat' dir='ltr'><strong>eXpri-</strong></span> 
     </span>
    </p>
   </div>
   <div class='ocr_carea' id='block_1_33' title="bbox 491 1852 1650 1924">
    <p class='ocr_par' dir='ltr' id='par_1_33' title="bbox 491 1852 1650 1924">
     <span class='ocr_line' id='line_1_33' title="bbox 491 1852 1650 1924; baseline 0.001 -16"><span class='ocrx_word' id='word_1_224' title='bbox 491 1854 674 1921; x_wconf 88' lang='lat' dir='ltr'><strong>mitur,</strong></span> <span class='ocrx_word' id='word_1_225' title='bbox 711 1861 764 1908; x_wconf 92' lang='lat' dir='ltr'><strong>et</strong></span> <span class='ocrx_word' id='word_1_226' title='bbox 792 1852 1070 1924; x_wconf 78' lang='lat' dir='ltr'><strong>generalis</strong></span> <span class='ocrx_word' id='word_1_227' title='bbox 1098 1853 1363 1908; x_wconf 89' lang='lat' dir='ltr'><strong>sententia</strong></span> <span class='ocrx_word' id='word_1_228' title='bbox 1392 1853 1650 1910; x_wconf 84' lang='lat' dir='ltr'><strong>infertur.</strong></span> 
     </span>
    </p>
   </div>
   <div class='ocr_carea' id='block_1_34' title="bbox 570 1983 2071 2054">
    <p class='ocr_par' dir='ltr' id='par_1_34' title="bbox 570 1983 2071 2054">
     <span class='ocr_line' id='line_1_34' title="bbox 570 1983 2071 2054; baseline -0.003 -16"><span class='ocrx_word' id='word_1_229' title='bbox 570 2008 590 2032; x_wconf 81' lang='lat'><em>«</em></span> <span class='ocrx_word' id='word_1_230' title='bbox 625 1984 776 2038; x_wconf 85' lang='lat' dir='ltr'><strong>Multi</strong></span> <span class='ocrx_word' id='word_1_231' title='bbox 803 1991 983 2038; x_wconf 90' lang='lat' dir='ltr'><strong>autem</strong></span> <span class='ocrx_word' id='word_1_232' title='bbox 1012 1991 1136 2038; x_wconf 90' lang='lat' dir='ltr'><strong>sunt</strong></span> <span class='ocrx_word' id='word_1_233' title='bbox 1177 1983 1372 2049; x_wconf 85' lang='lat' dir='ltr'><strong>vocati,</strong></span> <span class='ocrx_word' id='word_1_234' title='bbox 1430 1984 1591 2054; x_wconf 90' lang='lat' dir='ltr'><strong>pauci</strong></span> <span class='ocrx_word' id='word_1_235' title='bbox 1642 2001 1767 2040; x_wconf 89' lang='lat' dir='ltr'><strong>vero</strong></span> <span class='ocrx_word' id='word_1_236' title='bbox 1822 1985 2006 2041; x_wconf 89' lang='lat' dir='ltr'><strong>electi.</strong></span> <span class='ocrx_word' id='word_1_237' title='bbox 2051 2008 2071 2034; x_wconf 78' lang='grc' dir='ltr'><strong><em>η</em></strong></span> 
     </span>
    </p>
   </div>
   <div class='ocr_carea' id='block_1_35' title="bbox 491 2081 2078 2153">
    <p class='ocr_par' dir='ltr' id='par_1_35' title="bbox 491 2081 2078 2153">
     <span class='ocr_line' id='line_1_35' title="bbox 491 2081 2078 2153; baseline -0.001 -15"><span class='ocrx_word' id='word_1_238' title='bbox 491 2083 622 2138; x_wconf 86' lang='lat' dir='ltr'><strong>Tale</strong></span> <span class='ocrx_word' id='word_1_239' title='bbox 652 2089 735 2137; x_wconf 87' lang='lat' dir='ltr'><strong>est</strong></span> <span class='ocrx_word' id='word_1_240' title='bbox 767 2081 908 2153; x_wconf 89' lang='lat' dir='ltr'><strong>quod</strong></span> <span class='ocrx_word' id='word_1_241' title='bbox 943 2081 1066 2135; x_wconf 88' lang='lat' dir='ltr'><strong>dicit</strong></span> <span class='ocrx_word' id='word_1_242' title='bbox 1103 2099 1115 2135; x_wconf 90' lang='lat'><strong>:</strong></span> <span class='ocrx_word' id='word_1_243' title='bbox 1147 2081 1269 2136; x_wconf 85' lang='lat' dir='ltr'><strong>Non</strong></span> <span class='ocrx_word' id='word_1_244' title='bbox 1299 2099 1440 2136; x_wconf 90' lang='lat' dir='ltr'><strong>unus</strong></span> <span class='ocrx_word' id='word_1_245' title='bbox 1496 2090 1702 2137; x_wconf 90' lang='lat' dir='ltr'><strong>tantum</strong></span> <span class='ocrx_word' id='word_1_246' title='bbox 1748 2083 1816 2138; x_wconf 93' lang='lat' dir='ltr'><strong>de</strong></span> <span class='ocrx_word' id='word_1_247' title='bbox 1873 2083 2078 2138; x_wconf 87' lang='lat' dir='ltr'><strong>vocatis</strong></span> 
     </span>
    </p>
   </div>
   <div class='ocr_carea' id='block_1_36' title="bbox 492 2170 2078 2244">
    <p class='ocr_par' dir='ltr' id='par_1_36' title="bbox 492 2170 2078 2244">
     <span class='ocr_line' id='line_1_36' title="bbox 492 2170 2078 2244; baseline 0 -17"><span class='ocrx_word' id='word_1_248' title='bbox 492 2181 572 2227; x_wconf 92' lang='lat' dir='ltr'><strong>est</strong></span> <span class='ocrx_word' id='word_1_249' title='bbox 604 2171 811 2240; x_wconf 88' lang='lat' dir='ltr'><strong>ejectus</strong></span> <span class='ocrx_word' id='word_1_250' title='bbox 841 2170 908 2224; x_wconf 93' lang='lat' dir='ltr'><strong>de</strong></span> <span class='ocrx_word' id='word_1_251' title='bbox 941 2170 1163 2240; x_wconf 86' lang='lat' dir='ltr'><strong>nuptiis,</strong></span> <span class='ocrx_word' id='word_1_252' title='bbox 1198 2170 1296 2224; x_wconf 85' lang='lat' dir='ltr'><strong>sed</strong></span> <span class='ocrx_word' id='word_1_253' title='bbox 1326 2171 1395 2225; x_wconf 92' lang='lat' dir='ltr'><strong>de</strong></span> <span class='ocrx_word' id='word_1_254' title='bbox 1427 2171 1608 2225; x_wconf 91' lang='lat' dir='ltr'><strong>multis</strong></span> <span class='ocrx_word' id='word_1_255' title='bbox 1651 2180 1731 2226; x_wconf 92' lang='lat' dir='ltr'><strong>est</strong></span> <span class='ocrx_word' id='word_1_256' title='bbox 1760 2171 2078 2244; x_wconf 88' lang='lat' dir='ltr'><strong>intelligen-</strong></span> 
     </span>
    </p>
   </div>
   <div class='ocr_carea' id='block_1_37' title="bbox 490 2258 2077 2330">
    <p class='ocr_par' dir='ltr' id='par_1_37' title="bbox 490 2258 2077 2330">
     <span class='ocr_line' id='line_1_37' title="bbox 490 2258 2077 2330; baseline 0.001 -15"><span class='ocrx_word' id='word_1_257' title='bbox 490 2262 640 2316; x_wconf 92' lang='lat' dir='ltr'><strong>dum.</strong></span> <span class='ocrx_word' id='word_1_258' title='bbox 674 2258 854 2313; x_wconf 89' lang='lat' dir='ltr'><strong>Divini</strong></span> <span class='ocrx_word' id='word_1_259' title='bbox 889 2259 1032 2313; x_wconf 90' lang='lat' dir='ltr'><strong>enim</strong></span> <span class='ocrx_word' id='word_1_260' title='bbox 1062 2258 1214 2313; x_wconf 90' lang='lat' dir='ltr'><strong>verbi</strong></span> <span class='ocrx_word' id='word_1_261' title='bbox 1245 2275 1388 2314; x_wconf 90' lang='lat' dir='ltr'><strong>nunc</strong></span> <span class='ocrx_word' id='word_1_262' title='bbox 1418 2259 1606 2330; x_wconf 90' lang='lat' dir='ltr'><strong>epulas</strong></span> <span class='ocrx_word' id='word_1_263' title='bbox 1636 2260 1920 2326; x_wconf 84' lang='lat' dir='ltr'><strong>sumimus,</strong></span> <span class='ocrx_word' id='word_1_264' title='bbox 1980 2262 2077 2317; x_wconf 84' lang='lat' dir='ltr'><strong>sed</strong></span> 
     </span>
    </p>
   </div>
   <div class='ocr_carea' id='block_1_38' title="bbox 491 2356 2077 2430">
    <p class='ocr_par' dir='ltr' id='par_1_38' title="bbox 491 2356 2077 2430">
     <span class='ocr_line' id='line_1_38' title="bbox 491 2356 2077 2430; baseline 0.001 -18"><span class='ocrx_word' id='word_1_265' title='bbox 491 2358 547 2412; x_wconf 89' lang='lat' dir='ltr'><strong>in</strong></span> <span class='ocrx_word' id='word_1_266' title='bbox 580 2358 666 2413; x_wconf 91' lang='lat' dir='ltr'><strong>die</strong></span> <span class='ocrx_word' id='word_1_267' title='bbox 691 2356 880 2425; x_wconf 91' lang='lat' dir='ltr'><strong>judicii</strong></span> <span class='ocrx_word' id='word_1_268' title='bbox 911 2373 1001 2410; x_wconf 85' lang='lat' dir='ltr'><strong>rex</strong></span> <span class='ocrx_word' id='word_1_269' title='bbox 1032 2356 1239 2410; x_wconf 89' lang='lat' dir='ltr'><strong>intrans</strong></span> <span class='ocrx_word' id='word_1_270' title='bbox 1264 2373 1365 2412; x_wconf 91' lang='lat' dir='ltr'><strong>nos</strong></span> <span class='ocrx_word' id='word_1_271' title='bbox 1397 2357 1712 2430; x_wconf 83' lang='lat' dir='ltr'><strong>distinguet.</strong></span> <span class='ocrx_word' id='word_1_272' title='bbox 1749 2359 1958 2414; x_wconf 82' lang='lat' dir='ltr'><strong>Aliter:</strong></span> <span class='ocrx_word' id='word_1_273' title='bbox 1995 2360 2077 2413; x_wconf 83' lang='lat' dir='ltr'><strong>Ex</strong></span> 
     </span>
    </p>
   </div>
   <div class='ocr_carea' id='block_1_39' title="bbox 488 2444 2074 2517">
    <p class='ocr_par' dir='ltr' id='par_1_39' title="bbox 488 2444 2074 2517">
     <span class='ocr_line' id='line_1_39' title="bbox 488 2444 2074 2517; baseline 0.002 -17"><span class='ocrx_word' id='word_1_274' title='bbox 488 2448 592 2502; x_wconf 89' lang='lat' dir='ltr'><strong>hoc</strong></span> <span class='ocrx_word' id='word_1_275' title='bbox 623 2445 768 2517; x_wconf 90' lang='lat' dir='ltr'><strong>quod</strong></span> <span class='ocrx_word' id='word_1_276' title='bbox 798 2460 909 2498; x_wconf 91' lang='lat' dir='ltr'><strong>non</strong></span> <span class='ocrx_word' id='word_1_277' title='bbox 943 2444 1094 2510; x_wconf 86' lang='lat' dir='ltr'><strong>dixit,</strong></span> <span class='ocrx_word' id='word_1_278' title='bbox 1147 2444 1369 2499; x_wconf 88' lang='lat' dir='ltr'><strong>intravit</strong></span> <span class='ocrx_word' id='word_1_279' title='bbox 1424 2463 1516 2500; x_wconf 91' lang='lat' dir='ltr'><strong>rex</strong></span> <span class='ocrx_word' id='word_1_280' title='bbox 1574 2456 1631 2501; x_wconf 92' lang='lat' dir='ltr'><strong>ut</strong></span> <span class='ocrx_word' id='word_1_281' title='bbox 1681 2456 2074 2514; x_wconf 87' lang='lat' dir='ltr'><strong>remuneraret,</strong></span> 
     </span>
    </p>
   </div>
   <div class='ocr_carea' id='block_1_40' title="bbox 489 2532 2076 2604">
    <p class='ocr_par' dir='ltr' id='par_1_40' title="bbox 489 2532 2076 2604">
     <span class='ocr_line' id='line_1_40' title="bbox 489 2532 2076 2604; baseline 0.001 -14"><span class='ocrx_word' id='word_1_282' title='bbox 489 2534 607 2600; x_wconf 88' lang='lat' dir='ltr'><strong>sed,</strong></span> <span class='ocrx_word' id='word_1_283' title='bbox 644 2541 699 2588; x_wconf 89' lang='lat' dir='ltr'><strong>ut</strong></span> <span class='ocrx_word' id='word_1_284' title='bbox 727 2532 968 2598; x_wconf 87' lang='lat' dir='ltr'><strong>videret,</strong></span> <span class='ocrx_word' id='word_1_285' title='bbox 1001 2532 1161 2587; x_wconf 89' lang='lat' dir='ltr'><strong>datur</strong></span> <span class='ocrx_word' id='word_1_286' title='bbox 1191 2533 1430 2604; x_wconf 89' lang='lat' dir='ltr'><strong>suspicio</strong></span> <span class='ocrx_word' id='word_1_287' title='bbox 1461 2551 1529 2590; x_wconf 91' lang='lat' dir='ltr'><strong>ne</strong></span> <span class='ocrx_word' id='word_1_288' title='bbox 1557 2534 1695 2590; x_wconf 82' lang='lat' dir='ltr'><strong>forte</strong></span> <span class='ocrx_word' id='word_1_289' title='bbox 1723 2537 1828 2591; x_wconf 89' lang='lat' dir='ltr'><strong>hoc</strong></span> <span class='ocrx_word' id='word_1_290' title='bbox 1857 2552 1964 2591; x_wconf 91' lang='lat' dir='ltr'><strong>non</strong></span> <span class='ocrx_word' id='word_1_291' title='bbox 2007 2537 2076 2592; x_wconf 92' lang='lat' dir='ltr'><strong>de</strong></span> 
     </span>
    </p>
   </div>
   <div class='ocr_carea' id='block_1_41' title="bbox 490 2629 2076 2704">
    <p class='ocr_par' dir='ltr' id='par_1_41' title="bbox 490 2629 2076 2704">
     <span class='ocr_line' id='line_1_41' title="bbox 490 2629 2076 2704; baseline -0.001 -14"><span class='ocrx_word' id='word_1_292' title='bbox 490 2631 725 2690; x_wconf 88' lang='lat' dir='ltr'><strong>vindicta</strong></span> <span class='ocrx_word' id='word_1_293' title='bbox 752 2629 938 2698; x_wconf 86' lang='lat' dir='ltr'><strong>judicii</strong></span> <span class='ocrx_word' id='word_1_294' title='bbox 967 2629 1321 2701; x_wconf 67' lang='lat' dir='ltr'><strong>intelligatur.</strong></span> <span class='ocrx_word' id='word_1_295' title='bbox 1353 2632 1543 2704; x_wconf 90' lang='lat' dir='ltr'><strong>Neque</strong></span> <span class='ocrx_word' id='word_1_296' title='bbox 1575 2635 1717 2688; x_wconf 90' lang='lat' dir='ltr'><strong>enim</strong></span> <span class='ocrx_word' id='word_1_297' title='bbox 1744 2633 1876 2688; x_wconf 85' lang='lat' dir='ltr'><strong>dixit</strong></span> <span class='ocrx_word' id='word_1_298' title='bbox 1912 2655 1922 2690; x_wconf 94' lang='lat'>:</span> <span class='ocrx_word' id='word_1_299' title='bbox 1957 2635 2076 2689; x_wconf 84' lang='lat' dir='ltr'><strong>Mit-</strong></span> 
     </span>
    </p>
   </div>
   <div class='ocr_carea' id='block_1_42' title="bbox 494 2719 2078 2787">
    <p class='ocr_par' dir='ltr' id='par_1_42' title="bbox 494 2719 2078 2787">
     <span class='ocr_line' id='line_1_42' title="bbox 494 2719 2078 2787; baseline 0.003 -13"><span class='ocrx_word' id='word_1_300' title='bbox 494 2721 588 2775; x_wconf 87' lang='lat' dir='ltr'><strong>tite</strong></span> <span class='ocrx_word' id='word_1_301' title='bbox 620 2736 740 2774; x_wconf 91' lang='lat' dir='ltr'><strong>eum</strong></span> <span class='ocrx_word' id='word_1_302' title='bbox 776 2720 829 2772; x_wconf 89' lang='lat' dir='ltr'><strong>in</strong></span> <span class='ocrx_word' id='word_1_303' title='bbox 864 2719 1120 2774; x_wconf 82' lang='lat' dir='ltr'><strong>tenebras</strong></span> <span class='ocrx_word' id='word_1_304' title='bbox 1177 2720 1486 2787; x_wconf 87' lang='lat' dir='ltr'><strong>inferiores,</strong></span> <span class='ocrx_word' id='word_1_305' title='bbox 1547 2721 1600 2776; x_wconf 91' lang='lat' dir='ltr'><strong>id</strong></span> <span class='ocrx_word' id='word_1_306' title='bbox 1633 2731 1714 2776; x_wconf 89' lang='lat' dir='ltr'><strong>est</strong></span> <span class='ocrx_word' id='word_1_307' title='bbox 1744 2723 1794 2776; x_wconf 92' lang='lat' dir='ltr'><strong>in</strong></span> <span class='ocrx_word' id='word_1_308' title='bbox 1822 2722 2078 2779; x_wconf 89' lang='lat' dir='ltr'><strong>inferiora</strong></span> 
     </span>
    </p>
   </div>
   <div class='ocr_carea' id='block_1_43' title="bbox 485 2806 2076 2881">
    <p class='ocr_par' dir='ltr' id='par_1_43' title="bbox 485 2806 2076 2881">
     <span class='ocr_line' id='line_1_43' title="bbox 485 2806 2076 2881; baseline 0.001 -16"><span class='ocrx_word' id='word_1_309' title='bbox 485 2810 606 2865; x_wconf 89' lang='lat' dir='ltr'><strong>loca</strong></span> <span class='ocrx_word' id='word_1_310' title='bbox 646 2806 866 2863; x_wconf 85' lang='lat' dir='ltr'><strong>inferni.</strong></span> <span class='ocrx_word' id='word_1_311' title='bbox 916 2809 1070 2863; x_wconf 89' lang='lat' dir='ltr'><strong>Unde</strong></span> <span class='ocrx_word' id='word_1_312' title='bbox 1124 2807 1300 2862; x_wconf 90' lang='lat' dir='ltr'><strong>alibi:</strong></span> <span class='ocrx_word' id='word_1_313' title='bbox 1355 2832 1376 2855; x_wconf 86' lang='lat'><strong>«</strong></span> <span class='ocrx_word' id='word_1_314' title='bbox 1426 2810 1492 2864; x_wconf 85' lang='lat' dir='ltr'><strong>Et</strong></span> <span class='ocrx_word' id='word_1_315' title='bbox 1546 2811 1792 2881; x_wconf 85' lang='lat' dir='ltr'><strong>eripuisti</strong></span> <span class='ocrx_word' id='word_1_316' title='bbox 1842 2813 2076 2867; x_wconf 90' lang='lat' dir='ltr'><strong>animam</strong></span> 
     </span>
    </p>
   </div>
   <div class='ocr_carea' id='block_1_44' title="bbox 489 2905 2078 2980">
    <p class='ocr_par' dir='ltr' id='par_1_44' title="bbox 489 2905 2078 2980">
     <span class='ocr_line' id='line_1_44' title="bbox 489 2905 2078 2980; baseline 0.002 -19"><span class='ocrx_word' id='word_1_317' title='bbox 489 2923 672 2961; x_wconf 87' lang='lat' dir='ltr'><strong>meam</strong></span> <span class='ocrx_word' id='word_1_318' title='bbox 702 2923 766 2962; x_wconf 88' lang='lat' dir='ltr'><strong>ex</strong></span> <span class='ocrx_word' id='word_1_319' title='bbox 795 2905 1005 2960; x_wconf 84' lang='lat' dir='ltr'><strong>inferno</strong></span> <span class='ocrx_word' id='word_1_320' title='bbox 1034 2905 1278 2960; x_wconf 84' lang='lat' dir='ltr'><strong>inferiori</strong></span> <span class='ocrx_word' id='word_1_321' title='bbox 1301 2909 1478 2976; x_wconf 78' lang='lat' dir='ltr'><strong>(Psal.</strong></span> <span class='ocrx_word' id='word_1_322' title='bbox 1507 2909 1745 2980; x_wconf 82' lang='lat' dir='ltr'><strong>Lxxxv),</strong></span> <span class='ocrx_word' id='word_1_323' title='bbox 1777 2934 1796 2957; x_wconf 70' lang='grc' dir='ltr'><strong>ιν</strong></span> <span class='ocrx_word' id='word_1_324' title='bbox 1824 2912 1917 2965; x_wconf 89' lang='lat' dir='ltr'><strong>sed</strong></span> <span class='ocrx_word' id='word_1_325' title='bbox 1942 2911 2078 2966; x_wconf 86' lang='lat' dir='ltr'><strong>dixit</strong></span> 
     </span>
    </p>
   </div>
   <div class='ocr_carea' id='block_1_45' title="bbox 485 2994 2078 3064">
    <p class='ocr_par' dir='ltr' id='par_1_45' title="bbox 485 2994 2078 3064">
     <span class='ocr_line' id='line_1_45' title="bbox 485 2994 2078 3064; baseline 0.002 -13"><span class='ocrx_word' id='word_1_326' title='bbox 485 2995 806 3051; x_wconf 80' lang='lat' dir='ltr'><strong>exteriores.</strong></span> <span class='ocrx_word' id='word_1_327' title='bbox 838 2994 989 3064; x_wconf 85' lang='lat' dir='ltr'><strong>Ergo</strong></span> <span class='ocrx_word' id='word_1_328' title='bbox 1033 2994 1335 3049; x_wconf 90' lang='lat' dir='ltr'><strong>secundum</strong></span> <span class='ocrx_word' id='word_1_329' title='bbox 1383 2996 1522 3052; x_wconf 91' lang='lat' dir='ltr'><strong>hanc</strong></span> <span class='ocrx_word' id='word_1_330' title='bbox 1581 2998 1904 3052; x_wconf 88' lang='lat' dir='ltr'><strong>sententiam</strong></span> <span class='ocrx_word' id='word_1_331' title='bbox 1959 2999 2078 3054; x_wconf 90' lang='lat' dir='ltr'><strong>dies</strong></span> 
     </span>
    </p>
   </div>
   <div class='ocr_carea' id='block_1_46' title="bbox 2185 1775 3805 1859">
    <p class='ocr_par' dir='ltr' id='par_1_46' title="bbox 2185 1775 3805 1859">
     <span class='ocr_line' id='line_1_46' title="bbox 2185 1775 3805 1859; baseline 0.01 -32"><span class='ocrx_word' id='word_1_332' title='bbox 2185 1781 2373 1828; x_wconf 84' lang='lat' dir='ltr'><strong>tauros</strong></span> <span class='ocrx_word' id='word_1_333' title='bbox 2413 1783 2466 1829; x_wconf 90' lang='lat' dir='ltr'><strong>et</strong></span> <span class='ocrx_word' id='word_1_334' title='bbox 2513 1775 2681 1830; x_wconf 88' lang='lat' dir='ltr'><strong>altilia</strong></span> <span class='ocrx_word' id='word_1_335' title='bbox 2726 1779 2930 1844; x_wconf 89' lang='lat' dir='ltr'><strong>occisa,</strong></span> <span class='ocrx_word' id='word_1_336' title='bbox 2980 1789 3031 1835; x_wconf 91' lang='lat' dir='ltr'><strong>et</strong></span> <span class='ocrx_word' id='word_1_337' title='bbox 3073 1785 3258 1838; x_wconf 87' lang='lat' dir='ltr'><strong>omnia</strong></span> <span class='ocrx_word' id='word_1_338' title='bbox 3294 1796 3490 1859; x_wconf 88' lang='lat' dir='ltr'><strong>parata</strong></span> <span class='ocrx_word' id='word_1_339' title='bbox 3535 1790 3805 1846; x_wconf 85' lang='lat' dir='ltr'><strong>dicerent</strong></span> 
     </span>
    </p>
   </div>
   <div class='ocr_carea' id='block_1_47' title="bbox 2186 1863 3802 1944">
    <p class='ocr_par' dir='ltr' id='par_1_47' title="bbox 2186 1863 3802 1944">
     <span class='ocr_line' id='line_1_47' title="bbox 2186 1863 3802 1944; baseline 0.012 -29"><span class='ocrx_word' id='word_1_340' title='bbox 2186 1863 2472 1932; x_wconf 63' lang='lat' dir='ltr'><strong>praecepit.</strong></span> <span class='ocrx_word' id='word_1_341' title='bbox 2509 1868 2575 1918; x_wconf 83' lang='lat' dir='ltr'><strong>At</strong></span> <span class='ocrx_word' id='word_1_342' title='bbox 2603 1865 2681 1919; x_wconf 92' lang='lat' dir='ltr'><strong>illi</strong></span> <span class='ocrx_word' id='word_1_343' title='bbox 2726 1867 3093 1939; x_wconf 80' lang='lat' dir='ltr'><strong>negligentes,</strong></span> <span class='ocrx_word' id='word_1_344' title='bbox 3136 1873 3273 1927; x_wconf 90' lang='lat' dir='ltr'><strong>alius</strong></span> <span class='ocrx_word' id='word_1_345' title='bbox 3302 1876 3356 1930; x_wconf 93' lang='lat' dir='ltr'><strong>in</strong></span> <span class='ocrx_word' id='word_1_346' title='bbox 3387 1876 3608 1944; x_wconf 87' lang='lat' dir='ltr'><strong>villam,</strong></span> <span class='ocrx_word' id='word_1_347' title='bbox 3654 1880 3802 1936; x_wconf 80' lang='lat' dir='ltr'><strong>alius</strong></span> 
     </span>
    </p>
   </div>
   <div class='ocr_carea' id='block_1_48' title="bbox 2185 1950 3803 2028">
    <p class='ocr_par' dir='ltr' id='par_1_48' title="bbox 2185 1950 3803 2028">
     <span class='ocr_line' id='line_1_48' title="bbox 2185 1950 3803 2028; baseline 0.014 -24"><span class='ocrx_word' id='word_1_348' title='bbox 2185 1950 2252 2004; x_wconf 92' lang='lat' dir='ltr'><strong>ad</strong></span> <span class='ocrx_word' id='word_1_349' title='bbox 2284 1951 2705 2022; x_wconf 87' lang='lat' dir='ltr'><strong>negotiationem</strong></span> <span class='ocrx_word' id='word_1_350' title='bbox 2735 1971 2887 2010; x_wconf 91' lang='lat' dir='ltr'><strong>suam</strong></span> <span class='ocrx_word' id='word_1_351' title='bbox 2918 1958 3172 2015; x_wconf 77' lang='lat' dir='ltr'><strong>abierunt</strong></span> <span class='ocrx_word' id='word_1_352' title='bbox 3203 1981 3216 2028; x_wconf 93' lang='lat'><strong>;</strong></span> <span class='ocrx_word' id='word_1_353' title='bbox 3246 1963 3338 2018; x_wconf 89' lang='lat' dir='ltr'><strong>alii</strong></span> <span class='ocrx_word' id='word_1_354' title='bbox 3377 1969 3564 2021; x_wconf 88' lang='lat' dir='ltr'><strong>tentos</strong></span> <span class='ocrx_word' id='word_1_355' title='bbox 3596 1984 3803 2025; x_wconf 79' lang='lat' dir='ltr'><strong>servos</strong></span> 
     </span>
    </p>
   </div>
   <div class='ocr_carea' id='block_1_49' title="bbox 2187 2050 3803 2130">
    <p class='ocr_par' dir='ltr' id='par_1_49' title="bbox 2187 2050 3803 2130">
     <span class='ocr_line' id='line_1_49' title="bbox 2187 2050 3803 2130; baseline 0.013 -28"><span class='ocrx_word' id='word_1_356' title='bbox 2187 2055 2238 2102; x_wconf 92' lang='lat' dir='ltr'><strong>et</strong></span> <span class='ocrx_word' id='word_1_357' title='bbox 2269 2050 2619 2105; x_wconf 89' lang='lat' dir='ltr'><strong>contumeliis</strong></span> <span class='ocrx_word' id='word_1_358' title='bbox 2650 2052 2872 2109; x_wconf 80' lang='lat' dir='ltr'><strong>aﬂ&#39;ectos</strong></span> <span class='ocrx_word' id='word_1_359' title='bbox 2903 2056 3237 2114; x_wconf 89' lang='lat' dir='ltr'><strong>occiderunt.</strong></span> <span class='ocrx_word' id='word_1_360' title='bbox 3281 2059 3430 2130; x_wconf 88' lang='lat' dir='ltr'><strong>Quos</strong></span> <span class='ocrx_word' id='word_1_361' title='bbox 3459 2081 3560 2119; x_wconf 88' lang='lat' dir='ltr'><strong>rex</strong></span> <span class='ocrx_word' id='word_1_362' title='bbox 3607 2067 3803 2122; x_wconf 74' lang='lat' dir='ltr'><strong>missis</strong></span> 
     </span>
    </p>
   </div>
   <div class='ocr_carea' id='block_1_50' title="bbox 2185 2136 3794 2211">
    <p class='ocr_par' dir='ltr' id='par_1_50' title="bbox 2185 2136 3794 2211">
     <span class='ocr_line' id='line_1_50' title="bbox 2185 2136 3794 2211; baseline 0.012 -22"><span class='ocrx_word' id='word_1_363' title='bbox 2185 2136 2516 2193; x_wconf 87' lang='lat' dir='ltr'><strong>exercitibus</strong></span> <span class='ocrx_word' id='word_1_364' title='bbox 2547 2141 2799 2209; x_wconf 90' lang='lat' dir='ltr'><strong>perdidit,</strong></span> <span class='ocrx_word' id='word_1_365' title='bbox 2833 2151 2886 2197; x_wconf 91' lang='lat' dir='ltr'><strong>et</strong></span> <span class='ocrx_word' id='word_1_366' title='bbox 2915 2145 3185 2201; x_wconf 88' lang='lat' dir='ltr'><strong>civitatem</strong></span> <span class='ocrx_word' id='word_1_367' title='bbox 3217 2150 3431 2206; x_wconf 88' lang='lat' dir='ltr'><strong>illorum</strong></span> <span class='ocrx_word' id='word_1_368' title='bbox 3465 2157 3794 2211; x_wconf 82' lang='lat' dir='ltr'><strong>succendit.</strong></span> 
     </span>
    </p>
   </div>
   <div class='ocr_carea' id='block_1_51' title="bbox 2185 2225 3800 2310">
    <p class='ocr_par' dir='ltr' id='par_1_51' title="bbox 2185 2225 3800 2310">
     <span class='ocr_line' id='line_1_51' title="bbox 2185 2225 3800 2310; baseline 0.014 -32"><span class='ocrx_word' id='word_1_369' title='bbox 2185 2225 2398 2281; x_wconf 90' lang='lat' dir='ltr'><strong>Deinde</strong></span> <span class='ocrx_word' id='word_1_370' title='bbox 2419 2228 2487 2280; x_wconf 90' lang='lat' dir='ltr'><strong>ad</strong></span> <span class='ocrx_word' id='word_1_371' title='bbox 2518 2228 2692 2284; x_wconf 84' lang='lat' dir='ltr'><strong>exitus</strong></span> <span class='ocrx_word' id='word_1_372' title='bbox 2713 2231 2923 2287; x_wconf 87' lang='lat' dir='ltr'><strong>viarum</strong></span> <span class='ocrx_word' id='word_1_373' title='bbox 2957 2235 3121 2302; x_wconf 90' lang='lat' dir='ltr'><strong>misit,</strong></span> <span class='ocrx_word' id='word_1_374' title='bbox 3173 2247 3225 2292; x_wconf 87' lang='lat' dir='ltr'><strong>et</strong></span> <span class='ocrx_word' id='word_1_375' title='bbox 3279 2241 3554 2310; x_wconf 87' lang='lat' dir='ltr'><strong>quoslibet</strong></span> <span class='ocrx_word' id='word_1_376' title='bbox 3623 2246 3800 2301; x_wconf 81' lang='lat' dir='ltr'><strong>advo-</strong></span> 
     </span>
    </p>
   </div>
   <div class='ocr_carea' id='block_1_52' title="bbox 2186 2315 3800 2406">
    <p class='ocr_par' dir='ltr' id='par_1_52' title="bbox 2186 2315 3800 2406">
     <span class='ocr_line' id='line_1_52' title="bbox 2186 2315 3800 2406; baseline 0.015 -37"><span class='ocrx_word' id='word_1_377' title='bbox 2186 2315 2300 2369; x_wconf 88' lang='lat' dir='ltr'><strong>cari</strong></span> <span class='ocrx_word' id='word_1_378' title='bbox 2325 2315 2502 2382; x_wconf 87' lang='lat' dir='ltr'><strong>jussit.</strong></span> <span class='ocrx_word' id='word_1_379' title='bbox 2539 2318 2833 2390; x_wconf 85' lang='lat' dir='ltr'><strong>Postquam</strong></span> <span class='ocrx_word' id='word_1_380' title='bbox 2864 2330 3045 2378; x_wconf 88' lang='lat' dir='ltr'><strong>autem</strong></span> <span class='ocrx_word' id='word_1_381' title='bbox 3105 2325 3342 2397; x_wconf 70' lang='lat' dir='ltr'><strong>impletae</strong></span> <span class='ocrx_word' id='word_1_382' title='bbox 3389 2339 3524 2385; x_wconf 86' lang='lat' dir='ltr'><strong>sunt</strong></span> <span class='ocrx_word' id='word_1_383' title='bbox 3584 2336 3800 2406; x_wconf 63' lang='lat' dir='ltr'><strong>nupti:</strong></span> 
     </span>
    </p>
   </div>
   <div class='ocr_carea' id='block_1_53' title="bbox 2185 2403 3794 2488">
    <p class='ocr_par' dir='ltr' id='par_1_53' title="bbox 2185 2403 3794 2488">
     <span class='ocr_line' id='line_1_53' title="bbox 2185 2403 3794 2488; baseline 0.014 -32"><span class='ocrx_word' id='word_1_384' title='bbox 2185 2403 2658 2472; x_wconf 89' lang='lat' dir='ltr'><strong>discumbentium,</strong></span> <span class='ocrx_word' id='word_1_385' title='bbox 2691 2408 2906 2465; x_wconf 89' lang='lat' dir='ltr'><strong>intrans</strong></span> <span class='ocrx_word' id='word_1_386' title='bbox 2929 2428 3021 2466; x_wconf 90' lang='lat' dir='ltr'><strong>rex</strong></span> <span class='ocrx_word' id='word_1_387' title='bbox 3054 2414 3189 2470; x_wconf 87' lang='lat' dir='ltr'><strong>vidit</strong></span> <span class='ocrx_word' id='word_1_388' title='bbox 3218 2419 3512 2488; x_wconf 87' lang='lat' dir='ltr'><strong>quemdam</strong></span> <span class='ocrx_word' id='word_1_389' title='bbox 3546 2403 3794 2479; x_wconf 20' lang='lat' dir='ltr'><strong>noniha-</strong></span> 
     </span>
    </p>
   </div>
   <div class='ocr_carea' id='block_1_54' title="bbox 2186 2502 3795 2593">
    <p class='ocr_par' dir='ltr' id='par_1_54' title="bbox 2186 2502 3795 2593">
     <span class='ocr_line' id='line_1_54' title="bbox 2186 2502 3795 2593; baseline 0.013 -37"><span class='ocrx_word' id='word_1_390' title='bbox 2186 2502 2313 2557; x_wconf 91' lang='lat' dir='ltr'><strong>bere</strong></span> <span class='ocrx_word' id='word_1_391' title='bbox 2344 2511 2549 2559; x_wconf 89' lang='lat' dir='ltr'><strong>vestem</strong></span> <span class='ocrx_word' id='word_1_392' title='bbox 2578 2504 2634 2558; x_wconf 91' lang='lat' dir='ltr'><strong>in</strong></span> <span class='ocrx_word' id='word_1_393' title='bbox 2664 2507 2867 2576; x_wconf 84' lang='lat' dir='ltr'><strong>nuptiis</strong></span> <span class='ocrx_word' id='word_1_394' title='bbox 2897 2510 3182 2576; x_wconf 88' lang='lat' dir='ltr'><strong>utentium,</strong></span> <span class='ocrx_word' id='word_1_395' title='bbox 3209 2512 3382 2583; x_wconf 88' lang='lat' dir='ltr'><strong>jussit</strong></span> <span class='ocrx_word' id='word_1_396' title='bbox 3421 2533 3549 2572; x_wconf 92' lang='lat' dir='ltr'><strong>eum</strong></span> <span class='ocrx_word' id='word_1_397' title='bbox 3603 2520 3795 2593; x_wconf 82' lang='lat' dir='ltr'><strong>ligatis</strong></span> 
     </span>
    </p>
   </div>
   <div class='ocr_carea' id='block_1_55' title="bbox 2185 2591 3790 2678">
    <p class='ocr_par' dir='ltr' id='par_1_55' title="bbox 2185 2591 3790 2678">
     <span class='ocr_line' id='line_1_55' title="bbox 2185 2591 3790 2678; baseline 0.014 -34"><span class='ocrx_word' id='word_1_398' title='bbox 2185 2591 2439 2646; x_wconf 81' lang='lat' dir='ltr'><strong>manibus</strong></span> <span class='ocrx_word' id='word_1_399' title='bbox 2466 2603 2520 2648; x_wconf 92' lang='lat' dir='ltr'><strong>et</strong></span> <span class='ocrx_word' id='word_1_400' title='bbox 2545 2594 2777 2664; x_wconf 76' lang='lat' dir='ltr'><strong>pedibus</strong></span> <span class='ocrx_word' id='word_1_401' title='bbox 2814 2597 3008 2668; x_wconf 89' lang='lat' dir='ltr'><strong>projici</strong></span> <span class='ocrx_word' id='word_1_402' title='bbox 3047 2599 3098 2654; x_wconf 89' lang='lat' dir='ltr'><strong>in</strong></span> <span class='ocrx_word' id='word_1_403' title='bbox 3149 2604 3399 2658; x_wconf 88' lang='lat' dir='ltr'><strong>tenebras</strong></span> <span class='ocrx_word' id='word_1_404' title='bbox 3445 2591 3790 2678; x_wconf 70' lang='lat' dir='ltr'><strong>exteriores,</strong></span> 
     </span>
    </p>
   </div>
   <div class='ocr_carea' id='block_1_56' title="bbox 2186 2681 3795 2766">
    <p class='ocr_par' dir='ltr' id='par_1_56' title="bbox 2186 2681 3795 2766">
     <span class='ocr_line' id='line_1_56' title="bbox 2186 2681 3795 2766; baseline 0.013 -32"><span class='ocrx_word' id='word_1_405' title='bbox 2186 2681 2278 2734; x_wconf 91' lang='lat' dir='ltr'><strong>ubi</strong></span> <span class='ocrx_word' id='word_1_406' title='bbox 2309 2691 2455 2736; x_wconf 83' lang='lat' dir='ltr'><strong>esset</strong></span> <span class='ocrx_word' id='word_1_407' title='bbox 2482 2683 2641 2738; x_wconf 77' lang='lat' dir='ltr'><strong>fletus</strong></span> <span class='ocrx_word' id='word_1_408' title='bbox 2668 2691 2719 2739; x_wconf 89' lang='lat' dir='ltr'><strong>et</strong></span> <span class='ocrx_word' id='word_1_409' title='bbox 2751 2685 2953 2741; x_wconf 91' lang='lat' dir='ltr'><strong>stridor</strong></span> <span class='ocrx_word' id='word_1_410' title='bbox 2981 2688 3256 2756; x_wconf 88' lang='lat' dir='ltr'><strong>dentium;</strong></span> <span class='ocrx_word' id='word_1_411' title='bbox 3291 2693 3566 2766; x_wconf 84' lang='lat' dir='ltr'><strong>dixitique</strong></span> <span class='ocrx_word' id='word_1_412' title='bbox 3585 2700 3795 2755; x_wconf 86' lang='lat' dir='ltr'><strong>multos</strong></span> 
     </span>
    </p>
   </div>
   <div class='ocr_carea' id='block_1_57' title="bbox 2187 2787 3797 2867">
    <p class='ocr_par' dir='ltr' id='par_1_57' title="bbox 2187 2787 3797 2867">
     <span class='ocr_line' id='line_1_57' title="bbox 2187 2787 3797 2867; baseline 0.016 -37"><span class='ocrx_word' id='word_1_413' title='bbox 2187 2792 2310 2833; x_wconf 89' lang='lat' dir='ltr'><strong>esse</strong></span> <span class='ocrx_word' id='word_1_414' title='bbox 2341 2788 2582 2840; x_wconf 87' lang='lat' dir='ltr'><strong>vocatos.</strong></span> <span class='ocrx_word' id='word_1_415' title='bbox 2617 2798 2819 2851; x_wconf 88' lang='lat' dir='ltr'><strong>paucos</strong></span> <span class='ocrx_word' id='word_1_416' title='bbox 2838 2800 2969 2840; x_wconf 85' lang='lat' dir='ltr'><strong>vero</strong></span> <span class='ocrx_word' id='word_1_417' title='bbox 2999 2787 3202 2843; x_wconf 87' lang='lat' dir='ltr'><strong>electos</strong></span> <span class='ocrx_word' id='word_1_418' title='bbox 3224 2791 3452 2860; x_wconf 72' lang='lat' dir='ltr'><strong>(Matth.</strong></span> <span class='ocrx_word' id='word_1_419' title='bbox 3481 2799 3650 2867; x_wconf 77' lang='lat' dir='ltr'><strong>xm).</strong></span> <span class='ocrx_word' id='word_1_420' title='bbox 3680 2799 3797 2854; x_wconf 74' lang='lat' dir='ltr'><strong>Rex</strong></span> 
     </span>
    </p>
   </div>
   <div class='ocr_carea' id='block_1_58' title="bbox 2188 2866 3798 2951">
    <p class='ocr_par' dir='ltr' id='par_1_58' title="bbox 2188 2866 3798 2951">
     <span class='ocr_line' id='line_1_58' title="bbox 2188 2866 3798 2951; baseline 0.014 -31"><span class='ocrx_word' id='word_1_421' title='bbox 2188 2866 2278 2937; x_wconf 93' lang='lat' dir='ltr'><strong>qui</strong></span> <span class='ocrx_word' id='word_1_422' title='bbox 2310 2870 2523 2938; x_wconf 88' lang='lat' dir='ltr'><strong>nuptias</strong></span> <span class='ocrx_word' id='word_1_423' title='bbox 2552 2868 2661 2924; x_wconf 81' lang='lat' dir='ltr'><strong>filio</strong></span> <span class='ocrx_word' id='word_1_424' title='bbox 2693 2871 2817 2926; x_wconf 91' lang='lat' dir='ltr'><strong>fecit</strong></span> <span class='ocrx_word' id='word_1_425' title='bbox 2847 2882 2929 2928; x_wconf 89' lang='lat' dir='ltr'><strong>est</strong></span> <span class='ocrx_word' id='word_1_426' title='bbox 2957 2875 3106 2930; x_wconf 88' lang='lat' dir='ltr'><strong>Deus</strong></span> <span class='ocrx_word' id='word_1_427' title='bbox 3129 2879 3307 2943; x_wconf 88' lang='lat' dir='ltr'><strong>Pater,</strong></span> <span class='ocrx_word' id='word_1_428' title='bbox 3331 2882 3423 2951; x_wconf 92' lang='lat' dir='ltr'><strong>qui</strong></span> <span class='ocrx_word' id='word_1_429' title='bbox 3447 2883 3580 2939; x_wconf 84' lang='lat' dir='ltr'><strong>Jesu</strong></span> <span class='ocrx_word' id='word_1_430' title='bbox 3605 2866 3798 2948; x_wconf 80' lang='lat' dir='ltr'><strong>Chri-</strong></span> 
     </span>
    </p>
   </div>
   <div class='ocr_carea' id='block_1_59' title="bbox 2187 2955 3799 3045">
    <p class='ocr_par' dir='ltr' id='par_1_59' title="bbox 2187 2955 3799 3045">
     <span class='ocr_line' id='line_1_59' title="bbox 2187 2955 3799 3045; baseline 0.016 -37"><span class='ocrx_word' id='word_1_431' title='bbox 2187 2964 2270 3009; x_wconf 93' lang='lat' dir='ltr'><strong>sto</strong></span> <span class='ocrx_word' id='word_1_432' title='bbox 2301 2955 2435 3011; x_wconf 86' lang='lat' dir='ltr'><strong>Filio</strong></span> <span class='ocrx_word' id='word_1_433' title='bbox 2463 2974 2562 3013; x_wconf 89' lang='lat' dir='ltr'><strong>suo</strong></span> <span class='ocrx_word' id='word_1_434' title='bbox 2591 2975 2850 3029; x_wconf 88' lang='lat' dir='ltr'><strong>sponsum</strong></span> <span class='ocrx_word' id='word_1_435' title='bbox 2901 2963 3203 3020; x_wconf 78' lang='lat' dir='ltr'><strong>Ecclesiam</strong></span> <span class='ocrx_word' id='word_1_436' title='bbox 3246 2970 3563 3040; x_wconf 84' lang='lat' dir='ltr'><strong>conjunxit.</strong></span> <span class='ocrx_word' id='word_1_437' title='bbox 3622 2976 3799 3045; x_wconf 85' lang='lat' dir='ltr'><strong>Hujus</strong></span> 
     </span>
    </p>
   </div>
   <div class='ocr_carea' id='block_1_60' title="bbox 482 3049 3790 3158">
    <p class='ocr_par' dir='ltr' id='par_1_60' title="bbox 482 3049 3790 3158">
     <span class='ocr_line' id='line_1_60' title="bbox 482 3049 3790 3158; baseline 0.006 -18"><span class='ocrx_word' id='word_1_438' title='bbox 482 3049 820 3156; x_wconf 81' lang='lat' dir='ltr'><strong>aspectionis</strong></span> <span class='ocrx_word' id='word_1_439' title='bbox 851 3049 969 3137; x_wconf 67' lang='lat' dir='ltr'><strong>dies</strong></span> <span class='ocrx_word' id='word_1_440' title='bbox 1001 3083 1318 3139; x_wconf 90' lang='lat' dir='ltr'><strong>tentationis</strong></span> <span class='ocrx_word' id='word_1_441' title='bbox 1349 3092 1450 3154; x_wconf 90' lang='lat' dir='ltr'><strong>est,</strong></span> <span class='ocrx_word' id='word_1_442' title='bbox 1477 3086 1697 3156; x_wconf 80' lang='lat' dir='ltr'><strong>quando</strong></span> <span class='ocrx_word' id='word_1_443' title='bbox 1720 3087 1976 3158; x_wconf 86' lang='lat' dir='ltr'><strong>dignatus</strong></span> <span class='ocrx_word' id='word_1_444' title='bbox 1999 3097 2081 3143; x_wconf 90' lang='lat' dir='ltr'><strong>est</strong></span> <span class='ocrx_word' id='word_1_445' title='bbox 2109 3049 2158 3112; x_wconf 65' lang='grc' dir='ltr'>Ο</span> <span class='ocrx_word' id='word_1_446' title='bbox 2189 3054 2463 3158; x_wconf 48' lang='grc' dir='ltr'><strong>ῗιψιξθὴδ,</strong></span> <span class='ocrx_word' id='word_1_447' title='bbox 2496 3057 2774 3158; x_wconf 38' lang='grc' dir='ltr'><strong>,ωεξιθωυδ</strong></span> <span class='ocrx_word' id='word_1_448' title='bbox 2831 3067 2950 3114; x_wconf 54' lang='lat' dir='ltr'><strong>erat</strong></span> <span class='ocrx_word' id='word_1_449' title='bbox 3017 3077 3190 3118; x_wconf 59' lang='lat' dir='ltr'><strong>“om</strong></span> <span class='ocrx_word' id='word_1_450' title='bbox 3247 3066 3490 3139; x_wconf 57' lang='lat' dir='ltr'><strong>“rgum</strong></span> <span class='ocrx_word' id='word_1_451' title='bbox 3561 3081 3790 3130; x_wconf 63' lang='lat' dir='ltr'><strong>merus&#39;</strong></span> 
     </span>
    </p>
   </div>
   <div class='ocr_carea' id='block_1_61' title="bbox 487 3180 2081 3254">
    <p class='ocr_par' dir='ltr' id='par_1_61' title="bbox 487 3180 2081 3254">
     <span class='ocr_line' id='line_1_61' title="bbox 487 3180 2081 3254; baseline 0.001 -16"><span class='ocrx_word' id='word_1_452' title='bbox 487 3190 697 3238; x_wconf 88' lang='lat' dir='ltr'><strong>tentare</strong></span> <span class='ocrx_word' id='word_1_453' title='bbox 729 3180 1034 3236; x_wconf 88' lang='lat' dir='ltr'><strong>Ecclesiam</strong></span> <span class='ocrx_word' id='word_1_454' title='bbox 1065 3197 1242 3242; x_wconf 90' lang='lat' dir='ltr'><strong>suam,</strong></span> <span class='ocrx_word' id='word_1_455' title='bbox 1274 3190 1330 3235; x_wconf 93' lang='lat' dir='ltr'><strong>ut</strong></span> <span class='ocrx_word' id='word_1_456' title='bbox 1358 3181 1538 3236; x_wconf 88' lang='lat' dir='ltr'><strong>videat</strong></span> <span class='ocrx_word' id='word_1_457' title='bbox 1569 3184 1657 3254; x_wconf 90' lang='lat' dir='ltr'><strong>qui</strong></span> <span class='ocrx_word' id='word_1_458' title='bbox 1688 3181 1850 3239; x_wconf 84' lang='lat' dir='ltr'><strong>fidem</strong></span> <span class='ocrx_word' id='word_1_459' title='bbox 1879 3185 2081 3242; x_wconf 84' lang='lat' dir='ltr'><strong>habeat</strong></span> 
     </span>
    </p>
   </div>
   <div class='ocr_carea' id='block_1_62' title="bbox 483 3269 2080 3346">
    <p class='ocr_par' dir='ltr' id='par_1_62' title="bbox 483 3269 2080 3346">
     <span class='ocr_line' id='line_1_62' title="bbox 483 3269 2080 3346; baseline 0.003 -20"><span class='ocrx_word' id='word_1_460' title='bbox 483 3280 535 3326; x_wconf 88' lang='lat' dir='ltr'><strong>et</strong></span> <span class='ocrx_word' id='word_1_461' title='bbox 563 3286 756 3342; x_wconf 89' lang='lat' dir='ltr'><strong>opera.</strong></span> <span class='ocrx_word' id='word_1_462' title='bbox 797 3269 1022 3338; x_wconf 84' lang='lat' dir='ltr'><strong>Quoties</strong></span> <span class='ocrx_word' id='word_1_463' title='bbox 1053 3285 1190 3341; x_wconf 88' lang='lat' dir='ltr'><strong>ergo</strong></span> <span class='ocrx_word' id='word_1_464' title='bbox 1221 3277 1387 3326; x_wconf 89' lang='lat' dir='ltr'><strong>tentat</strong></span> <span class='ocrx_word' id='word_1_465' title='bbox 1418 3271 1723 3326; x_wconf 88' lang='lat' dir='ltr'><strong>Ecclesiam</strong></span> <span class='ocrx_word' id='word_1_466' title='bbox 1772 3272 2080 3346; x_wconf 81' lang='lat' dir='ltr'><strong>ingreditur</strong></span> 
     </span>
    </p>
   </div>
   <div class='ocr_carea' id='block_1_63' title="bbox 483 3358 2072 3432">
    <p class='ocr_par' dir='ltr' id='par_1_63' title="bbox 483 3358 2072 3432">
     <span class='ocr_line' id='line_1_63' title="bbox 483 3358 2072 3432; baseline 0.002 -17"><span class='ocrx_word' id='word_1_467' title='bbox 483 3360 552 3415; x_wconf 91' lang='lat' dir='ltr'><strong>ad</strong></span> <span class='ocrx_word' id='word_1_468' title='bbox 584 3376 723 3425; x_wconf 89' lang='lat' dir='ltr'><strong>eam,</strong></span> <span class='ocrx_word' id='word_1_469' title='bbox 758 3367 817 3412; x_wconf 91' lang='lat' dir='ltr'><strong>ut</strong></span> <span class='ocrx_word' id='word_1_470' title='bbox 846 3358 1028 3413; x_wconf 86' lang='lat' dir='ltr'><strong>videat</strong></span> <span class='ocrx_word' id='word_1_471' title='bbox 1059 3359 1150 3429; x_wconf 90' lang='lat' dir='ltr'><strong>qui</strong></span> <span class='ocrx_word' id='word_1_472' title='bbox 1181 3369 1307 3413; x_wconf 90' lang='lat' dir='ltr'><strong>sunt</strong></span> <span class='ocrx_word' id='word_1_473' title='bbox 1338 3359 1490 3430; x_wconf 80' lang='lat' dir='ltr'><strong>digni</strong></span> <span class='ocrx_word' id='word_1_474' title='bbox 1521 3361 1722 3432; x_wconf 90' lang='lat' dir='ltr'><strong>nuptiis</strong></span> <span class='ocrx_word' id='word_1_475' title='bbox 1738 3363 2072 3430; x_wconf 72' lang='lat' dir='ltr'><strong>cmlestibus,</strong></span> 
     </span>
    </p>
   </div>
   <div class='ocr_carea' id='block_1_64' title="bbox 481 3455 2072 3532">
    <p class='ocr_par' dir='ltr' id='par_1_64' title="bbox 481 3455 2072 3532">
     <span class='ocr_line' id='line_1_64' title="bbox 481 3455 2072 3532; baseline 0.003 -22"><span class='ocrx_word' id='word_1_476' title='bbox 481 3464 535 3511; x_wconf 92' lang='lat' dir='ltr'><strong>et</strong></span> <span class='ocrx_word' id='word_1_477' title='bbox 563 3456 608 3510; x_wconf 92' lang='lat' dir='ltr'><strong>si</strong></span> <span class='ocrx_word' id='word_1_478' title='bbox 637 3463 764 3510; x_wconf 90' lang='lat' dir='ltr'><strong>tunc</strong></span> <span class='ocrx_word' id='word_1_479' title='bbox 793 3455 998 3510; x_wconf 89' lang='lat' dir='ltr'><strong>invenit</strong></span> <span class='ocrx_word' id='word_1_480' title='bbox 1027 3455 1308 3526; x_wconf 76' lang='lat' dir='ltr'><strong>indignum</strong></span> <span class='ocrx_word' id='word_1_481' title='bbox 1332 3456 1588 3528; x_wconf 83' lang='lat' dir='ltr'><strong>aliquem,</strong></span> <span class='ocrx_word' id='word_1_482' title='bbox 1614 3458 1908 3532; x_wconf 86' lang='lat' dir='ltr'><strong>interrogat</strong></span> <span class='ocrx_word' id='word_1_483' title='bbox 1928 3477 2072 3515; x_wconf 90' lang='lat' dir='ltr'><strong>eum.</strong></span> 
     </span>
    </p>
   </div>
   <div class='ocr_carea' id='block_1_65' title="bbox 482 3543 2073 3613">
    <p class='ocr_par' dir='ltr' id='par_1_65' title="bbox 482 3543 2073 3613">
     <span class='ocr_line' id='line_1_65' title="bbox 482 3543 2073 3613; baseline 0.004 -17"><span class='ocrx_word' id='word_1_484' title='bbox 482 3543 626 3611; x_wconf 90' lang='lat' dir='ltr'><strong>Quia</strong></span> <span class='ocrx_word' id='word_1_485' title='bbox 655 3544 895 3597; x_wconf 90' lang='lat' dir='ltr'><strong>humana</strong></span> <span class='ocrx_word' id='word_1_486' title='bbox 926 3543 1247 3613; x_wconf 80' lang='lat' dir='ltr'><strong>simplicitas</strong></span> <span class='ocrx_word' id='word_1_487' title='bbox 1279 3545 1497 3600; x_wconf 85' lang='lat' dir='ltr'><strong>difﬁcile</strong></span> <span class='ocrx_word' id='word_1_488' title='bbox 1527 3546 1944 3603; x_wconf 87' lang='lat' dir='ltr'><strong>fraudulentiam</strong></span> <span class='ocrx_word' id='word_1_489' title='bbox 1995 3549 2073 3603; x_wconf 88' lang='lat' dir='ltr'><strong>si-</strong></span> 
     </span>
    </p>
   </div>
   <div class='ocr_carea' id='block_1_66' title="bbox 479 3631 2073 3708">
    <p class='ocr_par' dir='ltr' id='par_1_66' title="bbox 479 3631 2073 3708">
     <span class='ocr_line' id='line_1_66' title="bbox 479 3631 2073 3708; baseline 0.004 -22"><span class='ocrx_word' id='word_1_490' title='bbox 479 3631 696 3686; x_wconf 68' lang='lat' dir='ltr'><strong>mulata:</strong></span> <span class='ocrx_word' id='word_1_491' title='bbox 737 3632 934 3684; x_wconf 90' lang='lat' dir='ltr'><strong>mentis</strong></span> <span class='ocrx_word' id='word_1_492' title='bbox 988 3631 1265 3704; x_wconf 77' lang='lat' dir='ltr'><strong>intelligit,</strong></span> <span class='ocrx_word' id='word_1_493' title='bbox 1324 3634 1533 3690; x_wconf 85' lang='lat' dir='ltr'><strong>idcirco</strong></span> <span class='ocrx_word' id='word_1_494' title='bbox 1585 3636 1727 3692; x_wconf 90' lang='lat' dir='ltr'><strong>hunc</strong></span> <span class='ocrx_word' id='word_1_495' title='bbox 1781 3637 2073 3708; x_wconf 88' lang='lat' dir='ltr'><strong>indignum</strong></span> 
     </span>
    </p>
   </div>
   <div class='ocr_carea' id='block_1_67' title="bbox 481 3727 2072 3802">
    <p class='ocr_par' dir='ltr' id='par_1_67' title="bbox 481 3727 2072 3802">
     <span class='ocr_line' id='line_1_67' title="bbox 481 3727 2072 3802; baseline 0.004 -18"><span class='ocrx_word' id='word_1_496' title='bbox 481 3736 625 3784; x_wconf 88' lang='lat' dir='ltr'><strong>coetu</strong></span> <span class='ocrx_word' id='word_1_497' title='bbox 655 3727 884 3797; x_wconf 89' lang='lat' dir='ltr'><strong>nuptiali</strong></span> <span class='ocrx_word' id='word_1_498' title='bbox 914 3727 1061 3782; x_wconf 90' lang='lat' dir='ltr'><strong>Deus</strong></span> <span class='ocrx_word' id='word_1_499' title='bbox 1092 3728 1240 3782; x_wconf 92' lang='lat' dir='ltr'><strong>solus</strong></span> <span class='ocrx_word' id='word_1_500' title='bbox 1288 3729 1518 3784; x_wconf 89' lang='lat' dir='ltr'><strong>invenit.</strong></span> <span class='ocrx_word' id='word_1_501' title='bbox 1582 3733 1834 3802; x_wconf 85' lang='lat' dir='ltr'><strong>Nuptiale</strong></span> <span class='ocrx_word' id='word_1_502' title='bbox 1892 3739 2072 3790; x_wconf 90' lang='lat' dir='ltr'><strong>autem</strong></span> 
     </span>
    </p>
   </div>
   <div class='ocr_carea' id='block_1_68' title="bbox 481 3813 2070 3889">
    <p class='ocr_par' dir='ltr' id='par_1_68' title="bbox 481 3813 2070 3889">
     <span class='ocr_line' id='line_1_68' title="bbox 481 3813 2070 3889; baseline 0.005 -19"><span class='ocrx_word' id='word_1_503' title='bbox 481 3814 869 3871; x_wconf 89' lang='lat' dir='ltr'><strong>vestimentum</strong></span> <span class='ocrx_word' id='word_1_504' title='bbox 901 3821 984 3868; x_wconf 90' lang='lat' dir='ltr'><strong>est</strong></span> <span class='ocrx_word' id='word_1_505' title='bbox 1015 3813 1150 3868; x_wconf 85' lang='lat' dir='ltr'><strong>fides</strong></span> <span class='ocrx_word' id='word_1_506' title='bbox 1182 3831 1337 3869; x_wconf 88' lang='lat' dir='ltr'><strong>vera.</strong></span> <span class='ocrx_word' id='word_1_507' title='bbox 1403 3817 1558 3872; x_wconf 89' lang='lat' dir='ltr'><strong>Unde</strong></span> <span class='ocrx_word' id='word_1_508' title='bbox 1614 3819 1891 3889; x_wconf 91' lang='lat' dir='ltr'><strong>apostolus</strong></span> <span class='ocrx_word' id='word_1_509' title='bbox 1951 3823 2024 3877; x_wconf 89' lang='lat' dir='ltr'><strong>ait</strong></span> <span class='ocrx_word' id='word_1_510' title='bbox 2057 3839 2070 3878; x_wconf 89' lang='lat'><strong>:</strong></span> 
     </span>
    </p>
   </div>
   <div class='ocr_carea' id='block_1_69' title="bbox 484 3903 2072 3980">
    <p class='ocr_par' dir='ltr' id='par_1_69' title="bbox 484 3903 2072 3980">
     <span class='ocr_line' id='line_1_69' title="bbox 484 3903 2072 3980; baseline 0.008 -26"><span class='ocrx_word' id='word_1_511' title='bbox 484 3928 506 3954; x_wconf 76' lang='grc' dir='ltr'>αι</span> <span class='ocrx_word' id='word_1_512' title='bbox 542 3903 856 3974; x_wconf 86' lang='lat' dir='ltr'><strong>Exspoliate</strong></span> <span class='ocrx_word' id='word_1_513' title='bbox 874 3918 976 3958; x_wconf 90' lang='lat' dir='ltr'><strong>vos</strong></span> <span class='ocrx_word' id='word_1_514' title='bbox 999 3912 1235 3958; x_wconf 89' lang='lat' dir='ltr'><strong>veterem</strong></span> <span class='ocrx_word' id='word_1_515' title='bbox 1263 3903 1536 3960; x_wconf 91' lang='lat' dir='ltr'><strong>hominem</strong></span> <span class='ocrx_word' id='word_1_516' title='bbox 1558 3923 1678 3962; x_wconf 92' lang='lat' dir='ltr'><strong>cum</strong></span> <span class='ocrx_word' id='word_1_517' title='bbox 1703 3907 1912 3964; x_wconf 88' lang='lat' dir='ltr'><strong>actibus</strong></span> <span class='ocrx_word' id='word_1_518' title='bbox 1933 3911 2072 3980; x_wconf 90' lang='lat' dir='ltr'><strong>ejus,</strong></span> 
     </span>
    </p>
   </div>
   <div class='ocr_carea' id='block_1_70' title="bbox 477 4000 2072 4071">
    <p class='ocr_par' dir='ltr' id='par_1_70' title="bbox 477 4000 2072 4071">
     <span class='ocr_line' id='line_1_70' title="bbox 477 4000 2072 4071; baseline 0.003 -13"><span class='ocrx_word' id='word_1_519' title='bbox 477 4002 771 4058; x_wconf 91' lang='lat' dir='ltr'><strong>vestientes</strong></span> <span class='ocrx_word' id='word_1_520' title='bbox 802 4017 901 4057; x_wconf 89' lang='lat' dir='ltr'><strong>vos</strong></span> <span class='ocrx_word' id='word_1_521' title='bbox 931 4017 1132 4057; x_wconf 89' lang='lat' dir='ltr'><strong>novum</strong></span> <span class='ocrx_word' id='word_1_522' title='bbox 1165 4000 1255 4071; x_wconf 86' lang='lat' dir='ltr'><strong>qui</strong></span> <span class='ocrx_word' id='word_1_523' title='bbox 1285 4002 1587 4058; x_wconf 86' lang='lat' dir='ltr'><strong>secundum</strong></span> <span class='ocrx_word' id='word_1_524' title='bbox 1627 4005 1806 4060; x_wconf 90' lang='lat' dir='ltr'><strong>Deum</strong></span> <span class='ocrx_word' id='word_1_525' title='bbox 1855 4017 2072 4063; x_wconf 90' lang='lat' dir='ltr'><strong>creatus</strong></span> 
     </span>
    </p>
   </div>
   <div class='ocr_carea' id='block_1_71' title="bbox 479 4089 2063 4163">
    <p class='ocr_par' dir='ltr' id='par_1_71' title="bbox 479 4089 2063 4163">
     <span class='ocr_line' id='line_1_71' title="bbox 479 4089 2063 4163; baseline 0 -17"><span class='ocrx_word' id='word_1_526' title='bbox 479 4098 564 4146; x_wconf 88' lang='lat' dir='ltr'><strong>est</strong></span> <span class='ocrx_word' id='word_1_527' title='bbox 592 4092 648 4144; x_wconf 90' lang='lat' dir='ltr'><strong>in</strong></span> <span class='ocrx_word' id='word_1_528' title='bbox 675 4089 881 4158; x_wconf 88' lang='lat' dir='ltr'><strong>justitia</strong></span> <span class='ocrx_word' id='word_1_529' title='bbox 913 4099 966 4145; x_wconf 88' lang='lat' dir='ltr'><strong>et</strong></span> <span class='ocrx_word' id='word_1_530' title='bbox 1019 4092 1308 4146; x_wconf 87' lang='lat' dir='ltr'><strong>sanctitate</strong></span> <span class='ocrx_word' id='word_1_531' title='bbox 1346 4092 1591 4147; x_wconf 88' lang='lat' dir='ltr'><strong>veritatis</strong></span> <span class='ocrx_word' id='word_1_532' title='bbox 1625 4093 1858 4163; x_wconf 67' lang='lat' dir='ltr'><strong>(Colon.</strong></span> <span class='ocrx_word' id='word_1_533' title='bbox 1908 4097 2015 4158; x_wconf 85' lang='grc' dir='ltr'><strong>ιιι).</strong></span> <span class='ocrx_word' id='word_1_534' title='bbox 2043 4120 2063 4146; x_wconf 71' lang='grc' dir='ltr'><strong>η</strong></span> 
     </span>
    </p>
   </div>
   <div class='ocr_carea' id='block_1_72' title="bbox 477 4178 2072 4251">
    <p class='ocr_par' dir='ltr' id='par_1_72' title="bbox 477 4178 2072 4251">
     <span class='ocr_line' id='line_1_72' title="bbox 477 4178 2072 4251; baseline 0.004 -17"><span class='ocrx_word' id='word_1_535' title='bbox 477 4178 694 4234; x_wconf 87' lang='lat' dir='ltr'><strong>Justitia</strong></span> <span class='ocrx_word' id='word_1_536' title='bbox 726 4180 957 4250; x_wconf 89' lang='lat' dir='ltr'><strong>pertinet</strong></span> <span class='ocrx_word' id='word_1_537' title='bbox 987 4180 1055 4234; x_wconf 89' lang='lat' dir='ltr'><strong>ad</strong></span> <span class='ocrx_word' id='word_1_538' title='bbox 1085 4179 1499 4236; x_wconf 90' lang='lat' dir='ltr'><strong>conversionem</strong></span> <span class='ocrx_word' id='word_1_539' title='bbox 1545 4181 1762 4251; x_wconf 87' lang='lat' dir='ltr'><strong>bonam,</strong></span> <span class='ocrx_word' id='word_1_540' title='bbox 1812 4185 2072 4241; x_wconf 87' lang='lat' dir='ltr'><strong>sanctitas</strong></span> 
     </span>
    </p>
   </div>
   <div class='ocr_carea' id='block_1_73' title="bbox 476 4275 2070 4350">
    <p class='ocr_par' dir='ltr' id='par_1_73' title="bbox 476 4275 2070 4350">
     <span class='ocr_line' id='line_1_73' title="bbox 476 4275 2070 4350; baseline 0.006 -21"><span class='ocrx_word' id='word_1_541' title='bbox 476 4275 722 4330; x_wconf 88' lang='lat' dir='ltr'><strong>veritatis</strong></span> <span class='ocrx_word' id='word_1_542' title='bbox 750 4275 814 4329; x_wconf 89' lang='lat' dir='ltr'><strong>ad</strong></span> <span class='ocrx_word' id='word_1_543' title='bbox 843 4275 1004 4330; x_wconf 84' lang='lat' dir='ltr'><strong>fidem</strong></span> <span class='ocrx_word' id='word_1_544' title='bbox 1035 4291 1250 4331; x_wconf 89' lang='lat' dir='ltr'><strong>veram.</strong></span> <span class='ocrx_word' id='word_1_545' title='bbox 1291 4278 1651 4350; x_wconf 87' lang='lat' dir='ltr'><strong>Interrogatio</strong></span> <span class='ocrx_word' id='word_1_546' title='bbox 1681 4285 1862 4336; x_wconf 87' lang='lat' dir='ltr'><strong>autem</strong></span> <span class='ocrx_word' id='word_1_547' title='bbox 1907 4283 1968 4337; x_wconf 80' lang='lat' dir='ltr'><strong>ﬁt</strong></span> <span class='ocrx_word' id='word_1_548' title='bbox 2011 4283 2070 4339; x_wconf 90' lang='lat' dir='ltr'><strong>in</strong></span> 
     </span>
    </p>
   </div>
   <div class='ocr_carea' id='block_1_74' title="bbox 479 4363 2148 4464">
    <p class='ocr_par' dir='ltr' id='par_1_74' title="bbox 479 4363 2148 4464">
     <span class='ocr_line' id='line_1_74' title="bbox 479 4363 2148 4464; baseline 0.007 -46"><span class='ocrx_word' id='word_1_549' title='bbox 479 4363 903 4435; x_wconf 80' lang='lat' dir='ltr'><strong>cogitationibus</strong></span> <span class='ocrx_word' id='word_1_550' title='bbox 933 4363 1108 4435; x_wconf 82' lang='lat' dir='ltr'><strong>impii,</strong></span> <span class='ocrx_word' id='word_1_551' title='bbox 1142 4365 1299 4436; x_wconf 89' lang='lat' dir='ltr'><strong>quasi</strong></span> <span class='ocrx_word' id='word_1_552' title='bbox 1329 4366 1473 4422; x_wconf 86' lang='lat' dir='ltr'><strong>dicat</strong></span> <span class='ocrx_word' id='word_1_553' title='bbox 1506 4385 1516 4420; x_wconf 92' lang='lat'>:</span> <span class='ocrx_word' id='word_1_554' title='bbox 1553 4369 1766 4455; x_wconf 5' lang='lat' dir='ltr'><strong>thuidg</strong></span> <span class='ocrx_word' id='word_1_555' title='bbox 1799 4371 2067 4428; x_wconf 86' lang='lat' dir='ltr'><strong>Christia-</strong></span> <span class='ocrx_word' id='word_1_556' title='bbox 2096 4403 2148 4464; x_wconf 83' lang='lat' dir='ltr'><strong>D</strong></span> 
     </span>
    </p>
   </div>
   <div class='ocr_carea' id='block_1_75' title="bbox 477 4460 2068 4532">
    <p class='ocr_par' dir='ltr' id='par_1_75' title="bbox 477 4460 2068 4532">
     <span class='ocr_line' id='line_1_75' title="bbox 477 4460 2068 4532; baseline 0.007 -18"><span class='ocrx_word' id='word_1_557' title='bbox 477 4477 582 4514; x_wconf 90' lang='lat' dir='ltr'><strong>nus</strong></span> <span class='ocrx_word' id='word_1_558' title='bbox 615 4476 675 4514; x_wconf 92' lang='lat' dir='ltr'><strong>es</strong></span> <span class='ocrx_word' id='word_1_559' title='bbox 708 4460 882 4514; x_wconf 84' lang='lat' dir='ltr'><strong>factus</strong></span> <span class='ocrx_word' id='word_1_560' title='bbox 902 4463 929 4514; x_wconf 69' lang='grc' dir='ltr'><strong>ξ)</strong></span> <span class='ocrx_word' id='word_1_561' title='bbox 951 4463 1133 4532; x_wconf 90' lang='lat' dir='ltr'><strong>Opera</strong></span> <span class='ocrx_word' id='word_1_562' title='bbox 1157 4470 1247 4516; x_wconf 91' lang='lat' dir='ltr'><strong>tua</strong></span> <span class='ocrx_word' id='word_1_563' title='bbox 1268 4479 1374 4518; x_wconf 92' lang='lat' dir='ltr'><strong>non</strong></span> <span class='ocrx_word' id='word_1_564' title='bbox 1399 4471 1528 4518; x_wconf 91' lang='lat' dir='ltr'><strong>sunt</strong></span> <span class='ocrx_word' id='word_1_565' title='bbox 1549 4465 1840 4522; x_wconf 88' lang='lat' dir='ltr'><strong>Christiani</strong></span> <span class='ocrx_word' id='word_1_566' title='bbox 1895 4470 2068 4526; x_wconf 84' lang='lat' dir='ltr'><strong>Habet</strong></span> 
     </span>
    </p>
   </div>
   <div class='ocr_carea' id='block_1_76' title="bbox 480 4557 2065 4638">
    <p class='ocr_par' dir='ltr' id='par_1_76' title="bbox 480 4557 2065 4638">
     <span class='ocr_line' id='line_1_76' title="bbox 480 4557 2065 4638; baseline 0.006 -25"><span class='ocrx_word' id='word_1_567' title='bbox 480 4557 608 4623; x_wconf 84' lang='lat' dir='ltr'><strong>tale,</strong></span> <span class='ocrx_word' id='word_1_568' title='bbox 643 4572 770 4611; x_wconf 90' lang='lat' dir='ltr'><strong>cum</strong></span> <span class='ocrx_word' id='word_1_569' title='bbox 803 4557 994 4611; x_wconf 87' lang='lat' dir='ltr'><strong>viderit</strong></span> <span class='ocrx_word' id='word_1_570' title='bbox 1026 4559 1172 4613; x_wconf 88' lang='lat' dir='ltr'><strong>Deus</strong></span> <span class='ocrx_word' id='word_1_571' title='bbox 1202 4576 1308 4614; x_wconf 90' lang='lat' dir='ltr'><strong>non</strong></span> <span class='ocrx_word' id='word_1_572' title='bbox 1340 4560 1628 4617; x_wconf 88' lang='lat' dir='ltr'><strong>habentem</strong></span> <span class='ocrx_word' id='word_1_573' title='bbox 1660 4565 1788 4634; x_wconf 90' lang='lat' dir='ltr'><strong>quid</strong></span> <span class='ocrx_word' id='word_1_574' title='bbox 1836 4583 2065 4638; x_wconf 88' lang='lat' dir='ltr'><strong>respou-</strong></span> 
     </span>
    </p>
   </div>
   <div class='ocr_carea' id='block_1_77' title="bbox 476 4643 2068 4722">
    <p class='ocr_par' dir='ltr' id='par_1_77' title="bbox 476 4643 2068 4722">
     <span class='ocr_line' id='line_1_77' title="bbox 476 4643 2068 4722; baseline 0.007 -22"><span class='ocrx_word' id='word_1_575' title='bbox 476 4645 603 4700; x_wconf 88' lang='lat' dir='ltr'><strong>deat</strong></span> <span class='ocrx_word' id='word_1_576' title='bbox 633 4643 980 4700; x_wconf 69' lang='lat' dir='ltr'><strong>conscientiae</strong></span> <span class='ocrx_word' id='word_1_577' title='bbox 1009 4662 1140 4710; x_wconf 85' lang='lat' dir='ltr'><strong>suae,</strong></span> <span class='ocrx_word' id='word_1_578' title='bbox 1191 4648 1355 4702; x_wconf 92' lang='lat' dir='ltr'><strong>tradit</strong></span> <span class='ocrx_word' id='word_1_579' title='bbox 1411 4665 1534 4705; x_wconf 92' lang='lat' dir='ltr'><strong>cum</strong></span> <span class='ocrx_word' id='word_1_580' title='bbox 1582 4650 1858 4722; x_wconf 89' lang='lat' dir='ltr'><strong>spiritibus</strong></span> <span class='ocrx_word' id='word_1_581' title='bbox 1905 4655 2068 4711; x_wconf 88' lang='lat' dir='ltr'><strong>indu-</strong></span> 
     </span>
    </p>
   </div>
   <div class='ocr_carea' id='block_1_78' title="bbox 474 4733 2063 4812">
    <p class='ocr_par' dir='ltr' id='par_1_78' title="bbox 474 4733 2063 4812">
     <span class='ocr_line' id='line_1_78' title="bbox 474 4733 2063 4812; baseline 0.004 -22"><span class='ocrx_word' id='word_1_582' title='bbox 474 4735 732 4790; x_wconf 90' lang='lat' dir='ltr'><strong>ctionum.</strong></span> <span class='ocrx_word' id='word_1_583' title='bbox 763 4733 901 4787; x_wconf 89' lang='lat' dir='ltr'><strong>Nam</strong></span> <span class='ocrx_word' id='word_1_584' title='bbox 933 4734 1073 4788; x_wconf 87' lang='lat' dir='ltr'><strong>mala</strong></span> <span class='ocrx_word' id='word_1_585' title='bbox 1103 4751 1199 4805; x_wconf 91' lang='lat' dir='ltr'><strong>per</strong></span> <span class='ocrx_word' id='word_1_586' title='bbox 1225 4737 1404 4793; x_wconf 90' lang='lat' dir='ltr'><strong>malos</strong></span> <span class='ocrx_word' id='word_1_587' title='bbox 1433 4737 1717 4795; x_wconf 87' lang='lat' dir='ltr'><strong>ministros</strong></span> <span class='ocrx_word' id='word_1_588' title='bbox 1765 4742 1963 4812; x_wconf 87' lang='lat' dir='ltr'><strong>reddit,</strong></span> <span class='ocrx_word' id='word_1_589' title='bbox 2012 4750 2063 4800; x_wconf 92' lang='lat' dir='ltr'><strong>et</strong></span> 
     </span>
    </p>
   </div>
   <div class='ocr_carea' id='block_1_79' title="bbox 467 4830 2060 4914">
    <p class='ocr_par' dir='ltr' id='par_1_79' title="bbox 467 4830 2060 4914">
     <span class='ocr_line' id='line_1_79' title="bbox 467 4830 2060 4914; baseline 0.006 -27"><span class='ocrx_word' id='word_1_590' title='bbox 467 4831 642 4904; x_wconf 85' lang='lat' dir='ltr'><strong>ligant</strong></span> <span class='ocrx_word' id='word_1_591' title='bbox 672 4830 720 4885; x_wconf 91' lang='lat' dir='ltr'><strong>ei</strong></span> <span class='ocrx_word' id='word_1_592' title='bbox 751 4845 965 4896; x_wconf 90' lang='lat' dir='ltr'><strong>manus,</strong></span> <span class='ocrx_word' id='word_1_593' title='bbox 998 4830 1053 4885; x_wconf 91' lang='lat' dir='ltr'><strong>id</strong></span> <span class='ocrx_word' id='word_1_594' title='bbox 1083 4839 1165 4886; x_wconf 88' lang='lat' dir='ltr'><strong>est</strong></span> <span class='ocrx_word' id='word_1_595' title='bbox 1190 4847 1361 4904; x_wconf 80' lang='lat' dir='ltr'><strong>Opera</strong></span> <span class='ocrx_word' id='word_1_596' title='bbox 1391 4835 1748 4904; x_wconf 83' lang='lat' dir='ltr'><strong>rectitudinis,</strong></span> <span class='ocrx_word' id='word_1_597' title='bbox 1781 4846 1832 4893; x_wconf 91' lang='lat' dir='ltr'><strong>et</strong></span> <span class='ocrx_word' id='word_1_598' title='bbox 1868 4841 2060 4914; x_wconf 80' lang='lat' dir='ltr'><strong>pedes,</strong></span> 
     </span>
    </p>
   </div>
   <div class='ocr_carea' id='block_1_80' title="bbox 473 4927 2062 5000">
    <p class='ocr_par' dir='ltr' id='par_1_80' title="bbox 473 4927 2062 5000">
     <span class='ocr_line' id='line_1_80' title="bbox 473 4927 2062 5000; baseline 0.007 -15"><span class='ocrx_word' id='word_1_599' title='bbox 473 4929 530 4985; x_wconf 90' lang='lat' dir='ltr'><strong>id</strong></span> <span class='ocrx_word' id='word_1_600' title='bbox 559 4935 641 4985; x_wconf 89' lang='lat' dir='ltr'><strong>est</strong></span> <span class='ocrx_word' id='word_1_601' title='bbox 671 4935 850 4984; x_wconf 88' lang='lat' dir='ltr'><strong>motus</strong></span> <span class='ocrx_word' id='word_1_602' title='bbox 881 4927 1096 4995; x_wconf 76' lang='lat' dir='ltr'><strong>animae,</strong></span> <span class='ocrx_word' id='word_1_603' title='bbox 1129 4929 1328 5000; x_wconf 88' lang='lat' dir='ltr'><strong>quibus</strong></span> <span class='ocrx_word' id='word_1_604' title='bbox 1359 4931 1560 4988; x_wconf 91' lang='lat' dir='ltr'><strong>incedit</strong></span> <span class='ocrx_word' id='word_1_605' title='bbox 1581 4949 1691 4989; x_wconf 92' lang='lat' dir='ltr'><strong>non</strong></span> <span class='ocrx_word' id='word_1_606' title='bbox 1720 4934 1788 4990; x_wconf 92' lang='lat' dir='ltr'><strong>de</strong></span> <span class='ocrx_word' id='word_1_607' title='bbox 1818 4935 1942 4994; x_wconf 92' lang='lat' dir='ltr'><strong>loco</strong></span> <span class='ocrx_word' id='word_1_608' title='bbox 1992 4941 2062 4996; x_wconf 87' lang='lat' dir='ltr'><strong>ad</strong></span> 
     </span>
    </p>
   </div>
   <div class='ocr_carea' id='block_1_81' title="bbox 474 5027 2063 5098">
    <p class='ocr_par' dir='ltr' id='par_1_81' title="bbox 474 5027 2063 5098">
     <span class='ocr_line' id='line_1_81' title="bbox 474 5027 2063 5098; baseline 0.007 -16"><span class='ocrx_word' id='word_1_609' title='bbox 474 5027 683 5098; x_wconf 90' lang='lat' dir='ltr'><strong>locum,</strong></span> <span class='ocrx_word' id='word_1_610' title='bbox 714 5030 813 5086; x_wconf 89' lang='lat' dir='ltr'><strong>sed</strong></span> <span class='ocrx_word' id='word_1_611' title='bbox 843 5030 910 5086; x_wconf 91' lang='lat' dir='ltr'><strong>de</strong></span> <span class='ocrx_word' id='word_1_612' title='bbox 931 5029 1074 5086; x_wconf 90' lang='lat' dir='ltr'><strong>malo</strong></span> <span class='ocrx_word' id='word_1_613' title='bbox 1114 5031 1184 5085; x_wconf 86' lang='lat' dir='ltr'><strong>ad</strong></span> <span class='ocrx_word' id='word_1_614' title='bbox 1207 5029 1430 5097; x_wconf 89' lang='lat' dir='ltr'><strong>bonum,</strong></span> <span class='ocrx_word' id='word_1_615' title='bbox 1462 5035 1516 5087; x_wconf 86' lang='lat' dir='ltr'><strong>et</strong></span> <span class='ocrx_word' id='word_1_616' title='bbox 1545 5033 1614 5089; x_wconf 92' lang='lat' dir='ltr'><strong>de</strong></span> <span class='ocrx_word' id='word_1_617' title='bbox 1656 5035 1800 5090; x_wconf 92' lang='lat' dir='ltr'><strong>bono</strong></span> <span class='ocrx_word' id='word_1_618' title='bbox 1842 5037 1911 5091; x_wconf 91' lang='lat' dir='ltr'><strong>ad</strong></span> <span class='ocrx_word' id='word_1_619' title='bbox 1942 5054 2063 5094; x_wconf 87' lang='lat' dir='ltr'><strong>ma-</strong></span> 
     </span>
    </p>
   </div>
   <div class='ocr_carea' id='block_1_82' title="bbox 469 5115 2064 5191">
    <p class='ocr_par' dir='ltr' id='par_1_82' title="bbox 469 5115 2064 5191">
     <span class='ocr_line' id='line_1_82' title="bbox 469 5115 2064 5191; baseline 0.009 -21"><span class='ocrx_word' id='word_1_620' title='bbox 469 5115 602 5186; x_wconf 90' lang='lat' dir='ltr'><strong>lum,</strong></span> <span class='ocrx_word' id='word_1_621' title='bbox 649 5122 708 5172; x_wconf 92' lang='lat' dir='ltr'><strong>ut</strong></span> <span class='ocrx_word' id='word_1_622' title='bbox 752 5119 831 5175; x_wconf 89' lang='lat' dir='ltr'><strong>sic</strong></span> <span class='ocrx_word' id='word_1_623' title='bbox 870 5118 1128 5191; x_wconf 89' lang='lat' dir='ltr'><strong>laqueum</strong></span> <span class='ocrx_word' id='word_1_624' title='bbox 1175 5119 1500 5190; x_wconf 91' lang='lat' dir='ltr'><strong>perditionis</strong></span> <span class='ocrx_word' id='word_1_625' title='bbox 1549 5121 1820 5178; x_wconf 89' lang='lat' dir='ltr'><strong>incurrat.</strong></span> <span class='ocrx_word' id='word_1_626' title='bbox 1871 5125 1942 5179; x_wconf 86' lang='lat' dir='ltr'><strong>Et</strong></span> <span class='ocrx_word' id='word_1_627' title='bbox 1988 5126 2064 5185; x_wconf 87' lang='lat' dir='ltr'><strong>ita</strong></span> 
     </span>
    </p>
   </div>
   <div class='ocr_carea' id='block_1_83' title="bbox 470 5213 2061 5293">
    <p class='ocr_par' dir='ltr' id='par_1_83' title="bbox 470 5213 2061 5293">
     <span class='ocr_line' id='line_1_83' title="bbox 470 5213 2061 5293; baseline 0.011 -28"><span class='ocrx_word' id='word_1_628' title='bbox 470 5213 694 5268; x_wconf 88' lang='lat' dir='ltr'><strong>mittitur</strong></span> <span class='ocrx_word' id='word_1_629' title='bbox 731 5217 788 5270; x_wconf 90' lang='lat' dir='ltr'><strong>in</strong></span> <span class='ocrx_word' id='word_1_630' title='bbox 830 5217 1142 5272; x_wconf 80' lang='lat' dir='ltr'><strong>exteriores</strong></span> <span class='ocrx_word' id='word_1_631' title='bbox 1187 5217 1462 5286; x_wconf 88' lang='lat' dir='ltr'><strong>tenebras,</strong></span> <span class='ocrx_word' id='word_1_632' title='bbox 1513 5219 1602 5274; x_wconf 89' lang='lat' dir='ltr'><strong>vel</strong></span> <span class='ocrx_word' id='word_1_633' title='bbox 1648 5221 1936 5293; x_wconf 87' lang='lat' dir='ltr'><strong>gentilium</strong></span> <span class='ocrx_word' id='word_1_634' title='bbox 1975 5227 2061 5282; x_wconf 92' lang='lat' dir='ltr'><strong>vel</strong></span> 
     </span>
    </p>
   </div>
   <div class='ocr_carea' id='block_1_84' title="bbox 468 5309 2060 5391">
    <p class='ocr_par' dir='ltr' id='par_1_84' title="bbox 468 5309 2060 5391">
     <span class='ocr_line' id='line_1_84' title="bbox 468 5309 2060 5391; baseline 0.009 -29"><span class='ocrx_word' id='word_1_635' title='bbox 468 5309 783 5366; x_wconf 78' lang='lat' dir='ltr'><strong>Iudaeorum</strong></span> <span class='ocrx_word' id='word_1_636' title='bbox 829 5313 914 5368; x_wconf 90' lang='lat' dir='ltr'><strong>vel</strong></span> <span class='ocrx_word' id='word_1_637' title='bbox 956 5314 1368 5370; x_wconf 81' lang='lat' dir='ltr'><strong>haereticorum.</strong></span> <span class='ocrx_word' id='word_1_638' title='bbox 1422 5316 1486 5370; x_wconf 88' lang='lat' dir='ltr'><strong>Et</strong></span> <span class='ocrx_word' id='word_1_639' title='bbox 1532 5316 1778 5372; x_wconf 89' lang='lat' dir='ltr'><strong>forsitant</strong></span> <span class='ocrx_word' id='word_1_640' title='bbox 1831 5321 2060 5391; x_wconf 91' lang='lat' dir='ltr'><strong>propin-</strong></span> 
     </span>
    </p>
   </div>
   <div class='ocr_carea' id='block_1_85' title="bbox 471 5396 2060 5479">
    <p class='ocr_par' dir='ltr' id='par_1_85' title="bbox 471 5396 2060 5479">
     <span class='ocr_line' id='line_1_85' title="bbox 471 5396 2060 5479; baseline 0.011 -31"><span class='ocrx_word' id='word_1_641' title='bbox 471 5396 689 5467; x_wconf 89' lang='lat' dir='ltr'><strong>quiores</strong></span> <span class='ocrx_word' id='word_1_642' title='bbox 718 5409 842 5454; x_wconf 90' lang='lat' dir='ltr'><strong>sunt</strong></span> <span class='ocrx_word' id='word_1_643' title='bbox 867 5403 1110 5457; x_wconf 76' lang='lat' dir='ltr'><strong>tenebrae</strong></span> <span class='ocrx_word' id='word_1_644' title='bbox 1136 5403 1421 5474; x_wconf 87' lang='lat' dir='ltr'><strong>gentilium</strong></span> <span class='ocrx_word' id='word_1_645' title='bbox 1453 5405 1544 5475; x_wconf 90' lang='lat' dir='ltr'><strong>qui</strong></span> <span class='ocrx_word' id='word_1_646' title='bbox 1587 5405 1868 5461; x_wconf 90' lang='lat' dir='ltr'><strong>veritatem</strong></span> <span class='ocrx_word' id='word_1_647' title='bbox 1899 5425 2060 5479; x_wconf 90' lang='lat' dir='ltr'><strong>sper-</strong></span> 
     </span>
    </p>
   </div>
   <div class='ocr_carea' id='block_1_86' title="bbox 466 5499 2058 5568">
    <p class='ocr_par' dir='ltr' id='par_1_86' title="bbox 466 5499 2058 5568">
     <span class='ocr_line' id='line_1_86' title="bbox 466 5499 2058 5568; baseline 0.01 -22"><span class='ocrx_word' id='word_1_648' title='bbox 466 5499 601 5547; x_wconf 89' lang='lat' dir='ltr'><strong>nunt</strong></span> <span class='ocrx_word' id='word_1_649' title='bbox 630 5509 792 5564; x_wconf 89' lang='lat' dir='ltr'><strong>quam</strong></span> <span class='ocrx_word' id='word_1_650' title='bbox 836 5511 946 5550; x_wconf 91' lang='lat' dir='ltr'><strong>non</strong></span> <span class='ocrx_word' id='word_1_651' title='bbox 993 5499 1273 5555; x_wconf 86' lang='lat' dir='ltr'><strong>audierunt</strong></span> <span class='ocrx_word' id='word_1_652' title='bbox 1307 5517 1324 5568; x_wconf 75' lang='grc' dir='ltr'>ς</span> <span class='ocrx_word' id='word_1_653' title='bbox 1390 5501 1700 5558; x_wconf 87' lang='lat' dir='ltr'><strong>exteriores</strong></span> <span class='ocrx_word' id='word_1_654' title='bbox 1737 5510 1920 5560; x_wconf 90' lang='lat' dir='ltr'><strong>autem</strong></span> <span class='ocrx_word' id='word_1_655' title='bbox 1956 5508 2058 5562; x_wconf 84' lang='lat' dir='ltr'><strong>Ju-</strong></span> 
     </span>
    </p>
   </div>
   <div class='ocr_carea' id='block_1_87' title="bbox 464 5591 2058 5670">
    <p class='ocr_par' dir='ltr' id='par_1_87' title="bbox 464 5591 2058 5670">
     <span class='ocr_line' id='line_1_87' title="bbox 464 5591 2058 5670; baseline 0.01 -24"><span class='ocrx_word' id='word_1_656' title='bbox 464 5591 704 5647; x_wconf 73' lang='lat' dir='ltr'><strong>daeorum</strong></span> <span class='ocrx_word' id='word_1_657' title='bbox 718 5591 814 5664; x_wconf 90' lang='lat' dir='ltr'><strong>qui</strong></span> <span class='ocrx_word' id='word_1_658' title='bbox 845 5608 954 5647; x_wconf 90' lang='lat' dir='ltr'><strong>non</strong></span> <span class='ocrx_word' id='word_1_659' title='bbox 976 5595 1343 5663; x_wconf 80' lang='lat' dir='ltr'><strong>crediderunt,</strong></span> <span class='ocrx_word' id='word_1_660' title='bbox 1359 5598 1537 5670; x_wconf 83' lang='lat' dir='ltr'><strong>magis</strong></span> <span class='ocrx_word' id='word_1_661' title='bbox 1565 5601 1862 5658; x_wconf 84' lang='lat' dir='ltr'><strong>exteriores</strong></span> <span class='ocrx_word' id='word_1_662' title='bbox 1883 5603 2058 5662; x_wconf 60' lang='lat' dir='ltr'><strong>hare-</strong></span> 
     </span>
    </p>
   </div>
   <div class='ocr_carea' id='block_1_88' title="bbox 467 5679 2055 5753">
    <p class='ocr_par' dir='ltr' id='par_1_88' title="bbox 467 5679 2055 5753">
     <span class='ocr_line' id='line_1_88' title="bbox 467 5679 2055 5753; baseline 0.01 -17"><span class='ocrx_word' id='word_1_663' title='bbox 467 5680 696 5738; x_wconf 89' lang='lat' dir='ltr'><strong>ticorum</strong></span> <span class='ocrx_word' id='word_1_664' title='bbox 733 5680 830 5753; x_wconf 90' lang='lat' dir='ltr'><strong>qui</strong></span> <span class='ocrx_word' id='word_1_665' title='bbox 866 5679 1198 5737; x_wconf 87' lang='lat' dir='ltr'><strong>didicerunt.</strong></span> <span class='ocrx_word' id='word_1_666' title='bbox 1228 5686 1389 5742; x_wconf 78' lang='lat' dir='ltr'><strong>Modo</strong></span> <span class='ocrx_word' id='word_1_667' title='bbox 1407 5687 1690 5744; x_wconf 88' lang='lat' dir='ltr'><strong>mittuntur</strong></span> <span class='ocrx_word' id='word_1_668' title='bbox 1719 5690 1774 5747; x_wconf 90' lang='lat' dir='ltr'><strong>in</strong></span> <span class='ocrx_word' id='word_1_669' title='bbox 1803 5693 2055 5752; x_wconf 82' lang='lat' dir='ltr'><strong>tenebras</strong></span> 
     </span>
    </p>
   </div>
   <div class='ocr_carea' id='block_1_89' title="bbox 2188 3151 3801 3246">
    <p class='ocr_par' dir='ltr' id='par_1_89' title="bbox 2188 3151 3801 3246">
     <span class='ocr_line' id='line_1_89' title="bbox 2188 3151 3801 3246; baseline 0.016 -41"><span class='ocrx_word' id='word_1_670' title='bbox 2188 3151 2344 3206; x_wconf 88' lang='lat' dir='ltr'><strong>Servi</strong></span> <span class='ocrx_word' id='word_1_671' title='bbox 2375 3153 2464 3225; x_wconf 91' lang='lat' dir='ltr'><strong>qui</strong></span> <span class='ocrx_word' id='word_1_672' title='bbox 2493 3153 2751 3211; x_wconf 83' lang='lat' dir='ltr'><strong>invitatos</strong></span> <span class='ocrx_word' id='word_1_673' title='bbox 2781 3169 3126 3228; x_wconf 84' lang='lat' dir='ltr'><strong>vocaverunt,</strong></span> <span class='ocrx_word' id='word_1_674' title='bbox 3157 3173 3314 3220; x_wconf 90' lang='lat' dir='ltr'><strong>erant</strong></span> <span class='ocrx_word' id='word_1_675' title='bbox 3345 3169 3659 3239; x_wconf 81' lang='lat' dir='ltr'><strong>praphetae,</strong></span> <span class='ocrx_word' id='word_1_676' title='bbox 3705 3177 3801 3246; x_wconf 82' lang='lat' dir='ltr'><strong>qui</strong></span> 
     </span>
    </p>
   </div>
   <div class='ocr_carea' id='block_1_90' title="bbox 2183 3249 3796 3328">
    <p class='ocr_par' dir='ltr' id='par_1_90' title="bbox 2183 3249 3796 3328">
     <span class='ocr_line' id='line_1_90' title="bbox 2183 3249 3796 3328; baseline 0.014 -24"><span class='ocrx_word' id='word_1_677' title='bbox 2183 3249 2388 3305; x_wconf 63' lang='lat' dir='ltr'><strong>Judazis</strong></span> <span class='ocrx_word' id='word_1_678' title='bbox 2435 3267 2536 3322; x_wconf 92' lang='lat' dir='ltr'><strong>per</strong></span> <span class='ocrx_word' id='word_1_679' title='bbox 2585 3253 2918 3322; x_wconf 90' lang='lat' dir='ltr'><strong>patriarchas</strong></span> <span class='ocrx_word' id='word_1_680' title='bbox 2965 3257 3216 3316; x_wconf 88' lang='lat' dir='ltr'><strong>invitatos</strong></span> <span class='ocrx_word' id='word_1_681' title='bbox 3266 3263 3539 3321; x_wconf 75' lang='lat' dir='ltr'><strong>Christum</strong></span> <span class='ocrx_word' id='word_1_682' title='bbox 3600 3270 3796 3328; x_wconf 81' lang='lat' dir='ltr'><strong>incar-</strong></span> 
     </span>
    </p>
   </div>
   <div class='ocr_carea' id='block_1_91' title="bbox 2184 3339 3792 3425">
    <p class='ocr_par' dir='ltr' id='par_1_91' title="bbox 2184 3339 3792 3425">
     <span class='ocr_line' id='line_1_91' title="bbox 2184 3339 3792 3425; baseline 0.016 -33"><span class='ocrx_word' id='word_1_683' title='bbox 2184 3339 2426 3393; x_wconf 89' lang='lat' dir='ltr'><strong>nandum</strong></span> <span class='ocrx_word' id='word_1_684' title='bbox 2483 3342 3008 3410; x_wconf 66' lang='lat' dir='ltr'><strong>praenuntiaverunt.</strong></span> <span class='ocrx_word' id='word_1_685' title='bbox 3082 3349 3186 3417; x_wconf 89' lang='lat' dir='ltr'><strong>Qui</strong></span> <span class='ocrx_word' id='word_1_686' title='bbox 3242 3353 3428 3409; x_wconf 87' lang='lat' dir='ltr'><strong>venire</strong></span> <span class='ocrx_word' id='word_1_687' title='bbox 3497 3357 3792 3425; x_wconf 74' lang='lat' dir='ltr'><strong>nolebant,</strong></span> 
     </span>
    </p>
   </div>
   <div class='ocr_carea' id='block_1_92' title="bbox 2183 3427 3793 3507">
    <p class='ocr_par' dir='ltr' id='par_1_92' title="bbox 2183 3427 3793 3507">
     <span class='ocr_line' id='line_1_92' title="bbox 2183 3427 3793 3507; baseline 0.016 -26"><span class='ocrx_word' id='word_1_688' title='bbox 2183 3435 2332 3482; x_wconf 89' lang='lat' dir='ltr'><strong>erant</strong></span> <span class='ocrx_word' id='word_1_689' title='bbox 2361 3427 2413 3482; x_wconf 90' lang='lat' dir='ltr'><strong>bi</strong></span> <span class='ocrx_word' id='word_1_690' title='bbox 2449 3429 2537 3500; x_wconf 92' lang='lat' dir='ltr'><strong>qui</strong></span> <span class='ocrx_word' id='word_1_691' title='bbox 2573 3432 2850 3500; x_wconf 86' lang='lat' dir='ltr'><strong>prophetis</strong></span> <span class='ocrx_word' id='word_1_692' title='bbox 2873 3450 2980 3488; x_wconf 91' lang='lat' dir='ltr'><strong>non</strong></span> <span class='ocrx_word' id='word_1_693' title='bbox 3002 3438 3323 3495; x_wconf 90' lang='lat' dir='ltr'><strong>credebant.</strong></span> <span class='ocrx_word' id='word_1_694' title='bbox 3351 3441 3508 3499; x_wconf 89' lang='lat' dir='ltr'><strong>Servi</strong></span> <span class='ocrx_word' id='word_1_695' title='bbox 3531 3452 3793 3507; x_wconf 88' lang='lat' dir='ltr'><strong>secundo</strong></span> 
     </span>
    </p>
   </div>
   <div class='ocr_carea' id='block_1_93' title="bbox 2181 3526 3794 3604">
    <p class='ocr_par' dir='ltr' id='par_1_93' title="bbox 2181 3526 3794 3604">
     <span class='ocr_line' id='line_1_93' title="bbox 2181 3526 3794 3604; baseline 0.014 -24"><span class='ocrx_word' id='word_1_696' title='bbox 2181 3526 2335 3580; x_wconf 90' lang='lat' dir='ltr'><strong>missi</strong></span> <span class='ocrx_word' id='word_1_697' title='bbox 2363 3528 2598 3597; x_wconf 89' lang='lat' dir='ltr'><strong>apostoli</strong></span> <span class='ocrx_word' id='word_1_698' title='bbox 2629 3529 2844 3586; x_wconf 85' lang='lat' dir='ltr'><strong>fuerunt</strong></span> <span class='ocrx_word' id='word_1_699' title='bbox 2875 3533 2966 3604; x_wconf 90' lang='lat' dir='ltr'><strong>qui</strong></span> <span class='ocrx_word' id='word_1_700' title='bbox 2996 3551 3093 3604; x_wconf 89' lang='lat' dir='ltr'><strong>per</strong></span> <span class='ocrx_word' id='word_1_701' title='bbox 3122 3545 3286 3593; x_wconf 84' lang='lat' dir='ltr'><strong>totam</strong></span> <span class='ocrx_word' id='word_1_702' title='bbox 3328 3541 3578 3598; x_wconf 70' lang='lat' dir='ltr'><strong>Iudaeam</strong></span> <span class='ocrx_word' id='word_1_703' title='bbox 3626 3549 3794 3603; x_wconf 74' lang='lat' dir='ltr'><strong>Chri-</strong></span> 
     </span>
    </p>
   </div>
   <div class='ocr_carea' id='block_1_94' title="bbox 2181 3617 3796 3696">
    <p class='ocr_par' dir='ltr' id='par_1_94' title="bbox 2181 3617 3796 3696">
     <span class='ocr_line' id='line_1_94' title="bbox 2181 3617 3796 3696; baseline 0.016 -28"><span class='ocrx_word' id='word_1_704' title='bbox 2181 3622 2324 3668; x_wconf 91' lang='lat' dir='ltr'><strong>stum</strong></span> <span class='ocrx_word' id='word_1_705' title='bbox 2357 3631 2457 3685; x_wconf 88' lang='lat' dir='ltr'><strong>pro</strong></span> <span class='ocrx_word' id='word_1_706' title='bbox 2512 3617 2670 3672; x_wconf 90' lang='lat' dir='ltr'><strong>nobis</strong></span> <span class='ocrx_word' id='word_1_707' title='bbox 2717 3618 3051 3677; x_wconf 89' lang='lat' dir='ltr'><strong>incarnatum</strong></span> <span class='ocrx_word' id='word_1_708' title='bbox 3082 3627 3559 3696; x_wconf 67' lang='lat' dir='ltr'><strong>praedicaverunt.</strong></span> <span class='ocrx_word' id='word_1_709' title='bbox 3611 3636 3796 3694; x_wconf 83' lang='lat' dir='ltr'><strong>Pran-</strong></span> 
     </span>
    </p>
   </div>
   <div class='ocr_carea' id='block_1_95' title="bbox 2181 3703 3792 3799">
    <p class='ocr_par' dir='ltr' id='par_1_95' title="bbox 2181 3703 3792 3799">
     <span class='ocr_line' id='line_1_95' title="bbox 2181 3703 3792 3799; baseline 0.018 -43"><span class='ocrx_word' id='word_1_710' title='bbox 2181 3703 2328 3757; x_wconf 91' lang='lat' dir='ltr'><strong>dium</strong></span> <span class='ocrx_word' id='word_1_711' title='bbox 2360 3713 2606 3774; x_wconf 88' lang='lat' dir='ltr'><strong>paratum</strong></span> <span class='ocrx_word' id='word_1_712' title='bbox 2649 3712 2766 3762; x_wconf 89' lang='lat' dir='ltr'><strong>erat</strong></span> <span class='ocrx_word' id='word_1_713' title='bbox 2810 3711 3047 3782; x_wconf 87' lang='lat' dir='ltr'><strong>saginati</strong></span> <span class='ocrx_word' id='word_1_714' title='bbox 3091 3715 3262 3783; x_wconf 87' lang='lat' dir='ltr'><strong>vituli,</strong></span> <span class='ocrx_word' id='word_1_715' title='bbox 3312 3719 3530 3776; x_wconf 88' lang='lat' dir='ltr'><strong>scilicet</strong></span> <span class='ocrx_word' id='word_1_716' title='bbox 3578 3739 3792 3799; x_wconf 83' lang='lat' dir='ltr'><strong>corpus</strong></span> 
     </span>
    </p>
   </div>
   <div class='ocr_carea' id='block_1_96' title="bbox 2181 3800 3792 3886">
    <p class='ocr_par' dir='ltr' id='par_1_96' title="bbox 2181 3800 3792 3886">
     <span class='ocr_line' id='line_1_96' title="bbox 2181 3800 3792 3886; baseline 0.017 -35"><span class='ocrx_word' id='word_1_717' title='bbox 2181 3815 2278 3869; x_wconf 89' lang='lat' dir='ltr'><strong>pro</strong></span> <span class='ocrx_word' id='word_1_718' title='bbox 2299 3800 2457 3855; x_wconf 89' lang='lat' dir='ltr'><strong>nobis</strong></span> <span class='ocrx_word' id='word_1_719' title='bbox 2483 3801 2604 3872; x_wconf 86' lang='lat' dir='ltr'><strong>jam</strong></span> <span class='ocrx_word' id='word_1_720' title='bbox 2636 3803 2900 3860; x_wconf 86' lang='lat' dir='ltr'><strong>oblatum.</strong></span> <span class='ocrx_word' id='word_1_721' title='bbox 2932 3808 3090 3864; x_wconf 88' lang='lat' dir='ltr'><strong>Tauri</strong></span> <span class='ocrx_word' id='word_1_722' title='bbox 3120 3811 3332 3869; x_wconf 86' lang='lat' dir='ltr'><strong>feroces</strong></span> <span class='ocrx_word' id='word_1_723' title='bbox 3363 3819 3587 3886; x_wconf 83' lang='lat' dir='ltr'><strong>tyranni</strong></span> <span class='ocrx_word' id='word_1_724' title='bbox 3620 3824 3792 3879; x_wconf 83' lang='lat' dir='ltr'><strong>exsti-</strong></span> 
     </span>
    </p>
   </div>
   <div class='ocr_carea' id='block_1_97' title="bbox 2182 3889 3789 3970">
    <p class='ocr_par' dir='ltr' id='par_1_97' title="bbox 2182 3889 3789 3970">
     <span class='ocr_line' id='line_1_97' title="bbox 2182 3889 3789 3970; baseline 0.017 -28"><span class='ocrx_word' id='word_1_725' title='bbox 2182 3895 2362 3943; x_wconf 91' lang='lat' dir='ltr'><strong>terunt</strong></span> <span class='ocrx_word' id='word_1_726' title='bbox 2392 3889 2483 3960; x_wconf 92' lang='lat' dir='ltr'><strong>qui</strong></span> <span class='ocrx_word' id='word_1_727' title='bbox 2513 3900 2703 3948; x_wconf 89' lang='lat' dir='ltr'><strong>cuncta</strong></span> <span class='ocrx_word' id='word_1_728' title='bbox 2735 3895 2884 3950; x_wconf 89' lang='lat' dir='ltr'><strong>orbis</strong></span> <span class='ocrx_word' id='word_1_729' title='bbox 2914 3912 3081 3969; x_wconf 86' lang='lat' dir='ltr'><strong>regna</strong></span> <span class='ocrx_word' id='word_1_730' title='bbox 3110 3902 3572 3970; x_wconf 88' lang='lat' dir='ltr'><strong>perdomuerunt.</strong></span> <span class='ocrx_word' id='word_1_731' title='bbox 3595 3912 3789 3970; x_wconf 74' lang='lat' dir='ltr'><strong>Altilia</strong></span> 
     </span>
    </p>
   </div>
   <div class='ocr_carea' id='block_1_98' title="bbox 2179 3980 3784 4061">
    <p class='ocr_par' dir='ltr' id='par_1_98' title="bbox 2179 3980 3784 4061">
     <span class='ocr_line' id='line_1_98' title="bbox 2179 3980 3784 4061; baseline 0.019 -32"><span class='ocrx_word' id='word_1_732' title='bbox 2179 3992 2312 4032; x_wconf 87' lang='lat' dir='ltr'><strong>vero</strong></span> <span class='ocrx_word' id='word_1_733' title='bbox 2337 3987 2494 4033; x_wconf 87' lang='lat' dir='ltr'><strong>erant</strong></span> <span class='ocrx_word' id='word_1_734' title='bbox 2520 3980 2851 4054; x_wconf 70' lang='lat' dir='ltr'><strong>philosophi,</strong></span> <span class='ocrx_word' id='word_1_735' title='bbox 2893 3985 2983 4056; x_wconf 91' lang='lat' dir='ltr'><strong>qui</strong></span> <span class='ocrx_word' id='word_1_736' title='bbox 3013 3989 3194 4042; x_wconf 90' lang='lat' dir='ltr'><strong>omnia</strong></span> <span class='ocrx_word' id='word_1_737' title='bbox 3222 3998 3638 4061; x_wconf 77' lang='lat' dir='ltr'><strong>perscrutanda</strong></span> <span class='ocrx_word' id='word_1_738' title='bbox 3686 4019 3784 4059; x_wconf 90' lang='lat' dir='ltr'><strong>vo—</strong></span> 
     </span>
    </p>
   </div>
   <div class='ocr_carea' id='block_1_99' title="bbox 2178 4063 3785 4147">
    <p class='ocr_par' dir='ltr' id='par_1_99' title="bbox 2178 4063 3785 4147">
     <span class='ocr_line' id='line_1_99' title="bbox 2178 4063 3785 4147; baseline 0.019 -29"><span class='ocrx_word' id='word_1_739' title='bbox 2178 4063 2424 4121; x_wconf 88' lang='lat' dir='ltr'><strong>laverunt</strong></span> <span class='ocrx_word' id='word_1_740' title='bbox 2454 4077 2632 4124; x_wconf 90' lang='lat' dir='ltr'><strong>mente</strong></span> <span class='ocrx_word' id='word_1_741' title='bbox 2659 4086 2834 4142; x_wconf 89' lang='lat' dir='ltr'><strong>usque</strong></span> <span class='ocrx_word' id='word_1_742' title='bbox 2883 4075 2952 4127; x_wconf 87' lang='lat' dir='ltr'><strong>ad</strong></span> <span class='ocrx_word' id='word_1_743' title='bbox 3013 4075 3197 4132; x_wconf 88' lang='lat' dir='ltr'><strong>sidera</strong></span> <span class='ocrx_word' id='word_1_744' title='bbox 3251 4080 3405 4137; x_wconf 76' lang='lat' dir='ltr'><strong>coeli.</strong></span> <span class='ocrx_word' id='word_1_745' title='bbox 3469 4085 3542 4140; x_wconf 80' lang='lat' dir='ltr'><strong>Hi</strong></span> <span class='ocrx_word' id='word_1_746' title='bbox 3612 4091 3785 4147; x_wconf 82' lang='lat' dir='ltr'><strong>occisi</strong></span> 
     </span>
    </p>
   </div>
   <div class='ocr_carea' id='block_1_100' title="bbox 2180 4163 3784 4251">
    <p class='ocr_par' dir='ltr' id='par_1_100' title="bbox 2180 4163 3784 4251">
     <span class='ocr_line' id='line_1_100' title="bbox 2180 4163 3784 4251; baseline 0.019 -36"><span class='ocrx_word' id='word_1_747' title='bbox 2180 4169 2358 4229; x_wconf 89' lang='lat' dir='ltr'><strong>erant,</strong></span> <span class='ocrx_word' id='word_1_748' title='bbox 2391 4163 2521 4219; x_wconf 90' lang='lat' dir='ltr'><strong>dum</strong></span> <span class='ocrx_word' id='word_1_749' title='bbox 2551 4165 2650 4222; x_wconf 91' lang='lat' dir='ltr'><strong>Dei</strong></span> <span class='ocrx_word' id='word_1_750' title='bbox 2682 4168 2948 4238; x_wconf 89' lang='lat' dir='ltr'><strong>sapientia</strong></span> <span class='ocrx_word' id='word_1_751' title='bbox 2977 4175 3340 4244; x_wconf 90' lang='lat' dir='ltr'><strong>superborum</strong></span> <span class='ocrx_word' id='word_1_752' title='bbox 3370 4181 3542 4251; x_wconf 80' lang='lat' dir='ltr'><strong>colla,</strong></span> <span class='ocrx_word' id='word_1_753' title='bbox 3576 4196 3634 4241; x_wconf 85' lang='lat' dir='ltr'><strong>et</strong></span> <span class='ocrx_word' id='word_1_754' title='bbox 3689 4206 3784 4245; x_wconf 79' lang='lat' dir='ltr'><strong>su-</strong></span> 
     </span>
    </p>
   </div>
   <div class='ocr_carea' id='block_1_101' title="bbox 2178 4248 3781 4343">
    <p class='ocr_par' dir='ltr' id='par_1_101' title="bbox 2178 4248 3781 4343">
     <span class='ocr_line' id='line_1_101' title="bbox 2178 4248 3781 4343; baseline 0.021 -41"><span class='ocrx_word' id='word_1_755' title='bbox 2178 4248 2426 4306; x_wconf 91' lang='lat' dir='ltr'><strong>blimium</strong></span> <span class='ocrx_word' id='word_1_756' title='bbox 2454 4253 2761 4310; x_wconf 82' lang='lat' dir='ltr'><strong>calcaverat</strong></span> <span class='ocrx_word' id='word_1_757' title='bbox 2791 4257 3028 4316; x_wconf 87' lang='lat' dir='ltr'><strong>humiles</strong></span> <span class='ocrx_word' id='word_1_758' title='bbox 3085 4271 3139 4318; x_wconf 83' lang='lat' dir='ltr'><strong>et</strong></span> <span class='ocrx_word' id='word_1_759' title='bbox 3185 4281 3457 4338; x_wconf 84' lang='lat' dir='ltr'><strong>pauperes</strong></span> <span class='ocrx_word' id='word_1_760' title='bbox 3517 4248 3781 4343; x_wconf 81' lang='lat' dir='ltr'><strong>parentes</strong></span> 
     </span>
    </p>
   </div>
   <div class='ocr_carea' id='block_1_102' title="bbox 2178 4337 3782 4432">
    <p class='ocr_par' dir='ltr' id='par_1_102' title="bbox 2178 4337 3782 4432">
     <span class='ocr_line' id='line_1_102' title="bbox 2178 4337 3782 4432; baseline 0.02 -41"><span class='ocrx_word' id='word_1_761' title='bbox 2178 4337 2443 4410; x_wconf 89' lang='lat' dir='ltr'><strong>elegerat,</strong></span> <span class='ocrx_word' id='word_1_762' title='bbox 2476 4342 2794 4413; x_wconf 87' lang='lat' dir='ltr'><strong>sapientiam</strong></span> <span class='ocrx_word' id='word_1_763' title='bbox 2825 4348 3171 4418; x_wconf 90' lang='lat' dir='ltr'><strong>prudentium</strong></span> <span class='ocrx_word' id='word_1_764' title='bbox 3193 4337 3611 4432; x_wconf 77' lang='lat' dir='ltr'><strong>reprobaverat,</strong></span> <span class='ocrx_word' id='word_1_765' title='bbox 3638 4367 3782 4423; x_wconf 88' lang='lat' dir='ltr'><strong>idio—</strong></span> 
     </span>
    </p>
   </div>
   <div class='ocr_carea' id='block_1_103' title="bbox 2181 4435 3782 4518">
    <p class='ocr_par' dir='ltr' id='par_1_103' title="bbox 2181 4435 3782 4518">
     <span class='ocr_line' id='line_1_103' title="bbox 2181 4435 3782 4518; baseline 0.019 -30"><span class='ocrx_word' id='word_1_766' title='bbox 2181 4442 2259 4489; x_wconf 90' lang='lat' dir='ltr'><strong>tas</strong></span> <span class='ocrx_word' id='word_1_767' title='bbox 2289 4444 2341 4490; x_wconf 91' lang='lat' dir='ltr'><strong>et</strong></span> <span class='ocrx_word' id='word_1_768' title='bbox 2370 4435 2643 4506; x_wconf 90' lang='lat' dir='ltr'><strong>simplices</strong></span> <span class='ocrx_word' id='word_1_769' title='bbox 2670 4441 2917 4498; x_wconf 88' lang='lat' dir='ltr'><strong>homines</strong></span> <span class='ocrx_word' id='word_1_770' title='bbox 2966 4446 3033 4500; x_wconf 89' lang='lat' dir='ltr'><strong>ad</strong></span> <span class='ocrx_word' id='word_1_771' title='bbox 3090 4451 3505 4518; x_wconf 71' lang='lat' dir='ltr'><strong>praedicandum</strong></span> <span class='ocrx_word' id='word_1_772' title='bbox 3568 4464 3782 4518; x_wconf 84' lang='lat' dir='ltr'><strong>consti-</strong></span> 
     </span>
    </p>
   </div>
   <div class='ocr_carea' id='block_1_104' title="bbox 2176 4525 3783 4609">
    <p class='ocr_par' dir='ltr' id='par_1_104' title="bbox 2176 4525 3783 4609">
     <span class='ocr_line' id='line_1_104' title="bbox 2176 4525 3783 4609; baseline 0.02 -33"><span class='ocrx_word' id='word_1_773' title='bbox 2176 4531 2374 4578; x_wconf 85' lang='lat' dir='ltr'><strong>tuerat.</strong></span> <span class='ocrx_word' id='word_1_774' title='bbox 2413 4525 2605 4581; x_wconf 88' lang='lat' dir='ltr'><strong>Omnia</strong></span> <span class='ocrx_word' id='word_1_775' title='bbox 2633 4539 2784 4584; x_wconf 89' lang='lat' dir='ltr'><strong>erant</strong></span> <span class='ocrx_word' id='word_1_776' title='bbox 2812 4543 3023 4603; x_wconf 85' lang='lat' dir='ltr'><strong>parata,</strong></span> <span class='ocrx_word' id='word_1_777' title='bbox 3059 4537 3184 4607; x_wconf 84' lang='lat' dir='ltr'><strong>quia</strong></span> <span class='ocrx_word' id='word_1_778' title='bbox 3213 4551 3407 4598; x_wconf 87' lang='lat' dir='ltr'><strong>cuncta</strong></span> <span class='ocrx_word' id='word_1_779' title='bbox 3435 4547 3512 4600; x_wconf 86' lang='lat' dir='ltr'><strong>ad</strong></span> <span class='ocrx_word' id='word_1_780' title='bbox 3545 4551 3783 4609; x_wconf 81' lang='lat' dir='ltr'><strong>salutem</strong></span> 
     </span>
    </p>
   </div>
   <div class='ocr_carea' id='block_1_105' title="bbox 2175 4613 3782 4700">
    <p class='ocr_par' dir='ltr' id='par_1_105' title="bbox 2175 4613 3782 4700">
     <span class='ocr_line' id='line_1_105' title="bbox 2175 4613 3782 4700; baseline 0.021 -36"><span class='ocrx_word' id='word_1_781' title='bbox 2175 4613 2500 4683; x_wconf 86' lang='lat' dir='ltr'><strong>pertinentia</strong></span> <span class='ocrx_word' id='word_1_782' title='bbox 2548 4616 2765 4673; x_wconf 79' lang='lat' dir='ltr'><strong>fuerant</strong></span> <span class='ocrx_word' id='word_1_783' title='bbox 2821 4621 3060 4690; x_wconf 91' lang='lat' dir='ltr'><strong>prolata.</strong></span> <span class='ocrx_word' id='word_1_784' title='bbox 3129 4627 3465 4700; x_wconf 87' lang='lat' dir='ltr'><strong>Scripturam</strong></span> <span class='ocrx_word' id='word_1_785' title='bbox 3523 4641 3782 4697; x_wconf 87' lang='lat' dir='ltr'><strong>omnibus</strong></span> 
     </span>
    </p>
   </div>
   <div class='ocr_carea' id='block_1_106' title="bbox 2175 4703 3775 4795">
    <p class='ocr_par' dir='ltr' id='par_1_106' title="bbox 2175 4703 3775 4795">
     <span class='ocr_line' id='line_1_106' title="bbox 2175 4703 3775 4795; baseline 0.019 -43"><span class='ocrx_word' id='word_1_786' title='bbox 2175 4709 2486 4770; x_wconf 90' lang='lat' dir='ltr'><strong>aperuerat,</strong></span> <span class='ocrx_word' id='word_1_787' title='bbox 2521 4703 2823 4774; x_wconf 90' lang='lat' dir='ltr'><strong>baptismus</strong></span> <span class='ocrx_word' id='word_1_788' title='bbox 2852 4718 2904 4764; x_wconf 89' lang='lat' dir='ltr'><strong>et</strong></span> <span class='ocrx_word' id='word_1_789' title='bbox 2932 4711 3250 4782; x_wconf 87' lang='lat' dir='ltr'><strong>poenitentia</strong></span> <span class='ocrx_word' id='word_1_790' title='bbox 3279 4722 3485 4776; x_wconf 80' lang='lat' dir='ltr'><strong>cunctis</strong></span> <span class='ocrx_word' id='word_1_791' title='bbox 3517 4729 3775 4795; x_wconf 81' lang='lat' dir='ltr'><strong>patebat.</strong></span> 
     </span>
    </p>
   </div>
   <div class='ocr_carea' id='block_1_107' title="bbox 2174 4787 3781 4872">
    <p class='ocr_par' dir='ltr' id='par_1_107' title="bbox 2174 4787 3781 4872">
     <span class='ocr_line' id='line_1_107' title="bbox 2174 4787 3781 4872; baseline 0.021 -32"><span class='ocrx_word' id='word_1_792' title='bbox 2174 4789 2243 4841; x_wconf 76' lang='lat' dir='ltr'><strong>At</strong></span> <span class='ocrx_word' id='word_1_793' title='bbox 2271 4787 2346 4842; x_wconf 90' lang='lat' dir='ltr'><strong>illi</strong></span> <span class='ocrx_word' id='word_1_794' title='bbox 2376 4789 2626 4862; x_wconf 77' lang='lat' dir='ltr'><strong>neglecta</strong></span> <span class='ocrx_word' id='word_1_795' title='bbox 2657 4793 2851 4863; x_wconf 88' lang='lat' dir='ltr'><strong>salute,</strong></span> <span class='ocrx_word' id='word_1_796' title='bbox 2911 4798 2978 4853; x_wconf 88' lang='lat' dir='ltr'><strong>ad</strong></span> <span class='ocrx_word' id='word_1_797' title='bbox 3037 4802 3250 4872; x_wconf 89' lang='lat' dir='ltr'><strong>nuptias</strong></span> <span class='ocrx_word' id='word_1_798' title='bbox 3307 4787 3534 4866; x_wconf 75' lang='lat' dir='ltr'><strong>Domini</strong></span> <span class='ocrx_word' id='word_1_799' title='bbox 3585 4816 3781 4872; x_wconf 81' lang='lat' dir='ltr'><strong>venire</strong></span> 
     </span>
    </p>
   </div>
   <div class='ocr_carea' id='block_1_108' title="bbox 2174 4883 3782 4980">
    <p class='ocr_par' dir='ltr' id='par_1_108' title="bbox 2174 4883 3782 4980">
     <span class='ocr_line' id='line_1_108' title="bbox 2174 4883 3782 4980; baseline 0.021 -43"><span class='ocrx_word' id='word_1_800' title='bbox 2174 4883 2491 4952; x_wconf 89' lang='lat' dir='ltr'><strong>noluerunt,</strong></span> <span class='ocrx_word' id='word_1_801' title='bbox 2527 4887 2625 4943; x_wconf 89' lang='lat' dir='ltr'><strong>sed</strong></span> <span class='ocrx_word' id='word_1_802' title='bbox 2653 4888 2792 4946; x_wconf 90' lang='lat' dir='ltr'><strong>alius</strong></span> <span class='ocrx_word' id='word_1_803' title='bbox 2822 4891 2877 4946; x_wconf 90' lang='lat' dir='ltr'><strong>in</strong></span> <span class='ocrx_word' id='word_1_804' title='bbox 2903 4893 3108 4963; x_wconf 86' lang='lat' dir='ltr'><strong>villam,</strong></span> <span class='ocrx_word' id='word_1_805' title='bbox 3133 4899 3274 4956; x_wconf 86' lang='lat' dir='ltr'><strong>alius</strong></span> <span class='ocrx_word' id='word_1_806' title='bbox 3327 4903 3394 4958; x_wconf 90' lang='lat' dir='ltr'><strong>ad</strong></span> <span class='ocrx_word' id='word_1_807' title='bbox 3443 4912 3782 4980; x_wconf 81' lang='lat' dir='ltr'><strong>negotiatio-</strong></span> 
     </span>
    </p>
   </div>
   <div class='ocr_carea' id='block_1_109' title="bbox 2173 4973 3781 5060">
    <p class='ocr_par' dir='ltr' id='par_1_109' title="bbox 2173 4973 3781 5060">
     <span class='ocr_line' id='line_1_109' title="bbox 2173 4973 3781 5060; baseline 0.021 -36"><span class='ocrx_word' id='word_1_808' title='bbox 2173 4987 2299 5027; x_wconf 83' lang='lat' dir='ltr'><strong>nem</strong></span> <span class='ocrx_word' id='word_1_809' title='bbox 2330 4973 2600 5043; x_wconf 82' lang='lat' dir='ltr'><strong>abierunt,</strong></span> <span class='ocrx_word' id='word_1_810' title='bbox 2635 4979 2761 5050; x_wconf 90' lang='lat' dir='ltr'><strong>quia</strong></span> <span class='ocrx_word' id='word_1_811' title='bbox 2790 4989 2996 5038; x_wconf 91' lang='lat' dir='ltr'><strong>tantum</strong></span> <span class='ocrx_word' id='word_1_812' title='bbox 3027 4989 3259 5045; x_wconf 89' lang='lat' dir='ltr'><strong>terrenis</strong></span> <span class='ocrx_word' id='word_1_813' title='bbox 3308 4991 3471 5049; x_wconf 89' lang='lat' dir='ltr'><strong>lucris</strong></span> <span class='ocrx_word' id='word_1_814' title='bbox 3521 4973 3781 5060; x_wconf 61' lang='lat' dir='ltr'><strong>inhiare-</strong></span> 
     </span>
    </p>
   </div>
   <div class='ocr_carea' id='block_1_110' title="bbox 2171 5062 3782 5150">
    <p class='ocr_par' dir='ltr' id='par_1_110' title="bbox 2171 5062 3782 5150">
     <span class='ocr_line' id='line_1_110' title="bbox 2171 5062 3782 5150; baseline 0.018 -35"><span class='ocrx_word' id='word_1_815' title='bbox 2171 5069 2316 5128; x_wconf 87' lang='lat' dir='ltr'><strong>runt,</strong></span> <span class='ocrx_word' id='word_1_816' title='bbox 2351 5070 2405 5118; x_wconf 91' lang='lat' dir='ltr'><strong>et</strong></span> <span class='ocrx_word' id='word_1_817' title='bbox 2433 5062 2557 5120; x_wconf 92' lang='lat' dir='ltr'><strong>ideo</strong></span> <span class='ocrx_word' id='word_1_818' title='bbox 2587 5066 2832 5124; x_wconf 83' lang='lat' dir='ltr'><strong>coelestia</strong></span> <span class='ocrx_word' id='word_1_819' title='bbox 2862 5086 3047 5129; x_wconf 86' lang='lat' dir='ltr'><strong>amare</strong></span> <span class='ocrx_word' id='word_1_820' title='bbox 3085 5091 3195 5132; x_wconf 88' lang='lat' dir='ltr'><strong>non</strong></span> <span class='ocrx_word' id='word_1_821' title='bbox 3249 5084 3570 5150; x_wconf 86' lang='lat' dir='ltr'><strong>potuerunt.</strong></span> <span class='ocrx_word' id='word_1_822' title='bbox 3631 5091 3782 5147; x_wconf 79' lang='lat' dir='ltr'><strong>Reli-</strong></span> 
     </span>
    </p>
   </div>
   <div class='ocr_carea' id='block_1_111' title="bbox 2172 5149 3781 5237">
    <p class='ocr_par' dir='ltr' id='par_1_111' title="bbox 2172 5149 3781 5237">
     <span class='ocr_line' id='line_1_111' title="bbox 2172 5149 3781 5237; baseline 0.022 -35"><span class='ocrx_word' id='word_1_823' title='bbox 2172 5149 2263 5220; x_wconf 91' lang='lat' dir='ltr'><strong>qui</strong></span> <span class='ocrx_word' id='word_1_824' title='bbox 2293 5167 2421 5206; x_wconf 91' lang='lat' dir='ltr'><strong>vero</strong></span> <span class='ocrx_word' id='word_1_825' title='bbox 2451 5168 2649 5210; x_wconf 91' lang='lat' dir='ltr'><strong>servos</strong></span> <span class='ocrx_word' id='word_1_826' title='bbox 2681 5157 2830 5229; x_wconf 79' lang='lat' dir='ltr'><strong>regis</strong></span> <span class='ocrx_word' id='word_1_827' title='bbox 2876 5165 3221 5221; x_wconf 85' lang='lat' dir='ltr'><strong>contumeliis</strong></span> <span class='ocrx_word' id='word_1_828' title='bbox 3252 5149 3500 5227; x_wconf 72' lang='lat' dir='ltr'><strong>affectos</strong></span> <span class='ocrx_word' id='word_1_829' title='bbox 3546 5180 3781 5237; x_wconf 79' lang='lat' dir='ltr'><strong>occide-</strong></span> 
     </span>
    </p>
   </div>
   <div class='ocr_carea' id='block_1_112' title="bbox 2169 5241 3782 5339">
    <p class='ocr_par' dir='ltr' id='par_1_112' title="bbox 2169 5241 3782 5339">
     <span class='ocr_line' id='line_1_112' title="bbox 2169 5241 3782 5339; baseline 0.02 -48"><span class='ocrx_word' id='word_1_830' title='bbox 2169 5247 2312 5307; x_wconf 90' lang='lat' dir='ltr'><strong>runt,</strong></span> <span class='ocrx_word' id='word_1_831' title='bbox 2353 5241 2480 5312; x_wconf 86' lang='lat' dir='ltr'><strong>quia</strong></span> <span class='ocrx_word' id='word_1_832' title='bbox 2513 5243 2766 5301; x_wconf 67' lang='lat' dir='ltr'><strong>Pharisaei</strong></span> <span class='ocrx_word' id='word_1_833' title='bbox 2795 5255 2849 5302; x_wconf 88' lang='lat' dir='ltr'><strong>et</strong></span> <span class='ocrx_word' id='word_1_834' title='bbox 2897 5251 3174 5323; x_wconf 88' lang='lat' dir='ltr'><strong>principes</strong></span> <span class='ocrx_word' id='word_1_835' title='bbox 3232 5259 3580 5319; x_wconf 88' lang='lat' dir='ltr'><strong>sacerdotum</strong></span> <span class='ocrx_word' id='word_1_836' title='bbox 3635 5284 3782 5339; x_wconf 77' lang='lat' dir='ltr'><strong>apo-</strong></span> 
     </span>
    </p>
   </div>
   <div class='ocr_carea' id='block_1_113' title="bbox 2169 5326 3782 5428">
    <p class='ocr_par' dir='ltr' id='par_1_113' title="bbox 2169 5326 3782 5428">
     <span class='ocr_line' id='line_1_113' title="bbox 2169 5326 3782 5428; baseline 0.021 -47"><span class='ocrx_word' id='word_1_837' title='bbox 2169 5326 2336 5382; x_wconf 90' lang='lat' dir='ltr'><strong>stolos</strong></span> <span class='ocrx_word' id='word_1_838' title='bbox 2367 5343 2610 5397; x_wconf 87' lang='lat' dir='ltr'><strong>carcere,</strong></span> <span class='ocrx_word' id='word_1_839' title='bbox 2634 5333 2888 5403; x_wconf 87' lang='lat' dir='ltr'><strong>vinculis,</strong></span> <span class='ocrx_word' id='word_1_840' title='bbox 2917 5340 3241 5398; x_wconf 87' lang='lat' dir='ltr'><strong>verberibus</strong></span> <span class='ocrx_word' id='word_1_841' title='bbox 3261 5344 3590 5421; x_wconf 77' lang='lat' dir='ltr'><strong>aﬂ‘ecerunt,</strong></span> <span class='ocrx_word' id='word_1_842' title='bbox 3610 5326 3782 5428; x_wconf 71' lang='lat' dir='ltr'><strong>quos.</strong></span> 
     </span>
    </p>
   </div>
   <div class='ocr_carea' id='block_1_114' title="bbox 2171 5413 3784 5502">
    <p class='ocr_par' dir='ltr' id='par_1_114' title="bbox 2171 5413 3784 5502">
     <span class='ocr_line' id='line_1_114' title="bbox 2171 5413 3784 5502; baseline 0.022 -35"><span class='ocrx_word' id='word_1_843' title='bbox 2171 5413 2299 5469; x_wconf 72' lang='lat' dir='ltr'><strong>dam</strong></span> <span class='ocrx_word' id='word_1_844' title='bbox 2327 5431 2391 5471; x_wconf 91' lang='lat' dir='ltr'><strong>ex</strong></span> <span class='ocrx_word' id='word_1_845' title='bbox 2423 5417 2502 5472; x_wconf 90' lang='lat' dir='ltr'><strong>eis</strong></span> <span class='ocrx_word' id='word_1_846' title='bbox 2531 5421 2864 5493; x_wconf 89' lang='lat' dir='ltr'><strong>occiderunt,</strong></span> <span class='ocrx_word' id='word_1_847' title='bbox 2884 5425 3023 5483; x_wconf 86' lang='lat' dir='ltr'><strong>alios</strong></span> <span class='ocrx_word' id='word_1_848' title='bbox 3047 5429 3116 5486; x_wconf 89' lang='lat' dir='ltr'><strong>de</strong></span> <span class='ocrx_word' id='word_1_849' title='bbox 3137 5429 3335 5490; x_wconf 85' lang='lat' dir='ltr'><strong>ﬁnibus</strong></span> <span class='ocrx_word' id='word_1_850' title='bbox 3355 5437 3471 5493; x_wconf 88' lang='lat' dir='ltr'><strong>suis</strong></span> <span class='ocrx_word' id='word_1_851' title='bbox 3491 5413 3784 5502; x_wconf 47' lang='lat' dir='ltr'><strong>cuin‘oon:</strong></span> 
     </span>
    </p>
   </div>
   <div class='ocr_carea' id='block_1_115' title="bbox 2168 5503 2807 5578">
    <p class='ocr_par' dir='ltr' id='par_1_115' title="bbox 2168 5503 2807 5578">
     <span class='ocr_line' id='line_1_115' title="bbox 2168 5503 2807 5578; baseline 0.017 -22"><span class='ocrx_word' id='word_1_852' title='bbox 2168 5503 2393 5559; x_wconf 86' lang='lat' dir='ltr'><strong>tumelia</strong></span> <span class='ocrx_word' id='word_1_853' title='bbox 2428 5509 2807 5578; x_wconf 83' lang='lat' dir='ltr'><strong>prOpulerunt.</strong></span> 
     </span>
    </p>
   </div>
   <div class='ocr_carea' id='block_1_116' title="bbox 2243 5610 3778 5700">
    <p class='ocr_par' dir='ltr' id='par_1_116' title="bbox 2243 5610 3778 5700">
     <span class='ocr_line' id='line_1_116' title="bbox 2243 5610 3778 5700; baseline 0.026 -40"><span class='ocrx_word' id='word_1_854' title='bbox 2243 5631 2265 5658; x_wconf 74' lang='grc' dir='ltr'><strong>ε</strong></span> <span class='ocrx_word' id='word_1_855' title='bbox 2302 5610 2412 5700; x_wconf 65' lang='lat' dir='ltr'><strong>ilex</strong></span> <span class='ocrx_word' id='word_1_856' title='bbox 2465 5623 2640 5671; x_wconf 90' lang='lat' dir='ltr'><strong>autem</strong></span> <span class='ocrx_word' id='word_1_857' title='bbox 2693 5617 2876 5676; x_wconf 90' lang='lat' dir='ltr'><strong>missis</strong></span> <span class='ocrx_word' id='word_1_858' title='bbox 2915 5625 3246 5684; x_wconf 84' lang='lat' dir='ltr'><strong>exercitibus</strong></span> <span class='ocrx_word' id='word_1_859' title='bbox 3289 5631 3605 5695; x_wconf 79' lang='lat' dir='ltr'><strong>homicidas</strong></span> <span class='ocrx_word' id='word_1_860' title='bbox 3646 5641 3778 5700; x_wconf 81' lang='lat' dir='ltr'><strong>illos</strong></span> 
     </span>
    </p>
   </div>
   <div class='ocr_carea' id='block_1_117' title="bbox 2163 5699 3776 5803">
    <p class='ocr_par' dir='ltr' id='par_1_117' title="bbox 2163 5699 3776 5803">
     <span class='ocr_line' id='line_1_117' title="bbox 2163 5699 3776 5803; baseline 0.024 -51"><span class='ocrx_word' id='word_1_861' title='bbox 2163 5699 2417 5770; x_wconf 86' lang='lat' dir='ltr'><strong>perdidit,</strong></span> <span class='ocrx_word' id='word_1_862' title='bbox 2468 5711 2524 5761; x_wconf 91' lang='lat' dir='ltr'><strong>et</strong></span> <span class='ocrx_word' id='word_1_863' title='bbox 2563 5705 2839 5766; x_wconf 86' lang='lat' dir='ltr'><strong>civitatem</strong></span> <span class='ocrx_word' id='word_1_864' title='bbox 2883 5710 3098 5774; x_wconf 89' lang='lat' dir='ltr'><strong>illorum</strong></span> <span class='ocrx_word' id='word_1_865' title='bbox 3145 5723 3450 5794; x_wconf 87' lang='lat' dir='ltr'><strong>succendit,</strong></span> <span class='ocrx_word' id='word_1_866' title='bbox 3489 5750 3510 5775; x_wconf 77' lang='grc' dir='ltr'><strong>ι»</strong></span> <span class='ocrx_word' id='word_1_867' title='bbox 3549 5733 3776 5803; x_wconf 78' lang='lat' dir='ltr'><strong>quando</strong></span> 
     </span>
    </p>
   </div>
  </div>
