4008 6092
201 216 336 269 1193

1105 203 1690 262 DEFLOBATIONES
1730 203 1834 260 SS.
1880 205 2181 262 PATRUM.
2223 236 2290 249 -——
2329 207 2548 263 LIB.II.

3355 210 3491 264 1194

199 347 334 393 nutu
392 335 490 400 Dei
519 332 748 391 Romani
789 329 1070 405 principes
1129 346 1253 387 cum
1309 329 1641 386 exercitibus
1694 330 1797 385 Ju-
1829 333 2064 394 Asunt.
2105 332 2170 388 Et
2226 332 2355 405 quia
2407 333 2523 390 haec
2579 332 2763 388 omnia
2805 348 2900 404 per
2958 331 3157 388 Christi
3203 333 3498 404 potentiam

204 429 380 483 dmum
427 425 792 487 intraverunt,
835 419 1140 490 parricidas
1194 419 1410 474 Jndzeos
1459 418 1628 473 variis
1658 435 1794 490 sup-

208 515 390 588 pliciis
465 515 878 578 interemerunt,
952 508 1225 564 civitatem
1282 508 1627 562 Hierusalem
1682 506 1797 578 igni

209 611 633 668 succenderunt.
683 604 892 662 Deinde
921 605 992 659 ad
1038 606 1214 660 exitus
1241 605 1452 660 viarum
1483 604 1634 660 servi
1655 603 1798 658 diri-

208 709 440 774 guntur,
511 707 560 754 et
601 695 877 768 quoslibet
941 709 1139 749 vocare
1188 693 1592 764 praecipiuntur,
1671 692 1799 764 quia

206 789 479 862 profecto,
520 787 647 841 dum
711 783 886 839 Judaei
950 783 1021 838 ad
1086 783 1301 854 nuptias
1339 782 1439 838 Dei
1476 781 1665 838 venire
1701 798 1799 836 re-

204 895 418 954 cusant,
471 882 699 955 apostoli
737 883 791 936 in
831 881 975 936 viam
1034 881 1280 953 gentium
1329 881 1614 946 abeuntes,
1670 879 1798 934 ido-

207 975 432 1030 lolatras
488 973 559 1028 ad
602 971 794 1043 epulas
860 971 958 1026 Dei
996 971 1256 1024 invitant.
1302 970 1479 1025 Bonos
1517 978 1570 1024 et
1626 968 1801 1023 malos

207 1069 710 1136 congregaverunt,
788 1059 914 1131 quia
978 1059 1177 1114 multos
1217 1059 1480 1129 reprobos
1517 1073 1640 1114 cum
1679 1057 1801 1112 ele-

206 1161 311 1218 ctis
367 1159 435 1214 ad
474 1158 635 1214 fidem
688 1163 994 1212 traxerunt.
1078 1155 1291 1226 Nuptiae
1342 1155 1803 1210 discumbentium

207 1249 526 1320 implentur,
604 1247 828 1317 quando
891 1260 1156 1300 numerus
1210 1244 1507 1300 electorum
1545 1242 1804 1314 implebi-

211 1348 319 1394 tur.
398 1339 513 1394 Rex
552 1335 780 1391 intrabit
833 1335 1244 1390 discumbentes
1299 1334 1510 1399 videre,
1587 1333 1804 1404 quando

211 1439 278 1494 ad
306 1437 568 1506 judicium
601 1436 782 1490 veniet
811 1443 1036 1489 cunctos
1075 1449 1175 1504 pro
1224 1432 1429 1486 meritis
1470 1433 1803 1501 discernere,

214 1528 356 1582 sicut
395 1526 653 1595 scriptum
693 1531 775 1578 est
809 1541 822 1576 :
870 1547 890 1571 α
927 1523 1117 1577 Veniet
1145 1521 1408 1576 Dominus
1464 1521 1516 1574 in
1542 1520 1809 1589 judicium

215 1632 339 1672 cum
383 1614 532 1669 omni
578 1615 860 1683 despecto,
908 1633 930 1658 ι
973 1611 1076 1665 hoc
1116 1618 1201 1664 est
1239 1618 1350 1663 tam
1389 1609 1681 1681 diligenter
1713 1608 1812 1678 ju—

1906 430 2030 476 sunt
2074 422 2283 488 sedata,
2342 422 2528 477 omnia
2556 431 2680 476 sunt
2710 422 2869 478 nobis
2919 422 2988 476 ad
3023 421 3252 478 salutem
3279 430 3490 493 parata.

1907 509 2036 566 Ideo
2090 511 2162 565 ob
2191 511 2340 566 nulla
2387 511 2609 582 negotia
2665 511 3035 584 negligamus,
3084 512 3216 583 quin
3272 519 3383 567 tota
3411 511 3497 568 fe-

1908 607 2162 662 stinantia
2190 609 2257 663 ad
2290 608 2482 678 epulas
2515 609 2617 664 Dei
2646 611 2958 665 veniamus.
2995 607 3096 664 Dei
3126 608 3329 680 quippe
3358 624 3497 664 con-

1909 696 2111 751 vivium
2163 706 2246 753 est
2276 697 2534 768 perennis
2582 697 2707 753 vitae
2735 697 3020 770 gaudium.
3087 698 3167 752 Ad
3195 699 3300 754 hoc
3323 698 3502 754 currit

1911 784 2156 856 quisquis
2187 785 2286 841 Dei
2314 794 2579 858 precepta
2633 787 2864 858 implere
2911 788 3128 859 satagit.
3163 788 3243 842 De
3266 785 3500 842 exitibus

1907 881 2118 936 viarum
2177 883 2349 938 vocati
2378 884 2447 938 ad
2502 884 2718 955 nuptias
2741 885 2853 953 jam
2907 883 3322 950 discumbimus,
3379 884 3504 955 quia

1908 969 1979 1026 de
2009 970 2174 1026 variis
2237 971 2517 1027 erroribus
2572 974 2642 1028 ad
2672 981 3021 1030 sacramenta
3063 973 3338 1030 dominica
3365 988 3503 1029 con-

1911 1059 2189 1115 venimus.
2266 1061 2335 1114 Et
2380 1060 2523 1129 ideo,
2571 1061 2932 1129 dilectissimi,
2977 1070 3130 1118 veste
3158 1061 3385 1133 nuptiali
3411 1077 3502 1117 re-

1913 1155 2322 1228 splendeamus,
2381 1162 2442 1212 ut
2484 1157 2736 1214 videlicet
2764 1160 2941 1215 Deum
2994 1175 3093 1231 pro
3123 1160 3396 1227 omnibus,
3453 1168 3507 1215 et

1914 1245 2192 1316 proximos
2249 1253 2509 1318 tanquam
2541 1261 2641 1301 nos
2679 1246 2831 1318 ipsos
2859 1247 3177 1319 diligamus.
3218 1247 3396 1318 Quem
3451 1247 3509 1302 in

1916 1335 2020 1390 hac
2073 1342 2228 1391 veste
2284 1350 2386 1389 rex
2422 1335 2630 1389 intrans
2686 1351 2795 1389 non
2838 1335 3125 1404 invenerit,
3180 1336 3406 1409 ligatum
3437 1337 3507 1392 de

1917 1432 2168 1488 convivio
2205 1432 2330 1501 ejici
2358 1431 2413 1486 in
2469 1433 2727 1488 tenebras
2758 1432 3054 1488 infernales
3099 1433 3338 1502 jubebit.
3391 1435 3508 1490 Ho-

1919 1537 2042 1575 rum
2071 1528 2248 1576 autem
2281 1521 2530 1576 civitates
2559 1521 2693 1590 ipsis
2724 1521 2951 1592 perditis
2979 1531 3301 1576 cremantur
3329 1538 3362 1578 a
3383 1523 3512 1593 qui-

1922 1610 2022 1665 bus
2097 1610 2246 1665 servi
2321 1609 2481 1665 missi
2518 1610 2726 1679 injuriis
2780 1608 2959 1665 aﬁecti
3011 1619 3329 1676 enecentur,
3389 1611 3513 1682 quia

216 1712 417 1767 dicabit
453 1711 510 1765 in
545 1713 648 1766 hoc
692 1709 896 1764 mundo
928 1707 1424 1778 despectissimum,
1468 1723 1626 1778 quam
1657 1705 1809 1761 omni
1835 1690 1888 1749 Β
1919 1707 2174 1763 nimirum
2195 1707 2533 1763 daemonibus
2560 1707 2828 1778 perdendi
2851 1707 3236 1778 permittuntur
3267 1725 3280 1762 :
3339 1723 3372 1762 a
3401 1708 3516 1779 qui-

217 1800 398 1875 gloria
428 1797 978 1855 excellentissimum.
1038 1797 1164 1851 Non
1221 1796 1450 1850 vestitus
1497 1804 1646 1851 veste
1704 1811 1810 1849 nu-

216 1889 369 1961 ptiali
408 1890 554 1944 foras
592 1886 903 1959 projicitur,
956 1885 1082 1957 quia
1129 1901 1330 1942 carens
1367 1884 1632 1940 charitate
1687 1883 1808 1950 Dei,

218 1987 422 2058 nuptiis
453 1985 573 2057 ejus
604 1985 698 2056 qui
751 1993 832 2040 est
863 1983 1102 2039 charitas
1159 1998 1268 2038 non
1317 1981 1651 2037 admittetur.
1711 1982 1816 2036 Ve-

220 2074 318 2131 stis
391 2089 624 2147 namque
700 2073 954 2146 nuptialis
1029 2079 1111 2128 est
1180 2071 1440 2136 charitas,
1480 2086 1580 2142 per
1651 2085 1817 2142 quam

220 2163 546 2236 adipiscitur
584 2172 787 2219 azterna
847 2161 1086 2219 claritas.
1164 2161 1355 2215 Manus
1406 2167 1460 2214 et
1515 2159 1683 2230 pedes
1739 2159 1817 2213 ibi

223 2261 441 2316 funibus
479 2267 866 2331 pecccatorum
926 2256 1268 2328 ligabuntur,
1349 2272 1470 2326 quae
1508 2256 1596 2311 hic
1632 2255 1817 2326 pravis

223 2351 485 2421 operibus
558 2349 1034 2418 constringuntur.
1118 2345 1362 2401 Membra
1435 2345 1636 2417 quippe
1695 2360 1817 2416 quae

223 2440 325 2494 hoc
357 2440 428 2494 ad
473 2437 676 2492 malum
722 2436 996 2500 laxantur,
1046 2434 1124 2489 ibi
1161 2435 1232 2490 ad
1271 2433 1598 2506 supplicium
1654 2449 1817 2490 coar-

220 2545 458 2592 ctantur.
506 2537 569 2588 In
633 2534 890 2589 tenebras
961 2532 1265 2588 exteriores
1304 2531 1666 2602 projiciuntur
1721 2531 1816 2603 qui

220 2641 378 2681 nunc
442 2622 739 2679 interiores
778 2623 1030 2678 tenebras
1086 2621 1480 2676 delectabiliter
1517 2620 1814 2691 patiuntur.

222 2715 304 2768 lbi
343 2712 446 2768 erit
487 2713 644 2768 ﬂetus
704 2719 758 2766 et
813 2711 1020 2766 stridor
1056 2710 1317 2775 dentium,
1351 2710 1479 2780 quia
1517 2708 1820 2764 transibunt

222 2812 294 2866 ab
324 2810 480 2882 aquis
510 2809 712 2863 nivium
743 2809 815 2863 ad
867 2807 1103 2864 calorem
1157 2807 1382 2861 nimium
1416 2806 1560 2875 (Job.
1626 2807 1808 2874 xxiv).

221 2904 268 2955 A
305 2901 450 2954 fumo
489 2898 690 2954 etenim
737 2897 882 2968 ignis
920 2899 1126 2964 ﬂetum,
1189 2913 1218 2950 a
1249 2897 1414 2950 nimio
1471 2895 1678 2967 frigore
1717 2911 1817 2965 pa-

221 2991 429 3044 tiuntur
493 2987 776 3042 stridorem
872 2986 1145 3040 dentium.
1214 3009 1235 3034 ε
1281 2985 1432 3039 Multi
1470 2993 1652 3040 autem
1692 2992 1818 3038 sunt

222 3088 422 3154 vocati,
454 3087 615 3159 pauci
654 3101 786 3143 vero
820 3085 997 3154 electi,
1044 3107 1065 3133 υ
1103 3083 1230 3156 quia
1266 3083 1525 3139 videlicet
1551 3082 1708 3138 multi
1747 3082 1817 3137 ad
1849 3048 1898 3111 Ο

223 3178 390 3234 ﬁdem
428 3184 722 3241 vocantur,
800 3175 898 3230 sed
951 3174 1054 3230 soli
1117 3174 1275 3230 electi
1315 3172 1608 3228 salvantur.
1686 3174 1819 3227 Duae

225 3267 544 3323 vocationes
604 3273 747 3332 sunt,
790 3278 907 3320 una
955 3262 1210 3330 exterior,
1245 3262 1350 3316 alia
1397 3261 1653 3318 interior.
1716 3263 1822 3316 Per

227 3365 579 3429 exteriorem,
655 3361 809 3417 multi
853 3377 954 3432 per
1008 3359 1286 3431 apostolos
1346 3366 1400 3414 et
1433 3359 1823 3429 pradicatores

225 3453 405 3509 vocati
457 3461 583 3507 sunt
619 3451 690 3508 ad
731 3450 902 3505 fidem
946 3464 961 3518 ;
1001 3465 1100 3520 per
1151 3447 1467 3502 interiorem
1518 3447 1677 3518 pauci
1722 3462 1824 3517 per

228 3543 426 3598 Filium
457 3540 617 3597 tracti
658 3547 782 3594 sunt
804 3539 874 3594 ad
915 3539 1152 3592 Patrem.
1187 3537 1287 3591 Per
1315 3536 1646 3592 exteriorem
1674 3534 1820 3590 mul-

229 3642 266 3696 ti
304 3644 488 3714 pisces
543 3654 762 3709 sagenee
800 3637 927 3692 fidei
992 3636 1342 3700 inhaeserunt,
1420 3648 1557 3704 quos
1611 3633 1822 3689 electo-

227 3747 319 3787 res
349 3730 545 3785 iterum
599 3727 748 3783 foras
786 3726 1054 3780 miserunt
1091 3742 1105 3790 ;
1162 3739 1262 3793 per
1318 3721 1632 3777 interiorem
1663 3721 1824 3792 pauci

227 3819 522 3885 latuerunt,
563 3833 704 3888 quos
752 3815 809 3869 in
847 3830 974 3870 vasa
1012 3812 1326 3884 elegerunt.
1361 3810 1517 3865 Nunc
1545 3817 1670 3865 sunt
1727 3825 1823 3866 re-

228 3915 392 3988 probi
453 3913 700 3987 permisti
739 3913 952 3979 electis,
991 3919 1048 3966 ut
1099 3909 1274 3981 paleae
1337 3908 1569 3980 granis;
1611 3907 1824 3965 Christo

229 4013 411 4060 autem
455 4019 579 4059 cum
635 4001 938 4058 ventilabro
1016 3998 1292 4064 veniente,
1349 3997 1523 4068 paleae
1577 4013 1824 4053 excussa;

228 4093 344 4165 igni
370 4090 799 4164 inexstinguibili
828 4089 1115 4145 traduntur
1160 4106 1174 4152 ;
1206 4102 1379 4161 grana
1409 4095 1592 4143 autem
1623 4086 1678 4142 in
1707 4087 1827 4142 hor-

230 4208 386 4249 reum
415 4189 898 4263 congregabuntur
918 4188 1041 4243 Dei.

301 4307 367 4360 Et
403 4321 526 4371 nos,
603 4301 963 4368 dilectissimi,
1003 4301 1071 4356 ad
1109 4300 1324 4372 nuptias
1363 4299 1460 4356 Dei
1519 4316 1642 4356 cum
1681 4299 1824 4354 mul-

233 4393 302 4448 tis
359 4393 540 4448 vocati
594 4408 800 4459 sumus,

231 4508 355 4548 cum
377 4490 568 4562 paucis
597 4489 759 4545 electi
789 4489 984 4543 simus.
1053 4486 1342 4542 Prandium
1394 4486 1554 4542 nobis
1584 4485 1826 4557 quotidie

231 4588 483 4653 paratur,
525 4579 654 4633 dum
706 4593 866 4633 sacra
896 4576 1173 4645 Scriptura
1219 4591 1342 4631 cum
1401 4590 1633 4645 corpore
1665 4575 1827 4629 Chri-

235 4671 305 4725 sti
363 4667 524 4724 nobis
578 4665 927 4738 proponitur.
965 4665 1126 4719 Tauri
1156 4664 1222 4719 ad
1253 4665 1358 4720 hoc
1385 4664 1699 4720 convivium
1725 4679 1825 4720 oc-

235 4767 336 4824 cisi
366 4773 512 4832 sunt,
564 4764 691 4836 quia
746 4761 978 4836 apostoli
1034 4761 1176 4818 tauri
1232 4761 1424 4835 gregis
1477 4762 1698 4817 Domini
1727 4777 1828 4832 pro

235 4855 558 4912 invitatione
586 4854 779 4908 harum
808 4853 1089 4924 epularum
1145 4850 1395 4907 exstincti
1425 4851 1826 4906 occubuerunt.

236 4946 318 5002 Ad
349 4947 455 5002 hoc
485 4943 647 5000 etiam
707 4941 1016 5000 convivium
1072 4940 1244 4996 altitia
1292 4939 1475 4996 occisa
1521 4948 1673 5006 sunt,
1705 4941 1831 5012 quia

238 5043 550 5118 quicunque
577 5041 650 5098 ad
681 5039 925 5098 coelestia
982 5046 1166 5094 mente
1196 5037 1574 5107 convolantes,
1618 5052 1722 5109 pro
1745 5037 1831 5093 his

236 5132 416 5205 epulis
504 5130 762 5203 prostrati
817 5135 967 5185 sunt.
1029 5126 1192 5184 Tauri
1240 5141 1455 5198 quoque
1528 5133 1835 5196 persecuto-

237 5239 331 5278 res
387 5220 629 5288 i‘uerunt,
690 5218 781 5291 qui
811 5217 1067 5274 cornibus
1113 5214 1451 5272 crudelitatis
1479 5213 1672 5271 fideles
1700 5232 1834 5273 ven-

240 5319 552 5384 tilaverunt,
584 5317 682 5372 sed
712 5315 927 5371 Christo
983 5315 1236 5370 veniente
1259 5313 1372 5382 jam
1401 5313 1648 5370 enervati
1675 5323 1823 5369 sunt.

243 5405 496 5464 Volatilia
552 5413 733 5460 autem
764 5403 1010 5459 hazretici
1065 5402 1406 5467 exstiterunt,
1455 5402 1548 5474 qui
1577 5403 1835 5473 quodam-

241 5496 408 5552 modo
457 5494 527 5548 ad
573 5494 684 5548 alta
731 5493 1073 5558 volaverunt,
1151 5492 1368 5562 quando
1421 5490 1479 5545 in
1521 5492 1716 5548 malum
1771 5509 1834 5549 os

241 5600 562 5667 posuerunt,
623 5599 678 5647 et
707 5591 1046 5662 iniquitatem
1076 5591 1127 5643 in
1181 5590 1407 5645 excelso
1436 5598 1630 5646 contra
1659 5592 1836 5648 Deum

244 5681 412 5742 locuti
442 5687 568 5739 sunt
600 5696 614 5749 ;
671 5680 768 5737 sed
799 5695 829 5734 a
885 5678 1184 5735 Catliolicis
1229 5678 1355 5738 victi
1413 5686 1464 5762 et
1493 5681 1836 5758 exterminati

570 5799 832 5887 PATRQL.
869 5795 1106 5883 CLVII.

879 4390 1192 4446 studeamus
1257 4389 1416 4443 bonis
1453 4388 1685 4452 actibus,
1763 4395 1900 4456 utD

1922 1797 2024 1851 bus
2083 1797 2473 1866 praedicatores
2533 1796 2626 1851 hic
2672 1795 3018 1852 contumeliis
3072 1796 3400 1868 aﬂliguntur,
3460 1807 3516 1854 et

1919 1901 2152 1956 corpora
2200 1885 2415 1941 illorum
2470 1885 2692 1941 demum
2739 1884 2853 1956 igni
2899 1885 3329 1957 inexstinguibili
3381 1902 3513 1942 suc-

1923 1983 2248 2039 cenduntur.

1994 2073 2074 2128 De
2103 2072 2188 2126 his
2236 2073 2441 2143 nuptiis
2496 2073 2670 2129 texuit
2718 2089 2809 2131 rex
2869 2073 3131 2131 Salomon
3177 2072 3336 2129 dulce
3389 2072 3515 2145 epi-

1919 2160 2258 2229 thalamium,
2289 2163 2420 2218 dum
2449 2163 2505 2217 in
2535 2163 2752 2221 laudem
2783 2164 2982 2235 Sponsi
3031 2172 3088 2219 et
3118 2162 3349 2234 Sponsae
3405 2179 3508 2232 per

1925 2258 2184 2340 Spiritum
2259 2261 2536 2317 concinuit
2609 2261 2836 2318 Cantica
2917 2260 3272 2318 canticorum.
3349 2260 3521 2316 Filius

1925 2340 2126 2420 quippe
2182 2350 2331 2419 regis
2387 2351 2722 2406 Hierusalem
2781 2349 3135 2422 desponsavit
3184 2349 3289 2405 sibi
3343 2347 3518 2406 ﬁliam

1924 2438 2076 2510 regis
2103 2438 2412 2512 Babylonis,
2445 2452 2839 2512 acceptamque
2868 2439 3098 2495 tradidit
3138 2438 3518 2507 erudiendam,

1926 2545 2090 2608 atque
2136 2537 2437 2592 ornandam
2489 2537 2592 2592 sub
2638 2553 2808 2593 manu
2849 2537 3138 2604 custodis;
3194 2537 3314 2608 ipse
3386 2552 3525 2593 vero

1927 2626 2062 2680 abiit
2109 2625 2382 2681 instruere
2409 2626 2744 2693 convivium,
2778 2627 3036 2697 quoniam
3064 2626 3244 2682 denuo
3273 2641 3527 2681 reversus

1928 2730 2053 2770 cum
2084 2714 2291 2786 ingenti
2349 2723 2612 2785 apparatu
2666 2715 3017 2787 maximoque
3070 2713 3218 2770 cultu
3272 2714 3525 2769 installa-

1927 2819 2048 2866 tum
2072 2811 2379 2866 introducet
2401 2812 2702 2866 thalamum
2755 2827 2939 2866 secum
2971 2811 3042 2866 ad
3073 2810 3312 2882 nuptias,
3346 2825 3526 2882 spon-

1930 2916 2005 2954 sae
2059 2908 2350 2955 ornatores
2379 2900 2588 2956 ducens
2633 2900 2688 2954 in
2744 2899 3030 2970 palatium,
3091 2899 3212 2968 ejus
3240 2915 3369 2956 vero
3398 2915 3524 2955 cor-

1929 2995 2179 3059 ruptores
2208 2989 2430 3044 tradens
2457 2989 2511 3042 in
2541 2988 2783 3045 carceris
2813 2988 3165 3059 supplicium.
3225 2989 3340 3045 Rex
3391 2989 3528 3044 Hie-

1927 3085 2166 3141 rusalem
2224 3094 2307 3141 est
2339 3087 2504 3151 Deus,
2564 3084 2725 3155 cujus
2783 3083 2928 3140 ﬁlius
2956 3094 3040 3141 est
3075 3085 3351 3140 Christus.
3409 3086 3524 3143 Rex

1925 3174 2212 3246 Babylonis
2263 3181 2347 3229 est
2391 3173 2670 3230 diabolus.
2731 3174 3017 3230 Gentilitas
3073 3189 3210 3230 vero
3266 3183 3378 3230 erat
3407 3176 3525 3242 ejus

1929 3261 2065 3331 tilia,
2098 3279 2220 3318 cum
2243 3271 2388 3319 esset
2420 3262 2743 3319 idololatriae
2789 3263 2993 3318 dedita.
3026 3264 3179 3319 Hanc
3209 3263 3327 3334 ipse
3356 3279 3390 3318 a
3420 3264 3525 3318 Pa-

1932 3368 2011 3415 tre
2039 3359 2395 3430 desponsavit
2447 3359 2575 3414 dum
2637 3375 2742 3431 pro
2793 3375 2860 3414 ea
2906 3359 3237 3432 sanguinem
3292 3359 3528 3415 fundens

1930 3449 2001 3504 de
2046 3448 2267 3504 diabolo
2321 3448 2376 3501 in
2449 3463 2616 3504 cruce
2688 3448 3052 3520 triumphavit.
3099 3449 3253 3504 Hanc
3313 3447 3528 3505 custodi

1931 3537 2176 3604 tradidit,
2237 3537 2363 3591 dum
2386 3551 2506 3593 eam
2536 3537 2715 3594 ordini
2746 3538 3031 3593 doctorum
3062 3537 3242 3594 divma
3291 3537 3417 3610 lege
3444 3537 3528 3593 in-

1933 3635 2273 3703 struendam,
2351 3634 2584 3706 gemmis
2640 3635 2896 3691 virtutum
2943 3635 3313 3691 decorandam
3371 3651 3528 3691 com-

1932 3724 2236 3780 mendavit.
2304 3726 2432 3795 Ipse
2488 3741 2618 3780 vero
2674 3723 2806 3780 abiit
2843 3723 3151 3780 convivium
3204 3740 3524 3796 procurare,

1931 3813 2056 3884 quia
2110 3812 2359 3884 profecto
2401 3812 2650 3870 ascendit
2690 3813 2747 3868 in
2801 3813 3023 3880 omium,
3099 3813 3281 3869 locum
3331 3813 3382 3870 ei
3423 3830 3527 3884 ap-

1932 3919 2050 3966 tum
2104 3911 2161 3965 in
2187 3911 2353 3966 domo
2412 3910 2585 3965 Patris
2622 3926 2722 3980 per
2776 3911 2973 3965 multas
3027 3909 3345 3966 mansiones
3396 3927 3525 3980 pre-

1932 4015 2150 4072 parare.
2209 3999 2404 4055 Denuo
2433 4014 2554 4054 cum
2612 3999 2855 4055 exercitu
2909 3997 3157 4053 omnium
3205 3998 3529 4071 angelorum

1933 4089 2135 4154 veniet,
2193 4102 2424 4158 eamque
2455 4085 2526 4141 de
2557 4085 2901 4156 Babylonicae
2929 4085 3388 4158 peregrinationis
3428 4103 3529 4143 ex-

1933 4183 2056 4240 silio
2087 4190 2262 4247 eruet,
2323 4189 2488 4253 atque
2536 4181 2593 4235 in
2644 4180 2917 4238 civitatem
2975 4181 3152 4237 Patris
3209 4181 3292 4237 sui
3322 4182 3529 4255 glorio-

1935 4288 2047 4328 sam
2108 4269 2451 4326 Hierusalem
2511 4284 2633 4326 cum
2691 4285 2906 4326 summo
2981 4269 3220 4341 tripudio
3275 4270 3533 4328 introdu-

1935 4370 2039 4418 cet.
2117 4361 2267 4414 Tunc
2297 4358 2525 4430 Sponsae
2549 4366 2841 4414 ornatores
2873 4358 3036 4413 simul
3064 4360 3362 4426 intrabunt,
3403 4361 3534 4432 quia

1935 4459 2028 4534 qui
2085 4458 2387 4515 Ecclesiam
2436 4458 2523 4514 hic
2553 4457 2772 4529 scriptis
2825 4459 2911 4515 vel
2939 4457 3099 4514 dictis
3154 4459 3528 4528 instruxerint,

1935 4557 1990 4606 et
2046 4547 2204 4605 bonis
2233 4547 2497 4619 exemplis
2528 4547 2971 4618 perornaverint,
3025 4564 3148 4604 cum
3200 4549 3297 4604 illa
3323 4558 3451 4606 tunc
3473 4550 3530 4604 in

1935 4638 2136 4710 nuptiis
2166 4636 2320 4708 Agni
2372 4645 2429 4692 ut
2455 4636 2539 4691 sol
2599 4635 2910 4708 fulgebunt.
2978 4637 3367 4694 Persecutores
3395 4653 3532 4695 vero

1938 4737 2030 4810 qui
2059 4753 2182 4793 eam
2237 4736 2550 4792 lacerantes
2575 4735 2689 4789 vim
2720 4734 3040 4803 intulerunt,
3103 4744 3155 4792 et
3183 4736 3423 4792 haeretici
3453 4745 3534 4792 at-

1939 4843 2046 4900 que
2073 4824 2412 4882 schismatici
2473 4823 2566 4895 qui
2596 4839 2716 4879 eam
2763 4828 3141 4895 corruperunt,
3175 4828 3304 4881 tunc
3331 4824 3385 4880 in
3416 4833 3532 4880 sta-

1940 4932 2115 4988 gnum
2187 4913 2334 4987 ignis
2397 4919 2450 4969 et
2499 4911 2778 4985 sulphuris
2839 4911 2992 4967 missi
3047 4920 3313 4986 perpetuo
3369 4913 3534 4970 arde-

1939 5005 2100 5061 bunt.

2010 5129 2094 5186 Ne
2123 5127 2282 5198 hujus
2301 5134 2546 5184 exsortes
2603 5125 2844 5183 convivii
2901 5124 3092 5196 simus,
3147 5126 3314 5183 variis
3369 5126 3538 5186 docuo

1941 5217 2146 5274 mentis
2173 5215 2389 5271 instruit
2435 5230 2536 5271 nos
2589 5214 2889 5270 Dominus.
2945 5216 3145 5271 Narrat
3189 5216 3337 5271 enim
3391 5218 3538 5290 quod

1944 5307 2160 5381 quidam
2229 5303 2516 5360 ﬁculneam
2563 5304 2616 5359 in
2667 5305 2834 5360 vinea
2884 5321 2985 5360 sua
3032 5305 3304 5372 habuerit,
3361 5315 3416 5363 et
3442 5325 3541 5380 per

1945 5412 2058 5460 tres
2086 5415 2268 5457 annos
2296 5399 2544 5467 veniens,
2602 5398 2837 5455 fructum
2897 5400 2951 5454 in
3011 5416 3079 5456 ea
3114 5416 3224 5457 non
3253 5402 3538 5471 invenerit,

1944 5500 1998 5548 et
2027 5508 2095 5547 ne
2124 5489 2329 5545 diutius
2385 5496 2581 5543 terram
2633 5488 2836 5544 sterilis
2891 5498 3204 5561 occuparet,
3265 5492 3544 5549 succidere

1943 5578 2268 5654 praeceperit
2326 5580 2490 5648 (Luc.
2564 5577 2680 5647 xu).
2745 5578 2994 5634 Ficulnea
3052 5579 3254 5635 sterilis
3283 5580 3339 5634 in
3388 5583 3544 5637 vinea

1946 5681 2062 5740 erat
2093 5679 2391 5752 Synagoga
2420 5676 2477 5733 in
2524 5674 2652 5749 lege
2681 5675 3040 5737 intructuosa.
3082 5678 3161 5734 De
3214 5693 3323 5750 qua
3352 5678 3543 5736 Domi-

3153 5795 3229 5856 38
