3972 6076
511 205 650 258 1195

1648 204 1986 260 WERNERI
2027 204 2311 264 ABBATIS
2353 210 2414 263 S.
2452 210 2672 266 BLASII

507 346 610 384 nus
642 328 819 383 tribus
872 327 1025 383 annis
1056 326 1290 384 fructum
1319 327 1586 399 quaesivit,
1639 328 1770 400 quia
1824 344 1940 384 eam
1973 337 2098 392 ante
2126 333 2184 397 Α
2214 332 2333 388 Deo
2388 349 2537 402 esse,
2570 343 2624 391 et
2654 335 2855 393 bonum
2883 354 3026 395 esse.
3082 341 3350 398 Institutio
3401 344 3536 412 coui
3556 342 3691 416 ngii
3745 345 3837 398 du-

505 419 689 491 legem
744 433 842 488 per
895 415 1255 487 patriarchas,
1312 417 1414 472 sub
1462 417 1586 490 lege
1641 435 1742 489 per
1786 419 2101 489 pr0phetas,

507 507 608 562 sub
637 506 815 577 gratia
843 521 950 576 per
1002 505 1282 577 apostolos
1338 505 1406 560 ad
1455 506 1688 562 fructum
1737 507 1866 562 boni
1921 507 2106 578 operis

501 604 737 661 monuit.
803 604 912 659 Sed
941 604 1066 675 quia
1107 621 1208 675 per
1264 602 1550 674 perﬁdiam
1607 604 1848 661 arefacta
1902 611 2103 661 terram

503 693 704 749 sterilis
759 693 1078 763 occupavit,-
1137 691 1373 748 securim
1402 693 1593 763 iudicii
1638 693 1726 748 sui
1755 693 1806 749 ei
1858 694 1926 748 ad
1955 695 2102 748 radi-

503 797 622 837 cem
651 780 854 852 posuit,
907 781 1036 836 dum
1064 796 1184 836 eam
1211 780 1398 852 gladio
1443 781 1823 836 Romanorum
1851 781 2100 838 succidit.

502 880 664 935 Ficus
697 879 858 934 etiam
919 877 1123 933 sterilis
1181 878 1237 932 in
1296 877 1470 943 vinea,
1530 885 1613 932 est
1660 879 1886 949 quilibet
1939 879 2104 934 homo

503 969 620 1023 sine
651 968 808 1022 bonis
866 967 1126 1038 operibus
1174 966 1230 1020 in
1284 966 1562 1021 Ecclesia.
1601 967 1681 1021 De
1740 967 1844 1023 hoc
1899 966 2103 1022 fructus

502 1058 664 1112 trium
692 1072 956 1112 annorum
996 1055 1274 1126 quaeritur,
1332 1055 1463 1110 dum
1520 1055 1763 1126 operatio
1822 1054 1950 1110 fidei
1978 1055 2103 1110 Tri-

503 1153 686 1208 uitatis
735 1153 806 1208 ab
836 1168 900 1207 eo
932 1151 1188 1222 exigitur.
1250 1152 1316 1204 Et
1373 1149 1479 1203 nisi
1541 1150 1698 1204 citius
1758 1149 2103 1206 confessione

501 1241 965 1306 circumfodiatur,
1044 1247 1096 1294 et
1154 1248 1368 1294 stercus
1442 1238 1777 1308 poenitentia}
1832 1239 2097 1305 mittatur,

500 1341 674 1390 morte
717 1331 1009 1398 excidetur,
1088 1336 1142 1384 et
1200 1327 1255 1382 in
1330 1328 1515 1400 ignem
1573 1329 1842 1400 gehennae
1915 1329 2101 1384 mitte-

501 1440 686 1575 mllloc
741 1531 959 1588 quoque
1014 1513 1384 1586 prtetiguravit
1439 1514 1640 1570 mulier
1667 1513 1944 1582 inclinata,
2003 1515 2101 1570 sed

500 1623 534 1664 a
571 1606 802 1662 Domino
850 1604 938 1675 pie
970 1611 1163 1658 sanata
1196 1603 1402 1671 (ibid.).
1452 1603 1646 1659 Mulier
1675 1604 1744 1658 ad
1775 1609 1981 1658 terram
2010 1603 2100 1658 in-

2212 421 2332 492 plex
2390 431 2490 478 est.
2567 425 2684 482 Una
2741 436 2866 482 ante
2939 439 3220 499 peccatum
3279 431 3345 486 ad
3409 431 3708 499 ofﬁcium,
3745 434 3841 488 alia

2210 527 2334 590 post
2376 529 2652 592 peccatum
2711 525 2781 579 ad
2852 528 3170 583 remedium.
3250 529 3452 598 Prima,
3517 537 3583 586 ut
3649 540 3842 587 natura

2211 608 2704 682 multiplicaretur;
2761 615 3022 684 secunda,
3077 625 3131 672 ut
3186 626 3384 674 natura
3442 621 3833 691 exciperetur,

2212 703 2266 752 et
2337 697 2525 753 vitium
2626 701 2990 759 cohiberetur.
3073 703 3252 761 Prima
3324 708 3616 764 institutio
3699 726 3826 765 con-

2205 795 2421 866 iugium
2476 799 2754 868 proposuit
2807 801 2861 855 in
2893 801 3102 858 fcedere
3159 805 3493 875 dilectionis,
3559 816 3616 862 ut
3685 809 3740 862 in
3771 827 3830 865 eo

2212 892 2357 938 esset
2387 896 2792 942 sacramentum
2837 891 3131 962 societatis,
3190 911 3307 965 quae
3336 896 3391 948 in
3427 897 3642 966 spiritu
3704 914 3828 954 eon-

2212 979 2318 1025 stat
2372 972 2514 1029 inter
2542 976 2716 1029 Deum
2774 985 2826 1032 et
2855 979 3114 1036 animam.
3177 981 3432 1039 Ofﬁcium
3465 995 3669 1040 autem
3694 1003 3822 1041 cou-

2205 1068 2437 1140 jugiiin
2493 1073 2876 1130 commistione
2932 1080 3115 1133 carnis
3175 1083 3484 1151 proposuit,
3557 1093 3618 1137 ut
3651 1085 3708 1138 in
3765 1103 3821 1139 eo

2211 1168 2611 1214 sacramentum
2660 1172 2805 1218 esset
2860 1167 3139 1222 societatis
3196 1170 3340 1240 quod
3401 1173 3455 1225 in
3496 1188 3678 1228 carne
3739 1174 3822 1227 fu-

2211 1255 2332 1300 tura
2389 1256 2505 1302 erat
2551 1250 2696 1305 inter
2742 1253 3012 1308 Christum
3069 1265 3120 1311 et
3164 1259 3498 1314 Ecclesium.
3567 1262 3821 1317 Secunda

2209 1344 2473 1400 institutio
2526 1349 2842 1422 coniugium
2899 1353 2954 1407 in
3012 1353 3218 1411 {uidere
3265 1357 3586 1413 dilectionis
3639 1363 3822 1416 sanci-

2211 1433 2301 1502 vit,
2339 1441 2396 1488 ut
2423 1451 2520 1505 per
2549 1439 2666 1506 ejus
2723 1440 2873 1496 bona
2930 1441 2986 1497 id
3045 1446 3190 1516 quod
3222 1445 3274 1498 in
3307 1447 3494 1502 carnis
3559 1452 3823 1504 commis-

2209 1521 2356 1578 tione
2381 1523 2709 1581 inﬁrmitatis
2763 1537 2880 1584 erat
2915 1537 2968 1586 et
3023 1532 3208 1588 delicti
3239 1545 3611 1592 excusaretur
3643 1557 3657 1598 ;
3693 1538 3814 1594 oﬂi-

2209 1619 2352 1674 cium
2383 1629 2566 1678 autem
2612 1626 2856 1698 coniugii
2885 1627 2940 1681 in
2989 1630 3422 1686 commistiouem
3451 1634 3647 1689 carnis
3681 1651 3816 1690 con-

498 1704 695 1760 clinata
723 1709 859 1769 erat,
892 1700 1191 1771 Synagoga
1221 1699 1321 1753 sub
1377 1699 1620 1769 pondere
1666 1700 1819 1792 legis
1841 1708 2077 1792 curvata.

2209 1710 2390 1778 cessit,
2450 1720 2508 1767 ut
2555 1713 2611 1768 in
2655 1730 2720 1769 eo
2768 1724 2972 1786 printer
3019 1720 3239 1789 generis
3295 1723 3814 1792 multiplicationem

500 1793 636 1863 Quae
690 1807 724 1847 a
752 1789 986 1846 Domino
1009 1788 1260 1859 erigitur,
1303 1787 1433 1843 dum
1470 1789 1760 1844 multitudo
1789 1790 1860 1846 de
1888 1791 2098 1846 Judaeis

498 1897 766 1939 conversa
821 1880 891 1935 de
946 1893 1116 1934 onere
1169 1876 1314 1949 legis
1371 1893 1472 1947 per
1545 1879 1773 1950 gratiam
1848 1879 2094 1950 eripitur.

495 1982 687 2037 Mulier
743 1980 937 2035 decem
988 1986 1039 2032 et
1077 1985 1202 2032 octo
1260 1975 1419 2030 annis
1457 1976 1744 2031 incurvata
1817 1985 1900 2032 est
1939 1993 2098 2049 qua:-

496 2072 630 2126 libet
667 2070 851 2124 anima
889 2067 990 2122 sub
1052 2073 1281 2136 utraque
1349 2065 1473 2134 lege
1511 2065 1746 2120 infirma.
1823 2067 2095 2122 Denarius

495 2176 731 2232 namque
785 2157 857 2212 ad
902 2157 1064 2211 Vetus
1130 2155 1540 2209 Testamentum
1605 2163 1828 2226 propter
1864 2156 2093 2210 decalo-

495 2273 626 2331 gum
679 2254 836 2326 legis,
906 2255 1297 2322 octogenarius
1353 2259 1533 2304 autem
1590 2250 1826 2319 pertinet
1865 2251 1934 2305 ad
1971 2253 2091 2307 No-

493 2362 622 2402 vum
651 2345 1058 2398 Testamentum
1107 2347 1333 2409 pr0pter
1381 2345 1631 2393 octavam
1662 2339 1966 2395 Dominicae
1995 2357 2088 2395 re-

493 2431 872 2490 surrectionis.
915 2431 1117 2484 Decem
1157 2443 1289 2498 ergo
1335 2435 1390 2482 et
1429 2435 1553 2482 octo
1593 2427 1751 2481 annis
1789 2429 1982 2482 mulier
2010 2429 2090 2484 in-

494 2539 775 2597 curvatur,
843 2529 973 2583 dum
1012 2527 1192 2583 anima
1255 2525 1546 2596 utriusque
1583 2525 1722 2596 legis
1759 2528 2084 2596 praevarica-

488 2623 634 2678 tione
666 2625 1058 2693 praegravatur,
1100 2615 1198 2670 sed
1235 2631 1266 2668 a
1301 2613 1534 2669 Domino
1589 2615 1659 2668 ad
1687 2615 1917 2670 salutem
1956 2617 2086 2671 sub-

484 2713 714 2776 levatur,
757 2709 884 2763 dum
927 2705 1101 2779 gratia
1155 2703 1325 2776 ipsius
1388 2719 1486 2774 per
1545 2703 1918 2774 pmnitentiam
1972 2705 2082 2760 sal-

486 2817 658 2867 vatur.
736 2806 846 2861 Per
883 2817 1173 2874 pauperes,
1243 2800 1569 2869 charissimi,
1631 2799 1894 2856 debemus
1949 2817 2080 2872 per—

483 2897 676 2954 venire
703 2895 772 2950 ad
829 2891 1144 2950 convivium
1185 2889 1288 2945 Dei
1322 2907 1335 2952 ;
1384 2889 1643 2961 praecepit
1697 2890 1842 2946 enim
1885 2890 2084 2945 Domi-

481 3004 586 3043 nus
623 2996 692 3041 ne
737 2983 808 3040 ad
866 2981 1150 3054 prandium
1187 2987 1440 3034 nostrum
1491 2979 1690 3034 divites
1728 2979 1818 3036 vel
1880 2987 2080 3050 poten-

482 3095 566 3142 tes
605 3083 914 3147 invitemus,
947 3095 982 3135 a
1028 3079 1228 3151 quibus
1260 3077 1672 3133 retributionem
1702 3078 1794 3134 hic
1840 3078 2075 3148 recipie-

480 3191 602 3232 mus
635 3194 649 3242 ;
692 3172 791 3228 sed
819 3179 881 3226 ut
907 3170 978 3226 ad
1017 3167 1331 3224 convivium
1363 3174 1609 3222 nostrum
1650 3183 1939 3238 pauperes,
1971 3168 2075 3222 de-

477 3264 640 3330 biles,
672 3260 916 3326 claudos,
939 3272 1118 3315 caecos
1149 3267 1538 3323 convocemus,
1570 3270 1600 3310 a
1643 3256 1842 3327 quibus
1869 3255 2075 3311 nullam

476 3351 893 3410 retributionem
921 3361 1226 3419 speremus.
1293 3346 1409 3401 Hoc
1440 3345 1583 3400 enim
1616 3343 1900 3414 facientes,
1931 3345 2076 3401 beati

476 3451 702 3516 erimus,
759 3447 885 3520 quia
912 3444 1176 3516 recipient
1202 3457 1304 3500 nos
1333 3442 1390 3498 in
1439 3450 1650 3500 aeterna
1696 3442 2068 3510 tabernacula,

475 3556 597 3596 cum
627 3535 1012 3594 dei‘ecerimus.

472 3718 549 3774 De
577 3716 934 3794 sacramento
967 3711 1219 3794 conjugii
1247 3713 1302 3794 et
1331 3710 1400 3794 de
1446 3711 1664 3794 origine
1705 3711 1978 3794 coniugii,
2011 3715 2068 3767 et

541 3803 722 3844 causa
749 3781 1158 3851 institutionis,
1209 3786 1264 3839 et
1306 3782 1371 3837 de
1429 3781 1651 3852 duplici
1696 3781 2064 3839 institutione

541 3857 812 3932 coniugii.

539 3981 679 4036 Dum
709 3977 893 4036 omnia
947 3979 1284 4030 sacramenta
1335 3979 1457 4043 post
1508 3979 1788 4044 peccatum
1816 3976 1873 4028 et
1926 3989 2062 4044 pro-

467 4073 588 4138 pter
640 4070 922 4135 peccatum
978 4056 1310 4130 sumpserint
1368 4056 1676 4123 exordium,
1731 4056 1908 4112 solum
1962 4074 2063 4112 nu-

467 4154 702 4227 ptiarum
732 4150 818 4206 vel
847 4146 1088 4218 coniugii
1117 4153 1519 4202 sacramentum
1549 4146 1714 4201 etiam
1743 4154 1869 4201 ante
1925 4161 2062 4217 pec-

465 4261 647 4309 catum
703 4248 903 4320 legitur
957 4245 1278 4309 institutum,
1337 4259 1447 4299 non
1517 4251 1703 4299 tamen
1759 4243 1829 4298 ad
1881 4259 2061 4299 reme-

466 4342 635 4408 dium,
711 4337 811 4393 sed
865 4335 937 4390 ad
995 4333 1258 4389 oiiicium.
1311 4333 1374 4386 In
1401 4332 1658 4405 coniugio
1705 4340 1884 4388 autem
1943 4333 2060 4389 haec

462 4429 698 4501 primum
753 4422 1148 4481 consideranda
1177 4424 1303 4476 sunt
1361 4428 1413 4476 et
1471 4420 1867 4476 discernanda:
1902 4421 2057 4493 origo

464 4535 521 4583 et
549 4522 816 4579 institutio
871 4536 997 4576 cum
1050 4518 1214 4574 modo
1259 4525 1311 4572 et
1340 4515 1518 4573 causis
1576 4516 1711 4584 suis,
1769 4525 1822 4572 et
1870 4533 2058 4573 secun-

465 4616 596 4671 dum
655 4620 893 4682 tempus,
952 4617 1004 4662 et
1058 4607 1231 4686 locus,
1293 4614 1346 4661 et
1399 4607 1536 4660 ritus
1593 4605 1843 4662 variatio.
1922 4607 2058 4661 Con-

455 4705 596 4777 jugii
626 4709 817 4757 auctor
873 4699 1018 4753 Deus
1049 4705 1156 4750 est.
1200 4696 1321 4766 Ipse
1365 4694 1509 4748 enim
1566 4695 1879 4768 coniugium
1935 4712 2057 4750 esse

460 4800 744 4868 discernit,
803 4794 1016 4869 quando
1056 4792 1342 4847 mulierem
1372 4791 1441 4846 ad
1468 4791 1922 4863 propagationem
1952 4809 2055 4864 ge-

461 4891 610 4948 neris
639 4886 859 4945 humani
889 4882 1095 4940 homini
1125 4881 1454 4952 adiutorium
1503 4880 1646 4937 fecit.
1692 4881 1863 4936 Adam
1912 4898 2054 4953 quo-

457 4997 561 5054 que
616 4980 671 5034 in
728 4974 919 5048 spiritu
974 4979 1318 5043 Cognoscens
1376 4970 1449 5024 ad
1481 4987 1643 5041 quem
1673 4986 1830 5025 usum
1859 4971 2056 5026 mulier

459 5071 603 5125 facta
631 5074 796 5133 esset,
820 5079 943 5120 cum
962 5062 1194 5117 adducta
1221 5060 1294 5115 ad
1323 5075 1445 5114 eum
1474 5058 1684 5125 fuisset,
1708 5059 1840 5113 dixit
1865 5078 1911 5113 ει
1937 5060 2054 5115 Hoc

457 5169 605 5213 nunc
658 5171 722 5210 os
749 5171 815 5209 ex
868 5150 1090 5208 ossibus
1120 5147 1278 5214 meis,
1348 5153 1399 5202 et
1439 5159 1564 5202 caro
1593 5147 1662 5202 de
1692 5157 1857 5202 carne
1906 5159 2048 5203 mea.

463 5247 698 5315 Propter
753 5243 860 5297 hoc
896 5239 1176 5310 relinquet
1220 5237 1386 5292 homo
1413 5244 1628 5307 patrem
1669 5251 1827 5291 suum
1849 5244 1902 5293 et
1930 5252 2052 5292 ma-

460 5342 600 5387 trem
657 5345 826 5396 suam,
885 5335 939 5384 et
987 5326 1285 5383 adharebit
1313 5325 1471 5380 uxori
1500 5340 1630 5393 suae,
1665 5331 1718 5380 et
1749 5333 1909 5380 erunt
1946 5327 2052 5382 duo

461 5423 517 5477 in
572 5435 732 5476 carne
760 5431 870 5472 una
925 5420 1096 5485 (Gen.
1136 5421 1223 5485 ii).
1266 5438 1289 5464 ι
1351 5414 1596 5470 Christus
1629 5415 1792 5469 etiam
1821 5415 1874 5469 in
1897 5416 2048 5471 Cana

458 5509 700 5567 Galilaete
753 5522 863 5560 non
892 5507 1066 5560 solum
1094 5504 1388 5575 praesentia
1443 5503 1738 5574 corporali,
1775 5504 1873 5559 sed
1903 5506 2055 5560 exhi-

457 5608 665 5666 bitione
695 5618 912 5678 quoque
967 5601 1217 5656 miraculi
1271 5600 1486 5673 nuptias
1543 5602 1885 5657 consecravit
1911 5603 2045 5671 (Job.

452 5704 535 5771 ιι).
596 5699 658 5755 In
695 5692 895 5769 quibus
950 5688 1202 5754 amnibus
1273 5689 1580 5748 ostenditur
1650 5689 1967 5763 coniugium
2019 5709 2048 5749 a

2204 1801 2580 1868 generantium
2630 1803 2915 1860 infirmitas
2989 1807 3332 1878 exciperetur
3405 1813 3649 1883 (Ephes.
3741 1817 3816 1883 vi.

2207 1893 2385 1963 Quare
2442 1905 2623 1952 autem
2703 1899 3003 1956 institutum
3058 1905 3126 1957 sit
3183 1906 3434 1979 coniugii
3483 1924 3822 1964 sacramen-

2204 1991 2316 2038 tum
2347 1987 2606 2055 apostolis
2641 1987 2833 2055 innuit,
2868 1991 2961 2044 ubi
2991 1992 3166 2047 virum
3199 1993 3498 2067 imaginem
3533 1995 3641 2052 Dei
3676 2015 3819 2064 esse,

2202 2086 2266 2127 ac
2317 2089 2413 2143 per
2442 2075 2547 2130 hoc
2589 2077 2995 2147 quodammodo
3052 2081 3334 2137 mulierem
3390 2085 3599 2140 animae
3654 2089 3822 2141 ratio—

2201 2169 2342 2224 nalis
2397 2179 2585 2242 typum
2644 2183 2865 2244 portare
2919 2177 3184 2234 ostendit.
3249 2179 3433 2248 Quare
3465 2183 3673 2238 iterum
3733 2186 3820 2239 in-

2201 2258 2448 2314 stitutum
2479 2261 2545 2315 sit
2571 2263 2745 2332 primo
2769 2265 3012 2337 coniugii
3072 2267 3328 2335 oﬂicium,
3386 2270 3509 2340 ipse
3541 2272 3701 2327 Deus
3731 2275 3818 2328 in-

2197 2347 2411 2402 stitutor
2439 2357 2492 2404 et
2545 2352 2827 2407 ordinatur
2855 2355 3113 2423 ostendit,
3150 2358 3340 2412 dicens
3375 2377 3386 2411 :
3428 2378 3449 2410 ι
3476 2360 3736 2418 Crescite
3765 2371 3814 2419 et

2196 2445 2648 2515 multiplicamini,
2672 2457 2722 2504 et
2742 2450 2947 2521 replete
2965 2461 3168 2507 terram
3192 2454 3366 2520 (Gen.
3391 2457 3455 2526 ι).
3497 2481 3518 2504 ι
3549 2458 3809 2514 Oﬂicium

2196 2535 2458 2605 coniugii,
2490 2537 2597 2592 hoc
2652 2544 2735 2593 est
2765 2541 2953 2595 carnis
2984 2544 3440 2613 commistionem,
3472 2558 3611 2604 ante
3633 2565 3806 2618 pecca

2193 2629 2304 2676 tum
2358 2639 2468 2678 non
2525 2625 2596 2680 ad
2650 2628 2959 2683 remedium
3014 2629 3361 2701 infirmitatis,
3417 2636 3520 2690 sed
3550 2638 3627 2691 ad
3657 2638 3804 2692 mul-

2192 2718 2581 2789 tiplicationem
2631 2725 2802 2794 prolis
2861 2726 3163 2783 institutum
3196 2746 3359 2798 esse;
3421 2741 3550 2803 post
3610 2749 3805 2804 pecca-

2190 2815 2304 2862 tum
2353 2819 2533 2865 autem
2563 2811 2708 2867 idem
2765 2814 2944 2885 ipsum
2993 2817 3059 2871 ad
3109 2819 3410 2874 remedium
3463 2821 3802 2878 infirmitatis

2189 2911 2531 2967 concessum,
2580 2901 2772 2957 beatus
2819 2906 3153 2977 Augustinus
3183 2916 3402 2964 testatur
3461 2910 3549 2965 his
3614 2914 3803 2968 verbis

2187 2992 2426 3050 dicens:
2465 3019 2487 3046 α
2521 2999 2818 3071 Utriusque
2874 3017 3038 3058 sexus
3096 3005 3379 3061 inﬁrmitas
3433 3011 3803 3080 propendens

2185 3083 2241 3137 in
2289 3085 2501 3140 ruinam
2575 3090 2946 3161 turpitudinis,
3017 3102 3166 3150 recta
3224 3097 3508 3152 honestate
3572 3103 3804 3171 nuptia-

2184 3189 2304 3227 rum
2361 3175 2649 3245 excipitur,
2729 3185 2786 3234 ut
2843 3182 2988 3253 quod
3027 3183 3176 3238 sanis
3219 3191 3364 3239 esset
3418 3185 3670 3243 oﬂicium
3733 3193 3802 3244 sit

2182 3272 2408 3343 aagrotis
2464 3274 2790 3330 remedium.
2842 3300 2863 3326 υ
2901 3279 3031 3334 Item
3081 3281 3133 3334 in
3164 3281 3420 3353 coniugio
3478 3283 3642 3341 aliud
3673 3303 3800 3342 esse

2184 3367 2236 3414 et
2264 3360 2484 3416 alterius
2514 3365 2591 3417 rei
2641 3376 3046 3422 sacramentum
3076 3385 3195 3425 esse
3214 3370 3392 3441 ipsum
3441 3374 3796 3447 coniugium,

2182 3456 2235 3503 et
2265 3449 2409 3504 aliud
2442 3466 2570 3506 esse
2593 3460 2645 3507 et
2674 3454 2897 3510 alterius
2927 3457 3007 3512 rei
3023 3469 3429 3514 sacramentum
3449 3477 3580 3518 esse
3609 3465 3796 3536 ipsum

2179 3546 2426 3619 coniugii
2482 3547 2737 3616 officium,
2813 3549 2956 3608 ide'n
3019 3553 3136 3626 ipse
3195 3557 3250 3610 in
3301 3555 3438 3613 libro
3499 3561 3585 3616 De
3644 3562 3790 3619 bono

2178 3635 2420 3709 coniugii
2476 3645 2722 3706 testatur,
2782 3641 3018 3697 dicens:
3057 3667 3077 3692 ‹‹
3141 3646 3201 3699 In
3249 3647 3514 3721 coniugio
3572 3650 3791 3724 aliquid

2177 3723 2307 3779 boni
2360 3740 2484 3782 esse
2542 3727 2775 3796 videtur,
2808 3745 2918 3786 non
2949 3731 3124 3787 solum
3154 3743 3377 3805 prOpter
3416 3723 3790 3812 propagatio-

2175 3837 2300 3877 nem
2333 3821 2586 3893 filiorum,
2640 3826 2735 3881 sed
2768 3827 2931 3882 etiam
2968 3837 3188 3901 propter
3225 3831 3540 3888 naturalem
3590 3836 3651 3891 in
3701 3839 3787 3892 di-

2175 3926 2338 3967 verso
2368 3927 2504 3968 sexu
2534 3914 2877 3971 societatem.
2943 3918 3199 3990 Alioquin
3249 3928 3429 3976 tamen
3462 3938 3576 3978 non
3639 3926 3783 3982 dice-

2174 4008 2325 4054 retur
2354 4002 2665 4074 coniugium
2723 4004 2779 4058 in
2810 4007 3033 4062 senibus
3063 4008 3109 4061 si
3151 4009 3235 4064 vel
3282 4011 3610 4067 amisissent
3645 4013 3781 4071 ﬁlios

2172 4097 2260 4153 vel
2284 4114 2392 4153 non
2422 4099 2763 4172 genuissent,
2797 4101 2852 4156 in
2882 4104 3080 4175 quibus
3127 4107 3229 4161 etsi
3261 4112 3590 4165 emarcuerit
3624 4114 3783 4169 ardor

2175 4196 2368 4264 carnis,
2393 4196 2544 4269 viget
2574 4205 2751 4252 tamen
2772 4200 2909 4254 ordo
2930 4201 3262 4256 charitatis»
3318 4203 3453 4258 item
3487 4206 3546 4260 in
3574 4209 3780 4279 nuptiis

2173 4283 2298 4354 plus
2346 4285 2492 4342 valet
2520 4287 2746 4342 scientia
2775 4291 3104 4345 sacramenti
3133 4292 3616 4362 quamfecunditas
3649 4313 3780 4354 ven-

2088 4392 2141 4465 D
2170 4373 2290 4429 tris.
2316 4377 2778 4448 »(ΑυρυετιΝυε.)
2803 4401 2824 4424 ‹‹
2855 4378 3006 4434 Unde
3023 4380 3240 4450 quidam
3259 4397 3368 4437 non
3385 4382 3781 4459 intelligentes

2167 4470 2274 4525 hoc
2305 4470 2452 4541 quod
2481 4472 2684 4528 dictum
2714 4482 2833 4530 est:
2866 4475 2965 4530 Illa
2994 4477 3192 4532 mulier
3242 4495 3352 4534 non
3382 4487 3568 4551 potest
3599 4487 3778 4554 perti-

2166 4574 2295 4613 nere
2324 4559 2391 4614 ad
2424 4559 2624 4617 Christi
2653 4570 2705 4617 et
2733 4563 2996 4620 Ecclesiae
3041 4577 3467 4634 sacramentum,
3503 4586 3633 4626 cum
3668 4590 3780 4644 qua

2164 4648 2408 4704 noscitur
2434 4665 2547 4704 non
2578 4650 2746 4706 fuisse
2766 4654 2981 4708 carnale
3015 4657 3435 4722 commercium,
3497 4662 3778 4716 aestimant

2167 4744 2313 4799 enim
2370 4757 2772 4804 sacramentum
2824 4751 3068 4823 coniugii
3123 4768 3246 4808 esse
3295 4770 3406 4809 non
3433 4771 3629 4825 posse,
3686 4761 3776 4814 ubi

2165 4834 2473 4891 commistio
2502 4837 2742 4894 carnalis
2772 4855 2881 4894 non
2911 4839 3096 4896 fuerit.
3132 4841 3400 4898 Nesciunt
3429 4846 3581 4900 enim
3646 4850 3778 4920 quia

2163 4929 2402 4987 ofﬁcium
2431 4934 2700 5008 coniugii,
2731 4935 2787 4990 in
2816 4938 2994 4992 carnis
3033 4939 3429 5010 commistione,
3463 4942 3620 4998 illam
3653 4957 3778 5018 quae

2161 5027 2304 5084 inter
2324 5029 2596 5087 Christum
2620 5040 2672 5088 et
2693 5034 2996 5090 Ecclesiam
3017 5051 3114 5107 per
3134 5037 3317 5093 carnis
3349 5041 3776 5112 susceptionem

2162 5124 2306 5183 facta
2352 5135 2436 5184 est
2479 5129 2738 5188 unionem
2769 5132 2968 5205 figurat
3001 5150 3014 5188 :
3046 5142 3442 5208 proptereaque
3472 5139 3690 5195 Christi
3723 5146 3773 5197 et

2163 5222 2425 5279 Ecclesiae
2455 5235 2856 5283 sacramentum
2879 5245 3002 5286 esse
3032 5243 3141 5286 non
3169 5231 3364 5303 possit.
3401 5231 3509 5290 Ubi
3549 5237 3775 5292 carnale

2160 5325 2547 5381 commercium
2601 5343 2710 5384 non
2740 5329 2924 5396 fuerit,
2959 5323 3278 5405 coniugium
3308 5342 3496 5390 tamen
3550 5355 3772 5406 verum,

2163 5429 2214 5476 et
2244 5437 2431 5477 verum
2463 5425 2707 5497 coniugii
2737 5437 3134 5484 sacramentum
3166 5447 3310 5498 esse,
3370 5435 3539 5489 etiam
3571 5436 3621 5490 si
3653 5455 3776 5494 car-

2157 5509 2282 5566 nale
2329 5517 2718 5571 commercium
2748 5533 2856 5573 non
2886 5518 3049 5574 fuerit
3078 5519 3464 5577 subsecutum.
3507 5523 3631 5580 Imo
3666 5544 3770 5598 po-

2156 5608 2263 5663 tius
2285 5616 2433 5666 tanto
2481 5613 2663 5670 verius
2689 5623 2743 5671 et
2773 5615 3011 5673 sanctius
3037 5631 3179 5686 esse,
3211 5627 3418 5692 quanto
3448 5621 3590 5677 nihil
3620 5624 3680 5679 in
3711 5642 3770 5682 se

2157 5698 2322 5755 habet
2373 5700 2521 5760 unde
2551 5703 2769 5763 castitas
2824 5705 3131 5778 erubescat,
3184 5707 3286 5768 sed
3341 5710 3490 5791 unde
3528 5714 3763 5773 castitas

3723 223 3844 274 {ita}
3925 215 3932 230 '

3921 71 3940 176 i
