4008 6092
294 167 433 221 1197

1212 171 1804 231 DEFLORATIONES
1844 177 1943 233 SS.
1978 178 2286 241 PATRUM.
2324 217 2395 227 —-
2430 190 2557 244 LIB.
2599 192 2666 245 II.

3453 206 3587 259 “98

282 290 571 363 glorietur.
594 292 735 347 Nam
765 299 817 346 et
846 292 1021 364 ipsum
1038 295 1351 367 conjugium
1374 304 1767 354 sacramentum
1789 309 1887 369 est,
1916 311 1975 370 Α
2007 310 2303 364 masculum
2360 318 2413 366 et
2468 314 2727 370 feminam
2792 326 3018 386 constat,
3089 332 3485 380 Sacramentuni
3540 336 3593 383 et

281 379 421 434 sicut
465 387 518 435 et
549 380 723 449 ipsum
754 379 992 436 ofﬁcium
1048 383 1292 457 conjugii
1323 394 1717 442 sacramentum
1773 406 1888 445 esse

279 468 644 539 cognoscitur.
691 468 799 524 Sed
827 468 1163 543 conjugium,
1228 480 1286 527 ut
1313 474 1513 529 dictum
1544 483 1640 543 est,
1700 492 1885 533 sacra-

277 564 526 610 mentum
582 564 636 612 et
692 557 834 611 illius
877 559 1146 614 societatis
1198 576 1319 631 qua:
1348 563 1404 617 in
1459 565 1647 633 spiritu
1703 566 1888 622 estin-

277 651 360 697 ter
392 644 564 700 Deum
624 654 675 701 et
703 646 959 701 animam.
988 646 1239 704 Oificium
1295 667 1423 708 vero
1452 654 1691 727 conjugii
1719 672 1889 712 sacra-

275 749 521 797 mentum
579 750 659 798 est
712 744 855 799 illius
880 746 1150 802 societatis
1196 765 1317 819 quas
1347 749 1401 804 in
1432 766 1592 806 carne
1623 759 1701 807 est
1749 750 1887 809 inter

276 831 546 885 Christum
580 839 633 887 ct
662 832 981 890 Ecclesiam.
1015 835 1281 908 Scriptum
1314 845 1410 906 est,
1440 840 1646 909 inquit:
1678 863 1698 889 ι
1720 841 1887 898 Erunt

273 919 382 974 duo
443 920 498 973 in
545 936 705 976 carne
766 938 875 977 una
906 924 1066 992 (Gen,
1111 924 1196 995 ιι).
1234 948 1255 974 ››
1290 922 1360 982 Et
1413 926 1457 982 si
1485 929 1593 985 duo
1624 929 1679 984 in
1726 946 1885 985 carne

274 1033 403 1084 una,
432 1018 547 1088 jam
583 1034 690 1075 non
722 1018 848 1085 duo,
882 1022 978 1077 sed
1008 1040 1117 1078 una
1145 1038 1289 1080 caro.
1322 1021 1438 1081 Hoc
1465 1035 1545 1082 est
1569 1044 1882 1083 sacramen-

277 1113 389 1159 tum
419 1106 564 1175 quod
595 1108 670 1162 ait
696 1110 989 1179 Apostolus
1023 1126 1034 1165 :
1075 1135 1096 1159 ιι
1134 1113 1392 1184 Magnum
1424 1114 1479 1169 in
1508 1114 1718 1172 Christo
1747 1123 1798 1172 et
1826 1108 1882 1171 in

271 1194 520 1250 Ecclesia
576 1195 845 1269 (Spicea),
908 1218 931 1248 ι
977 1199 1045 1255 ad
1103 1201 1245 1272 quod
1302 1210 1695 1260 sacramentum
1753 1221 1882 1277 per-

276 1282 449 1339 tinere
506 1296 617 1339 non
672 1290 852 1356 potest
907 1287 1120 1358 mulier,
1172 1304 1294 1345 cum
1343 1300 1449 1362 qua
1494 1292 1729 1349 noscitur
1772 1309 1882 1349 non

278 1371 441 1427 fuisse
471 1375 691 1429 carnale
720 1376 1106 1433 commercium
1140 1397 1152 1433 ε
1186 1386 1360 1451 potest
1390 1387 1568 1438 tamen
1612 1383 1882 1452 pertinere

276 1469 345 1523 ad
376 1468 525 1524 aliud
581 1479 999 1539 sacramentum,
1032 1490 1140 1530 non
1197 1492 1457 1549 magnum
1481 1478 1536 1532 in
1563 1476 1773 1535 Christo
1829 1486 1883 1533 et

276 1557 535 1628 Ecclesia,
596 1561 689 1616 sed
711 1561 890 1631 majus
943 1563 998 1617 in
1020 1563 1134 1619 Deo
1156 1571 1210 1620 et
1237 1566 1441 1621 anima.
1482 1566 1620 1635 Quid
1650 1568 1794 1623 enim
1851 1570 1880 1621 ‘?

1996 395 2178 469 imago
2199 407 2312 454 est:
2347 408 2401 455 et
2426 401 2582 469 forte,
2633 412 2692 459 ut
2711 409 3015 476 expressius
3063 411 3288 481 dicatur,
3322 414 3437 484 ipsa
3486 431 3589 471 so—

1996 493 2180 564 cietas,
2241 514 2360 567 quae
2392 500 2625 556 exterius
2651 502 2709 557 in
2756 504 3016 578 conjugio
3044 517 3203 579 pacto
3235 510 3455 567 foederis
3480 529 3589 569 ser-

1995 590 2172 638 vatur.
2213 585 2619 644 Sacramentum
2657 599 2708 646 et
2737 592 2903 664 ipsius
2933 596 3254 653 sacramenti
3299 616 3385 654 res
3404 607 3483 655 est
3511 601 3591 656 di-

1995 670 2151 727 lectio
2180 683 2365 731 mutua
2419 678 2741 748 animorum,
2777 696 2895 752 qua?
2936 683 3003 737 ad
3032 686 3265 741 invicem
3322 688 3592 745 societatis

1995 766 2047 815 et
2069 760 2285 818 faederis
2311 765 2614 840 conjugalis
2643 768 2855 826 vinculo
2885 773 3195 829 custoditur.
3223 774 3284 831 Et
3311 778 3428 832 haec
3474 778 3592 850 ipsa

1992 874 2172 914 rursus
2226 860 2460 933 dilectio,
2518 882 2623 936 qua
2672 869 2939 924 masculus
2959 878 3008 925 et
3065 871 3266 928 femina
3311 873 3368 928 in
3396 878 3589 931 sancti-

1992 950 2100 1003 tate
2129 951 2367 1023 conjugii
2424 948 2620 1009 animis
2639 956 2909 1025 uniuntur,
2960 969 3352 1016 sacramentum
3403 970 3483 1018 est
3537 972 3590 1019 et

1991 1036 2207 1110 signum
2264 1038 2406 1095 illius
2435 1040 2739 1099 dilectionis
2779 1063 2885 1116 qua
2912 1044 3056 1103 Deus
3083 1049 3332 1105 rationali
3390 1052 3586 1108 animae

1990 1124 2132 1181 intus
2176 1143 2273 1198 per
2324 1128 2648 1187 infusionem
2702 1135 2890 1206 gratiae
2946 1153 3056 1192 suae
3130 1146 3183 1193 et
3237 1139 3452 1211 spiritus
3503 1141 3586 1196 sui

1988 1215 2399 1286 participatione
2417 1230 2516 1274 con
2516 1217 2781 1293 jungitur.
2833 1224 3039 1295 Copula
3087 1222 3253 1298 igitur
3270 1229 3445 1284 carnis
3466 1245 3587 1301 quae

1991 1316 2112 1367 ante
2166 1318 2446 1385 peccatum
2496 1317 2548 1370 in
2597 1318 2854 1392 conjugio
2904 1320 3137 1377 oﬁicium
3178 1325 3295 1394 fuit,
3356 1334 3409 1382 et
3464 1336 3586 1400 post

1989 1404 2272 1472 peccatum
2330 1405 2382 1457 in
2440 1405 2630 1461 eodem
2660 1424 2759 1480 pro
2804 1410 3044 1466 remedio
3073 1428 3323 1470 concessa
3351 1423 3449 1484 est,
3508 1418 3585 1472 sic

1989 1490 2270 1562 utrobique
2326 1494 2583 1566 conjugio
2650 1495 2979 1571 adjungitur,
3040 1507 3097 1555 ut
3150 1517 3272 1556 cum
3330 1505 3583 1578 conjugio

1988 1582 2105 1657 ipsa
2124 1588 2209 1655 sit,
2242 1606 2349 1643 non
2370 1591 2682 1664 conjugium
2732 1611 2797 1648 ex
2827 1594 2963 1666 ipsa.
2999 1596 3138 1652 Nam
3161 1605 3212 1652 et
3241 1605 3363 1655 ante
3407 1601 3583 1672 ipsam

323 1647 333 1657 .
940 1651 950 1663 ,
2007 1646 2026 1657 .
2199 1646 2207 1655 ,
2470 1646 2489 1661 ,,
2533 1646 2565 1664 υ
2828 1646 2963 1666 πη-
3165 1646 3212 1652 --
3242 1646 3362 1655 πη
3407 1646 3421 1655 .
3466 1646 3583 1655 νη...

278 1646 336 1746 ξ¹
370 1663 627 1761 magn“?
660 1658 739 1705 est
768 1651 912 1749 q_“°d
937 1666 993 1705 ιη
1021 1669 1181 1761 ea?“
1221 1661 1319 1754 εξδξν
1353 1671 1748 1761 ηῖδὲωπυηοοη
1789 1664 1883 1755 ,θεῖ
1906 1669 1959 1729 Β
1991 1676 2305 1749 conjugium
2362 1696 2548 1735 verum
2579 1688 2675 1749 est,
2709 1689 2759 1737 et
2788 1683 2901 1738 sine
2932 1684 3049 1753 ipsa
3068 1696 3310 1742 sanctum
3343 1646 3461 1744 esse
3489 1707 3585 1761 po-

280 1733 335 1789 in
365 1753 471 1791 uno
501 1738 670 1793 multo
702 1740 880 1809 majus
914 1742 1056 1810 quod
1086 1743 1141 1796 in
1170 1744 1360 1812 spiritu
1415 1752 1511 1798 est.
1541 1768 1563 1792 «
1598 1746 1755 1814 Caro,
1786 1746 1875 1799 in-

280 1835 413 1903 quit,
474 1836 606 1890 nihil
638 1839 876 1907 prodest,
909 1840 1124 1910 spiritus
1181 1841 1372 1911 estqui
1402 1841 1635 1897 viviﬁcat
1682 1844 1869 1911 (Joan.

280 1924 378 1994 γι).
419 1946 441 1970 η
478 1925 535 1980 Si
565 1941 696 1997 ergo
728 1942 984 1999 magnum
1044 1930 1286 2000 estquod
1340 1930 1396 1984 in
1424 1947 1583 1985 carne
1613 1938 1709 2000 est,
1767 1947 1882 1985 ma-

274 2012 368 2081 jus
397 2013 578 2083 utique
600 2020 677 2068 est
710 2015 855 2085 quod
902 2017 956 2070 in
986 2017 1175 2088 spiritu
1206 2024 1302 2084 est,
1336 2019 1379 2073 si
1408 2025 1552 2074 recte
1583 2036 1679 2090 per
1732 2018 1880 2075 Scri-

281 2114 493 2181 pturam
524 2120 762 2167 sanctam
795 2112 938 2169 Deus
987 2131 1215 2187 sponsus
1242 2116 1455 2187 dicitur,
1487 2124 1540 2173 et
1567 2118 1748 2173 anima
1796 2132 1882 2173 ra-

280 2206 495 2263 tionalis
516 2225 714 2281 sponsa
744 2219 981 2268 vocatur.
1019 2212 1233 2283 Aliquid
1253 2215 1498 2285 profecto
1543 2215 1682 2270 inter
1706 2212 1880 2270 Deum

280 2303 333 2351 et
379 2297 619 2355 animam
677 2298 814 2372 ejus,
865 2300 1021 2372 cujus
1041 2298 1097 2357 id
1147 2302 1292 2373 quod
1320 2302 1377 2360 in
1430 2302 1688 2377 conjugio
1746 2303 1885 2360 inter

1986 1772 2085 1819 test
2120 1773 2281 1822 :tunc
2303 1768 2518 1838 quidem
2548 1770 2589 1824 si
2623 1771 2713 1826 illa
2768 1787 2874 1827 non
2916 1774 3125 1828 adesset
3180 1776 3578 1847 infructuosius,

1990 1871 2132 1910 nunc
2163 1862 2339 1911 autem
2371 1858 2413 1911 si
2444 1858 2536 1913 illa
2565 1876 2672 1914 non
2702 1859 3210 1919 aifueritsincerius.
3251 1865 3408 1935 Quod
3437 1868 3583 1923 enim

1988 1951 2111 2013 post
2165 1954 2443 2016 peccatum
2501 1947 2694 2018 copula
2720 1950 2896 2004 carnis
2932 1951 2988 2005 in
3045 1953 3302 2025 conjugia
3358 1956 3585 2011 admitti-

1992 2036 2093 2099 tur,
2160 2034 2507 2107 indulgentiae
2590 2037 2766 2110 magis
2808 2045 2885 2093 est
2927 2046 2980 2094 et
3051 2043 3458 2111 compassionis,
3517 2060 3588 2099 ne

1990 2123 2178 2178 vitium
2208 2123 2655 2195 concupiscentia:
2703 2126 2847 2196 quod
2878 2128 2934 2182 in
2988 2131 3224 2186 humana
3250 2148 3411 2187 carne
3468 2140 3591 2204 post

1990 2218 2271 2285 peccatum
2331 2211 2613 2279 radicavit,
2698 2216 2904 2287 turpius
2983 2216 3040 2273 in
3087 2234 3307 2276 omnem
3393 2236 3587 2279 exces-

1990 2319 2109 2359 sum
2153 2300 2462 2375 proﬂueret,
2513 2302 2558 2358 si
2584 2316 2850 2376 nusquam
2881 2304 3026 2364 licite
3071 2308 3247 2381 excipi
3296 2309 3579 2381 potuisset.

1042 2694 1665 2803 DOMINICA
1753 2695 2361 2803 VIGESIMA
2432 2698 2826 2808 PRIMA

1530 2926 1930 3000 Secundum
1967 2932 2360 3003 Joannem..

351 3176 373 3202 «
419 3154 545 3209 Erat
585 3155 805 3225 quidam
856 3153 1075 3225 regulus
1117 3151 1272 3222 cujus
1315 3152 1460 3208 ﬁlius
1503 3152 1875 3209 inﬁrmabatur
1904 3152 1953 3217 C
1982 3154 2277 3228 imaginem
2297 3156 2398 3212 Dei
2426 3156 2554 3213 facti
2598 3164 2740 3227 sunt,
2770 3156 2868 3212 sed
2894 3158 3127 3215 honores
3154 3169 3207 3217 et
3233 3156 3451 3219 divitias
3493 3178 3586 3221 ve-

274 3244 675 3312 Capharnaum.
739 3243 863 3308 Hic,
898 3258 1021 3297 cum
1069 3241 1308 3298 audisset
1352 3241 1479 3312 quia
1505 3243 1658 3298 Jesus
1705 3243 1877 3299 adve-

269 3332 459 3389 nireta
485 3333 671 3389 Iudaea
701 3332 758 3387 in
812 3331 1116 3396 Galilaeam,
1162 3331 1295 3387 abiit
1350 3331 1880 3404 adeum,etrogabat

269 3439 326 3486 ut
347 3432 696 3488 descenderet
738 3442 790 3487 et
804 3436 1018 3486 sanaret
1044 3428 1213 3484 ﬁlium
1235 3430 1372 3500 ejus.
1403 3429 1704 3500 Incipiebat
1731 3428 1876 3483 enim

264 3522 423 3577 mori.
478 3522 629 3577 Dixit
657 3536 788 3594 ergo
818 3521 969 3574 Iesus
997 3519 1066 3574 ad
1097 3536 1220 3574 eum
1256 3538 1267 3574 :
1304 3540 1328 3566 α
1359 3517 1475 3573 Nisi
1496 3519 1652 3590 signa
1680 3526 1735 3573 et
1752 3533 1876 3589 pro-

267 3611 416 3683 digia
442 3611 704 3679 videritis,
764 3626 875 3665 non
904 3608 1139 3673 creditis,
1173 3614 1276 3664 etc.
1325 3609 1511 3678 (Joan.
1543 3612 1642 3679 ιν).
1679 3630 1702 3657 ιο
1735 3608 1872 3663 Cre-

265 3707 466 3776 debat;
500 3708 594 3763 sed
643 3710 698 3762 in
739 3706 846 3762 ﬁne
894 3705 1178 3771 dubitavit,
1235 3704 1291 3758 in
1337 3705 1441 3760 hoc
1495 3704 1638 3774 quod
1684 3710 1869 3773 poten-

265 3797 393 3852 tiam
437 3798 554 3869 ejus
605 3796 818 3869 petivit.
884 3798 1197 3867 Agnoscens
1249 3793 1430 3864 itaque
1477 3793 1740 3849 Dominus
1776 3808 1871 3850 cor

268 3884 558 3940 difﬁdentis
604 3884 782 3957 arguit
838 3882 979 3938 illius
1008 3881 1385 3951 difﬁdentiam,
1436 3882 1623 3938 dicens
1652 3896 1666 3936 ε
1700 3905 1721 3931 «
1753 3881 1866 3965 Nisi

265 3976 422 4048 signa
470 3981 521 4029 et
558 3974 810 4045 prodigia
838 3973 1077 4029 videritis
1105 3980 1213 4027 non
1269 3971 1502 4028 creditis.
1558 3994 1579 4022 ››
1616 3969 1869 4043 Prodigia

262 4071 532 4133 suntquae
562 4061 766 4133 aliquid
825 4060 1168 4134 portendunt.
1222 4061 1287 4116 Et
1317 4061 1510 4117 dicitur
1556 4060 1863 4133 prodigium

262 4160 412 4230 quasi
441 4157 743 4230 prodicium
779 4178 790 4214 :
826 4158 969 4229 quod
1008 4174 1168 4230 porro
1194 4156 1355 4227 dicat,
1415 4158 1469 4213 id
1498 4164 1576 4214 est
1595 4157 1864 4231 significat

261 4256 465 4328 aliquid
496 4259 757 4312 futurum.
804 4257 905 4312 Illa
934 4272 1055 4328 quae
1075 4252 1424 4323 tuncﬁebant,
1460 4273 1523 4313 ea
1554 4272 1672 4326 qua:
1718 4273 1859 4312 nunc

261 4361 492 4428 aguntur
512 4352 924 4427 portendebant.
976 4351 1152 4409 Omne
1182 4350 1489 4424 prodigium
1521 4360 1599 4408 est
1615 4353 1851 4425 signum,

257 4442 353 4499 sed
383 4460 493 4500 non
547 4441 893 4500 convertitur.
922 4440 1046 4511 quia
1100 4440 1315 4512 signum
1362 4449 1439 4496 est
1470 4447 1576 4496 tam
1608 4440 1675 4496 de
1707 4458 1852 4513 pree-

258 4532 412 4589 terito
442 4540 494 4587 et
523 4531 771 4603 praesenti
802 4546 963 4601 quam
993 4529 1061 4584 de
1088 4528 1266 4584 futuro
1299 4542 1313 4599 ;
1344 4529 1652 4603 prodigium
1674 4536 1850 4586 autem

259 4640 339 4687 est
365 4638 569 4685 tantum
626 4629 694 4685 de
723 4630 926 4684 futuro.
958 4626 1187 4701 Signum
1210 4626 1308 4682 fuit
1335 4623 1402 4684 de
1430 4628 1681 4701 praesenti
1708 4628 1853 4699 quod

259 4720 520 4776 Dominus
550 4736 745 4790 aquam
795 4716 953 4775 vertit
982 4717 1035 4770 in
1064 4716 1271 4784 vinum,
1304 4708 1595 4790 designans
1619 4718 1849 4791 gloriam

257 4834 407 4873 suam
467 4818 603 4872 sicut
655 4816 885 4871 circulus
913 4813 1182 4886 significat
1219 4812 1272 4866 in
1328 4814 1732 4885 praesentiarum
1761 4814 1848 4869 vi-

256 4924 384 4962 num
404 4907 615 4964 venale.
651 4905 877 4977 Signum
909 4903 975 4957 de
1004 4901 1295 4973 praeterito,
1330 4910 1409 4958 est
1442 4901 1730 4975 vestigium
1758 4917 1851 4974 pe-

256 4996 381 5052 dum
424 4996 478 5050 in
511 4995 635 5050 nive
665 5009 956 5066 apparens.

330 5145 352 5171 «
387 5121 526 5177 Dicit
554 5120 623 5175 ad
644 5137 765 5175 eum
788 5120 1008 5192 regulus
1040 5136 1053 5175 :
1086 5117 1338 5185 Domine,
1369 5117 1634 5173 deacende
1676 5115 1857 5188 prius-

257 5225 417 5281 quam
466 5209 725 5265 moriatur
763 5207 904 5263 ﬁlius
957 5224 1131 5264 meus.
1169 5207 1312 5262 Dicit
1340 5206 1390 5262 ei
1443 5207 1596 5262 Jesus
1627 5224 1641 5261 :
1676 5204 1845 5272 Vade,

254 5306 396 5361 ﬁlius
445 5314 564 5361 tuus
609 5306 761 5363 vivit.
789 5326 811 5354 »
845 5305 1094 5361 lndicans
1146 5321 1205 5359 se
1234 5319 1344 5359 non
1373 5302 1560 5359 deesse
1590 5303 1682 5359 ubi
1711 5300 1849 5359 invi-

260 5403 415 5464 tatur,
447 5396 563 5451 solo
582 5395 734 5465 jussu
763 5402 934 5450 sanat.
966 5396 1030 5449 In
1074 5395 1179 5449 hoc
1198 5409 1329 5465 ergo
1365 5393 1511 5463 quod
1538 5408 1692 5450 servo
1720 5407 1846 5447 cen-

257 5493 478 5549 turionis
506 5509 615 5547 non
636 5492 960 5565 dedignatur
1002 5506 1281 5547 occurrere
1308 5507 1431 5546 cum
1479 5491 1548 5546 ad
1574 5489 1744 5545 ﬁlium
1767 5505 1849 5543 re—

252 5583 366 5657 guli
418 5581 805 5655 dedignaretur
840 5582 917 5637 ire
956 5582 1119 5653 (Luc.
1178 5581 1296 5650 vn),
1318 5586 1502 5637 nostra
1552 5579 1853 5636 retunditur

251 5670 524 5745 superbia,
572 5670 701 5743 quia
753 5669 810 5727 in
835 5669 1147 5728 hominibus
1180 5683 1293 5728 non
1344 5676 1591 5727 naturam
1620 5685 1731 5741 qua
1781 5663 1854 5724 ad

1986 3268 2264 3309 ueremur.
2299 3253 2488 3312 Videte
2536 3253 2955 3311 distinctionem.
2988 3256 3228 3330 Regulus
3271 3259 3373 3316 iste
3397 3261 3587 3317 Domi-

1986 3357 2116 3395 num
2164 3341 2234 3396 ad
2262 3341 2485 3401 domum
2515 3359 2670 3399 suam
2720 3344 3045 3401 descendere
3100 3347 3371 3417 cupiebat,
3402 3357 3588 3406 centu-

1982 3428 2064 3484 rio
2085 3430 2369 3503 indignum
2416 3446 2476 3488 se
2505 3447 2619 3487 esse
2665 3431 2897 3488 dicebat.
2929 3434 3030 3490 Hic
3075 3451 3287 3491 cessum
3342 3446 3423 3494 est
3475 3439 3586 3496 ela-

1984 3517 2135 3587 tioni,
2193 3518 2305 3575 illic
2334 3535 2647 3579 concessum
2695 3528 2778 3578 est
2805 3522 3111 3591 humilitati,
3158 3532 3413 3596 tanquam
3460 3528 3585 3584 huic

1981 3606 2249 3664 diceretur
2297 3626 2310 3664 :
2359 3610 2487 3666 Noli
2541 3610 2677 3665 mihi
2734 3609 2953 3667 taedium
2990 3612 3174 3670 facere
3220 3633 3232 3670 ε
3283 3616 3580 3685 potentiam

1978 3713 2157 3753 meam
2189 3698 2272 3756 vis
2316 3699 2374 3753 in
2402 3698 2566 3755 domo
2615 3706 2739 3755 tua:
2765 3699 2933 3758 verbo
2962 3717 3182 3772 possum
3202 3703 3372 3759 ﬁlium
3431 3713 3579 3761 tuum

1976 3803 2189 3844 sanare.
2221 3788 2475 3844 Centurio
2529 3788 2836 3862 alienigena
2863 3790 3090 3847 credidit
3141 3808 3232 3849 me
3281 3793 3447 3851 verbo
3475 3796 3582 3851 hoc

1975 3892 2137 3947 posse
2190 3877 2370 3933 facere
2401 3892 2416 3947 ;
2447 3893 2545 3937 vos
2564 3877 2672 3933 nisi
2724 3878 2883 3950 signa
2911 3885 2965 3934 et
2983 3880 3233 3953 prodigia
3288 3882 3530 3938 videritis
3562 3903 3575 3938 :

1975 3982 2084 4023 non
2109 3966 2344 4023 creditis.

2050 4077 2071 4103 α
2106 4055 2347 4110 Credidit
2366 4056 2529 4110 homo
2587 4054 2823 4109 sermoni
2869 4071 3029 4126 quem
3051 4055 3187 4111 dixit
3214 4056 3265 4113 ei
3293 4056 3463 4128 Jesus,
3524 4069 3578 4115 et

1970 4143 2128 4198 ibat:
2157 4143 2272 4213 jam
2320 4150 2500 4199 autem
2541 4157 2605 4198 eo
2634 4143 2993 4200 descendente
3040 4145 3179 4200 servi
3234 4157 3577 4204 occurrerunt

1967 4232 2036 4301 ei,
2066 4240 2119 4288 et
2170 4230 2552 4288 nuntiaverunt
2582 4229 2821 4289 dicentes
2867 4232 2994 4304 quia
3027 4232 3171 4289 ﬁlius
3190 4236 3304 4305 ejus
3333 4236 3560 4293 viveret.

1966 4321 2341 4394 Interrogabat
2379 4336 2510 4393 ergo
2548 4322 2741 4376 horam
2797 4321 2868 4377 ab
2906 4321 2984 4377 eis
3013 4321 3067 4377 in
3097 4340 3202 4392 qua
3232 4325 3426 4380 melius
3462 4327 3567 4382 ha-

1961 4410 2154 4466 buerit.
2212 4405 2279 4465 Et
2311 4407 2562 4464 dixerunt
2616 4408 2664 4464 ei
2721 4408 2847 4480 quia
2877 4409 2993 4466 heri
3041 4411 3175 4466 hora
3196 4412 3424 4484 septima
3452 4416 3571 4470 reli-

1882 4502 1935 4568 D
1967 4499 2081 4569 quit
2110 4511 2233 4554 eum
2264 4496 2449 4554 febris.
2510 4494 2779 4569 Cognovit
2806 4502 2936 4571 ergo
2956 4505 3110 4569 pater
3137 4498 3263 4568 quia
3293 4500 3386 4555 illa
3434 4504 3568 4558 hora

1964 4595 2081 4643 erat
2124 4587 2182 4641 in
2233 4603 2339 4658 qua
2369 4585 2504 4640 dixit
2561 4587 2609 4641 ei
2666 4586 2820 4641 Iesus
2853 4605 2865 4641 :
2898 4584 3067 4654 Vade,
3122 4586 3248 4656 quia
3276 4585 3418 4643 ﬁlius
3448 4597 3566 4646 tuus

1963 4677 2142 4746 vivit;
2176 4678 2228 4731 et
2255 4672 2482 4730 credidit
2523 4673 2637 4745 ipse
2682 4681 2735 4729 et
2780 4672 2973 4730 domus
3021 4674 3137 4745 ejus
3168 4682 3296 4731 tota.
3332 4696 3355 4725 ι»
3390 4676 3566 4747 Carpit

1961 4768 2125 4823 homo
2157 4764 2377 4820 credere
2397 4761 2523 4833 quia
2569 4763 2832 4819 Dominus
2859 4778 3014 4833 aeque
3069 4763 3263 4819 absens
3317 4778 3563 4836 corpore,

1958 4862 2015 4910 ut
2068 4870 2307 4926 praesens
2362 4858 2620 4919 sanaret;
2652 4857 2707 4908 et
2770 4853 2848 4907 sic
2901 4850 3097 4906 meruit
3143 4852 3370 4907 salutem
3425 4853 3558 4911 ﬁlio.

1956 4945 2080 5001 Non
2109 4958 2240 5017 ergo
2270 4938 2469 4997 diffidit
2490 4940 2555 4995 de
2586 4940 2955 4996 misericordia
2973 4954 3159 4996 servos
3178 4941 3562 5015 interrogando

1958 5031 2026 5089 de
2044 5036 2198 5098 hora,
2252 5031 2349 5087 sed
2404 5029 2673 5086 desiderat
2714 5036 2772 5084 ut
2817 5028 2987 5086 virtus
3041 5029 3225 5087 divina
3280 5046 3560 5088 servorum

1966 5118 2302 5179 confessione
2351 5118 2601 5192 plurimis
2626 5114 2945 5175 innotescat.
2996 5118 3095 5174 Vel
3112 5130 3182 5173 ne
3200 5132 3329 5175 casu
3364 5122 3564 5178 sanitas

1955 5210 2268 5284 contigisset
2315 5208 2703 5280 interrogabat,
2737 5208 2864 5277 quia
2908 5207 3134 5263 forsitan
3154 5208 3393 5264 nondum
3426 5226 3559 5282 per-

1958 5302 2096 5357 fecte
2123 5298 2401 5356 credebat.
2467 5297 2527 5351 In
2556 5295 2730 5368 ﬁgura
2748 5297 2918 5352 sancti
2948 5296 3178 5368 Spiritus
3208 5297 3555 5369 septifol'mis,

1954 5391 2012 5446 in
2041 5402 2151 5461 quo
2200 5388 2377 5444 omnis
2430 5386 2575 5441 salus
2627 5385 2886 5455 consistit,
2940 5384 3155 5457 reliquit
3210 5403 3335 5442 eum
3390 5389 3559 5444 febris

1957 5482 2092 5537 hora
2143 5477 2399 5551 septima.
2466 5474 2640 5530 Tarde
2695 5474 2920 5531 credens
2973 5476 3193 5547 regulus
3220 5476 3322 5532 iste
3363 5476 3557 5551 ﬁgurat

1956 5569 2177 5628 ludens
2231 5566 2301 5623 ad
2357 5565 2523 5621 ﬁdem
2573 5562 2794 5621 difﬁcile
2849 5564 3144 5635 venientes,
3204 5566 3376 5636 qualis
3449 5573 3562 5620 erat

1962 5663 2199 5723 Thomas
2246 5673 2373 5718 cum
2400 5654 2608 5715 audiret
2654 5671 2672 5712 ς
2737 5676 2763 5705 α
2820 5654 2977 5728 Veni,
3015 5654 3167 5713 mitte
3191 5656 3298 5715 huc
3335 5668 3555 5712 manum
