3972 6076
503 206 640 261 1199
1659 190 1995 250 WEBNERI
2033 189 2327 249 ΑΒιιιΤιε
2364 194 2422 251 S.
2462 193 2681 252 BLASlI
3721 202 3846 253 υθέ)

502 337 648 384 tuam
707 345 720 384 :
769 332 824 382 et
867 323 977 381 noli
1022 335 1141 378 esse
1193 316 1519 387 incredulus,
1560 316 1659 374 sed
1694 314 1868 375 ﬁdelis
1896 314 2088 389 (Joan.
2118 324 2176 388 Α
2202 317 2436 390 respicit,
2467 319 2557 377 vel
2600 318 2671 375 ad
2724 318 2939 382 veniam
2986 321 3074 379 vel
3116 322 3183 378 ad
3241 322 3590 381 vindictam.
3617 322 3721 380 Ad
3752 341 3843 380 ve-

496 418 625 489 χχ).
668 438 691 465 υ
2199 406 2342 462 niam
2399 407 2536 463 sicut
2588 408 2808 465 Petrum
2841 423 2856 479 ;
2888 409 2956 467 ad
2983 410 3297 481 vindictam,
3348 413 3504 471 sicut
3555 412 3709 469 dum
3771 414 3843 468 fa-

2197 503 2285 552 cta
2311 495 2673 554 Sodomorum
2701 514 2760 554 se
2787 499 3167 557 descensurum
3196 510 3248 559 et
3278 510 3332 559 et
3356 504 3631 560 visurum
3667 512 3840 559 testa-

617 541 695 598 De
722 538 967 613 ﬂagellis
996 536 1113 606 Dei,
1145 540 1202 593 et
1229 534 1297 592 de
1321 532 1549 606 gemina
1575 532 1961 606 percussione.

569 666 780 724 Divina:
823 662 1101 735 sapientia:
1126 660 1391 717 subtilitas
1434 658 1573 715 sicut
1595 658 1819 715 interius
1846 665 1904 713 ut
1948 655 2094 713 testis

499 764 765 815 scrutatur
805 752 1180 821 conscientias,
1229 750 1305 805 ita
1347 749 1582 804 exterius
1624 748 1829 820 irrogat
1883 761 2090 818 pinnas,

500 855 559 903 ut
585 861 772 904 verum
800 843 870 898 sit
926 840 1287 897 testimonium
1317 839 1615 909 prophetae,
1668 837 1795 907 quia
1846 836 1961 908 ipse
2017 842 2097 891 est

501 945 555 992 et
584 934 728 990 testis
781 930 1047 1000 etjudex.
1090 927 1351 985 Ordinata
1395 934 1475 981 est
1502 925 1775 981 miseratio
1820 924 1919 979 Dei
1975 939 2097 994 quae

498 1024 650 1096 prius
680 1020 956 1077 hominem
1006 1018 1091 1074 hic
1118 1034 1215 1090 per
1259 1015 1474 1088 ﬂagella
1505 1031 1537 1071 a
1564 1012 1798 1086 peccatis
1824 1012 2095 1081 emendat,

504 1122 559 1168 et
585 1120 773 1183 postea
801 1108 871 1165 ab
908 1115 1109 1164 aeterno
1138 1104 1403 1177 supplicio
1431 1103 1642 1159 liberat.
1687 1102 1899 1157 Electus
1952 1100 2097 1156 enim

506 1201 609 1259 Dei
636 1198 917 1257 doloribus
944 1196 1071 1255 vitae
1110 1194 1271 1265 hujus
1300 1192 1558 1263 atteritur,
1590 1199 1649 1247 ut
1693 1190 1980 1263 perfectior
2006 1188 2101 1244 fu-

506 1310 640 1355 turae
693 1297 819 1354 vita:
874 1296 1125 1352 lucretur.
1180 1292 1535 1362 Nequaquam
1590 1289 1735 1344 Deus
1769 1285 2101 1358 delinquenti

506 1389 697 1463 parcit,
757 1400 917 1456 quem
947 1389 1283 1455 peccatorem
1313 1386 1404 1435 aut
1450 1377 1663 1450 ﬂagello
1694 1376 1975 1447 temporali
2032 1375 2102 1431 ad

508 1476 885 1551 purgationem
938 1470 1080 1535 ferit,
1108 1477 1229 1524 ~aut
1266 1466 1474 1538 judicio
1510 1473 1711 1522 aeterno
1767 1463 2100 1535 puniendum

506 1572 783 1643 relinquit,
823 1575 916 1624 aut
964 1567 1079 1635 ipse
1129 1565 1185 1620 in
1230 1582 1288 1620 se
1336 1566 1499 1620 homo
1554 1562 1863 1636 pwnitendo
1918 1560 2105 1633 puniet

507 1660 652 1735 quod
681 1658 823 1714 male
876 1653 1091 1711 admisit
1121 1673 1134 1709 :
1169 1670 1232 1710 ac
1260 1652 1486 1725 proinde
1546 1661 1624 1708 est
1645 1650 1789 1723 quod
1818 1652 1963 1747 Deus
2006 1650 2099 1747 de:
2127 1686 2179 1747 Β

504 1754 766 1828 linquenti
797 1768 905 1807 non
952 1756 1160 1823 parcet.
1217 1750 1367 1804 Justo
1425 1747 1708 1820 temporali
1764 1745 1979 1818 ﬂagella
2031 1745 2099 1800 ad

506 1854 708 1905 aeterna
732 1838 1021 1914 proﬁciunt
1058 1837 1262 1912 gaudia
1294 1855 1308 1891 :
1342 1836 1575 1907 ideoque
1603 1844 1657 1891 et
1680 1835 1859 1906 justus
1886 1834 1941 1889 in
1978 1849 2103 1906 pm-

505 1945 591 2001 nis
642 1939 880 2016 gaudere
934 1936 1117 2005 debet,
1154 1943 1209 1990 et
1235 1934 1435 2006 impius
1479 1933 1536 1989 in
1564 1932 2011 2005 prosperitatibus
2049 1931 2108 1987 ti-

501 2049 671 2090 mere.
693 2032 882 2100 Neque
929 2026 1067 2097 justo
1106 2040 1280 2095 neque
1326 2022 1561 2096 reprobo
1617 2023 1762 2078 Deus
1807 2020 2106 2077 misericor-

502 2123 651 2179 diam
680 2115 1020 2189 etjustitiam
1058 2113 1349 2169 subtrahit.
1410 2113 1549 2167 Nam
1579 2119 1632 2167 et
1677 2110 1852 2167 bonos
1879 2109 1967 2165 hic
2010 2125 2107 2181 per

505 2208 848 2268 aﬂlictionem
872 2202 1100 2274 judicat,
1133 2208 1187 2257 et
1224 2201 1335 2256 illic
1361 2216 1461 2271 per
1487 2199 1885 2256 miserationem
1918 2214 2107 2253 remu-

503 2304 675 2363 nerat,
735 2302 790 2350 et
831 2293 1004 2348 malos
1025 2291 1111 2346 hic
1139 2297 1448 2345 remunerat
1490 2305 1590 2359 per
1616 2288 1969 2359 temporalem
1999 2286 2107 2342 cle-

509 2385 793 2448 mentiam,
853 2388 908 2437 et
934 2379 1045 2435 illic
1066 2378 1220 2450 punit
1246 2393 1343 2450 per
1396 2385 1656 2433 aeternam
1680 2376 1970 2447 justitiam.
2006 2377 2104 2432 ln-

509 2478 613 2531 hac
640 2473 750 2532 vita
776 2472 924 2526 Deus
979 2475 1165 2540 parcet
1204 2465 1387 2537 impiis
1417 2480 1432 2537 ;
1458 2473 1514 2522 et
1538 2473 1721 2522 tamen
1767 2480 1875 2521 non
1919 2471 2107 2535 parcet

504 2563 717 2621 electis.
754 2562 817 2616 In
847 2558 939 2613 illa
962 2562 1148 2629 parcet
1202 2554 1407 2621 electis,
1439 2570 1549 2611 non
1578 2562 1757 2610 tamen
1777 2561 1960 2625 parcet
2004 2551 2107 2608 ini-

497 2652 636 2725 quis.
676 2647 982 2707 Periculosa
1035 2651 1117 2701 est
1168 2644 1224 2699 in
1245 2646 1347 2700 hac
1392 2643 1503 2700 vita
1529 2642 1785 2700 securitas
1816 2641 2099 2702 malorum.

504 2751 561 2800 et
603 2742 872 2798 bonorum
923 2735 1079 2791 dolor
1122 2731 1460 2805 tranquillus.
1519 2733 1660 2789 Nam
1713 2731 1930 2804 iniquus
1983 2736 2104 2803 post

506 2838 736 2888 mortem
783 2826 1007 2881 ducetur
1050 2821 1369 2878 cruciandus
1408 2836 1424 2892 ;
1461 2822 1635 2892 justus
1692 2836 1821 2877 vero
1874 2818 2106 2875 dormiet

500 2936 625 3003 post
677 2924 921 2982 laborem
947 2936 1182 2977 securus.
1216 2920 1343 2975 Non
1386 2926 1592 2974 tantum
1620 2917 1687 2973 de
1733 2916 2104 2988 corporalibus

2273 728 2526 787 Trimoda
2554 729 2760 789 ratione
2789 732 2936 790 Deus
2953 750 3088 806 quos
3106 736 3332 795 voluerit
3352 739 3631 811 perculit,
3684 738 3745 794 id
3765 749 3837 795 ea

2202 816 2271 873 ad
2310 818 2713 877 damnationem
2740 823 3021 894 reprobos,
3044 825 3110 880 ad
3132 828 3532 899 purgationem
3567 844 3722 898 quos
3749 845 3834 884 er-

2200 923 2321 962 rare
2374 907 2519 965 videt
2562 910 2785 979 electos,
2835 912 2906 966 ad
2959 914 3333 985 probationem
3377 916 3593 988 justos.
3652 918 3829 974 Primo

2203 1012 2440 1068 namque
2467 998 2630 1054 modo
2686 1001 2947 1073 Egyptus
2974 1019 3114 1059 caesa
3135 1011 3213 1058 est
3244 1005 3315 1059 ad
3374 1006 3824 1075 damnationem,

2203 1094 2442 1151 secundo
2488 1096 2673 1167 modo,
2723 1115 2928 1171 pauper
2974 1100 3204 1157 Lazarus
3246 1103 3316 1158 ad
3374 1105 3823 1178 purgationem;

2207 1183 2360 1239 tertio
2393 1184 2579 1251 modo,
2611 1202 2895 1258 percussus
2923 1196 3003 1245 est
3018 1189 3121 1246 Job
3141 1190 3208 1245 ad
3244 1191 3677 1261 probationem.
3705 1194 3825 1248 Fla-

2208 1271 2441 1344 gellatur
2458 1273 2622 1330 homo
2659 1274 2979 1348 plerumque
2998 1294 3031 1333 a
3056 1278 3171 1335 Deo
3200 1288 3322 1336 ante
3379 1290 3710 1353 peccatum,
3767 1300 3826 1338 ne

2208 1370 2381 1425 malus
2399 1370 2466 1425 sit
2492 1379 2551 1427 ut
2595 1372 2811 1440 Paulus,
2857 1375 2947 1445 qui
3002 1375 3215 1433 Satanae
3270 1378 3474 1451 angelo
3529 1381 3827 1453 instigante

2207 1457 2385 1514 carnis
2439 1460 2703 1518 tolerabat
2755 1463 3002 1520 stimulos
3025 1466 3101 1535 (11
3130 1468 3255 1523 Cor.
3287 1471 3422 1537 xu).
3484 1469 3830 1541 Flagellatur

2209 1547 2372 1601 etiam
2413 1556 2466 1604 et
2510 1557 2638 1619 post
2679 1560 2961 1620 peccatum
3008 1561 3069 1609 ut
3113 1556 3435 1629 corrigatur,
3474 1558 3632 1613 utin
3693 1562 3831 1631 Apo-

2208 1636 2366 1705 stolo,
2398 1637 2487 1707 qui
2539 1638 2762 1694 traditus
2819 1640 3034 1698 Satanae
3072 1643 3129 1697 in
3173 1644 3449 1701 interitum
3510 1649 3732 1724 carnis,
3779 1660 3829 1703 ut

2209 1733 2426 1805 spiritus
2479 1735 2661 1792 salvus
2706 1747 2844 1794 esset
2898 1740 2950 1809 (1
2984 1741 3107 1798 Cor.
3138 1746 3214 1814 v).
3258 1745 3385 1800 Non
3444 1753 3645 1802 tamen
3688 1749 3830 1817 juste

2209 1831 2508 1879 murmurat
2562 1826 2653 1895 qui
2712 1826 2880 1883 nescit
2924 1844 3021 1884 cur
3048 1832 3287 1901 vapulat.
3323 1834 3467 1889 Nam
3500 1836 3638 1892 ideo
3690 1838 3833 1892 Deus

2210 1910 2527 1984 plerumque
2565 1912 2771 1984 justum
2819 1916 3075 1988 ﬂagellat,
3134 1936 3203 1976 ne
3243 1921 3309 1976 de
3358 1924 3583 1993 justitia
3632 1943 3830 1998 super-

2209 2009 2365 2066 biens
2391 2010 2567 2066 cadat.
2600 2014 2662 2068 In
2711 2014 2808 2070 hac
2828 2014 2939 2071 vita
2964 2016 3110 2073 Deus
3148 2025 3295 2075 tanto
3315 2022 3500 2093 magis
3560 2024 3755 2079 studet
3783 2034 3832 2079 ut

2210 2106 2414 2170 parcat,
2474 2109 2675 2171 quanto
2737 2103 2914 2176 magis
2971 2108 3331 2178 exspectando
3406 2110 3690 2184 ﬂagellat,
3744 2115 3833 2169 sed

2211 2187 2347 2244 alios
2391 2188 2635 2246 feriendo
2690 2192 2930 2264 corrigit.
2963 2194 3043 2249 De
3078 2196 3272 2267 quibus
3294 2197 3465 2255 dicit:
3502 2223 3530 2252 ι
3570 2203 3641 2256 Ει
3702 2220 3833 2273 quos

2211 2292 2335 2332 amo
2382 2293 2551 2350 arguo
2580 2286 2633 2333 et
2658 2280 2865 2352 castigo
2920 2283 3104 2353 (Hebr.
3135 2286 3259 2356 xu).
3303 2310 3326 2335 υ
3361 2288 3518 2346 Alios
3582 2290 3831 2349 feriendo

2210 2365 2365 2437 punit
2419 2382 2553 2436 quos
2608 2367 3046 2442 incorrigibiliter
3116 2374 3493 2446 delinquentes
3556 2380 3760 2451 aspicit
3814 2396 3828 2451 ;

2210 2470 2450 2524 quosque
2474 2455 2590 2526 jam
2617 2471 2725 2512 non
2762 2458 2864 2513 sub
2893 2459 3175 2532 disciplina
3231 2473 3287 2519 ut
3310 2464 3460 2522 ﬁlios
3493 2477 3680 2539 pater,
3741 2470 3827 2526 sed

2208 2541 2445 2599 districta
2489 2542 2835 2602 damnatione
2872 2556 2930 2602 ut
2976 2550 3155 2605 hostes
3190 2552 3538 2611 adversarios
3568 2561 3825 2629 percutit.

2208 2630 2289 2686 De
2345 2630 2538 2701 quibus
2591 2632 2721 2689 dicit
2779 2648 2795 2690 :
2856 2658 2878 2685 α
2938 2637 3178 2712 Flagello
3230 2641 3440 2699 inimici
3494 2649 3753 2716 percussi
3782 2658 3828 2704 te

2208 2729 2559 2803 castigatione
2588 2732 2791 2789 crudeli
2819 2732 2957 2803 (Jer.
3007 2739 3167 2809 xxx).
3204 2762 3226 2787 η
3261 2740 3553 2799 Etiterurn
3581 2765 3597 2800 :
3637 2770 3660 2795 ι
3685 2746 3829 2816 Quid

2209 2816 2411 2874 clamas
2440 2818 2509 2875 ad
2533 2837 2619 2876 me
2648 2839 2809 2894 super
2844 2825 3163 2882 contritione
3198 2835 3285 2884 tua
3304 2830 3333 2883 ‘?
3351 2831 3700 2890 insanabilis
3755 2845 3830 2891 est

2210 2915 2366 2972 dolor
2413 2924 2534 2973 tuns
2580 2918 2782 2989 (ibid.).
2820 2940 2843 2970 ι
2876 2920 3029 2977 Unde
3079 2927 3446 2998 unusquisque
3505 2930 3744 2989 festinet
3781 2944 3829 2989 et

505 3023 867 3099 passionibus,
924 3015 1021 3075 sed
1049 3016 1213 3073 etiam
1243 3017 1312 3072 de
1366 3015 1696 3088 spiritalibus
1722 3014 1885 3071 debet
1938 3013 2100 3071 intel-
2128 3041 2179 3107 ο
2213 3004 2418 3107 urgeat.
2454 3022 2518 3061 ne
2547 3006 2963 3107 55010133153"):
2991 3012 3098 3107 vita
3127 3013 3244 3107 eius
3272 3033 3396 3072 cum
3454 3021 3659 3092 culpa-
3718 3024 3833 3079 Fla-

506 3115 627 3189 ligi,
649 3121 708 3171 ut
736 3108 951 3183 quando
981 3106 1204 3179 quisque
1251 3104 1307 3160 in
1325 3119 1550 3177 corpore
1579 3104 1742 3160 autin
1764 3111 1942 3160 mente
1997 3103 2102 3159 ﬂa-

505 3203 654 3278 gella
698 3200 940 3266 sustinet,
991 3202 1213 3252 tantose
1261 3194 1316 3249 in
1368 3192 1474 3250 ﬁne
1522 3193 1850 3250 remunerari
1904 3200 2101 3266 speret.

508 3295 666 3365 Saepe
696 3287 906 3348 occulto
929 3285 1028 3342 Dei
1051 3282 1259 3355 judicio
1290 3289 1445 3339 extra
1462 3281 1679 3356 ﬂagella
1704 3282 2102 3355 eorreptionum

510 3388 729 3461 reprobi
758 3388 811 3442 in
842 3388 947 3441 hoc
1003 3381 1206 3438 mundo
1232 3388 1374 3451 srmt,
1405 3381 1643 3451 dumque
1670 3381 1839 3437 multa
1891 3380 2109 3436 damna-

511 3479 644 3534 bilia
685 3473 1018 3533 commisisse
1071 3471 1339 3538 videntur,
1396 3469 1633 3541 despecti
1686 3477 1867 3526 tamen
1923 3485 1956 3525 a
1993 3470 2107 3525 Deo

514 3566 662 3621 nullo
692 3559 1085 3619 emendationis
1133 3558 1357 3614 verbere
1388 3556 1671 3613 feriuntur.
1728 3558 1851 3613 Plus
1877 3555 2106 3629 corripi-

516 3661 600 3709 tur
626 3649 843 3723 ﬂagello
865 3646 957 3718 qui
984 3662 1017 3701 a
1046 3647 1160 3701 Deo
1190 3645 1450 3717 diligitur,
1481 3646 1527 3701 si
1546 3646 1870 3716 peccaverit,
1897 3646 2110 3702 dicente

514 3745 686 3798 Amos
711 3737 1009 3810 propheta:
1041 3756 1063 3783 ιι
1084 3733 1483 3788 Tantummodo
1503 3749 1601 3789 vos
1625 3733 1857 3806 cognovi
1886 3750 1954 3789 ex
1983 3749 2109 3789 om-

517 3830 676 3886 nibus
720 3821 1028 3882 nationibus
1074 3829 1248 3891 terrac,
1296 3820 1495 3877 idcirco
1542 3821 1771 3878 visitabo
1800 3836 1961 3894 super
2013 3839 2112 3880 vos

518 3934 709 3976 omnes
736 3913 1044 3985 iniquitates
1063 3917 1268 3968 vestras
1306 3910 1515 3981 (Amos.
1537 3910 1642 3975 ιιι).
1680 3932 1702 3959 ι»
1737 3909 1911 3980 Quem
1966 3911 2111 3968 enim

518 4016 696 4090 diligit
721 4015 866 4071 Deus
892 4008 1150 4083 corripit:
1178 4033 1199 4059 «
1217 4008 1481 4083 Flagellat
1501 4024 1718 4065 omnem
1738 4008 1911 4064 ﬁlium
1951 4025 2113 4081 quem

519 4111 711 4184 recipit
731 4109 913 4180 (Hebr.
945 4109 1084 4177 xm).
1119 4127 1142 4154 υ
1182 4104 1349 4161 Valde
1403 4104 1762 4162 necessarium
1791 4114 1873 4162 est
1909 4104 2116 4177 justum

525 4203 582 4257 in
612 4203 714 4257 hac
738 4197 851 4256 vita
878 4194 1025 4253 vitiis
1053 4193 1243 4251 tentari
1272 4201 1325 4249 et
1342 4194 1613 4251 verberari
1638 4194 1876 4268 ﬂagello,
1904 4194 2118 4264 ut,dum

520 4288 666 4349 vitiis
710 4286 967 4359 pulsatur,
996 4283 1063 4339 de
1109 4280 1397 4338 virtutibus
1418 4298 1525 4341 non
1577 4283 1853 4354 superbiat
1910 4297 1924 4340 :
1986 4284 2117 4339 dum

522 4400 656 4442 vero
702 4389 794 4439 aut
813 4379 979 4438 animi
1019 4386 1112 4436 aut
1131 4378 1344 4485 "carnis.
1359 4378 1545 4436 dolore
1588 4381 1847 4449 atteritur,
1871 4396 1913 4482 τι.
1930 4380 2117 4437 mundi
2144 4401 2198 4462 D
2226 4411 2401 4468 ουδεὶο
2457 4378 2795 4485 ηῇςέιίδιξιὼ

525 4487 711 4531 amore
764 4470 1080 4527 retrahatur.
1131 4466 1348 4524 Tentari
1404 4475 1585 4526 autem
1642 4477 1854 4542 oportet
1890 4469 2116 4542 justum,

525 4562 623 4621 sed
650 4558 941 4617 tentatione
971 4556 1170 4632 plagae,
1221 4572 1331 4614 non
1360 4558 1651 4615 tentatione
1708 4558 1954 4616 luxuriae.
2012 4558 2121 4616 Du-

527 4662 641 4719 rius
686 4658 830 4717 circa
881 4671 1009 4711 suos
1061 4654 1259 4711 electos
1310 4654 1367 4710 in
1394 4656 1497 4712 hac
1545 4655 1653 4713 vita
1679 4655 1824 4712 Deus
1852 4658 1986 4729 agit,
2039 4665 2118 4728 ut,

526 4752 657 4808 dum
714 4744 1024 4804 fortioribus
1077 4743 1277 4817 ﬂagelli
1334 4743 1565 4800 stimulis
1620 4744 1898 4805 leriuntur.
1975 4746 2123 4803 nulla

524 4843 935 4907 oblectamenda
962 4840 1240 4915 praesentis
1266 4841 1390 4898 vitae
1419 4840 1703 4912 delectent,
1718 4843 2121 4913 sed,ceelestcm

523 4946 779 5020 patriam,
834 4940 927 4999 ubi
947 4948 1095 4997 certa
1142 4938 1357 5012 requies
1402 4948 1759 5011 exspectatur,
1815 4940 2121 4999 indesinen-

527 5045 610 5093 ter
633 5032 957 5091 desiderent.
1018 5028 1230 5085 Electos
1259 5028 1419 5099 hujus
1464 5028 1590 5086 vitae
1633 5029 1952 5087 adversitate
1998 5047 2121 5104 pro-

524 5124 664 5195 bari,
690 5131 751 5179 ut
775 5117 1071 5179 secundum
1102 5115 1596 5186 Petrumjudicium
1625 5135 1660 5174 a
1685 5117 1849 5176 domo
1891 5119 1995 5176 Dei
2028 5119 2122 5178 in-

530 5212 696 5285 cipiat
717 5212 898 5283 (Petr.
921 5208 1024 5278 ιγ),
1054 5205 1184 5262 dum
1227 5206 1285 5262 in
1305 5207 1408 5264 hac
1434 5205 1546 5263 vita
1572 5206 1772 5265 electos
1824 5224 1950 5265 suos
1976 5209 2122 5266 Deus

521 5299 711 5373 judicii
728 5298 944 5373 ﬂagello
972 5295 1223 5370 castigat.

599 5415 829 5471 Gemina
851 5420 1030 5470 autem
1049 5420 1128 5468 est
1142 5412 1414 5485 percussio
1445 5412 1646 5485 divina,
1671 5430 1779 5471 una
1807 5414 1863 5471 in
1916 5415 2120 5474 bonam

523 5511 757 5579 partem,
788 5518 894 5573 qua
947 5500 1277 5571 percutimur
1304 5517 1484 5571 carne,
1519 5511 1577 5558 ut
1605 5504 1955 5562 emendemur
1984 5519 2000 5575 ;
2030 5506 2117 5562 al-

522 5612 660 5672 tera,
716 5616 823 5673 qua
895 5596 1241 5655 vulneramur
1309 5599 1637 5657 conscientia
1719 5609 1772 5658 et
1838 5603 2116 5672 charitate,

523 5702 585 5758 ut
626 5694 800 5755 Deum
837 5684 1111 5747 ardentius
1172 5686 1481 5763 diligamus.
1537 5688 1771 5752 Gemino
1801 5708 1953 5755 more
1974 5694 2121 5755 Deus

2210 3093 2414 3166 gellum
2466 3111 2700 3166 namque
2729 3104 2851 3153 tuuc
2888 3099 3044 3155 diluit
3098 3103 3312 3174 culpam
3354 3122 3482 3162 cum
3534 3114 3835 3169 mutaverit

2211 3182 2399 3238 vitam.
2450 3184 2591 3239 Nam
2639 3185 2791 3257 cujus
2820 3203 2998 3244 mores
3038 3204 3148 3246 non
3201 3202 3374 3250 mutat
3420 3196 3683 3256 actiones
3730 3219 3833 3257 non

2214 3271 2417 3343 expiat.
2450 3272 2643 3330 Omnis
2698 3277 2972 3345 percumio
2993 3277 3195 3347 divina,
3253 3291 3348 3338 aut
3399 3290 3675 3360 purgatio
3712 3292 3831 3347 vita

2215 3362 2496 3431 praesentis
2521 3362 2948 3429 est,autinitium
2985 3382 3162 3437 pmnaz
3188 3375 3489 3443 sequentis.
3538 3377 3695 3434 Nam
3729 3382 3833 3451 qui-

2213 3448 2441 3504 busdam
2463 3450 2679 3524 ﬂagella
2734 3452 2804 3508 ab
2832 3455 2935 3510 bac
2984 3457 3095 3513 vita
3132 3459 3407 3531 inclinant,
3442 3472 3500 3519 et
3528 3467 3593 3521 in
3630 3448 3829 3526 atoma

2215 3546 2559 3615 percussione
2588 3548 2903 3619 perdurant.
2968 3551 3121 3610 Unde
3149 3571 3245 3627 per
3291 3559 3521 3630 Moysen
3560 3563 3828 3621 Dominus

2217 3634 2390 3690 dicit:
2429 3658 2452 3684 α
2487 3633 2635 3709 Ignis
2681 3640 2882 3695 exarsit
2935 3640 3090 3697 inira
3118 3660 3259 3714 mea,
3304 3656 3361 3703 et
3388 3651 3619 3709 ardebit
3668 3672 3824 3727 usque
3933 3633 3935 3703 i

2215 3723 2284 3778 ad
2310 3723 2769 3782 inferosdeorsum
2782 3728 2968 3799 (Deut.
2999 3733 3200 3804 χχχιι).
3236 3757 3260 3784 ι

2289 3866 2678 3959 Aquibusdam
2708 3869 2814 3928 dici
2859 3873 2996 3930 solet
3028 3894 3040 3930 :
3080 3898 3103 3925 α
3134 3876 3257 3934 Νοιι
3281 3878 3505 3949 judicat
3562 3886 3719 3944 Dens
3756 3889 3828 3944 bis
3934 3886 3935 3959 Ῑ

2220 3954 2278 4011 in
2298 3956 2532 4029 idipsum
2579 3959 2823 4030 (Nahum
2843 3976 2884 4030 ι,
2917 3967 2968 4032 9,
2994 3963 3155 4034 juxta
3207 3967 3402 4040 LXX).
3432 3995 3458 4019 υ
3488 3973 3603 4043 Qui
3667 3988 3827 4035 tamen
3934 3954 3935 3981 ‘

2222 4060 2333 4101 non
2375 4045 2656 4104 attendunt
2737 4048 2888 4120 illud,
2946 4052 3091 4123 quod
3146 4054 3281 4111 alias
3352 4061 3633 4133 scriptum
3690 4075 3762 4122 est
3812 4087 3824 4122 :

2229 4155 2251 4181 ιι
2275 4133 2428 4189 Iesus
2453 4135 2714 4207 pepulum
2766 4136 2833 4193 de
2863 4145 3004 4195 terra
3048 4141 3301 4212 liberans,
3326 4151 3580 4207 secundo
3601 4170 3701 4211 eos
3749 4156 3826 4226 qui

2225 4238 2335 4278 non
2363 4223 2703 4280 crediderunt
2730 4226 2964 4299 perdidit
2990 4228 3145 4301 (Jud.
3177 4235 3261 4303 v).
3304 4257 3327 4284 υ
3362 4232 3647 4305 Quamvis
3698 4223 3825 4299 enim

2226 4321 2272 4377 si
2326 4340 2433 4379 una
2487 4323 2650 4395 culpa
2695 4324 2780 4381 bis
2833 4343 2943 4383 non
2990 4330 3190 4395 percuti

2227 4516 2422 4566 torum.
2472 4510 2610 4567 Hinc
2656 4520 2738 4579 est
2817 4515 2961 4585 quod
3012 4515 3069 4570 in
3117 4517 3329 4575 Psalmo
3370 4523 3648 4596 scriptum
3697 4536 3775 4586 at
3819 4548 3831 4583 :

2234 4621 2256 4648 ιι
2290 4597 2619 4689 Operiantur
2666 4601 2803 4689 sicut
2857 4601 3099 4675 diploide
3154 4608 3481 4666 confusione
3514 4630 3624 4671 sua
3665 4620 3832 4689 (Pent.

2227 4691 2402 4760 cvm).
2439 4711 2461 4736 »
2494 4688 2704 4777 Diplois
2732 4690 2877 4746 enim
2909 4691 3113 4762 duplex
3141 4703 3223 4750 est
3252 4688 3679 4775 vestimentum,
3705 4706 3833 4777 quod

2227 4774 2522 4850 ﬁguraliter
2567 4776 2796 4834 induunt
2842 4780 2933 4852 qui
2977 4789 3029 4837 et
3084 4786 3368 4857 temporali
3418 4805 3595 4860 pcena

2227 4866 2567 4922 damnantur.
2615 4867 2770 4924 Unde
2826 4878 2881 4925 et
2928 4871 3225 4929 Jeremias:
3263 4898 3285 4924 οι
3310 4875 3582 4936 Contritio
3620 4907 3647 4930 υ
3675 4884 3832 4956 inquit

2234 4985 2442 5043 «super
2485 4969 2862 5028 contritionem
2911 4971 3052 5043 (Jer.
3111 4978 3211 5047 tv),
3256 4998 3280 5029 ι
3313 4978 3371 5035 id
3414 4990 3501 5037 est
3554 4983 3831 5043 damnatio

2226 5058 2467 5132 gemina,
2507 5066 2560 5114 et
2597 5058 2683 5116 hic
2712 5067 2765 5117 et
2800 5060 2855 5116 in
2908 5062 3087 5119 futuro
3113 5066 3331 5123 saeculo.
3380 5068 3447 5124 Et
3482 5070 3645 5129 idem
3667 5077 3830 5132 alibi:
3930 5132 3931 5145 χ

2235 5170 2258 5197 «
2293 5148 2359 5204 Et
2388 5146 2589 5220 duplici
2632 5149 2953 5207 contritione
3013 5160 3232 5211 contere
3258 5172 3354 5212 eos
3404 5157 3548 5227 (Jer.
3610 5167 3778 5234 xm),
3808 5186 3827 5214 ι
3916 5196 3925 5215 .

2227 5236 2284 5293 id
2328 5244 2409 5293 est
2461 5238 2681 5310 gemina
2726 5254 2886 5310 poena
2941 5244 3210 5313 praesenti,
3266 5245 3471 5303 scilicet
3533 5258 3592 5305 et
3642 5253 3829 5311 fatum

2229 5334 2563 5405 Quibusdam
2619 5346 2822 5394 secreto
2866 5339 2965 5395 Dei
2984 5338 3193 5408 judicio
3222 5342 3311 5398 hic
3351 5344 3501 5401 male
3562 5359 3678 5417 est,
3736 5353 3828 5407 illic

2226 5425 2387 5493 bene,
2443 5424 2646 5481 scilicet
2687 5433 2764 5492 ut,
2796 5426 2924 5482 dum
2953 5425 3048 5483 hic
3064 5430 3310 5503 castigati
3337 5434 3717 5508 corriguntur,
3772 5441 3827 5497 ab

2226 5522 2429 5571 aeterna
2457 5512 2803 5571 damnatione
2831 5515 3147 5573 liberentur.
3181 5517 3528 5588 Quibusdam
3561 5543 3705 5585 vero
3754 5531 3827 5584 hic

2227 5602 2368 5661 bene
2396 5609 2494 5669 est,
2525 5602 2639 5659 illic
2665 5603 2829 5671 male,
2859 5604 2995 5661 sicut
3032 5606 3112 5662 illi
3140 5608 3337 5665 accidit
3363 5612 3456 5683 qui
3489 5613 3584 5671 hic
3643 5626 3827 5690 poten-

2229 5694 2319 5754 tiae
2395 5692 2637 5754 claritate
2691 5695 3034 5771 conspicuus,
3086 5705 3211 5775 post
3276 5708 3518 5762 mortem
3564 5710 3825 5781 gehennae
