4008 6092
228 234 365 286 1201

1157 232 1387 291 DEFLO
1402 235 1751 295 RATIONES
1792 237 1898 296 SS.
1944 239 2254 300 PATRUM.
2296 272 2365 285 -
2394 243 2522 300 LIB.
2553 245 2602 300 II

3398 250 3537 309 1202

222 356 453 428 ignibus
512 354 745 447 traditur
800 356 1144 447 cruciandus.
1202 359 1374 416 Porro
1421 361 1745 433 quibusdam
1775 370 1830 419 et
1855 364 1915 427 Α
1943 363 2071 421 liter
2090 367 2347 425 multatur
2375 368 2433 424 in
2464 385 2647 437 carne,
2680 377 2739 427 ut
2764 372 3046 440 sentiatur,
3074 380 3237 447 atque
3258 372 3537 431 intellecta

223 446 322 501 hic
350 450 406 501 et
434 444 543 499 illis
575 444 719 501 male
748 455 852 511 est,
883 446 1015 519 quia
1046 448 1253 518 corrigi
1279 449 1529 507 nolentes
1560 460 1613 507 et
1641 451 1833 525 ﬂagel-

225 533 332 588 lari
361 534 415 588 in
446 535 547 590 hac
578 534 691 588 vita
720 535 1000 606 incipiunt,
1042 544 1096 591 et
1139 536 1195 591 in
1241 544 1446 594 aeterna
1474 543 1831 610 percussione

227 631 593 687 damnantur.
633 631 856 686 Certum
886 640 970 688 est
997 633 1142 689 enim
1190 642 1337 691 tanto
1384 636 1637 710 immergi
1666 655 1831 711 quos-

228 720 364 776 dam
395 720 792 791 desperationis
812 721 1104 792 profundo,
1139 732 1199 779 ut
1225 740 1329 782 nec
1357 741 1458 797 per
1486 727 1703 799 ﬂagella
1732 745 1832 785 va-

226 809 385 865 leant
412 809 712 864 emendari.
739 811 819 865 De
849 811 1045 882 quibus
1087 829 1185 884 per
1228 816 1551 886 prephetam
1582 817 1781 873 dicitur
1814 833 1827 873 :

237 930 261 955 ‹‹
311 908 537 962 Frustra
565 908 814 978 percussi
864 908 1007 965 filios
1053 917 1303 979 vestros;
1346 911 1692 984 disciplinam
1720 930 1830 972 non

229 1004 560 1068 receperunt
616 999 759 1067 (Jer.
798 998 885 1066 ιι).
921 1020 942 1050 ι
1005 999 1327 1072 Plerumque
1372 1001 1558 1071 justus
1598 1003 1826 1076 plangit,

231 1101 289 1149 et
317 1094 498 1151 nescit
518 1102 696 1150 utrum
728 1110 827 1167 pro
856 1096 1110 1152 omnibus
1147 1097 1390 1169 peccatis
1422 1099 1536 1155 suis
1562 1100 1831 1171 poeniten-

232 1183 312 1239 tia
353 1183 581 1254 patiatur
608 1184 843 1257 ﬂagella,
894 1200 965 1239 an
1008 1202 1110 1256 pro
1141 1202 1249 1243 uno
1286 1190 1497 1243 tantum
1531 1207 1543 1243 :
1577 1198 1628 1245 et
1658 1190 1833 1246 nescit

234 1289 361 1345 quae
390 1273 459 1327 sit
487 1272 646 1344 culpa
676 1272 768 1328 illa
798 1289 899 1344 pro
916 1290 1024 1346 qua
1052 1276 1250 1330 meruit
1271 1276 1382 1346 pati
1403 1276 1675 1346 ejusmodi
1695 1294 1831 1351 sup-

233 1370 423 1442 plicia,
457 1380 508 1426 et
537 1387 639 1442 pro
670 1372 789 1441 ipso
824 1372 1082 1444 ambiguo
1104 1374 1335 1430 maxime
1366 1376 1419 1431 in
1441 1391 1677 1433 moerere
1706 1392 1832 1433 ver-

237 1468 416 1515 satur.
483 1459 745 1528 Quamvis
804 1460 1028 1534 ﬂagella
1067 1463 1274 1533 justum
1304 1479 1335 1519 a
1364 1466 1604 1536 peccatis
1645 1466 1835 1522 absol-

235 1556 393 1617 vant,
426 1548 604 1604 adhuc
627 1557 803 1605 tamen
860 1550 961 1605 sub
1008 1550 1267 1607 vindictae
1294 1561 1441 1608 metu
1470 1554 1733 1621 turbatur,
1764 1570 1835 1610 ne

236 1645 505 1701 instantes
536 1645 584 1701 ei
644 1645 824 1717 plaga:
886 1645 1156 1703 sufficiant
1197 1648 1267 1703 ad
1296 1650 1584 1722 purganda
1612 1650 1831 1709 delicta.

240 1733 478 1789 Proinde
507 1750 641 1807 ergo
673 1734 799 1788 dum
832 1736 1153 1805 poenitentia
1181 1736 1402 1808 patitur,
1436 1747 1487 1793 et
1510 1738 1690 1794 futura
1719 1756 1837 1811 per-
1864 1725 1917 1785 Β

238 1822 502 1889 timescit,
566 1824 806 1894 quodam
863 1825 1028 1879 modo
1103 1826 1242 1882 sicut
1292 1827 1369 1882 ait
1421 1829 1686 1900 propheta
1740 1844 1839 1901 pro

243 1912 360 1966 suis
389 1911 628 1983 peccatis
659 1911 902 1983 duplicia
934 1914 1155 1986 recipit.

364 2072 439 2129 De
469 2072 812 2142 inﬁrmitate
843 2074 1053 2139 carnis,
1088 2078 1143 2130 et
1179 2076 1487 2134 tolerantia
1518 2078 1726 2135 divina:

852 2147 1246 2217 correptionis.

319 2306 455 2360 Esse
493 2312 707 2360 constat
764 2305 1058 2362 nonnullos
1116 2307 1367 2376 ejusdem
1424 2307 1703 2381 qualitatis
1735 2308 1842 2364 ho-

252 2394 428 2448 mines
459 2393 550 2465 qui
606 2395 858 2450 nesciunt
893 2395 1114 2467 corrigi,
1169 2396 1275 2451 nisi
1304 2396 1443 2452 alios
1472 2397 1719 2453 viderint
1749 2398 1843 2452 ﬂa-

252 2483 472 2555 gellari,
527 2482 715 2552 sicque
784 2482 1074 2554 proficiunt
1129 2486 1537 2554 comparatione
1575 2487 1843 2543 malorum

246 2580 376 2635 dum
417 2580 519 2633 sibi
559 2579 613 2633 id
653 2579 902 2635 accidere
940 2582 1130 2636 timent
1158 2582 1213 2635 in
1241 2598 1351 2653 quo
1387 2582 1526 2638 alios
1556 2584 1736 2654 perire
1774 2584 1844 2639 vi-

246 2668 400 2723 dent.
443 2666 720 2735 Quosdam
748 2669 937 2723 videns
960 2670 1107 2724 Deus
1137 2670 1281 2726 nolle
1306 2672 1531 2742 prOprio
1560 2676 1686 2729 voto
1716 2687 1844 2728 cor-

248 2757 445 2827 rigere,
523 2756 910 2811 adversitatum
987 2759 1155 2831 tangit
1231 2758 1498 2824 stimulis;
1575 2761 1844 2833 quosdam

248 2853 409 2908 etiam
476 2853 773 2923 praesciens
820 2856 967 2911 Deus
1008 2836 1237 2912 multum
1302 2873 1529 2928 peccare
1584 2874 1750 2929 posse
1787 2859 1842 2914 in

250 2942 500 3008 salutem,
544 2943 782 3015 ﬂagellat
813 2960 911 3000 eos
966 2946 1211 3017 corporis
1242 2946 1579 3014 infirmitate,
1612 2964 1681 3003 ne
1707 2963 1843 3019 pec-

251 3040 394 3098 cent,
454 3040 511 3085 ut
567 3032 650 3088 eis
703 3032 887 3088 utilius
936 3034 1003 3089 sit
1041 3036 1219 3107 frangi
1277 3036 1632 3108 languoribus
1659 3037 1728 3092 ad
1758 3052 1839 3091 sa.

240 3129 431 3197 lutem,
476 3146 639 3202 quam
687 3146 911 3187 manere
950 3132 1248 3189 incolumes
1288 3135 1354 3189 ad
1397 3136 1829 3192 damnationem.

244 3219 488 3273 Visitatio
517 3219 614 3274 Dei
645 3235 750 3274 nec
792 3236 1013 3290 semper
1060 3222 1113 3275 in
1161 3222 1370 3279 bonum
1419 3224 1703 3296 accipitur,
1736 3241 1839 3281 nec

241 3323 461 3378 semper
490 3308 545 3361 in
582 3308 806 3362 malum.
853 3310 910 3363 In
974 3310 1175 3365 bonum
1223 3312 1367 3367 enim
1412 3314 1669 3384 accipitur
1698 3315 1838 3369 sicut

247 3430 268 3455 α
308 3406 477 3461 Visita
510 3423 611 3461 nos
643 3407 695 3461 in
726 3408 951 3463 salutari
982 3417 1074 3463 tuo
1105 3411 1288 3478 (Psal.
1320 3413 1452 3473 cv):
1492 3436 1512 3460 ιι
1546 3412 1600 3467 in
1631 3412 1835 3467 malum

241 3511 370 3551 vero
394 3495 547 3564 juxta
583 3496 757 3551 illud:
797 3519 818 3544 α
854 3499 915 3551 In
964 3506 1212 3570 tempore
1240 3500 1560 3556 visitationis
1589 3518 1703 3557 suae
1743 3517 1838 3572 pe-

242 3584 427 3640 ribunt
462 3586 599 3655 (Jer.
633 3588 711 3655 x).
750 3608 770 3633 υ
806 3586 1001 3640 Tribus
1057 3602 1125 3641 ex
1152 3588 1334 3642 causis
1380 3588 1719 3644 infirmitates
1747 3606 1836 3646 ac-

241 3682 431 3738 cidunt
460 3683 805 3754 corporibus,
846 3682 901 3737 id
942 3692 1025 3738 est
1062 3700 1125 3739 ex
1157 3692 1402 3755 peccato,
1449 3702 1513 3741 ex
1542 3687 1836 3743 tentatione

242 3779 294 3826 et
323 3787 388 3827 ex
419 3772 838 3842 intemperantia
866 3771 1046 3827 carnis
1082 3774 1168 3829 vel
1207 3774 1509 3844 passionis.
1567 3775 1677 3831 Sed
1708 3776 1837 3831 huic

242 3869 419 3916 tamen
449 3862 767 3917 novissima:
796 3863 1033 3917 humana
1081 3870 1262 3933 potest
1298 3863 1570 3921 medicina
1607 3881 1838 3920 succur-

242 3975 399 4023 rere;
464 3958 571 4013 illis
611 3975 744 4015 vero
783 3960 898 4015 sola
957 3961 1134 4032 pietas
1192 3961 1393 4018 divinae
1423 3963 1832 4019 misericordiae.

245 4046 348 4116 Qui
378 4047 709 4103 valentiores
737 4057 859 4103 sunt
887 4057 942 4105 et
973 4051 1111 4115 sani,
1144 4051 1272 4107 utile
1318 4061 1402 4107 est
1438 4052 1544 4107 illis
1575 4051 1837 4107 infirmari

246 4141 299 4191 et
326 4152 434 4191 non
490 4153 743 4207 peccare,
777 4154 844 4193 ne
893 4155 993 4209 per
1024 4139 1270 4211 vigorem
1312 4142 1503 4196 salutis
1541 4141 1742 4198 illicitis
1773 4158 1835 4197 se

247 4224 588 4280 sordidantes
617 4226 971 4297 cupiditatum
1020 4237 1073 4283 et
1113 4229 1340 4285 luxuriae
1382 4230 1671 4285 desideriis
1701 4246 1835 4301 pec-

248 4328 389 4376 cent.
421 4321 626 4376 Duritia
667 4338 786 4395 quae
830 4332 1064 4381 mentem
1116 4326 1310 4396 premit
1339 4343 1440 4383 nec
1470 4327 1699 4383 sentitur
1726 4328 1835 4383 uti-

1873 3084 1923 3148 C

1941 456 2282 513 emendetur.
2336 459 2479 515 Nam
2533 460 2698 516 citius
2750 461 2976 519 vulnera
3019 463 3205 520 carnis
3234 464 3537 519 sentiuntur

1940 560 2102 617 quam
2131 546 2334 602 animze
2366 565 2381 602 :
2414 547 2646 621 ideoque
2677 566 2777 623 per
2825 551 3013 608 carnis
3044 551 3260 623 ﬂagella
3284 560 3536 609 errantes

1939 633 2100 690 citius
2157 636 2526 710 corriguntur.
2578 639 2696 696 lloc
2737 642 2937 712 quippe
2992 641 3233 697 indicant
3279 641 3335 696 in
3380 640 3533 696 Pauli

1937 731 2114 787 oculis
2154 749 2456 806 squamma:
2492 735 2827 793 inﬁdelitatis
2883 741 3027 810 (Act.
3079 741 3182 809 IX).
3231 739 3365 810 Qum
3401 739 3531 795 dum

1936 820 2179 876 multatas
2225 832 2348 879 sunt
2398 840 2494 895 per
2547 825 2975 898 increpationem
3029 830 3084 884 in
3124 828 3295 886 oculis
3324 828 3529 898 carnis,

1939 908 2225 966 confestim
2247 910 2428 968 soluta
2457 922 2544 970 est
2571 913 2767 971 duritia
2794 916 3013 974 mentis.

2009 1017 2107 1071 Est
2134 1017 2440 1088 perniciosa
2472 1019 2677 1076 sanitas
2707 1039 2831 1094 quae
2870 1023 2941 1078 ad
2971 1023 3395 1081 inobedientiam
3422 1024 3530 1081 ho-

1938 1104 2143 1160 minem
2172 1106 2345 1162 ducit.
2383 1109 2482 1163 Est
2511 1116 2565 1163 et
2596 1109 2827 1165 salubris
2856 1110 3139 1168 infirmitas
3169 1130 3293 1185 quae
3321 1129 3423 1185 per
3451 1113 3533 1167 di-

1942 1193 2122 1249 vinam
2154 1198 2555 1267 correptionem
2584 1199 2784 1253 mentis
2823 1200 3081 1257 duritiam
3128 1201 3349 1275 frangit.
3388 1201 3535 1257 Lan-

1939 1306 2084 1363 guor
2105 1291 2328 1359 animae,
2384 1294 2444 1347 id
2501 1300 2583 1350 est
2620 1303 2971 1364 peccatorum
3018 1296 3303 1354 inﬁrmitas
3340 1299 3532 1370 perni-

1940 1380 2113 1436 ciosa.
2153 1381 2232 1436 De
2260 1396 2369 1453 qua
2398 1381 2562 1438 etiam
2607 1384 2937 1455 Apostolus:
2967 1409 2988 1433 «
3041 1386 3176 1455 Quis
3210 1386 3532 1454 infirmatur,

1940 1475 1994 1523 et
2023 1484 2129 1541 ego
2148 1484 2258 1525 non
2288 1485 2423 1526 uror
2468 1472 2543 1543 (II
2595 1473 2718 1529 Cor.
2767 1474 2873 1541 x1),
2911 1498 2932 1522 »ι
2994 1474 3135 1529 Nam
3165 1475 3535 1532 infirmitatem

1942 1565 2128 1622 carnis
2156 1566 2342 1623 utilem
2373 1584 2497 1623 esse
2526 1568 2671 1625 idem
2693 1570 2992 1642 Apostolus
3009 1573 3284 1643 approbat
3305 1572 3496 1628 dicens
3521 1591 3535 1629 :

1949 1677 1971 1703 «
2016 1655 2248 1723 Quando
2277 1656 2535 1723 inﬁrmor,
2569 1665 2697 1713 tunc
2724 1657 2918 1714 fortior
2949 1677 3071 1715 sum
3100 1661 3175 1730 (Il
3202 1662 3325 1717 Cor.
3360 1665 3484 1721 xu).
3512 1686 3533 1711 ι.

1948 1744 2295 1798 Murmurare
2319 1744 2373 1798 in
2395 1744 2629 1817 ﬂagellis
2666 1747 2765 1801 Dei
2812 1755 3073 1818 peccator
3117 1750 3285 1804 homo
3314 1764 3425 1805 non
3450 1749 3544 1804 de-

1951 1842 2064 1911 bet,
2078 1842 2201 1914 quia
2231 1843 2468 1899 maxime
2496 1860 2595 1914 per
2622 1844 2728 1901 hoc
2756 1861 2863 1916 quo
2893 1846 3184 1917 corripitur
3204 1847 3543 1902 emendatur.

1952 1930 2337 2004 Unusquisque
2395 1939 2575 1988 autem
2616 1940 2741 1989 tunc
2790 1934 2963 1990 levius
3011 1943 3192 2007 portat
3221 1936 3368 2007 quod
3397 1936 3544 2006 pati-

1953 2026 2053 2085 tur,
2088 2019 2133 2074 si
2166 2035 2264 2075 sua
2293 2020 2609 2077 discusserit
2636 2022 2780 2077 mala
2826 2039 2925 2095 pro
2980 2024 3179 2096 quibus
3208 2024 3285 2079 illi
3314 2024 3547 2079 infertur

1950 2117 2235 2174 retributio
2259 2118 2431 2187 justa.
2481 2119 2671 2176 Discat
2724 2135 2839 2176 non
2894 2135 3237 2177 murmurare
3278 2120 3367 2193 qui
3396 2120 3544 2176 mala

1949 2207 2190 2280 patitur;
2231 2207 2447 2263 etiamsi
2502 2208 2719 2281 ignorat
2771 2225 2867 2265 cur
2908 2208 3049 2264 mala
3094 2209 3336 2281 patiatur
3363 2217 3417 2265 et
3445 2225 3544 2281 per

1949 2297 2053 2353 hoc
2071 2295 2220 2367 juste
2248 2311 2309 2352 se
2330 2296 2441 2368 pati
2460 2296 2750 2352 arbitretur
2805 2313 2904 2367 per
2942 2298 3087 2369 quod
3119 2311 3185 2353 ac
3214 2297 3307 2354 illo
3330 2298 3542 2367 judica-

1951 2402 2061 2462 tur,
2093 2396 2250 2466 cujus
2279 2411 2554 2467 nunquam
2578 2394 2782 2464 injuste
2800 2394 3005 2465 judicia
3025 2403 3168 2451 sunt.
3198 2394 3303 2465 Qui
3324 2395 3545 2469 ﬂagella

1950 2484 2202 2550 sustinet,
2244 2492 2295 2540 et
2318 2492 2507 2539 contra
2530 2485 2703 2540 Deum
2762 2492 3083 2551 murmurat,
3118 2484 3379 2554 justitiam
3403 2483 3547 2553 judi—

1950 2573 2122 2630 cantis
2152 2580 2391 2629 accusat.
2427 2572 2532 2641 Qui
2563 2588 2696 2629 vero
2723 2588 2784 2628 se
2819 2589 2849 2626 a
2874 2573 3023 2641 justo
3052 2574 3335 2644 cognoscit
3357 2573 3546 2642 judice

1950 2670 2061 2743 pati
2096 2686 2215 2741 quae
2244 2670 2489 2736 sustinet,
2522 2669 2683 2724 etiam
2713 2669 2759 2723 si
2780 2670 2885 2725 hoc
2911 2685 3012 2741 pro
3038 2685 3146 2742 quo
3175 2669 3378 2741 patitur
3396 2670 3544 2740 igno—

1952 2768 2050 2826 ret,
2086 2775 2186 2831 pro
2216 2760 2320 2815 hoc
2350 2766 2527 2813 tamen
2552 2756 2879 2827 justiﬁcatur
2917 2774 3018 2830 per
3047 2758 3193 2830 quod
3223 2764 3277 2813 et
3306 2758 3546 2830 seipsum

1951 2857 2171 2906 accusat
2200 2856 2253 2903 et
2282 2847 2382 2902 Dei
2410 2846 2668 2916 justitiam
2704 2845 2913 2912 laudat,
2949 2849 3082 2903 Dum
3124 2863 3190 2903 ex
3218 2847 3384 2902 rebus
3413 2862 3546 2917 pro-

1951 2938 2129 3010 speris
2155 2938 2337 3008 justus
2376 2934 2623 3007 exempla
2661 2944 2887 3007 praestet
2927 2936 3271 3005 hominibus,
3313 2949 3545 2992 necesse

1952 3043 2035 3115 est
2063 3052 2187 3091 eum
2243 3035 2441 3090 iterum
2481 3040 2536 3089 et
2572 3032 2989 3089 adversitatibus
3038 3033 3213 3105 tangi,
3275 3041 3545 3105 quatenus

1952 3126 2070 3193 ejus
2121 3123 2379 3195 patientia
2416 3122 2833 3194 comprobatur,
2881 3130 2940 3176 ut
2978 3122 3157 3178 denuo
3212 3121 3544 3177 fortitudinis

1945 3214 2274 3269 documenta
2328 3227 2390 3267 ex
2458 3226 2524 3267 eo
2580 3218 2820 3279 sumant,
2864 3211 2957 3282 qui
3007 3209 3387 3282 prosperitatis
3425 3210 3542 3278 ejus

1944 3311 2357 3381 temperantiam
2394 3316 2761 3381 agnoverunt.
2811 3307 2914 3378 Qui
2942 3309 3293 3380 passionibus
3334 3307 3539 3363 animm

1945 3398 2236 3455 insidiante
2274 3398 2588 3453 adversario
2614 3397 2906 3466 cruciatur,
2968 3412 3078 3453 non
3122 3398 3324 3455 idcirco
3353 3397 3540 3454 credat

1946 3505 2007 3545 se
2049 3488 2277 3543 alienari
2310 3502 2343 3542 a
2380 3487 2598 3543 Christo
2644 3487 2736 3556 qui
2775 3486 2901 3541 talia
2949 3486 3171 3559 patitur,
3226 3488 3326 3543 sed
3362 3488 3540 3560 magis

1944 3602 2044 3658 per
2068 3586 2174 3641 hoc
2202 3586 2317 3641 Deo
2356 3582 2849 3641 commendabilem
2888 3599 2948 3639 se
2986 3599 3110 3640 esse
3145 3583 3436 3653 existimet,
3469 3583 3536 3651 si,

1944 3685 2074 3740 dum
2107 3684 2223 3739 haec
2250 3681 2469 3754 patitur,
2488 3680 2672 3737 laudet
2693 3682 2868 3737 Deum
2887 3681 3069 3753 potius
3089 3698 3247 3755 quam
3263 3690 3538 3740 acccuset.

1943 3772 2029 3830 Ad
2059 3787 2306 3844 magnam
2336 3771 2616 3826 utilitatem
2646 3769 2831 3826 divino
2871 3770 3081 3839 judicio
3108 3786 3265 3827 mens
3287 3772 3419 3841 justi
3446 3770 3540 3827 di-

1943 3871 2124 3926 versis
2169 3870 2485 3942 passionum
2525 3868 2912 3924 tentationibus
2946 3868 3141 3940 agitur.
3194 3868 3297 3925 Pro
3338 3869 3535 3940 quibus

1944 3960 1989 4015 si
2024 3962 2136 4016 Deo
2167 3959 2371 4032 gratias
2400 3956 2594 4029 egerit,
2628 3972 2851 4027 suaeque
2897 3955 3090 4027 culpae,
3126 3956 3271 4026 quod
3300 3957 3423 4011 talia
3452 3956 3535 4011 di-

1944 4066 2085 4121 gnus
2115 4048 2189 4102 sit
2216 4048 2347 4119 pati,
2380 4045 2742 4117 reputaverit,
2782 4045 2886 4099 hoc
2914 4043 3057 4115 quod
3088 4060 3156 4099 ex
3197 4044 3455 4116 passione
3483 4046 3535 4101 ei

1941 4137 2203 4194 acciderit
2239 4152 2337 4206 pro
2374 4134 2666 4190 virtutibus
2728 4132 3086 4205 reputabitur,
3145 4133 3267 4205 quia
3319 4142 3369 4189 et
3399 4133 3532 4189 divi-

1943 4242 2072 4283 nam
2102 4223 2353 4299 agnoscit
2383 4222 2681 4291 scientiam,
2716 4229 2770 4279 et
2796 4237 2950 4278 suam
2992 4221 3214 4295 culpam
3240 4221 3522 4296 intelligit.

892 4601 1505 4708 DOMINICA
1582 4605 2189 4711 VIGESIMA
2266 4601 2885 4709 SECUNDA.

1463 4805 1862 4872 Secundum
1916 4807 2335 4872 Matthalum.

329 4996 350 5020 α
387 4970 573 5028 Simile
603 4978 685 5027 est
712 4986 943 5044 regnum
976 4968 1234 5026 cmlorum
1256 4968 1461 5025 homini
1486 4969 1607 5042 regi
1628 4968 1721 5041 qui
1750 4983 1851 5025 vo—
1879 4973 1932 5033 D
1963 4984 2033 5025 no
2062 4968 2439 5041 peccaminum
2466 4967 2679 5026 veniam
2709 4965 2867 5025 nobis
2895 4981 2995 5025 suo
3022 4980 3270 5037 munere,
3301 4977 3412 5020 non
3437 4977 3545 5020 no-

257 5060 352 5115 luit
384 5060 656 5116 rationem
686 5074 892 5130 ponere
912 5075 1035 5114 cum
1058 5057 1234 5113 servis
1262 5059 1377 5112 suis
1396 5059 1615 5126 (Matth.
1640 5056 1848 5127 xvui).»

260 5150 542 5205 Familiare
572 5158 656 5204 est
686 5149 859 5219 Syris,
893 5156 944 5202 et
994 5146 1226 5202 maxime
1276 5148 1596 5213 Palaestinis,
1627 5147 1692 5202 ad
1728 5162 1850 5202 om-

261 5263 383 5302 nem
417 5262 725 5302 sermonem
758 5262 913 5300 suum
970 5245 1255 5316 parabolas
1305 5246 1565 5316 jungere,
1608 5251 1668 5298 ut
1708 5243 1854 5315 quod

262 5352 357 5407 per
386 5335 623 5403 simplex
657 5342 987 5404 praeceptum
1025 5334 1202 5388 teneri
1231 5350 1337 5389 non
1367 5341 1565 5405 potest,
1598 5349 1695 5404 per
1708 5331 1857 5387 simi-

264 5424 548 5479 litudinem
582 5432 850 5478 teneatur.
879 5424 1124 5495 Regnum
1143 5423 1405 5479 ccelorum
1429 5422 1681 5495 intellige
1704 5421 1856 5478 Chri-

267 5531 424 5586 stum,
466 5521 591 5575 iden
630 5528 849 5575 terreno
888 5521 1004 5592 regi
1067 5521 1444 5585 assimilatum,
1493 5529 1550 5575 ut
1605 5520 1858 5575 ostendat

269 5615 517 5678 Oportere
548 5605 665 5659 sine
693 5621 918 5659 numero
950 5606 1158 5659 veniam
1210 5606 1341 5660 dare
1380 5604 1658 5661 conservis
1690 5603 1857 5677 paeni-

273 5696 525 5763 tentibus,
560 5709 682 5752 cum
712 5710 814 5766 per
843 5693 1127 5766 Evangelii
1157 5694 1383 5767 gratiam
1406 5694 1649 5751 omnium
1678 5694 1858 5751 omni-

1961 5066 2071 5115 stro
2102 5058 2298 5116 merito
2324 5058 2555 5132 largitus
2584 5058 2673 5115 sit.

2037 5179 2059 5204 α
2088 5158 2155 5213 Et
2183 5171 2308 5212 cum
2339 5155 2596 5227 cuspisset
2635 5159 2904 5212 rationem
2952 5169 3177 5228 ponere,
3217 5152 3433 5209 oblatus
3462 5161 3548 5211 est

1963 5245 2012 5301 ei
2027 5262 2166 5302 unus
2188 5246 2280 5319 qui
2302 5245 2537 5301 debebat
2554 5245 2747 5302 decem
2767 5244 2939 5300 millia
2957 5244 3181 5300 talenta.
3216 5243 3349 5301 Cum
3365 5251 3549 5301 autem

1963 5352 2071 5392 non
2130 5335 2358 5391 haberet
2400 5334 2545 5390 unde
2600 5333 2876 5401 redderet,
2922 5332 3085 5402 jussit
3130 5348 3254 5390 eum
3284 5332 3552 5389 Dominus

1963 5432 2265 5489 venundari
2296 5440 2349 5488 et
2378 5447 2608 5487 uxorem
2637 5431 2755 5499 ejus
2783 5434 2839 5487 et
2867 5429 3008 5486 filios
3024 5437 3080 5485 et
3106 5430 3285 5487 omnia
3302 5447 3425 5504 quae
3445 5429 3555 5487 ha-

1966 5523 2145 5587 bebat,
2189 5529 2241 5576 et
2270 5521 2448 5575 reddi.
2495 5547 2516 5568 ιο
2553 5520 2798 5576 Christus
2846 5519 3167 5576 meritorum
3218 5521 3555 5577 examinator

1960 5612 2075 5682 jam
2100 5626 2199 5681 per
2228 5610 2538 5680 Scripturas
2565 5625 2689 5664 cum
2719 5609 2894 5665 servis
2938 5609 3199 5665 rationem
3230 5608 3407 5681 ponit.
3446 5608 3554 5662 De-

1966 5715 2086 5757 cem
2118 5697 2282 5754 millia
2318 5697 2521 5755 talenta
2566 5697 2803 5755 debebat
2850 5699 2940 5769 qui
2976 5698 3046 5755 de
3070 5693 3554 5754 innumerabilibus
