3972 6076
409 236 548 291 1ἳο3

1547 224 1885 285 WERNERI
1942 221 2225 281 ABBATIS
2283 220 2341 281 8.
2398 223 2615 279 BLASII

3590 231 3614 283 1
3638 230 3743 285 ξοδ

408 353 642 429 peccatis
669 355 755 411 vel
782 346 1154 415 criminalibus
1200 351 1466 411 rationem
1510 348 1816 407 redditurus
1850 355 1990 405 erat.
2031 347 2087 414 Α
2114 346 2357 406 conservi
2388 346 2484 414 tui,
2516 345 2653 405 sicut
2680 354 2735 404 et
2760 363 2867 421 ego
2910 349 2983 404 tui
3013 348 3260 405 misertus
3296 367 3414 405 sum
3446 352 3476 405 ι)
3497 352 3572 409 Et
3616 353 3744 407 ira-

409 448 544 501 Cum
573 452 750 503 autem
781 458 891 500 non
919 443 1144 503 haberet
1189 440 1332 499 vires
1371 454 1546 509 neque
1588 438 1820 510 gratiam
1866 437 2012 497 unde

413 533 721 591 satisfacere
752 540 950 603 posset,
981 530 1150 591 sensit
1184 530 1253 585 ini
1280 528 1567 601 Scripturis
1604 527 1730 597 quia
1760 526 1892 587 tales
1914 526 2010 596 ju-

409 631 503 687 bet
554 632 699 689 Deus
754 629 1072 695 venundari,
1131 634 1334 687 atcrno
1398 624 1649 681 incendio
1715 622 2012 694 mancipari

410 735 536 777 cum
563 735 732 777 uxore
762 726 814 775 et
840 718 984 787 ﬁliis,
1014 721 1117 774 hoc
1146 725 1225 775 est
1251 732 1374 773 cum
1424 714 1733 785 insipientia
1778 722 1831 771 et
1862 712 2011 785 cogi-

410 808 701 867 tationibus
730 808 908 865 malis.
938 807 1120 863 Justus
1161 821 1291 863 vero
1320 820 1444 863 cum
1487 818 1655 863 utere
1684 818 1750 859 ac
1778 801 1922 872 ﬁliis,
1957 800 2015 859 id

415 913 496 960 est
514 921 637 959 cum
666 905 929 975 sapientia
958 911 1011 962 et
1056 901 1475 975 cogitationibus
1506 899 1682 965 bonis,
1713 915 1770 954 so
1797 896 2012 970 gloriti~

411 1002 653 1051 caturum
685 992 965 1065 promittit.
1016 992 1254 1049 Pretium
1300 990 1503 1067 quippe
1546 988 1750 1047 venditi
1798 987 2009 1059 suppli-

410 1083 552 1139 cium
583 1082 820 1141 damnati
850 1082 1193 1154 intelligitur.

490 1211 514 1244 ι
556 1186 845 1249 Procidens
899 1195 1079 1245 autem
1114 1201 1302 1243 servus
1340 1183 1430 1241 ille
1486 1181 1716 1255 rogabat
1745 1198 1890 1251 eum,
1920 1181 2009 1237 ἀί·-

414 1293 541 1333 cens
571 1293 586 1333 :
620 1270 935 1335 Patientiam
992 1275 1135 1331 habe
1178 1274 1232 1330 in
1288 1289 1396 1340 me,
1457 1278 1510 1329 et
1562 1271 1749 1329 omnia
1783 1270 2007 1331 reddam

418 1366 532 1420 tibi.
568 1388 589 1413 υ
624 1365 839 1421 Timore
894 1366 1162 1435 gehennae
1222 1361 1532 1423 humiliatus
1577 1360 1708 1419 dicit
1739 1379 1751 1415 :
1788 1383 1810 1415 ι
1846 1362 2008 1417 Parce

413 1453 566 1523 mihi,
597 1453 827 1511 Domine
854 1472 865 1508 :
900 1460 953 1508 et
980 1467 1084 1524 ego
1115 1451 1339 1506 credens
1367 1467 1431 1506 ac
1456 1449 1725 1519 paenitens
1751 1449 2009 1509 charitate

415 1551 659 1621 operiam
714 1549 1110 1609 multitudinem
1156 1555 1521 1619 peccatorum.
1570 1568 1593 1596 ι)
1648 1546 1755 1603 Sed
1810 1554 2010 1603 notan-

416 1638 545 1699 dum
576 1637 717 1693 unde
746 1639 849 1695 hoc
899 1654 1100 1697 nomen
1154 1637 1297 1695 servi
1332 1635 1512 1705 primo
1539 1635 1595 1690 in
1622 1635 1864 1695 Latinam
1892 1635 2004 1693 lin-

2121 445 2203 492 tus
2229 436 2481 497 dominus
2508 437 2626 507 ejus
2672 437 2891 493 tradidit
2943 454 3065 494 eum
3121 440 3747 511 tortoribus’quoadus-

2120 543 2222 596 que
2276 524 2524 583 redderet
2579 527 2887 582 universum
2945 528 3205 584 debitum.
3244 552 3265 577 ιι
3329 531 3559 586 Vocatio
3609 534 3743 587 hsce

2120 624 2178 679 iit
2206 625 2347 680 intus
2375 625 2429 681 in
2458 626 2804 695 conscientia,
2858 626 3060 683 scilicet
3104 644 3227 682 cum
3275 629 3395 698 quis
3432 630 3485 684 in
3520 630 3740 702 desipe-

2119 713 2381 770 rationem
2412 713 2617 771 incidit.
2675 716 2822 770 Deus
2876 722 3054 771 autem
3085 717 3226 787 apud
3256 734 3418 787 quem
3461 720 3614 774 nulla
3652 730 3741 775 est

2121 802 2498 859 transmutatio
2546 820 2647 859 nec
2688 804 3074 863 vicissitudinis
3100 806 3444 863 obumbratio
3474 810 3622 875 (Jac.
3664 814 3732 875 li,

2119 902 2282 957 modo
2338 902 2586 957 misertus
2638 903 2849 971 dicitur,
2932 905 3059 975 quia
3113 921 3277 974 opera
3332 906 3734 964 misericordiae

2119 991 2418 1060 impendit;
2449 991 2613 1048 modo
2644 992 2830 1061 iratus,
2864 993 2991 1063 quia
3040 994 3097 1047 in
3126 1003 3444 1066 perpetuum
3477 996 3731 1068 punien-

2118 1079 2244 1135 dum
2271 1079 2419 1148 justo
2443 1080 2651 1149 judicio
2681 1082 2927 1139 tartareis
2953 1081 3212 1138 ministris
3240 1086 3420 1141 tradit.

2192 1202 2216 1231 σ
2251 1180 2341 1237 Sic
2362 1188 2422 1235 et
2447 1181 2603 1236 Pater
2628 1197 2782 1236 meus
2836 1183 3067 1237 cmlestis
3123 1183 3285 1239 faciet
3326 1184 3501 1253 vobis,
3533 1186 3581 1239 si
3611 1203 3725 1241 non

2116 1268 2425 1324 remiseritis
2451 1269 2817 1341 unusquisque
2874 1270 3024 1326 fratri
3079 1287 3177 1327 suo
3231 1273 3300 1327 de
3347 1274 3606 1329 cordibus
3634 1292 3729 1330 ve-

2116 1358 2255 1413 stris.
2294 1381 2316 1407 ι
2345 1359 2565 1415 Constat
2618 1359 2766 1429 quia,
2816 1360 2863 1414 si
2910 1362 3013 1416 hoc
3041 1361 3184 1430 quod
3225 1361 3281 1416 in
3310 1377 3409 1417 nos
3438 1362 3722 1434 delinqui-

2117 1464 2218 1521 tur,
2250 1472 2321 1509 οι
2349 1456 2509 1511 corde
2563 1472 2672 1515 non
2709 1456 3047 1523 dimittimus,
3097 1466 3151 1513 et
3205 1459 3337 1513 illud
3378 1476 3564 1516 rursus
3594 1464 3722 1517 exi-

2115 1545 2259 1617 gitur
2285 1544 2429 1614 quod
2456 1545 2614 1601 nobis
2640 1562 2739 1617 per
2791 1546 3163 1616 paenitentiam
3213 1548 3493 1604 dimissum
3556 1550 3728 1605 fuisse

2118 1633 2515 1706 gaudebamus.
2580 1634 2902 1690 Universum
2947 1635 3215 1706 siquidem
3256 1636 3494 1692 debitum
3524 1640 3731 1694 merito

413 1742 581 1798 gnam
626 1725 903 1785 inductum
960 1726 1046 1781 sit.
1096 1724 1206 1784 Sed
1255 1704 1403 1780 enim
1447 1724 1592 1783 bella
1619 1724 1723 1781 boo
1750 1723 2008 1783 fecerunt.
2037 1704 2093 1767 Β
2121 1704 2429 1802 persolvent
2471 1732 2714 1803 duplices
2761 1733 2946 1789 animo
2975 1704 3031 1788 et
3057 1733 3419 1791 inconstantes
3459 1736 3515 1790 in
3544 1738 3732 1792 omni-

414 1824 557 1883 Nam
585 1840 709 1879 cum
737 1824 901 1879 homo
945 1822 1142 1893 aliquis
1181 1829 1463 1893 superatus
1489 1820 1559 1876 ab
1589 1821 1694 1877 alio
1735 1821 1858 1890 jure
1885 1819 2017 1875 belli

415 1921 468 1971 et
494 1920 679 1984 powet
707 1911 900 1980 occidi,
961 1912 1088 1982 quia
1128 1918 1253 1973 tunc
1298 1916 1541 1967 servatus
1568 1918 1665 1977 est,
1698 1916 1879 1967 tamen
1905 1926 2015 1967 ser-

418 2018 518 2060 vus
545 2008 627 2057 est
653 2002 974 2073 appellatus.

489 2129 511 2159 ιι
552 2108 799 2167 Misertus
854 2114 1034 2163 autem
1087 2106 1353 2165 Dominus
1406 2105 1547 2161 servi
1602 2104 1767 2171 illius,
1815 2104 2017 2161 dimisit

419 2213 564 2263 eum,
641 2204 696 2255 et
766 2195 1011 2255 debitum
1074 2195 1281 2251 dimisit
1327 2193 1398 2251 ei.
1443 2216 1465 2247 υ
1528 2195 1782 2251 Peccatnr
1816 2209 2018 2266 rogans

416 2285 612 2354 accipit
664 2285 873 2343 donum
929 2284 1119 2341 decem
1177 2283 1407 2339 millium
1462 2283 1806 2349 talentorum,
1854 2282 1909 2338 id
1936 2291 2018 2338 est

414 2374 632 2433 veniam
688 2388 908 2429 suorum
964 2371 1398 2437 commissorum,
1448 2388 1572 2427 cum
1632 2371 1739 2425 sibi
1792 2372 2017 2431 assumit

416 2469 687 2527 medelam
719 2485 882 2540 quam
911 2470 1057 2529 Deus
1111 2468 1181 2525 ad
1228 2470 1334 2525 hoe
1388 2468 1633 2525 instituit.
1691 2469 1807 2525 Hoc
1833 2477 2013 2525 autem

417 2557 496 2625 ﬁt,
526 2558 573 2612 si
597 2558 871 2617 lavacrum
900 2557 1157 2629 baptismi
1200 2572 1309 2613 non
1336 2555 1477 2625 ﬁcte,
1511 2557 1596 2613 vel
1624 2556 1671 2612 si
1698 2566 1885 2628 postea
1908 2558 2016 2614 ba-

413 2647 673 2718 ptismum
699 2645 1032 2717 poenitentia
1079 2645 1275 2703 devOte
1319 2645 1594 2717 suscipiat.
1638 2646 1899 2705 Dimissus
1926 2646 2020 2701 ita-

418 2752 524 2806 que
552 2752 586 2793 a
613 2735 842 2803 vinculis
871 2734 1150 2807 praesentis
1205 2735 1412 2795 timoris
1466 2734 1738 2807 egreditur
1778 2735 1835 2790 in
1862 2751 2015 2810 spem

415 2825 619 2885 salutis.

491 2943 517 2975 ι
579 2921 843 2992 Egressus
893 2927 1072 2981 autem
1124 2935 1310 2979 servus
1364 2919 1453 2981 ille
1505 2919 1716 2979 invenit
1755 2937 1921 2987 unum
1949 2920 2019 2978 de

417 3010 693 3075 conservis
738 3009 850 3069 suis
906 3008 999 3081 qui
1055 3007 1292 3065 debebat
1319 3008 1369 3073 ei
1413 3016 1631 3071 centum
1660 3008 1931 3078 denarios,
1965 3017 2021 3065 et

419 3062 629 3163 es;
648 3062 961 3157 gusta;
1005 3113 1150 3165 eum,
1212 3062 1395 3159 atmiis
1426 3062 1682 3163 (an.
1704 3062 2017 3169 me;
2046 3062 2096 3129 ο

418 3196 536 3261 bes.
572 3217 594 3245 υ
658 3195 885 3255 Centum
940 3192 1287 3255 denariorum
1342 3192 1556 3249 debitor
1612 3200 1725 3251 erat
1755 3210 1916 3264 quem
1949 3195 2019 3253 de

419 3283 689 3357 aliquibus
718 3281 1021 3347 commissis
1066 3281 1123 3341 in
1165 3281 1386 3339 fratrem
1412 3298 1514 3353 per
1539 3281 1832 3339 vindictam
1863 3300 2018 3341 exar-

417 3372 545 3439 dere
565 3379 793 3431 constat.

494 3492 519 3521 ιο
559 3470 627 3531 Et
674 3467 962 3540 procidens
986 3483 1295 3529 conservus
1346 3466 1466 3537 ejus
1499 3468 1731 3538 rogabat
1772 3485 1895 3527 eum
1935 3470 2018 3525 di-

419 3573 588 3619 cens:
650 3556 970 3621 Patientiam
1028 3557 1167 3612 habe
1222 3556 1279 3612 in
1334 3572 1443 3626 me,
1477 3564 1530 3619 et
1577 3558 1763 3617 omnia
1791 3556 2017 3619 reddam

425 3644 543 3703 tibi.
578 3666 600 3692 ι»
628 3644 947 3701 Emendabo
1005 3645 1209 3723 scilicet
1243 3644 1467 3703 consilio
1492 3646 1578 3701 vel
1600 3646 1805 3717 judicio
1833 3647 2018 3703 Eccle-

420 3742 516 3803 sim
545 3741 690 3812 quod
719 3742 941 3813 deliqui.

499 3871 522 3897 ιι
562 3847 658 3907 Ille
689 3853 867 3903 autem
897 3846 1095 3916 noluit;
1127 3846 1225 3903 sed
1253 3846 1388 3909 abiit
1404 3853 1459 3903 et
1486 3848 1631 3907 misit
1658 3865 1781 3911 eum
1810 3850 1866 3907 in
1895 3866 2016 3909 car-

422 3953 601 3997 cerem
630 3937 801 3997 denae
854 3936 1109 3997 redderet
1162 3937 1427 3997 debitum.
1463 3960 1485 3987 η
1547 3939 1733 3999 Noluit
1782 3940 2019 4012 seipsum

423 4026 762 4087 considerare
830 4032 890 4089 ut
963 4026 1020 4083 in
1072 4026 1259 4097 spiritu
1315 4026 1550 4089 lenitatis
1607 4027 2024 4086 misericorditer

424 4122 628 4187 ageret,
657 4115 755 4175 sed
780 4114 1000 4179 recessit
1026 4131 1059 4175 ιι
1088 4115 1235 4177 bono
1263 4116 1453 4187 gratias
1500 4132 1660 4187 quam
1693 4127 2018 4190 suscepm'at,

423 4213 641 4272 mittens
667 4228 987 4271 conservum
1042 4212 1098 4267 in
1147 4229 1421 4269 carcerem
1477 4214 1611 4271 dirm
1640 4216 2017 4286 tribulationis,

423 4303 575 4370 quasi
601 4301 668 4356 ad
697 4303 800 4356 hoc
828 4301 1073 4357 fortassis
1110 4311 1168 4356 ut
1216 4303 1289 4358 ita
1344 4302 1582 4357 debitum
1615 4305 1820 4375 peccati
1848 4306 2021 4363 solve-

2120 1821 2222 1876 bus
2275 1821 2379 1876 viis
2431 1822 2563 1891 suis,
2622 1837 2757 1892 quos
2810 1821 3085 1892 parabolae
3141 1824 3380 1879 exclusio
3415 1826 3737 1894 specialiter

2122 1910 2367 1980 percutit.
2392 1912 2500 1981 Ipsi
2530 1927 2765 1980 namque
2810 1909 2933 1969 ﬁcte
2975 1919 3356 1968 conversantes
3393 1913 3446 1967 in
3477 1915 3732 1972 Ecclesia

2123 2023 2221 2063 nec
2266 2008 2572 2079 proximum
2622 2008 2830 2063 sincero
2878 2008 3071 2064 affectu
3131 2008 3381 2083 diligunt,
3441 2027 3541 2065 nec
3591 2029 3731 2085 pure

2121 2096 2287 2151 solius
2315 2097 2417 2151 Dei
2448 2097 2638 2151 intuitu
2667 2097 2872 2168 aliquid
2911 2098 3131 2155 faciunt.
3163 2097 3321 2167 Quod
3351 2116 3482 2171 ergo
3523 2117 3731 2172 rogan-

2126 2185 2266 2240 tibus
2294 2186 2569 2241 dimiserat
2604 2187 2766 2255 Deus,
2826 2186 2880 2240 in
2928 2189 3033 2242 hoc
3088 2186 3337 2243 videlicet
3382 2190 3509 2258 quia
3538 2206 3730 2245 sacra-

2124 2291 2426 2341 mentorum
2444 2284 2885 2341 communionem
2911 2285 3265 2352 contulerant,
3291 2286 3345 2340 in
3367 2302 3569 2341 vanum
3592 2304 3730 2358 gau-

2124 2372 2251 2429 dent
2282 2372 2386 2431 sibi
2415 2389 2530 2429 csse
2572 2373 2852 2429 dimissum
2884 2389 3111 2442 quorum
3156 2372 3300 2429 ﬁctio
3340 2375 3629 2446 impedivit
3660 2393 3727 2430 ne

2123 2477 2309 2521 veram
2382 2463 2715 2533 susciperent
2767 2463 3162 2519 remissionem.
3237 2464 3436 2519 Rursus
3490 2464 3731 2537 exigitur

2124 2562 2372 2629 quamvis
2400 2578 2495 2632 per
2523 2560 2894 2631 paenitentiam
2922 2561 3201 2616 dimissum
3235 2560 3399 2617 fuise
3426 2570 3726 2634 reputatur.

2124 2648 2408 2704 Orationes
2437 2665 2689 2720 namque,
2744 2648 2976 2719 jejunis,
3024 2650 3405 2721 eleemosynm,
3452 2659 3507 2705 et
3534 2651 3618 2705 his
3648 2652 3731 2705 si-

2123 2738 2294 2804 milia,
2344 2755 2465 2795 cum
2525 2739 2630 2795 sint
2682 2737 2881 2799 directe
2934 2738 3297 2808 quaerentibus
3325 2755 3599 2794 summum
3628 2740 3730 2797 bo-

2121 2852 2252 2890 num
2304 2835 2545 2893 remedia
2588 2843 2951 2906 peccatorum,
3007 2834 3144 2892 ﬁctis
3200 2853 3342 2909 vaga
3370 2836 3725 2892 ﬂuctuatione

2123 2924 2320 2979 mentis
2373 2932 2649 2984 vertuntur
2710 2924 2765 2981 in
2821 2924 2972 2983 {alam
3012 2925 3128 2996 spei
3179 2926 3524 2981 securitatem
3568 2934 3624 2980 et
3673 2926 3731 2980 in

2125 3013 2331 3084 peccati
2360 3013 2696 3073 fomentum:
2729 3013 2865 3071 Hinc
2894 3021 2971 3069 est
2995 3013 3126 3071 illud
3156 3033 3169 3069 :
3210 3037 3233 3063 ‹ι
3280 3015 3342 3068 Et
3405 3015 3581 3069 oratio
3610 3015 3735 3084 ejus

2124 3100 2218 3157 ﬁat
2260 3102 2315 3159 in
2370 3109 2651 3174 peccatum
2696 3102 2872 3170 (Psal.
2929 3103 3104 3171 cvm).
3148 3124 3171 3152 ιι
3235 3103 3387 3157 Prius
3439 3112 3729 3174 acceptam

2125 3213 2336 3268 quoque
2366 3198 2582 3268 plenam
2613 3205 2955 3269 peccatorum
3003 3197 3475 3266 condonationem,
3511 3206 3569 3254 et
3594 3199 3731 3253 inti-

2124 3302 2230 3343 mae
2257 3286 2446 3359 gratim
2476 3286 2843 3342 adhaesiouem
2872 3286 3026 3341 multi
3068 3286 3420 3343 criminaliter
3443 3296 3722 3355 corruunt,

2124 3393 2178 3445 ut
2208 3386 2393 3441 Petrus
2414 3392 2466 3441 et
2494 3384 2690 3453 David,
2731 3385 2821 3455 qui
2850 3385 3100 3441 fortiores
3144 3391 3507 3441 surrexerunt.
3540 3387 3727 3441 Justus

2125 3474 2267 3531 enim
2298 3474 2340 3530 si
2361 3473 2614 3531 ceciderit
2654 3489 2762 3531 non
2818 3473 3119 3539 collidatur,
3163 3474 3290 3544 quia
3338 3474 3603 3529 Dominus
3631 3477 3725 3545 qui

2124 3564 2265 3635 rapit
2288 3564 2494 3635 justum
2527 3580 2595 3623 ne
2624 3562 2828 3619 malitia
2873 3563 3120 3620 immutat
3171 3564 3289 3634 ejus
3331 3579 3590 3633 sensum;
3635 3582 3729 3620 ca-

2124 3658 2269 3717 denti
2315 3660 2575 3732 supponit
2603 3675 2823 3715 manum
2854 3675 3007 3715 suam
3053 3662 3235 3730 (Psal.
3296 3660 3509 3730 xxxvn),
3541 3670 3602 3715 ut
3629 3663 3725 3732 qui

2124 3747 2268 3804 cadit
2296 3765 2392 3821 per
2446 3746 2808 3807 infirmitatem
2856 3748 3049 3813 carnis,
3084 3763 3184 3820 per
3213 3751 3586 3820 pcnnitentiam
3634 3768 3729 3806 re-

2124 3846 2333 3911 surgat.
2372 3837 2507 3907 Quis
2550 3854 2681 3910 ergo
2723 3837 2919 3894 audeat
2963 3838 3141 3897 dicere
3191 3838 3262 3895 de
3301 3855 3380 3894 sic
3434 3841 3727 3911 assumptis

2126 3937 2177 3991 in
2199 3937 2397 4010 gratia.
2418 3945 2478 3994 ut
2505 3938 2650 3997 Deus
2679 3953 2948 4007 quemque
2998 3938 3109 3994 labi
3154 3939 3431 4009 permittat
3455 3954 3629 4008 usque
3656 3939 3725 3993 ad

2127 4025 2561 4091 damnationem.
2601 4028 2981 4087 Verumtamen
3011 4028 3055 4081 si
3085 4042 3222 4096 quos
3246 4026 3494 4083 damnari
3522 4028 3722 4083 contin—

2125 4130 2220 4195 gat
2250 4139 2264 4191 ;
2321 4124 2507 4179 dicunt
2533 4123 2751 4194 quidam
2783 4123 2947 4193 juxra
2976 4124 3314 4193 parabolam,
3347 4124 3475 4195 quia
3502 4132 3725 4194 peccata

2124 4212 2273 4281 prius
2325 4212 2546 4271 dimissa
2575 4213 2738 4270 etiam
2778 4212 2989 4281 judicio
3037 4212 3298 4268 Ecclesia
3354 4215 3724 4284 temporaliter

2127 4301 2312 4372 punita
2338 4302 2582 4369 redeunt,
2604 4310 2662 4357 ut
2688 4301 3011 4359 aeternaliter
3053 4302 3364 4373 puniantur.
3396 4302 3548 4357 Sicut
3576 4303 3723 4358 enim

421 4397 523 4457 ret,
555 4406 622 4444 ne
652 4389 780 4459 quid
808 4390 862 4444 in
894 4391 1071 4446 futuro
1099 4391 1318 4463 gravius
1346 4392 1635 4448 ulciscendi
1677 4402 2003 4451 remaneret.
2041 4425 2095 4484 D
2121 4398 2327 4468 justitia
2355 4398 2497 4454 delet
2524 4406 2643 4454 acta
2698 4406 2935 4469 peccata,
2992 4399 3068 4454 sic
3124 4399 3387 4468 injustitia
3429 4400 3724 4456 succedens

424 4488 620 4544 Evenit
675 4488 874 4558 itaque,
920 4489 1076 4559 juxta
1129 4490 1466 4559 Apostolum,
1514 4490 1658 4560 quod
1685 4491 1778 4547 illa
1807 4493 2017 4548 tristitia

426 4575 761 4643 absorbetur,
793 4585 846 4632 et
872 4577 971 4631 iste
1016 4577 1173 4648 periit
1220 4578 1313 4650 qui
1363 4577 1580 4645 fratrem
1609 4579 1741 4649 odit,
1773 4588 1825 4636 et
1851 4581 1907 4639 in
1934 4582 2017 4637 ria

423 4680 558 4737 gere
578 4663 802 4734 justitia:
831 4665 1048 4720 excedit
1090 4665 1172 4735 (II
1208 4668 1330 4723 Cor.
1364 4667 1447 4737 ri).
1480 4666 1582 4721 Pro
1640 4683 1747 4738 quo
1794 4684 2017 4725 excessu

422 4765 679 4837 scriptum
710 4774 790 4821 est
821 4785 833 4821 :
874 4788 894 4815 α
954 4766 1050 4821 Est
1071 4765 1247 4835 justus
1300 4767 1391 4838 qui
1439 4767 1577 4836 perit
1606 4768 1659 4821 in
1684 4767 1893 4837 justitia
1919 4786 2015 4827 sua

423 4855 633 4922 (Ecclc.
672 4856 773 4926 vn)
786 4896 799 4908 .
843 4877 866 4904 ιι

499 4984 524 5015 «ι
566 4962 820 5018 Videntes
848 4970 1027 5018 autem
1057 4963 1299 5019 conservi
1356 4963 1474 5034 ejus
1503 4980 1624 5033 qua
1651 4963 1851 5020 ﬁebant
1876 4981 2015 5022 oon-

424 5052 610 5106 tristati
640 5060 761 5106 sunt
790 5052 974 5107 valde.
1040 5053 1105 5108 Et
1160 5060 1421 5109 venerunt
1450 5060 1503 5109 et
1528 5062 1883 5115 narraverunt
1908 5055 2013 5111 do-

418 5139 567 5203 mino
623 5156 721 5200 suo
777 5141 962 5202 omnia
1007 5158 1130 5212 quae
1184 5142 1330 5201 facta
1359 5142 1595 5201 fuerant.
1638 5164 1662 5197 ι
1699 5143 2013 5214 Spirituales

416 5236 509 5305 qui
535 5239 719 5294 omnia
766 5239 1013 5308 judicent
1058 5240 1185 5295 talia
1223 5240 1466 5296 videntes
1501 5241 1899 5307 contristantur,
1962 5251 2016 5299 et

416 5325 665 5383 nuntiant
698 5327 932 5384 Domino
962 5328 1033 5385 ad
1086 5329 1486 5402 corrigendum,
1518 5329 1636 5399 ejus
1663 5330 2014 5402 implorantes

416 5412 698 5477 auxilium.

485 5532 511 5567 tt
557 5512 706 5569 Tunc
736 5513 953 5568 vocavit
1008 5516 1159 5570 illum
1219 5516 1472 5571 dominus
1515 5534 1659 5582 suus,
1693 5525 1745 5572 et
1775 5518 1850 5572 ait
1876 5519 1950 5573 illi
1989 5539 2002 5574 ε

406 5601 571 5658 Serve
600 5617 855 5671 nequam,
886 5617 1048 5657 omne
1076 5604 1313 5659 debitum
1343 5605 1527 5660 dimisi
1578 5607 1694 5675 tibi,
1745 5608 2001 5677 quoniam

402 5690 605 5760 rogasti
662 5706 776 5746 me.
837 5690 1033 5745 Nonne
1088 5706 1224 5759 ergo
1278 5695 1516 5763 oportuit
1558 5704 1615 5750 et
1661 5703 1712 5750 te
1748 5694 1998 5751 misereri

2118 4486 2380 4556 justitiam
2401 4487 2636 4558 perimit,
2660 4503 2766 4558 qua
2817 4486 3069 4542 damnata
3114 4496 3303 4542 contra
3357 4487 3538 4559 priora
3586 4504 3722 4560 pec-

2124 4583 2242 4635 cata
2272 4577 2416 4643 nulla
2444 4583 2689 4633 remanet
2741 4575 3029 4637 medicina.
3088 4576 3231 4635 Dicit
3277 4576 3423 4631 enim
3452 4577 3719 4632 Dominus

2121 4686 2221 4744 per
2245 4674 2564 4746 prophetam
2593 4690 2605 4728 :
2645 4696 2667 4722 «ι
2701 4671 2839 4743 Quia
2868 4690 3183 4743 quacunque
3213 4673 3300 4728 die
3327 4674 3503 4745 justus
3529 4689 3724 4743 pecca-

2122 4764 2276 4829 verit,
2298 4780 2487 4819 omnes
2509 4763 2729 4834 justitize
2775 4762 2890 4831 ejus
2920 4762 2975 4815 in
3004 4762 3276 4817 oblivione
3309 4771 3463 4818 erunt
3490 4764 3717 4834 (Ezech.

2122 4856 2302 4924 xvm).
2331 4874 2353 4899 »
2378 4852 2482 4908 Ubi
2512 4868 2640 4924 ergo
2660 4867 2768 4906 non
2802 4850 2961 4905 fuerit
2989 4851 3263 4905 charitatis
3294 4853 3718 4923 perseverantia,

2122 4950 2269 5005 nulla
2321 4947 2590 5011 sufficiens
2640 4956 2719 5005 est
2770 4947 3113 5019 paenitentia.
3180 4948 3334 5004 Unde
3394 4968 3428 5001 ιιι
3482 4950 3722 5021 peccatis

2120 5038 2294 5095 soluto
2350 5037 2585 5095 dicitur:
2642 5060 2664 5085 α
2711 5037 2879 5105 Vade,
2937 5045 2992 5092 et
3046 5036 3279 5106 amplius
3335 5037 3443 5093 noli
3491 5052 3721 5107 peccare

2122 5137 2305 5205 (lacn.
2336 5138 2476 5205 vni).
2513 5157 2535 5185 »
2587 5135 2882 5191 Saeculares
2928 5150 3143 5205 quoque
3190 5134 3342 5207 leges
3369 5142 3594 5206 propter
3624 5136 3715 5190 in-

2117 5224 2472 5296 gratitudines
2499 5224 2759 5294 quasdam
2786 5231 3045 5281 revocant
3072 5224 3432 5281 manumissos
3455 5224 3526 5279 ad
3561 5225 3717 5295 prio-

2118 5339 2232 5377 rem
2259 5322 2589 5377 servitutem.
2625 5320 2931 5393 Opponitur
2974 5327 3154 5376 autem
3182 5322 3448 5390 propheta
3477 5340 3490 5375 :
3533 5343 3554 5370 ο
3588 5322 3713 5377 Non

2117 5427 2405 5491 consurget
2431 5418 2630 5490 duplex
2668 5419 2941 5474 tribulatio
2995 5417 3245 5486 (Nahum
3273 5419 3336 5488 ῐ).
3374 5440 3397 5466 ιι
3434 5418 3531 5473 Vel
3556 5416 3713 5485 juxta

2116 5509 2277 5565 aliam
2317 5508 2720 5564 translationem
2769 5527 2780 5562 :
2819 5531 2842 5558 α
2898 5508 3019 5562 Non
3062 5507 3329 5576 judicabit
3359 5506 3504 5563 Deus
3547 5505 3634 5563 bis
3661 5507 3714 5562 in

2116 5608 2369 5678 idipsum.
2405 5629 2426 5653 η
2463 5606 2568 5662 Sed
2599 5622 2706 5661 non
2745 5612 2843 5670 est,
2873 5611 2933 5659 ut
2979 5604 3144 5671 aiunt,
3194 5604 3413 5675 duplex.
3468 5604 3581 5659 imo
3608 5621 3715 5660 una

2114 5695 2387 5751 tribulatio
2433 5704 2487 5751 et
2522 5710 2629 5751 una
2676 5693 2901 5765 punitio,
2954 5709 3077 5749 cum
3108 5709 3197 5762 qui
3226 5707 3334 5749 non
3366 5708 3445 5747 est
3477 5692 3565 5748 hic
3592 5694 3714 5748 suf-
