3972 6076
239 289 376 340 i205
1130 283 1710 340 DEFLORATIONES
1749 284 1854 340 SS.
1900 285 2199 340 PATRUM.
2230 315 2301 325 —-
2329 284 2455 338 LIB.
2496 284 2566 336 ΙΙ.
3391 283 3526 337 1206

238 408 490 464 ticienter
517 409 758 480 punitus,
789 412 984 480 postea
1039 402 1278 474 punitur.
1324 399 1449 454 Non
1479 391 1826 450 irrationabi—

1958 407 2195 463 ioctores
2223 407 2363 462 sacri
2408 406 2610 475 eloquii
2655 405 2982 478 scripserunt
3022 406 3296 479 originale
3323 419 3524 476 pecca-

239 499 364 552 liter
392 514 608 569 quoque
638 504 824 567 putant
842 495 1054 566 priores
1075 488 1335 562 peccandi
1357 485 1582 542 affectus
1603 483 1830 546 redisse,

1960 513 2050 551 um
2114 497 2168 551 in
2233 497 2506 568 baptismo
2561 497 2793 552 transire
2849 503 3020 563 reatu,
3084 497 3181 551 sed
3232 510 3525 551 remanere

233 596 392 657 Juxta
424 586 744 656 parabolam
783 586 838 639 in
869 598 978 655 qua
1034 580 1257 652 spiritus
1287 575 1596 632 immundus
1626 579 1831 641 septem
1933 604 2052 651 actu
2087 613 2100 649 :
2135 596 2376 666 corporis
2407 594 2612 650 scilicet
2644 594 2946 659 dissolutio,
2978 602 3031 650 et
3058 609 3351 649 numerosa
3379 602 3522 647 tem-

240 685 384 738 alios
417 683 639 753 spiritus
658 682 953 752 nequiores
976 696 1040 733 SB
1070 692 1358 732 assumens
1386 673 1515 728 dicit
1548 692 1559 726 Ζ
1595 695 1616 719 ι(
1643 671 1837 724 Βθνθΐ·
1938 684 2195 754 Poralium
2229 684 2532 739 defectuum
2575 684 2878 738 multitudo.
2931 683 3089 751 Quod
3133 684 3203 737 ad
3246 685 3352 738 hoc
3400 681 3525 752 qui-

247 781 251 782 ,
359 773 368 782 .
458 772 472 782 .
999 769 1013 782 .
1152 766 1162 776 ι
1209 767 1218 774 -
1257 768 1298 782 ι.
1378 781 1384 782 ,
1446 763 1519 782 ,ηχ
1624 756 1832 782 τμη-ε...
1956 773 1966 782 .
2131 773 2142 782 .
2217 773 2228 782 .
2476 773 2489 782 .
2534 779 2541 782 .
2678 774 2688 782 .
2899 773 2909 782 .
3020 772 3030 782 .
3073 779 3081 782 -
3205 770 3216 782 .
3301 771 3312 782 .
3361 771 3390 782 ,.
3486 769 3498 780 .

242 781 325 827 tar
357 773 410 826 in
442 772 663 827 domum
695 787 872 826 meam
904 769 1050 823 unde
1081 766 1222 822 exivi
1253 768 1412 832 (Luc.
1445 763 1542 829 χι).
1581 783 1602 808 ιι
1623 760 1834 816 Etenim

1958 773 2062 826 lem
2093 773 2363 842 plurimun
2405 773 2567 842 valet,
2600 774 2723 844 quia
2765 773 2943 827 omnis
2980 772 3156 827 virtus
3202 770 3257 824 in
3300 769 3528 825 inﬁrmi-

242 869 498 933 Ρθοεεὶίοτ
537 860 591 914 in
648 868 773 916 δοίη
812 858 973 914 “nius
1012 854 1310 912 criminans
1342 865 1615 926 apparens
1670 845 1840 902 "mlta
1937 877 2042 922 tate
2073 869 2348 939 perﬁcitur
2386 869 2472 937 (II
2509 870 2636 924 Cor.
2693 869 2793 937 xu)
2829 885 2840 923 :
2874 868 3034 922 simul
3063 867 3224 923 etiam
3254 883 3323 922 ne
3372 867 3528 938 quis-

240 957 632 1029 intelligendus
707 965 790 1011 est
865 955 1070 1009 habere
1110 953 1167 1010 in
1225 949 1436 1013 affectu,
1478 947 1616 1002 sicut
1662 945 1840 1014 justus

240 1047 408 1102 multo
482 1047 662 1118 plures
709 1045 869 1100 habet
929 1044 1158 1098 virtutes
1214 1039 1412 1094 affectu
1477 1050 1639 1108 quam
1694 1039 1838 1087 actu.

238 1136 372 1192 Aliis
414 1151 546 1191 vero
575 1135 787 1191 videtur
816 1133 962 1204 quod
991 1147 1092 1202 pro
1122 1129 1230 1183 illis
1260 1125 1522 1197 peccatis,
1546 1125 1614 1178 de
1645 1121 1842 1193 quibus

238 1226 403 1280 homo
426 1225 541 1279 Deo
569 1240 669 1295 per
689 1220 1058 1294 paenitentiam
1084 1216 1364 1282 satisfecit,
1390 1230 1497 1269 non
1519 1213 1588 1268 sit
1609 1210 1845 1280 amplius

240 1323 569 1394 puniendus,
625 1321 725 1375 etsi
783 1327 973 1390 postea
1030 1317 1113 1372 vel
1176 1314 1370 1368 similia
1438 1311 1528 1366 vel
1585 1307 1848 1381 graviora

241 1420 562 1476 committat.
600 1421 856 1474 Peccator
893 1415 1111 1488 quidem
1145 1413 1208 1468 ﬁt
1255 1413 1393 1467 sicut
1422 1409 1569 1479 prius
1611 1410 1750 1469 erat,
1795 1411 1849 1458 et

241 1525 340 1580 pro
378 1509 763 1580 ingratitudine
793 1503 1189 1560 misericordiae
1236 1499 1339 1554 sibi
1386 1499 1628 1568 inpensa;
1671 1493 1848 1564 magis

243 1625 370 1663 reus
393 1607 640 1662 eﬂicitur.
673 1607 1001 1661 Universum
1047 1615 1180 1673 ergo
1216 1599 1465 1653 debitum
1517 1592 1847 1664 persolven—

244 1698 376 1752 dum
399 1697 583 1750 dicunt
612 1711 718 1749 non
764 1694 896 1748 illud
949 1691 1096 1763 quod
1136 1690 1254 1758 jam
1305 1685 1668 1742 condonatum
1709 1687 1846 1742 erat,

1943 957 2196 1029 baptismi
2227 958 2460 1027 gratiam
2492 959 2564 1013 ob
2592 957 2880 1028 praesentis
2909 957 3033 1011 vitae
3078 956 3386 1012 felicitatem
3427 972 3529 1026 pe-

1941 1055 2095 1113 teret,
2125 1055 2178 1101 et
2201 1047 2281 1102 sic
2309 1047 2583 1101 necistam
2605 1047 2770 1118 digne
2797 1047 3022 1101 haberet
3045 1062 3144 1100 nec
3179 1046 3248 1100 ad
3269 1053 3530 1101 {sternam

1942 1144 2279 1216 perveniret.
2321 1144 2409 1200 Sic
2430 1160 2647 1215 quoque
2676 1143 2904 1199 actualis
2934 1143 3145 1214 peccati
3175 1159 3274 1213 per
3295 1141 3533 1197 viviﬁca-

1944 1235 2144 1288 tionem
2194 1232 2388 1287 mentis
2435 1240 2640 1287 aeterna
2688 1248 2859 1302 poena
2905 1232 3154 1286 relaxata
3209 1230 3542 1302 relinquitur

1947 1322 2280 1393 temporalis,
2332 1331 2389 1376 ut
2439 1322 2582 1393 quod
2655 1321 2843 1376 illicita
2903 1321 3099 1376 animae
3155 1319 3534 1382 delectatione,

1947 1422 2062 1476 sive
2093 1421 2254 1476 etiam
2304 1420 2511 1476 carnali
2558 1420 2832 1490 voluptate
2880 1418 3210 1473 commissun
3257 1425 3341 1472 est
3387 1417 3542 1472 satis-

1948 1509 2196 1564 factionis
2217 1508 2576 1564 amaritudine
2594 1507 2757 1577 digne
2779 1513 3044 1578 purgetur
3064 1507 3132 1560 ab
3155 1505 3391 1572 homine,
3416 1506 3540 1558 dum

1949 1599 2094 1666 licet,
2127 1599 2213 1668 ne]
2231 1597 2528 1653 districtius
2559 1612 2590 1651 a
2622 1597 2736 1651 Deo
2783 1595 3038 1666 puniatur
3083 1595 3139 1648 in
3171 1593 3366 1649 futuro.
3401 1593 3543 1648 Nul-

1953 1698 2065 1752 lum
2096 1698 2240 1752 enim
2270 1697 2474 1751 malum
2501 1695 2739 1766 praeterit
2767 1694 3116 1765 impunitum.

245 1794 343 1848 sed
412 1793 592 1863 potuis
640 1788 1069 1845 misericordiam
1130 1800 1294 1857 quam
1355 1782 1475 1838 aliis
1525 1777 1845 1850 impendere
1875 1758 1927 1816 Β
2028 1785 2312 1842 Confessio
2365 1785 2531 1856 igitur
2579 1758 2969 1840 convenienter
3033 1781 3276 1836 instituta
3331 1787 3432 1847 est,
3491 1787 3550 1834 ut

243 1881 450 1951 debuit,
483 1897 580 1952 pro
611 1896 677 1936 eo
707 1880 852 1951 quod
884 1875 1318 1932 misericordiam
1343 1877 1646 1939 acceperat.
1690 1865 1844 1922 Unde

242 1989 295 2036 et
324 1979 450 2034 alibi
487 1996 500 2032 :
539 2001 559 2026 α
597 1976 719 2045 Qua
749 1988 1009 2031 mensura
1037 1971 1214 2027 mensi
1257 1969 1490 2033 fueritis,
1530 1964 1847 2021 remetietur

240 2068 401 2125 vobis
447 2067 667 2138 (Matth.
699 2067 818 2134 vn).
855 2087 876 2113 υ
911 2063 1055 2118 Talis
1089 2076 1222 2133 ergo
1276 2068 1356 2114 est
1405 2055 1663 2128 parabole
1705 2068 1771 2108 ac
1799 2050 1844 2105 si

241 2158 453 2213 dicatur
487 2175 499 2209 :
536 2157 591 2211 Si
622 2155 742 2212 aliis
765 2169 874 2208 non
906 2152 1071 2208 vultis
1105 2148 1352 2206 misereri
1407 2146 1546 2202 sicut
1585 2141 1850 2198 Dominus

244 2245 501 2301 misertus
569 2252 650 2298 est
707 2243 882 2308 vobis,
947 2246 1174 2312 peccata
1238 2234 1621 2297 condonando,
1691 2232 1850 2285 Pater

244 2335 480 2391 caelestis
511 2335 612 2388 hoc
641 2332 881 2387 debitum
913 2331 1092 2401 exiget
1112 2345 1144 2384 a
1166 2327 1349 2383 vobis.
1381 2323 1664 2380 Estimant
1685 2319 1850 2391 igitur

246 2425 447 2480 dictum
474 2423 540 2476 ad
570 2430 836 2476 terrorem
865 2436 991 2475 esse
1030 2419 1173 2490 quod
1214 2415 1561 2488 expositores
1608 2424 1851 2466 commu-

247 2515 388 2570 niter
415 2520 674 2568 asserunt
715 2527 903 2565 rursus
947 2507 1091 2580 exigi
1132 2506 1278 2578 quod
1323 2520 1423 2576 per
1473 2497 1852 2572 paenitentiam

250 2603 534 2658 dimissum
585 2607 722 2655 erat.
769 2600 924 2654 Nunc
966 2605 1142 2652 autem
1191 2594 1259 2648 de
1297 2589 1622 2646 remissione
1651 2601 1850 2660 pecca-

264 2709 442 2756 torum
473 2698 787 2770 diligentius
817 2696 1124 2749 videamus.

511 2789 605 2842 DE
637 2784 1061 2841 REMISSIONE
1105 2775 1603 2836 PECCATORUM.

334 2879 393 2932 In
423 2875 863 2932 reconciliatione
912 2869 1221 2943 peccatoris
1253 2869 1322 2922 ad
1355 2869 1524 2921 Deum
1565 2864 1667 2916 tria
1713 2875 1850 2916 con-

259 2975 551 3032 sideranda
577 2981 720 3041 sunt,
754 2971 1008 3029 videlicet
1039 2969 1224 3025 cordis
1252 2964 1525 3027 contritio,
1557 2961 1671 3016 oris
1717 2974 1854 3015 con-

251 3071 440 3135 fessio,
476 3085 699 3140 operum
740 3063 1055 3120 satisfactio.
1103 3059 1350 3132 Praecipit
1379 3057 1524 3112 enim
1574 3054 1857 3125 Scriptura

1949 1876 2037 1947 qui
2077 1875 2132 1930 in
2171 1890 2273 1930 sua
2313 1881 2580 1945 potestate
2622 1872 2830 1943 positus
2857 1889 2888 1926 a
2933 1872 3048 1926 Deo
3077 1870 3425 1936 discesserat,
3451 1868 3550 1923 sub

1947 1965 2054 2024 alio
2103 1964 2316 2035 positus
2363 1979 2487 2019 cum
2536 1961 2837 2017 humilitate
2879 1969 2934 2016 et
2976 1959 3267 2016 devotione
3315 1959 3542 2018 rediret.

1949 2063 2079 2118 Ideo
2129 2063 2274 2118 Deus
2341 2061 2572 2116 instituit
2619 2060 2963 2115 sacerdotem
3003 2056 3122 2112 sive
3165 2055 3444 2120 vicarium,
3503 2062 3555 2108 et

1951 2153 2105 2221 quasi
2135 2152 2428 2216 medicum,
2461 2151 2544 2206 cui
2575 2157 2926 2220 peccatorum
2972 2146 3205 2201 vulnera
3254 2144 3324 2199 ad
3354 2158 3556 2200 sanan-

1950 2244 2079 2296 dum
2129 2241 2537 2313 detegerentur,
2580 2248 2638 2293 ut
2681 2245 2936 2308 peccator
2979 2249 3090 2289 non
3135 2249 3170 2288 a
3212 2249 3292 2299 se,
3344 2231 3440 2286 sed
3484 2232 3554 2286 ab

1950 2339 2054 2394 alio
2092 2339 2326 2409 majoris
2371 2335 2684 2392 humilitatis
2731 2349 2897 2390 causa
2946 2328 3336 2387 satisfactionis
3376 2328 3556 2384 medi-

1951 2431 2128 2485 cinam
2159 2428 2442 2498 suscipiat.
2477 2427 2613 2482 Sunt
2644 2425 2786 2480 enim
2819 2428 3160 2477 sacramenta
3203 2418 3359 2490 quasi
3401 2433 3557 2486 qum-

1951 2519 2078 2573 dam
2135 2517 2448 2587 emplastra.
2493 2513 2688 2576 Evenit
2757 2511 2937 2581 itaque
3003 2509 3158 2581 prius
3198 2505 3486 2562 contritum
3508 2511 3560 2558 et

1955 2616 2294 2672 humiliatum
2325 2611 2636 2669 conﬁrmari
2655 2612 2708 2665 in
2739 2608 3106 2672 confessione,
3144 2613 3198 2660 et
3231 2604 3560 2675 plerumque

1955 2714 2209 2776 peccator
2258 2704 2377 2758 solo
2441 2703 2631 2756 timore
2689 2698 2776 2753 vel
2840 2695 3104 2751 Ecclesire
3164 2691 3562 2748 consuetudine

1956 2793 2228 2850 sacerdoti
2260 2797 2618 2863 praesentatus
2658 2804 2755 2858 per
2781 2784 3120 2846 sacerdotale
3149 2781 3382 2842 ofﬁcium
3428 2795 3559 2840 vere

1956 2891 2356 2965 compungitur,
2406 2904 2472 2944 ac
2512 2887 2707 2958 plenus
2762 2884 3031 2940 charitate
3094 2878 3328 2936 recedit.
3397 2879 3557 2932 Non-

1958 2983 2091 3038 nulli
2120 2982 2285 3036 etiam
2322 2993 2426 3034 nec
2455 2984 2584 3031 tunc
2614 2992 2678 3029 ex
2709 2973 2881 3029 corde
2923 2971 3170 3036 redeunt,
3221 2966 3320 3022 sed
3368 2973 3560 3022 tamen

1959 3073 2129 3128 forma
2173 3067 2504 3140 paenitentia:
2553 3080 2715 3135 quam
2757 3061 3060 3131 suscipiunt
3090 3056 3348 3129 paulatim
3396 3053 3563 3113 nutrit

251 3118 440 3135 ηερ-η
480 3118 699 3140 Ἰνὼ---
741 3118 783 3120 -κ
1275 3118 1288 3132 .
1699 3118 1712 3125 -
1960 3118 2129 3128 .ν..---
2603 3118 2606 3119 ν

251 3160 504 3215 scindere
543 3157 710 3212 corda
755 3164 806 3210 et
854 3153 1203 3218 vestimenta,
1250 3146 1494 3204 conﬁteri
1535 3144 1850 3200 alterutrum
1883 3118 1929 3180 Ο
1973 3171 2024 3225 in
2049 3170 2128 3225 eis
2149 3118 2475 3224 caminum]
2513 3118 2635 3220 οδω
2667 3118 2989 3216 διπηῃίιέιε,
3043 3118 3326 3224 pierisque
3372 3151 3562 3207 simili-

265 3265 513 3328 peccata,
556 3264 610 3310 et
652 3257 838 3310 tacere
885 3252 1084 3324 dignos
1129 3249 1336 3304 fructus
1378 3242 1736 3316 poenitentiae.
1793 3240 1862 3294 Et

257 3345 556 3401 notandum
592 3343 712 3413 quia
745 3341 895 3396 multi
928 3356 1027 3412 pro
1050 3339 1288 3410 peccatis
1312 3341 1558 3407 gemunt,
1584 3347 1690 3385 non
1715 3329 1859 3401 quod

276 3444 504 3507 peccata
552 3434 630 3487 eis
675 3431 1053 3501 discipliceant
1081 3435 1301 3497 pr0pter
1347 3424 1540 3484 Deum,
1589 3420 1682 3473 sed
1728 3433 1858 3489 pro-

253 3543 377 3605 pter
404 3547 642 3602 puinam.
677 3528 823 3582 Talis
874 3525 1263 3598 igiturtristitia
1316 3523 1432 3577 sive
1470 3519 1707 3594 gemitus
1745 3533 1853 3571 non

254 3631 334 3677 est
365 3621 548 3677 cordis
581 3618 834 3674 contritio
862 3617 928 3669 ad
961 3616 1212 3678 salutem,
1248 3613 1344 3666 sed
1375 3609 1568 3664 mentis
1600 3615 1852 3664 conster—

255 3711 400 3766 natio
428 3710 498 3763 ad
528 3706 958 3762 damnationem.
1018 3703 1107 3758 Sic
1158 3701 1355 3756 etenim
1405 3697 1532 3752 mali
1575 3697 1626 3748 in
1670 3695 1852 3749 futuro

253 3809 534 3864 dolebunt.
584 3801 889 3859 Nonnullos
947 3799 1108 3855 etiam
1173 3797 1394 3868 pcenitct
1442 3810 1702 3866 peccasse
1755 3808 1850 3862 pro

253 3897 373 3952 sola
456 3894 667 3967 peccati
723 3890 1075 3962 turpitudine,
1116 3889 1268 3960 juxta
1309 3885 1440 3940 illud
1493 3882 1847 3957 pliilosOphi:

255 4019 276 4043 τι
313 3997 371 4051 Si
397 3995 591 4049 scirem
613 3993 747 4047 deos
780 3990 1204 4052 condonaturos,
1238 3995 1287 4040 et
1338 3985 1584 4040 homines
1625 3983 1852 4054 ignora-

251 4093 420 4148 turos,
480 4099 590 4137 non
638 4095 945 4152 peccarem.
998 4102 1018 4126 υ
1087 4077 1386 4131 Fructuose
1439 4080 1616 4128 autem
1665 4070 1852 4126 cordis

250 4171 502 4229 contritio
567 4178 668 4234 est,
727 4185 849 4222 cum
913 4167 1033 4237 quis
1082 4165 1150 4220 de
1217 4171 1445 4235 peccato
1505 4176 1619 4232 quo
1679 4161 1849 4212 Deum

251 4270 476 4325 offendit
505 4268 670 4331 dolet,
696 4276 746 4320 et
782 4265 908 4319 inde
954 4263 1230 4327 turbatur,
1251 4259 1374 4332 quia
1397 4257 1645 4330 iniquitas
1668 4269 1852 4309 amore

245 4358 468 4428 justitize
518 4357 621 4410 sibi
663 4353 940 4424 displicet.
996 4352 1133 4405 llinc
1173 4359 1255 4404 est
1289 4347 1417 4400 illud
1464 4364 1476 4399 :
1517 4369 1536 4392 α
1572 4347 1850 4407 Peccator,

253 4473 356 4527 qua
407 4455 545 4508 hora
591 4449 936 4522 ingemuerit,
990 4448 1171 4501 salvus
1220 4445 1320 4498 erit
1359 4442 1579 4512 (δισσὴ,
1615 4441 1784 4509 xvui).
1821 4462 1843 4487 ιυ
1880 4483 1930 4541 D

253 4555 468 4610 Etenim
517 4566 638 4606 cum
703 4551 820 4602 Deo
891 4546 1019 4600 nihil
1073 4544 1287 4598 tardum
1342 4541 1420 4608 fit,
1461 4540 1590 4594 nihil
1634 4540 1855 4622 absens,

255 4661 455 4726 quanto
478 4649 637 4706 citius
665 4663 795 4702 vere
843 4644 1038 4714 aliquis
1077 4642 1324 4714 paenitet,
1373 4648 1516 4696 tanto
1557 4639 1713 4702 citius
1768 4636 1860 4708 qui

258 4760 341 4807 est
371 4763 616 4821 prmscns
642 4744 881 4800 dimittit.
916 4742 1072 4806 Unde
1103 4748 1156 4796 et
1186 4739 1363 4796 David
1401 4754 1412 4792 :
1451 4758 1473 4789 ς
1511 4737 1630 4794 Dixi
1666 4755 1678 4791 :
1712 4735 1858 4790 Con—

257 4849 460 4904 fitebor
489 4847 776 4901 adversum
807 4859 893 4897 me
924 4840 1242 4910 injustitiam
1275 4853 1459 4893 meam
1494 4834 1755 4898 Domino,
1809 4842 1863 4888 et

254 4942 308 4992 tu
341 4935 594 4992 remisisti
625 4933 956 5002 impietatem
989 4928 1196 5001 peccati
1247 4927 1355 4981 mei
1394 4926 1580 4992 (Paul.
1626 4923 1798 4992 XXXI).
1832 4946 1852 4969 ιι

255 5033 585 5100 Deliberavi,
621 5031 827 5086 scilicet
857 5029 911 5083 in
941 5029 1107 5083 corde
1140 5042 1261 5080 meo
1293 5023 1635 5094 ﬁrmiterque
1665 5021 1856 5091 dispo-

255 5135 335 5188 sui
351 5131 478 5187 illud
497 5130 639 5202 quod
657 5127 904 5184 commisi
931 5124 1329 5181 contemnendo
1360 5123 1530 5176 Deum
1546 5135 1854 5186 exsecrere,

254 5236 479 5299 propter
521 5227 691 5280 Deum
733 5221 1046 5278 accusando
1076 5220 1369 5289 meipsum.
1408 5217 1563 5272 Unde
1593 5225 1645 5271 et
1673 5215 1806 5272 illud
1842 5231 1853 5269 :

259 5349 280 5372 α
318 5326 497 5378 Justus
520 5324 571 5376 in
595 5319 863 5392 principio
883 5327 1170 5374 accusator
1191 5325 1271 5371 est
1294 5315 1379 5370 sui
1415 5318 1596 5379 (Prov.
1621 5315 1801 5383 xvm).
1831 5337 1850 5356 -

257 5414 355 5468 Est
387 5419 569 5466 autem
601 5412 774 5464 Deum
801 5416 1083 5477 peccatum
1105 5405 1391 5472 dimittere,
1441 5414 1694 5458 aeternam
1734 5418 1857 5474 p03-

254 5515 376 5553 nam
408 5511 508 5567 pro
537 5495 628 5547 illo
659 5493 901 5547 debitam
935 5491 1186 5548 relaxare
1221 5506 1320 5559 per
1352 5489 1697 5544 collationem
1723 5504 1862 5558 prae-

257 5583 425 5638 sentis
458 5578 667 5650 gratim.
705 5578 815 5630 lloc
846 5576 1094 5647 equidem
1131 5573 1187 5628 tit
1217 5573 1266 5628 in
1299 5573 1559 5644 parvulis,
1591 5589 1713 5628 cum
1755 5572 1858 5626 ba-

261 5679 440 5753 ptismi
489 5678 768 5732 lavacrum
833 5673 1122 5744 suscipitur
1173 5691 1184 5725 :
1234 5673 1336 5726 hoc
1385 5679 1437 5725 et
1485 5670 1537 5724 in
1597 5669 1860 5724 adulteris

265 5787 387 5828 cum
436 5765 634 5823 mentis
679 5763 895 5828 caecitas
949 5761 1365 5835 compunctione
1425 5759 1671 5814 solvitur.
1725 5759 1861 5813 lIinc

1970 3268 2072 3325 ter,
2119 3274 2242 3314 cum
2293 3255 2632 3326 resipiscant,
2681 3251 2900 3321 prodest
2940 3246 3242 3317 baptismus
3283 3242 3354 3297 ad
3396 3256 3560 3310 quem

1968 3357 2170 3404 tantum
2227 3345 2351 3402 ﬁcte
2386 3348 2761 3400 accesserunt.
2803 3340 3107 3393 Mensuram
3136 3340 3316 3388 autem
3344 3339 3560 3399 tempo-

1964 3438 2037 3493 ris
2075 3439 2128 3492 in
2158 3435 2372 3508 agenda
2420 3429 2744 3503 pmnitentia
2787 3427 2994 3484 idcirco
3032 3437 3270 3480 canones
3309 3420 3364 3476 in
3418 3416 3565 3473 arbi-

1964 3527 2064 3582 trio
2137 3506 2441 3580 sacerdotis
2503 3517 2854 3590 intelligentia
2909 3517 3166 3580 statuunt,
3226 3509 3354 3580 quia
3414 3506 3559 3578 apud

1963 3627 2137 3681 Deum
2185 3638 2292 3678 non
2334 3624 2539 3676 tantum
2579 3617 2726 3674 valet
2772 3627 3032 3672 mensura
3089 3607 3354 3679 temporis
3398 3619 3560 3675 quam

1960 3714 2168 3769 doloris
2200 3734 2214 3774 ς
2245 3726 2346 3767 nec
2395 3707 2722 3766 abstinentia
2771 3713 2974 3760 tantum
3010 3699 3257 3758 ciborum
3303 3702 3557 3767 quantum

1961 3801 2306 3860 mortiﬁcatio
2372 3799 2649 3856 vitiorum.
2711 3796 2945 3864 PrOpter
3023 3788 3167 3860 quod
3233 3782 3560 3856 pmnitentire

1958 3906 2208 3971 tempora
2249 3899 2356 3955 ﬁde
2402 3904 2457 3952 et
2501 3892 2918 3952 conversatione
2947 3884 3322 3958 pcsnitentium
3364 3880 3560 3940 abbre-

1961 3965 2162 4050 vianda
2200 3987 2542 4058 praecipiunt,
2585 3991 2638 4038 et
2693 3976 3036 4051 negligentia
3083 3969 3412 4044 protelanda
3453 3965 3562 4024 exi-

1960 4056 2216 4134 stimant:
2231 4078 2437 4130 Tamen
2467 4087 2564 4142 pro
2593 4068 2922 4140 quibusdam
2965 4062 3141 4132 culpis
3180 4059 3329 4114 modi
3378 4056 3558 4128 penni-

1962 4175 2146 4230 tentiee
2191 4180 2315 4226 sunt
2371 4166 2632 4238 impositi,
2667 4167 2821 4232 juxta
2868 4176 3010 4233 quos
3057 4165 3275 4214 emteraz
3316 4170 3551 4226 perpen-

1961 4263 2154 4318 denda:
2180 4267 2304 4316 sunt
2331 4258 2523 4326 culpae,
2554 4269 2680 4310 cum
2709 4253 2779 4307 sit
2811 4251 2968 4306 facile
2995 4264 3093 4320 per
3120 4245 3345 4302 eosdem
3369 4243 3558 4305 modos

1964 4351 2256 4410 vindictam
2287 4357 2339 4404 et
2367 4360 2659 4402 censuram
2707 4355 2978 4399 canonum
3019 4336 3321 4398 aestimare.
3375 4333 3560 4390 Scien-

1962 4443 2089 4496 dum
2110 4448 2290 4493 tamen
2327 4443 2536 4508 quanto
2586 4432 2704 4504 quis
2743 4440 2986 4500 tempore
3033 4432 3272 4481 moratur
3331 4423 3557 4493 inpec-

1969 4531 2122 4595 catis,
2177 4537 2324 4584 tanto
2367 4527 2418 4581 ei
2464 4523 2680 4595 agenda
2730 4528 2813 4576 est
2852 4515 3182 4590 paenitentia.
3225 4515 3358 4570 Cum
3398 4511 3562 4590 igitur

1969 4627 2191 4691 arbitrio
2239 4623 2581 4682 sacerdotum
2631 4615 2948 4690 temporalis
2990 4630 3154 4690 poena
3191 4611 3398 4683 peccati
3439 4625 3561 4684 pro-

1970 4726 2166 4782 teletur
2190 4724 2274 4782 vel
2329 4721 2698 4785 abbrevietur,
2730 4716 2799 4772 de
2823 4730 2889 4771 ea
2936 4714 3118 4785 plures
3156 4709 3469 4780 intelligunt
3503 4709 3563 4762 il-

1971 4817 2063 4870 Iud
2109 4831 2231 4871 esse
2277 4814 2522 4869 dictum:
2574 4832 2594 4855 «
2642 4806 2881 4878 Quorum
2941 4801 3276 4863 remiserilis,
3333 4806 3560 4869 peccata

1970 4923 2313 4982 remittuntur
2374 4920 2476 4986 eis,
2533 4925 2586 4972 et
2632 4928 2861 4988 quorum
2916 4909 3273 4977 retinueritis,
3335 4913 3554 4964 retenta

1968 5023 2094 5068 sunt
2117 5013 2304 5081 (lacn.
2333 5012 2458 5078 xx).
2517 5030 2540 5056 υ
2583 5007 2745 5060 Pmna
2790 5003 2932 5058 enim
2955 4999 3165 5071 peccati
3185 5003 3413 5058 vocatur
3433 5011 3561 5068 pec—

1964 5120 2166 5171 catum.
2192 5109 2339 5178 juxta
2380 5105 2528 5178 quod
2561 5119 2762 5161 nomen
2801 5116 2983 5158 causae
3013 5096 3343 5156 transfertur
3381 5093 3450 5150 ad
3482 5094 3566 5149 ef-

1968 5201 2189 5256 fectum.
2249 5199 2325 5255 Ex
2371 5194 2648 5268 praedictis
2692 5193 2874 5263 itaque
2906 5185 3252 5248 manifestum
3293 5191 3376 5248 est
3422 5183 3569 5258 quod

1967 5298 2085 5352 aliis
2126 5294 2342 5352 dimittit
2385 5295 2531 5350 Deus
2576 5307 2672 5362 per-
2710 5287 3065 5346 miuisterium
3122 5283 3468 5340 sacerdotum
3517 5292 3570 5338 et

1969 5394 2252 5458 peccatum
2292 5392 2342 5439 et
2372 5397 2594 5456 pinnam
2636 5376 2840 5450 peccati
2873 5395 2886 5443 ;
2919 5375 3038 5430 aliis
3087 5375 3260 5430 solam
3303 5381 3580 5445 tempore.

1970 5487 2077 5542 lctn
2110 5498 2345 5554 pmnam,
2379 5480 2508 5553 quia
2543 5479 2652 5546 jam
2701 5474 2908 5545 peccati
2943 5473 3199 5530 tenebras
3226 5480 3279 5527 et
3311 5473 3577 5544 gehennae

1971 5574 2241 5632 vinculum
2310 5569 2598 5625 solverat:
2659 5564 2805 5636 quod
2855 5578 2954 5633 per
3015 5562 3278 5618 Lazarum
3325 5559 3583 5631 ostendit.

1972 5663 2218 5720 Accessit
2247 5659 2389 5714 enim
2421 5667 2474 5713 et
2503 5655 2723 5712 vocavit
2752 5670 2893 5716 cum,
2947 5659 2998 5704 et
3042 5659 3295 5706 vocatum
3339 5645 3586 5700 vivifica—

1973 5753 2069 5820 vit,
2125 5759 2176 5808 et
2213 5747 2466 5808 vivﬁcato
2511 5747 2585 5804 ait
2622 5763 2634 5802 :
2672 5767 2693 5794 ιι
2721 5743 2821 5802 Exi
2875 5742 3043 5805 feras,
3087 5763 3108 5788 υ
3162 5744 3217 5793 et
3245 5735 3314 5790 dc
3353 5747 3418 5790 eo
3457 5729 3594 5788 dixit
