3972 6076
434 209 573 267 1Ξο7

1555 206 1909 282 ΧΥΕΒΝΕΙΠ¹
1941 205 2230 261 ΑΒΒΛΤΙΞ
2269 207 2331 260 S.
2387 206 2605 262 BLASII

3634 205 3664 260 ί
3677 210 3778 263 208

435 333 718 405 discipulis
747 332 859 390 suis
888 354 906 391 :
942 357 960 382 α
998 332 1202 390 Solvite
1229 348 1372 402 eum,
1401 333 1456 386 et
1487 329 1644 388 sinite
1661 331 2022 401 abire(Joan.
2054 331 2107 394 A
2141 331 2196 386 Si
2236 346 2372 386 vero
2425 339 2652 403 prOpter
2696 349 2846 388 suam
2895 348 3185 404 personam
3232 331 3336 388 hoc
3405 332 3662 398 faceret,
3709 349 3778 388 ne

434 425 532 494 xi).
569 445 592 471 η
628 423 885 479 Similiter
925 424 1074 480 venit
1100 423 1173 479 ad
1215 428 1583 494 peccatorem,
1623 429 1677 476 et
1707 428 1867 476 voeat
1905 436 2030 476 eum

434 526 537 584 per
562 512 834 569 internum
855 512 1268 583 aspirationem,
1301 518 1355 565 et
1382 517 1560 565 morte
1599 508 1808 581 peccati
1846 509 2031 566 disce-

433 607 598 664 dente
625 606 943 676 viviﬁcatur,
977 616 1031 666 et
1060 623 1126 664 eo
1153 605 1426 663 vivificato
1468 605 1597 663 dicit
1637 613 1695 660 ut
1740 611 1904 661 exeat
1945 603 2032 659 fo-

436 711 548 763 ras,
579 697 636 753 id
665 703 747 752 est
784 713 885 769 per
914 695 1318 754 confessionem
1348 711 1409 750 se
1439 694 1812 751 sacerdotibus
1845 701 2036 749 osten-

438 785 557 842 dat.
605 787 686 842 De
722 802 826 842 ovs
856 794 908 842 et
944 785 1321 842 sacerdotibus
1364 784 1438 839 ait
1470 799 1482 838 :
1511 806 1531 832 ι
1580 783 1785 839 Solvite
1827 798 1971 848 eum,
2009 804 2030 830 ››

440 882 498 938 id
546 889 628 938 est
666 891 922 939 revocate
964 898 1031 939 ac
1063 881 1393 948 Ecclesiam,
1439 903 1462 928 σ
1498 888 1552 935 et
1597 879 1757 934 sinite
1796 879 1972 943 abire,
2008 896 2032 928 ν

438 970 544 1027 hoc
601 979 686 1027 est
725 987 848 1028 cum
889 970 1008 1027 aliis
1051 970 1313 1027 ﬁdelibus
1361 969 1677 1026 conversari
1723 975 1778 1024 et
1816 981 2038 1039 perma-

439 1082 592 1123 nere.

1104 1162 1388 1220 DIVISIO.

505 1263 737 1320 Dimittit
762 1265 910 1320 Deus
937 1270 1166 1335 peccata
1194 1278 1257 1317 ex
1289 1277 1348 1316 se
1378 1260 1497 1331 ipso
1541 1265 1594 1315 et
1634 1275 1730 1330 per
1772 1258 2042 1330 semetip-

439 1380 579 1429 sum,
611 1363 824 1436 quando
853 1362 981 1417 vult.
1019 1362 1170 1417 Unde
1199 1360 1275 1415 ait
1320 1375 1418 1430 per
1460 1360 1776 1430 pr0phetam
1815 1376 1826 1413 :
1867 1380 1889 1405 ι
1923 1359 2044 1430 Ego

439 1453 704 1510 Dominus
732 1452 886 1507 solus
915 1450 1073 1505 deleo
1110 1449 1452 1520 iniquitatem
1493 1455 1546 1502 et
1586 1456 1810 1518 peccata
1856 1447 2045 1518 populi

442 1543 596 1610 (Isai.
631 1540 777 1611 xcv).
815 1563 836 1588 ιι
868 1539 1002 1593 Inde
1030 1539 1354 1594 Ambrosius
1389 1555 1402 1600 ;
1438 1557 1460 1588 ι
1498 1537 1595 1592 Ille
1625 1536 1780 1591 solus
1820 1543 2044 1607 peccata

440 1638 660 1694 dimittit
687 1637 780 1709 qui
807 1636 957 1692 solus
983 1651 1080 1708 pro
1124 1634 1366 1706 peccatis
1404 1642 1489 1690 est
1525 1641 1795 1689 mortuus.
1843 1635 2042 1688 Sacer-

441 1726 601 1783 dotes
642 1688 823 1782 tafnen
866 1688 1150 1782 dicuruturr
1165 1725 1438 1780 interdum
1485 1730 1713 1794 peccata
1749 1722 2041 1789 dimittere,
2072 1688 2125 1746 Β

440 1831 553 1872 non
580 1832 652 1871 ex
679 1831 759 1883 se,
793 1814 891 1870 sed
919 1830 992 1870 ex
1021 1813 1195 1885 gratia
1218 1813 1271 1868 in
1303 1813 1383 1868 eis
1413 1820 1466 1867 et
1496 1827 1596 1883 per
1625 1827 1722 1867 eos
1783 1819 2045 1882 operante

441 1912 747 1970 secundum
777 1910 1055 1966 arbitrium
1075 1925 1187 1965 non
1222 1924 1436 1974 eorum,
1467 1908 1566 1963 sed
1606 1908 1724 1985 Dei.
1773 1908 1926 1964 Sicut
1963 1914 2047 1962 est

441 2001 577 2057 illud
619 2019 635 2057 :
689 2025 712 2049 κ
761 2001 841 2055 Tu
892 2016 953 2055 es
993 1999 1144 2054 solus
1193 1997 1284 2070 qui
1332 1997 1474 2052 facis
1528 1996 1798 2051 mirabilia
1855 1997 2036 2067 (Psal.

438 2093 608 2158 un),
644 2112 666 2140 ι»
701 2105 829 2146 cum
861 2088 1016 2144 multi
1043 2087 1294 2143 homines
1322 2086 1598 2141 mirabilia
1635 2085 1886 2154 fecerint,
1948 2084 2047 2140 sed

442 2196 554 2236 non
591 2196 658 2236 ex
702 2195 766 2235 se
803 2179 944 2234 sicut
983 2179 1153 2232 Deus.
1212 2178 1368 2234 Item.
1407 2198 1428 2222 α
1489 2176 1666 2231 Nemo
1718 2176 1894 2230 bonus
1940 2174 2046 2229 nisi

444 2277 596 2334 solus
644 2277 789 2332 Deus
837 2276 1026 2346 (Marc.
1067 2275 1181 2344 xw)
1236 2291 1250 2327 :
1298 2295 1323 2322 ιι
1357 2272 1481 2344 quia
1521 2288 1592 2327 ex
1630 2288 1690 2327 se
1733 2272 1928 2327 bonus.
1977 2271 2049 2326 Et

441 2366 596 2423 multi
644 2365 895 2420 homines
924 2363 1051 2419 boni
1081 2370 1206 2417 sunt
1237 2380 1250 2416 :
1289 2385 1311 2411 α
1347 2362 1443 2417 sed
1473 2377 1584 2417 non
1614 2377 1682 2418 eo
1729 2362 1893 2416 modo
1937 2375 2046 2433 quo

441 2457 622 2512 Deus.
661 2478 683 2503 ι»
717 2453 910 2508 Nullus
924 2452 1087 2524 igitur
1109 2451 1213 2506 nisi
1233 2451 1385 2507 Deus
1399 2459 1578 2521 potest
1601 2451 1768 2506 alium
1791 2451 2036 2506 salvere.

442 2550 602 2621 Quod
642 2549 858 2622 quidem
908 2549 1130 2612 faceret,
1175 2549 1225 2603 si
1262 2564 1328 2604 ex
1359 2564 1419 2603 se
1456 2557 1680 2620 peccata
1725 2549 2042 2604 dimitteret.

441 2640 606 2710 Quod
653 2640 817 2695 etiam
868 2654 1030 2695 nemo
1076 2645 1274 2709 praeter
1321 2646 1669 2708 nosmetpsos
1713 2638 1888 2709 possit
1945 2653 2045 2693 nos

437 2739 722 2804 damnare,
762 2736 1070 2793 ostenditur
1105 2735 1180 2790 ibi
1213 2752 1227 2790 :
1265 2757 1288 2783 ει
1323 2735 1512 2791 Anima
1549 2751 1674 2790 mea
1706 2735 1762 2789 in
1792 2735 2045 2790 manibus

437 2828 577 2886 meis
607 2826 1044 2898 semper(Psal.
1083 2827 1298 2894 cxvni).
1336 2848 1358 2873 π
1385 2824 1697 2880 Notandum
1727 2825 1874 2897 quod
1913 2826 1962 2880 si
1999 2825 2046 2880 is

441 2919 535 2992 qui
567 2919 683 2976 vult
723 2915 995 2981 conﬁteri,
1052 2914 1280 2970 articulo
1341 2913 1686 2969 necessitatis
1705 2912 2045 2980 imminente,

2139 419 2349 476 scilicet
2389 419 2603 476 infamis
2640 431 2698 477 et
2739 422 3162 494 contemptibilis
3209 421 3353 494 apud
3395 422 3546 477 alios
3582 420 3775 486 ﬁeret,

2139 518 2398 589 superbia
2427 519 2753 576 damnabilis
2775 530 2940 577 esset.

2212 607 2372 663 Patet
2399 624 2531 679 ergo
2559 626 2625 665 ex
2653 610 2961 678 antedictis,
2996 611 3124 682 quia
3145 609 3468 680 poenitentia
3516 618 3607 666 est
3659 627 3776 664 me-

2141 697 2509 753 dicamentum
2539 698 2796 766 vulneris,
2831 714 2958 769 spes
2988 699 3194 763 salutis,
3227 708 3282 754 et
3330 716 3541 754 nomen
3577 699 3770 769 ipsum

2144 805 2420 867 sumptum
2445 805 2527 852 est
2555 814 2587 853 a
2616 815 2779 870 ptena
2808 815 2913 871 qua
2945 799 3124 854 anima
3174 800 3466 863 cruciatur,
3524 808 3579 854 et
3635 817 3772 854 eam

2143 885 2520 955 mortificatur,
2545 895 2598 943 et
2645 888 2783 944 dicta
2824 899 2908 944 est
2949 889 3263 959 poenitentia
3313 891 3474 960 quasi
3518 890 3769 960 punien-

2146 975 2242 1030 tia.
2304 977 2407 1044 Qui
2439 977 2810 1048 pmnitentiam
2841 986 3028 1050 agunt,
3053 978 3175 1033 ideo
3198 978 3425 1049 capillos
3446 987 3503 1033 et
3526 980 3770 1032 barbam

2147 1074 2406 1140 nutriunt,
2475 1083 2534 1129 ut
2611 1083 2913 1130 monstrent
2979 1076 3367 1130 abundantiam
3438 1077 3765 1140 criminum,

2149 1159 2346 1230 quibus
2385 1167 2641 1230 peccator
2686 1168 2967 1230 gravatur.
3027 1160 3272 1216 Cilicium
3320 1162 3471 1232 quod
3527 1161 3771 1215 induunt

2147 1249 2350 1304 indicat
2381 1249 2807 1303 recordationem
2835 1257 3182 1319 peccatorum
3204 1258 3428 1320 propter
3457 1251 3659 1305 haedos
3693 1249 3768 1304 ad

2151 1338 2424 1394 sinistram
2455 1337 2684 1392 futuros.
2729 1337 2886 1406 Quod
2925 1346 3107 1393 autem
3158 1340 3339 1394 cinere
3384 1348 3774 1410 asperguntur

2151 1442 2486 1506 peccatores,
2533 1433 2768 1490 ostendit
2819 1435 2944 1506 quia
2992 1435 3130 1490 cinis
3180 1445 3323 1501 sunt,
3366 1445 3422 1491 et
3452 1437 3509 1490 in
3561 1435 3770 1508 pulve-

2151 1539 2271 1579 rem
2345 1530 2702 1578 revertentur.
2779 1523 3063 1594 l.acrymte
3132 1525 3516 1595 pmnitentium
3615 1526 3773 1594 apud

2152 1613 2331 1668 Deum
2363 1627 2459 1682 pro
2479 1611 2799 1683 baptismate
2828 1621 3164 1684 reputantur.
3199 1613 3408 1684 Duplex
3435 1617 3522 1670 est
3576 1616 3773 1684 poeni-

2156 1713 2336 1768 tentim
2366 1712 2617 1784 gemitus.
2654 1711 2750 1766 Vel
2781 1711 2906 1765 dum
2940 1712 3246 1784 plangimus
3275 1714 3419 1785 quod
3449 1714 3597 1768 male
3623 1729 3775 1785 ges-

2155 1802 2346 1867 simus,
2381 1801 2468 1856 vel
2497 1799 2808 1873 plangimus
2845 1801 2987 1872 quod
3019 1816 3129 1856 non
3156 1803 3368 1874 egimus
3398 1803 3552 1874 quod
3590 1817 3775 1873 agere

2155 1891 2464 1945 debuimus.
2492 1888 2590 1944 llle
2610 1905 2738 1945 vere
2768 1890 3143 1960 paenitentiam
3187 1892 3304 1964 agit
3333 1892 3423 1963 qui
3465 1907 3573 1947 nec
3593 1893 3776 1963 paeni-

2156 1996 2274 2044 tere
2313 1987 2588 2058 praeterita
2629 1986 2883 2060 negligit,
2940 2003 3042 2043 nec
3086 1988 3399 2058 pmnitenda
3437 1990 3768 2045 committit.

2157 2077 2261 2146 Qui
2312 2092 2440 2133 vero
2484 2077 2755 2146 lacrymas
2804 2076 3180 2132 indesinenter
3234 2078 3427 2148 fundit,
3474 2087 3532 2133 et
3583 2088 3774 2134 tamen

2155 2191 2386 2246 peccare
2423 2190 2532 2229 non
2563 2173 2767 2230 desinit
2795 2174 2897 2230 hoc
2918 2173 3212 2230 lamentum
3241 2175 3427 2242 habet,
3475 2176 3577 2231 sed
3609 2193 3774 2232 mun-

2157 2273 2432 2328 dationem
2460 2287 2570 2328 non
2598 2272 2782 2337 habet,
2815 2272 2960 2344 quia,
2993 2273 3121 2326 dum
3155 2272 3330 2342 ipsam
3372 2290 3539 2344 quam
3584 2273 3772 2329 ﬂendo

2155 2361 2450 2433 impetrare
2496 2361 2677 2432 potuit
2733 2363 2945 2416 veniam
2992 2362 3309 2428 contemnit,
3377 2362 3601 2417 ﬂetibus
3656 2363 3772 2417 suis

2156 2451 2418 2505 munditia
2467 2451 2753 2515 subtrahit,
2813 2458 2867 2505 et
2913 2458 3036 2505 ante
3085 2451 3187 2505 Dei
3230 2451 3450 2506 occulos
3503 2452 3770 2507 sordidas

2155 2548 2316 2604 etiam
2356 2547 2502 2619 ipsas
2545 2547 2821 2619 lacrymas
2870 2547 3017 2602 facit.
3069 2546 3172 2616 Qui
3236 2564 3424 2603 veroa
3491 2549 3771 2604 desiderio

2155 2638 2354 2693 mentis
2385 2637 2632 2708 quaedam
2666 2637 2794 2691 vitia
2824 2644 3096 2703 resecant,
3129 2637 3257 2691 dum
3285 2636 3339 2690 in
3370 2638 3493 2691 aliis
3522 2639 3771 2710 graviter

2153 2736 2474 2808 perdurant,
2542 2734 2797 2806 pauciora
2841 2733 3060 2806 quidem
3112 2734 3257 2790 mala
3317 2735 3550 2808 diligunt
3602 2753 3762 2808 quam

2154 2834 2328 2907 prius,
2363 2835 2458 2890 sed
2491 2833 2595 2888 nisi
2620 2833 2796 2888 minus
2826 2832 3028 2887 malum
3059 2832 3310 2905 diligant,
3337 2849 3445 2888 non
3492 2833 3631 2888 fiunt
3689 2835 3766 2889 mi

2154 2948 2256 2987 nus
2285 2930 2434 2986 mali.
2483 2931 2689 2985 Tantus
2729 2929 2874 2986 enim
2906 2945 3307 3000 nonnunquam
3345 2929 3582 2986 affectus
3639 2931 3772 2985 mali

442 3023 556 3066 non
586 3015 785 3080 potest,
819 3005 965 3078 quod
995 3003 1045 3060 ei
1075 3003 1413 3059 ministraret
1442 3002 1676 3058 visibilis
1707 3004 1983 3069 sacerdos,
2001 3002 2048 3058 si
2083 3047 2132 3110 Ο
2159 3028 2243 3077 ρει
2273 3021 2327 3075 in
2354 3035 2462 3075 uno
2491 3019 2739 3088 crimine,
2771 3027 2828 3073 ιιι
2848 3019 3027 3090 magis
3056 3018 3255 3074 aliene;
3285 3035 3316 3074 α
3347 3019 3579 3075 Domino
3604 3036 3773 3090 quam

442 3107 682 3170 adesset,
742 3105 847 3159 hoc
893 3101 1147 3172 supplere
1199 3115 1311 3156 non
1356 3099 1684 3173 dedignatur
1742 3099 2049 3156 invisibilis.

443 3196 527 3252 De
575 3208 684 3267 quo
722 3192 777 3247 in
811 3189 1224 3247 'Ecclesiastico
1257 3205 1272 3245 :
1304 3189 1449 3245 Ecce
1507 3189 1770 3245 sacerdos
1825 3203 2056 3260 magnus

451 3294 626 3363 (Eccl.
661 3293 810 3360 xcv).
849 3313 871 3338 ι»
927 3288 998 3343 Ει
1043 3285 1353 3358 Apostolus
1392 3303 1407 3342 :
1460 3309 1482 3335 ιι
1530 3287 1718 3342 Plures
1763 3286 1889 3342 facti
1935 3293 2060 3340 sunt

456 3380 798 3446 sacerdotes,
833 3376 1037 3433 idcirco
1064 3382 1213 3448 quod
1249 3383 1426 3432 morte
1468 3376 1888 3445 prohiberentur
1927 3390 2063 3446 per—

453 3455 685 3534 manere
721 3494 733 3530 :
763 3477 869 3531 hoc
910 3482 1094 3530 autem
1137 3480 1324 3529 manet
1368 3473 1426 3528 in
1467 3482 1748 3542 aeternum,
1803 3472 2062 3528 sacerdo-

455 3565 592 3621 tium
649 3563 858 3620 habens
899 3563 1295 3634 sempiternum
1352 3563 1542 3633 (Hebr.
1609 3567 1727 3634 vn).
1765 3584 1787 3612 ι
1832 3562 1889 3617 Si
1943 3559 2064 3634 quis

461 3670 595 3711 vero
625 3668 697 3710 ex
735 3658 1050 3722 contemptu
1079 3650 1167 3706 vel
1197 3666 1264 3705 ex
1292 3651 1629 3722 negligentia
1659 3667 1767 3708 non
1798 3649 2065 3707 confitea-

461 3750 566 3810 tur,
598 3747 809 3800 constat
840 3739 974 3812 quia
1003 3754 1113 3794 non
1139 3739 1307 3794 habet
1338 3755 1522 3795 veram
1551 3740 1736 3796 cordis
1774 3740 2066 3797 contritio-

463 3855 613 3909 nem,
646 3845 700 3894 et
729 3844 846 3892 tum
863 3850 966 3908 pro
1009 3834 1105 3892 illo
1141 3842 1368 3906 peccato
1413 3835 1562 3906 quod
1608 3853 1720 3892 non
1772 3839 1884 3894 vult
1912 3841 2072 3897 conﬁ-

465 3928 567 3986 teri
595 3945 748 3996 eum,
785 3925 912 3998 quia
940 3924 1183 3981 instituta
1212 3924 1473 3981 Ecclesiae
1501 3925 1755 4000 negligit,
1805 3932 2072 3986 aeternali-

465 4027 552 4076 ter
577 4017 889 4091 puniendus
916 4030 1040 4072 esse
1071 4013 1428 4070 convincitur.
1459 4015 1660 4070 Dicunt
1679 4025 1857 4073 autem
1880 4019 1989 4075 Leo
2019 4034 2074 4081 et

473 4115 826 4180 Ambrosius,
859 4114 928 4170 de
975 4113 1333 4169 sacramentis
1380 4121 1432 4168 et
1473 4113 1736 4169 Maximus
1767 4133 1781 4170 :
1815 4137 1836 4168 α
1872 4117 2074 4192 Lacry-

477 4221 599 4262 mas
631 4206 781 4260 Petri
825 4203 973 4275 lego,
1019 4200 1421 4258 confessionem
1444 4215 1553 4257 non
1569 4203 1807 4260 invenio.
1832 4229 1854 4254 »
1881 4207 2077 4262 Delent

473 4310 609 4367 ergo
638 4293 893 4364 lacrymae
919 4291 1072 4347 Petri
1119 4299 1364 4363 peccata,
1397 4307 1518 4364 quae
1557 4292 1735 4364 pudor
1769 4301 1852 4350 est
1899 4295 2076 4352 conﬁ-

471 4390 600 4447 teri.

555 4488 664 4544 Sed
712 4486 994 4544 sciendum
1043 4483 1167 4558 quia
1221 4484 1586 4542 confessionis
1623 4486 1889 4545 institutio
1933 4505 2077 4546 non-

486 4589 618 4645 dum
663 4584 954 4658 promulga
994 4583 1172 4639 fuerat
1214 4582 1270 4638 in
1325 4584 1601 4655 primitiva
1650 4586 1925 4656 Ecclesia,
1993 4589 2080 4645 vel

488 4692 614 4766 quia
644 4689 832 4744 Petrus
863 4686 1150 4744 confessus
1169 4685 1354 4753 fuerit,
1395 4686 1520 4743 licet
1550 4688 1835 4760 Scriptura
1865 4706 1972 4746 non
1995 4706 2082 4747 re-

486 4782 651 4847 ferat,
700 4778 838 4834 sicut
885 4775 1117 4833 credere
1157 4775 1406 4848 cogimur
1460 4778 1740 4848 apostolos
1785 4779 2081 4851 baptizatos

484 4879 692 4937 fuisse:
725 4874 872 4948 quod
913 4872 1134 4946 quando
1172 4871 1262 4927 vel
1301 4874 1573 4945 quomodo
1616 4874 1817 4932 factum
1863 4877 1934 4931 sit
1972 4893 2083 4933 non

487 4969 753 5039 legimus:
800 4962 1141 5033 Quibusdam
1191 4969 1370 5018 tamen
1415 4963 1632 5018 videtur
1682 4981 1752 5020 ex
1786 4965 2082 5037 dispensa-

486 5060 636 5115 tione
667 5057 885 5110 Petrum
915 5051 1198 5108 reticuisse
1227 5050 1631 5108 confessionem
1661 5053 1729 5110 de
1766 5055 2078 5127 negatione,

483 5155 613 5226 quia
634 5153 681 5208 si
707 5153 851 5208 hunc
880 5157 1082 5205 tantum
1113 5148 1378 5205 Ecclesia:
1407 5151 1765 5206 architectum
1796 5161 1902 5208 tam
1946 5169 2082 5224 gra-

485 5243 626 5300 viter
670 5241 763 5296 alii
817 5239 996 5296 adhuc
1063 5237 1262 5293 infirmi
1301 5239 1568 5295 corruisse
1597 5240 1896 5308 novissent,
1932 5243 2084 5298 mul-

487 5348 602 5396 tum
631 5339 892 5393 adversus
918 5353 1041 5392 eum
1081 5335 1426 5392 scandalizati
1457 5335 1712 5393 fuissent.
1755 5337 1876 5408 Quo
1922 5339 1980 5394 fit
2022 5349 2086 5396 ut

493 5425 697 5485 salubri
725 5425 1156 5495 dispensatione,
1190 5425 1264 5480 ita
1296 5427 1441 5497 quod
1481 5442 1588 5480 non
1602 5436 1894 5498 propterea
1923 5437 2083 5485 teter-

479 5523 678 5584 naliter
707 5521 1006 5595 puniretur,
1037 5522 1296 5578 reticeret
1324 5522 1522 5594 aliquis
1549 5523 1604 5579 id
1637 5525 1780 5581 unde
1819 5527 1869 5582 ei
1914 5535 2084 5583 testa-

483 5624 638 5674 retur
664 5609 1000 5670 conscientia
1032 5627 1046 5663 :
1080 5611 1225 5681 quod
1253 5611 1299 5665 si
1329 5611 1486 5669 alicui
1517 5613 1746 5685 diceret,
1776 5614 1941 5671 celari
1977 5633 2085 5673 non

476 5720 664 5787 posset
697 5726 710 5767 :
736 5717 788 5768 et
818 5706 863 5764 si
885 5706 1126 5764 sciretur
1168 5706 1421 5764 Ecclesia
1441 5709 1568 5766 inde
1589 5711 2074 5770 scandalizaretur.

2162 3110 2326 3166 etiam
2371 3109 2557 3163 multa.
2624 3107 2763 3162 Illud
2808 3115 2986 3163 autem
3032 3114 3244 3164 certum
3293 3115 3380 3162 est
3420 3108 3588 3180 quod,
3643 3108 3772 3162 dum

2165 3198 2284 3271 quis
2313 3199 2368 3252 in
2397 3204 2574 3253 morte
2602 3199 2762 3251 unius
2791 3197 3035 3253 criminis
3059 3196 3209 3265 jacet
3235 3196 3292 3251 in
3312 3196 3419 3251 alio
3440 3197 3681 3268 irrigari,
3725 3205 3776 3253 et

2165 3295 2434 3353 vivificari
2465 3311 2577 3351 non
2602 3302 2802 3366 potest,
2835 3302 2892 3349 ut
2913 3310 3139 3366 prorsus
3160 3293 3427 3360 deleatur,
3460 3294 3562 3350 sed
3591 3295 3777 3350 inter-

2168 3387 2296 3442 dum
2347 3385 2416 3441 ad
2464 3383 2879 3440 diminutionem
2920 3400 3099 3455 ptenae
3134 3385 3661 3455 compluitur,juxta
3707 3385 3776 3439 il-

2168 3475 2258 3530 lud
2291 3475 2572 3547 prophetae
2606 3490 2618 3529 :
2657 3495 2679 3525 ι
2725 3473 2865 3528 Pluit
2885 3474 3152 3528 Dominus
3182 3489 3346 3543 super
3382 3487 3551 3528 unam
3595 3474 3778 3529 civita-

2170 3579 2301 3642 tem,
2333 3579 2386 3628 et
2415 3587 2524 3627 non
2557 3569 2691 3642 pluit
2720 3586 2886 3642 super
2911 3570 3075 3625 aliam
3107 3571 3288 3637 (Amos
3317 3570 3413 3639 1v).
3460 3595 3481 3616 ιι
3529 3569 3777 3638 Quorum

2173 3679 2351 3726 autem
2395 3678 2617 3742 peccata
2666 3669 2721 3723 in
2763 3667 2979 3740 publico
3029 3675 3180 3735 sunt,
3235 3667 3290 3722 in
3346 3666 3570 3738 publico
3617 3669 3778 3723 debet

2174 3777 2296 3817 esse
2327 3758 2646 3830 pcnnitentia
2673 3774 2774 3828 pro
2804 3765 3055 3828 tempora
3085 3774 3207 3829 quae
3237 3757 3533 3828 episcOpus
3573 3757 3777 3813 discer-

2175 3848 2273 3904 nit.
2310 3850 2513 3904 Eornm
2545 3847 2704 3903 etiam
2735 3846 3108 3903 reconciliatio
3138 3846 3191 3900 in
3222 3846 3445 3916 publico
3462 3847 3629 3901 debet
3659 3863 3775 3903 esse

2179 3947 2252 4003 ab
2273 3947 2550 4019 episcopo,
2585 3946 2706 4001 sive
2735 3962 2763 4000 a
2793 3945 3149 4017 presbyteris,
3163 3944 3323 4015 jussu
3357 3951 3537 4000 tamen
3569 3945 3774 4015 episco-

2177 4062 2396 4119 porum,
2437 4047 2579 4102 sicut
2609 4061 2850 4101 canones
2881 4043 3344 4099 Africaniconcilii
3379 4052 3668 4098 testantur.
3697 4044 3774 4098 De

2180 4138 2282 4192 hac
2311 4136 2512 4207 quippe
2541 4134 2772 4190 solemni
2804 4133 3137 4204 poenitentia,
3170 4141 3230 4186 ut
3257 4133 3328 4186 ait
3357 4134 3698 4202 Augustinus
3715 4133 3777 4185 ad

2179 4225 2575 4291 Macedonium,
2622 4223 2851 4294 intelilgi
2881 4229 3092 4293 oportet
3119 4221 3230 4294 qud
3268 4221 3397 4276 dicit
3431 4237 3442 4276 :
3481 4245 3503 4270 α
3542 4223 3666 4276 Non
3705 4231 3779 4276 est

2184 4326 2342 4380 locus
2392 4320 2646 4378 secundas
2695 4318 3047 4391 paenitentiae.
3085 4341 3106 4366 ι»
3151 4317 3412 4382 Quamvis
3450 4334 3590 4391 ergo
3633 4327 3781 4372 caute

2102 4410 2156 4470 D
2188 4412 2583 4482 salubriterque
2609 4409 2888 4482 provisum
2920 4409 3009 4474 sit,
3043 4407 3271 4462 utlocus
3300 4407 3782 4476 hujushumiltimae

2187 4509 2516 4584 poenitentiae
2546 4506 2717 4561 semel
2746 4505 2799 4559 in
2834 4504 3082 4560 Ecclesia
3105 4503 3458 4571 concedatur,
3499 4520 3571 4559 ne
3601 4505 3784 4558 medi-

2188 4599 2377 4657 cinalis
2407 4597 2651 4651 minusve
2682 4593 2828 4649 utilis
2860 4600 3010 4649 esset
3038 4592 3282 4665 azgrotis,
3326 4609 3446 4663 quae
3474 4600 3626 4648 tanto
3673 4610 3784 4648 ma-

2189 4697 2277 4770 gis
2307 4695 2540 4751 salubris
2587 4701 2689 4759 est,
2717 4699 2922 4764 quanto
2951 4691 3131 4745 minus
3153 4690 3577 4760 contemptibilis
3606 4690 3781 4747 fuerit.

2191 4785 2324 4856 Quis
2355 4793 2536 4840 tamen
2566 4781 2763 4838 audeat
2794 4780 2907 4835 Deo
2939 4780 3120 4836 dicere
3156 4798 3167 4834 :
3202 4778 3388 4848 Quare
3410 4780 3536 4834 huic
3559 4779 3780 4848 homini,

2192 4883 2283 4954 qui
2329 4891 2451 4954 post
2524 4881 2753 4952 primam
2811 4878 3183 4950 pwnitentiam
3238 4893 3426 4931 rursus
3479 4893 3539 4932 se
3583 4877 3783 4949 laqueis

2190 4967 2490 5040 iniquitatis
2519 4963 2829 5037 obstringit,
2848 4964 3027 5018 adhuc
3055 4963 3250 5017 iterum
3282 4962 3462 5032 parcis
3480 4963 3508 5016 ?
3541 4961 3683 5030 Quis
3703 4981 3784 5018 au-

2191 5059 2316 5113 deat
2347 5055 2532 5113 dicere
2552 5054 2841 5126 ergaistos
2872 5067 2982 5107 non
3013 5051 3101 5122 agi
3151 5051 3298 5118 quod
3336 5050 3632 5122 Apostolus
3670 5055 3780 5108 ait:

2197 5172 2220 5202 ι
2246 5152 2477 5224 Ignoras
2507 5149 2628 5220 quia
2661 5145 2922 5218 patientia
2969 5145 3066 5199 Dei
3109 5145 3177 5198 ad
3209 5144 3579 5215 paenitentiam
3601 5153 3652 5200 te
3683 5147 3779 5201 ad-

2192 5239 2387 5296 ducit?
2418 5240 2592 5306 (Rom.
2618 5252 2676 5292 n.
2704 5239 2722 5305 )
2759 5259 2779 5284 ι»
2815 5237 2920 5290 Aut
2947 5234 3018 5288 ad
3045 5233 3182 5288 istos
3213 5249 3323 5288 non
3354 5231 3779 5305 pertinerequod

2193 5337 2459 5408 scriptum
2505 5342 2632 5390 est:
2671 5356 2692 5382 «
2724 5331 2874 5388 Beati
2925 5346 3118 5385 omnes
3160 5329 3253 5402 qui
3301 5328 3581 5385 confidunt
3621 5330 3672 5383 in
3715 5346 3778 5386 eo

2195 5435 2484 5507 (Ρδα1.ιι),
2542 5458 2563 5481 υ
2611 5441 2664 5488 et
2699 5431 2843 5502 quod
2864 5430 3064 5484 dicitur
3111 5448 3122 5483 :
3163 5453 3184 5477 ιι
3238 5429 3480 5482 Viriliter
3523 5428 3685 5499 agite,
3733 5439 3778 5484 et

2194 5523 2529 5582 confortetur
2557 5538 2651 5577 cor
2679 5529 2940 5586 vestrum,
2963 5535 3156 5573 omnes
3169 5517 3264 5588 qui
3291 5517 3522 5588 speratis
3538 5517 3591 5571 in
3607 5517 3777 5572 Domi-

2193 5638 2264 5678 no
2295 5622 2470 5693 (Psal.
2516 5621 2623 5690 ιη).
2662 5643 2682 5667 ιν
2727 5619 2890 5687 Cujus
2929 5623 3108 5671 autem
3142 5623 3361 5686 peccata
3395 5613 3610 5670 occulta
3637 5624 3773 5681 sunt,

2193 5720 2245 5768 et
2276 5717 2583 5784 spontanea
2613 5707 2954 5766 confessione
2985 5705 3082 5762 soli
3111 5704 3432 5777 presbytero
3459 5702 3542 5760 vel
3563 5702 3772 5774 episco-

3927 72 3929 158 Υ
