3972 6076
264 290 398 345 1Ξο9

1177 289 1754 347 DEFLORATIONES
1795 288 1892 346 SS.
1939 289 2233 352 PATRL‘M.
2275 329 2344 340 -—
2383 299 2506 354 ΜΒ.
2551 302 2624 357 ΙΙ.

3418 310 3551 363 ⁴1210

257 430 331 486 po
365 413 638 480 revelata,
665 412 875 470 occulta
904 412 1068 469 debet
1097 429 1220 470 esse
1236 416 1579 488 poenitentia,
1613 433 1680 472 ne
1709 415 1861 470 inﬁr-
1893 415 1948 477 A
1981 421 2107 494 quia
2135 423 2238 479 cito
2291 431 2571 482 transeunt
2603 443 2615 496 ;
2649 445 2768 500 quae
2797 436 2975 486 autem
3019 446 3118 486 nos
3149 439 3332 488 contra
3377 434 3554 488 Deum

261 509 337 559 mi
418 503 470 557 in
522 502 772 559 Ecclesia
843 503 1299 574 scandalizentur,
1361 505 1612 561 videntes
1667 520 1858 577 poenas

259 608 453 648 eorum
487 607 714 662 quorum
747 591 980 661 pmnitus
1029 592 1282 665 ignorant
1311 609 1527 650 causas.
1576 593 1647 648 Et
1676 594 1858 650 scien-

260 689 392 746 dum
423 688 553 760 quia
592 687 843 743 similiter
870 689 1226 746 circumvenit
1257 691 1481 746 Satanas
1510 707 1610 763 per
1637 691 1860 746 nimiam

263 778 542 842 duritiam,
562 784 617 832 ut
635 780 957 849 peccatores
972 787 1198 850 pereant
1214 780 1861 853 despcrando,quomodo

261 867 318 922 in
348 866 513 921 nimia
558 867 882 923 remissione
944 869 1296 940 corrigendo.
1331 869 1487 925 Unde
1553 869 1808 924 Salomon
1845 887 1858 926 :

272 978 293 1004 α
327 957 450 1011 Non
478 955 723 1011 declines
779 956 850 1011 ad
915 956 1197 1012 dexteram
1247 973 1428 1028 neque
1491 958 1558 1014 ad
1586 958 1859 1014 sinistram

266 1045 450 1114 (Prov.
487 1048 589 1113 tv).
635 1068 658 1093 ι

264 1167 552 1239 Expositio
567 1169 842 1238 evangelii
869 1184 882 1223 :
921 1191 942 1217 «
992 1170 1189 1227 Simile
1204 1175 1286 1227 est
1301 1187 1533 1244 regnum
1547 1173 1812 1229 cwlorum
1831 1197 1851 1222 η

335 1307 356 1330 α
393 1283 537 1338 Beati
584 1284 673 1354 qui
703 1285 1020 1340 custodiunt
1045 1287 1330 1355 judicium,
1374 1297 1424 1342 et
1456 1287 1654 1344 faciunt
1688 1289 1859 1357 justi-

259 1371 385 1428 tiam
414 1374 467 1426 in
499 1375 646 1428 omni
679 1377 1109 1444 tempore(Psal.
1143 1377 1254 1446 (ιγ).
1295 1401 1315 1425 ιι
1348 1377 1461 1432 Duo
1483 1378 1856 1446 suntjudicia:

261 1469 437 1527 Unum
494 1472 638 1543 quod
662 1472 750 1528 hic
779 1488 879 1543 per
931 1473 1143 1542 judices
1173 1475 1376 1530 Christi
1434 1475 1667 1531 vicarios
1697 1493 1859 1532 exer-

261 1567 414 1616 cetur
440 1575 452 1628 ;
475 1560 622 1616 aliud
655 1561 798 1631 quod
859 1561 911 1616 in
943 1562 1260 1618 novissimis
1289 1580 1390 1635 per
1437 1564 1730 1635 Christum,
1767 1565 1859 1638 qui

258 1664 287 1703 a
319 1648 554 1705 Domino
593 1651 924 1705 constitutus
983 1659 1065 1706 est
1089 1651 1256 1720 judex
1313 1653 1561 1708 vivorum
1606 1662 1659 1708 et
1697 1670 1857 1711 mor-

259 1751 498 1813 tuorum,
564 1746 878 1802 exhibetur.
947 1749 1042 1802 Est
1092 1757 1269 1803 autem
1307 1749 1575 1818 judicium
1619 1750 1794 1806 bonos
1824 1765 1856 1805 a
1886 1771 1938 1832 Β

263 1833 422 1888 malis
479 1834 818 1900 discernere,
879 1835 1040 1892 bonis
1097 1837 1259 1902 bona,
1318 1838 1477 1893 malis
1501 1838 1644 1894 mala
1699 1840 1860 1894 retri-

262 1922 454 1979 buere.
492 1924 580 1979 Sic
610 1924 858 1979 Christus
889 1925 940 1978 in
966 1925 1181 1994 judicio
1212 1927 1386 1982 bonos
1417 1942 1449 1982 a
1477 1927 1634 1982 malis
1666 1931 1749 1984 est
1776 1928 1859 1983 di-

261 2029 563 2087 screturus,
598 2030 652 2077 et
673 2022 834 2090 justis
865 2023 1086 2094 gaudia,
1121 2024 1300 2094 impiis
1332 2025 1596 2095 supplicia
1625 2033 1704 2080 est
1729 2026 1856 2082 red-

257 2109 492 2165 diturus.
543 2110 812 2166 Judicium
847 2127 982 2183 ergo
1013 2113 1328 2168 custodiunt
1358 2114 1450 2186 qui
1498 2115 1714 2170 Domini
1744 2115 1856 2171 cul-

254 2205 406 2254 tores
438 2199 690 2272 diligunt,
736 2200 951 2255 Domini
983 2209 1391 2274 contemptores
1440 2211 1726 2274 reSpuunt.
1756 2204 1856 2258 Ju-

255 2288 461 2346 dicium
522 2304 740 2362 quoque
800 2290 1102 2346 observare
1156 2299 1240 2346 est
1296 2292 1408 2346 suis
1442 2293 1598 2347 malis
1645 2293 1855 2348 meritis

257 2385 568 2458 quempiam
598 2386 795 2458 dignas
826 2402 1015 2458 pmnas
1045 2386 1318 2458 irrogare.
1359 2388 1461 2458 Qui
1492 2390 1634 2444 enim
1669 2405 1728 2444 se
1769 2389 1855 2445 his

255 2475 477 2546 vigiliis,
507 2475 731 2545 jejuniis
765 2484 814 2530 et
870 2477 989 2530 aliis
1021 2476 1128 2548 piis
1159 2477 1432 2533 laboribus
1462 2496 1562 2550 pro
1617 2478 1854 2550 peccatis

257 2571 526 2646 aﬁligunt,
562 2573 706 2627 beati
756 2582 896 2639 sunt,
932 2574 1057 2646 quia
1086 2590 1192 2629 non
1226 2591 1345 2631 cum
1377 2575 1555 2646 impiis
1594 2585 1852 2632 aeternum

253 2661 520 2730 judicium
581 2662 862 2716 subibunt.
899 2663 1039 2717 Duae
1090 2672 1215 2718 sunt
1264 2664 1427 2718 etiam
1476 2665 1715 2732 justitia’,
1748 2680 1856 2720 una

257 2750 546 2816 naturalis,
579 2751 788 2806 scilicet
816 2751 1008 2805 divina
1066 2767 1079 2821 ;
1140 2753 1313 2808 altera
1353 2754 1854 2823 consuetudinaria,

255 2839 511 2895 videlicet
540 2841 796 2895 humana.
829 2840 1110 2896 Naturalis
1128 2850 1209 2897 est
1223 2841 1434 2911 justitia
1477 2844 1592 2898 Deo
1623 2843 1850 2910 servire,

255 2929 574 3000 parentibus
604 2929 831 2984 obedire
869 2949 882 2994 ;
915 2931 1411 2999 consuetudinaria,
1446 2931 1619 3004 leges,
1652 2940 1856 2988 statuta

255 3017 606 3088 praelatorum
638 3020 955 3084 observare,
989 3027 1041 3074 et
1070 3036 1194 3074 cum
1225 3020 1436 3076 civibus
1485 3021 1846 3077 concordare.

1969 513 2197 570 facimus
2250 515 2410 570 valde
2448 518 2638 587 gravia
2671 527 2813 586 sunt,
2875 521 2996 592 quia
3029 538 3134 576 nos
3189 521 3241 575 in
3279 522 3553 578 interitum

1968 611 2240 676 mergunt.
2278 605 2434 660 Unde
2481 606 2718 662 molestis
2749 610 3103 665 scholasticus
3133 628 3235 666 nos
3263 610 3447 667 docuit
3501 620 3558 668 ut

1971 701 2340 758 conditionem
2363 720 2484 758 cum
2510 705 2698 774 judice
2735 707 3019 770 faciamus,
3054 717 3109 764 ut
3149 708 3357 765 scilicet
3405 710 3564 764 nobis

1969 790 2153 845 debita
2181 799 2363 847 nostra
2423 794 2500 848 sic
2531 794 2725 849 dimitti
2756 803 3019 866 petamus,
3056 797 3193 852 sicut
3215 814 3313 852 nos
3342 798 3558 855 debito-

1969 879 2126 934 ribus
2154 881 2358 936 nostris
2380 882 2926 953 relaxamustilfatth.
2969 888 3069 956 γι).
3096 888 3201 942 »Ει
3221 889 3376 941 Petro
3399 887 3564 942 inter-

1967 976 2202 1041 rogante
2258 971 2470 1042 quoties
2528 971 2681 1026 fratri
2730 974 2936 1043 peccati
2987 983 3132 1030 esset
3183 975 3562 1030 dimittendum

1969 1057 2016 1112 si
2055 1074 2229 1129 usque
2260 1059 2481 1128 septies,
2513 1076 2620 1116 non
2653 1079 2828 1134 usque
2859 1064 3082 1134 septies,
3109 1064 3300 1136 inquit,
3335 1066 3431 1120 sed
3464 1083 3561 1119 us-

1970 1172 2076 1228 que
2109 1157 2421 1227 septuagies
2452 1159 2656 1226 septies
2679 1161 2904 1226 (Matth.
2941 1164 3079 1232 xu),
3107 1163 3157 1216 id
3187 1171 3265 1217 est
3289 1163 3560 1235 quadrin-

1968 1246 2146 1318 gentis
2176 1247 2467 1318 nonaginta
2511 1247 2720 1302 vicibus
2755 1267 2766 1310 ;
2801 1251 2905 1304 hoc
2963 1259 3044 1305 est
3076 1259 3130 1305 ut
3197 1252 3458 1323 quidquid
3508 1253 3560 1306 in

1967 1335 2127 1390 nobis
2180 1335 2511 1407 delinquitur
2557 1337 2918 1392 dimittamus.
2980 1341 3044 1393 Et
3090 1341 3217 1394 item
3277 1341 3561 1411 Scriptura

1969 1424 2096 1479 dicit
2131 1439 2142 1478 :
2181 1448 2202 1470 ιι
2239 1425 2415 1479 Homo
2454 1425 2658 1479 homini
2692 1436 2870 1481 servat
2892 1427 3048 1491 iram,
3085 1437 3136 1482 et
3171 1445 3200 1482 a
3230 1430 3345 1484 Deo
3376 1439 3563 1501 sperat

1967 1522 2401 1578 misericordiam
2427 1525 2655 1593 (Eccles.
2681 1531 2898 1592 xxvni).
2946 1548 2966 1573 α
3004 1525 3107 1593 Qui
3140 1543 3277 1599 ergo
3331 1544 3438 1582 non
3470 1529 3560 1582 di—

1965 1611 2124 1666 mittit
2163 1612 2367 1666 homini
2415 1612 2471 1666 in
2523 1629 2583 1666 se
2637 1614 2888 1683 peccanti
2935 1630 3210 1684 nunquam
3272 1616 3561 1671 dimittitur

1965 1708 2018 1756 et
2048 1701 2100 1755 in
2133 1702 2304 1756 Deum
2351 1701 2620 1772 peccanti,
2671 1701 2780 1756 imo
2810 1701 2864 1756 in
2895 1703 3179 1758 tormentis
3208 1704 3276 1757 ab
3297 1720 3362 1759 eo
3393 1705 3563 1777 exigi-

1969 1805 2058 1852 tur
2110 1797 2254 1868 quod
2286 1813 2388 1868 per
2441 1797 2811 1868 pmnitentiam
2843 1799 2892 1853 ei
2953 1799 3254 1854 dimissium
3279 1800 3548 1856 creditur.

1965 1887 2072 1942 Sed
2103 1885 2242 1941 dicis
2277 1901 2288 1940 :
2320 1887 2442 1940 Non
2481 1902 2702 1957 possum
2733 1886 3005 1942 dimittere
3035 1889 3084 1944 ei
3121 1889 3211 1959 qui
3268 1889 3398 1942 milii
3431 1890 3562 1945 facit

1965 1975 2234 2043 injuriam,
2265 1991 2367 2030 nec
2399 1990 2586 2030 amare
2614 1975 2765 2029 illum
2796 1991 2828 2030 a
2857 1992 2963 2046 quo
2993 1977 3173 2046 patior
3195 1977 3548 2034 calumniam.

1965 2064 2011 2120 Ο
2040 2064 2232 2132 amice,
2268 2064 2395 2136 quid
2429 2063 2553 2120 fecit
2584 2063 2680 2118 tibi
2724 2063 2768 2118 is
2801 2081 2962 2136 quem
2996 2066 3194 2135 quaeris
3252 2067 3505 2121 occidere
3532 2072 3560 2121 '?

1962 2153 2217 2210 Amicum
2248 2169 2448 2219 meum,
2483 2152 2682 2224 inquis,
2703 2152 2921 2208 occidit.
2957 2155 3159 2225 thuid
3180 2155 3248 2209 ad
3283 2163 3332 2210 te
3354 2156 3561 2211 occisio

1961 2241 2226 2296 hominis.
2264 2241 2470 2296 Omnes
2527 2241 2671 2297 servi
2703 2258 2892 2296 sumus
2947 2243 3107 2296 unius
3137 2243 3354 2298 Domini
3410 2245 3559 2316 regis

1963 2339 2225 2404 omnium.
2259 2339 2349 2411 qui
2373 2339 2555 2408 justus
2579 2339 2756 2408 judex
2780 2339 3082 2396 vindicabit
3115 2356 3306 2396 omnes
3337 2341 3560 2409 injurias

1960 2429 2272 2484 hominum.
2314 2427 2418 2496 Qui
2449 2443 2584 2499 ergo
2613 2429 2888 2483 hominem
2921 2430 3210 2494 occiderit,
3260 2445 3368 2483 non
3398 2429 3452 2483 in
3484 2438 3556 2497 te,

1963 2518 2063 2572 sed
2092 2517 2145 2571 in
2176 2517 2325 2572 illum
2356 2517 2642 2588 delinquit,
2696 2518 2854 2586 cujus
2885 2534 3105 2572 servum
3137 2517 3356 2574 occidit.
3391 2519 3459 2572 Et
3514 2519 3559 2572 si

1961 2606 2088 2662 inde
2116 2606 2386 2661 ultionem.
2434 2606 2654 2676 quaeris,
2689 2606 2978 2676 dupliciter
3029 2623 3157 2661 reus
3189 2607 3297 2661 eris
3335 2623 3345 2662 :
3376 2608 3427 2660 in
3452 2623 3560 2662 uno

1962 2705 2109 2775 quod
2138 2721 2460 2762 conservum
2511 2714 2660 2759 tuum
2691 2704 3053 2766 occideris,in
3077 2706 3248 2760 altero
3282 2706 3423 2778 quod
3455 2706 3558 2762 do-

1961 2795 2109 2849 mino
2137 2803 2226 2849 tuo
2248 2794 2518 2866 judicium
2553 2810 2718 2848 suum
2749 2793 3064 2849 abstuleris.

2033 2946 2203 3020 Igitur
2227 2947 2272 3001 si
2303 2945 2654 3001 homicidium
2691 2945 2830 3002 facto
2863 2945 2948 3001 vel
2979 2946 3212 3002 consilio
3242 2945 3558 3002 vindicave-

1961 3035 2051 3102 ris,
2090 3052 2213 3092 cum
2243 3036 2538 3091 homicidio
2568 3035 2754 3107 utique
2785 3035 3160 3102 damnaberis,
3195 3035 3323 3108 quia
3385 3059 3406 3082 α
3468 3035 3561 3106 qui

257 3106 412 3162 Beati
441 3115 566 3162 sunt
595 3123 731 3180 ergo
762 3107 858 3179 qui
892 3107 1157 3176 justitiam
1212 3109 1266 3163 in
1295 3109 1440 3164 omni
1471 3117 1713 3180 tempore
1766 3115 1854 3165 ta-

1964 3124 2074 3181 odit
2097 3124 2314 3180 fratrem
2337 3141 2517 3192 suum,
2574 3106 2849 3180 homicida
2880 3133 2960 3179 est
2995 3142 3008 3188 ;
3043 3125 3203 3179 ethic
3219 3106 3340 3179 non
3397 3123 3563 3178 habet

257 3204 427 3270 ciunt,
463 3205 592 3277 quia
621 3221 653 3261 a
677 3205 888 3274 justitia
937 3206 1111 3262 Patris
1129 3224 1228 3280 per
1266 3208 1541 3264 Christum
1555 3209 1693 3278 iusta
1735 3209 1855 3266 vita:

259 3295 478 3366 praemia
509 3295 834 3366 percipiunt.

324 3416 664 3473 Hodiernum
694 3419 1050 3492 evangelium
1080 3429 1266 3477 monet
1293 3437 1393 3478 nos
1424 3422 1495 3478 ad
1521 3422 1740 3492 justitia:
1761 3425 1854 3493 ju-

253 3505 482 3562 dicium.
526 3507 666 3563 Dicit
721 3525 954 3580 namque
986 3510 1132 3582 quod
1185 3511 1410 3580 quidam
1442 3528 1532 3567 rex
1587 3512 1856 3568 rationem

255 3607 382 3649 cum
441 3594 617 3649 servis
666 3595 780 3649 suis
816 3595 1017 3666 posuit,
1077 3596 1165 3653 cui
1195 3597 1408 3653 oblatus
1440 3606 1523 3652 est
1572 3615 1731 3665 unus,
1765 3598 1857 3670 qui

254 3680 451 3738 decem
497 3682 670 3738 millia
700 3684 899 3739 talenta
929 3684 1138 3740 debuit.
1181 3687 1247 3740 Et
1276 3686 1403 3758 quia
1431 3685 1575 3742 unde
1605 3687 1857 3744 redderet

252 3786 362 3827 non
396 3771 606 3840 habuit,
640 3772 899 3828 dominus
930 3788 1053 3828 eum
1111 3789 1234 3830 cum
1279 3791 1451 3830 uxore
1481 3789 1547 3830 ac
1595 3773 1716 3830 filiis
1743 3791 1857 3832 om-

253 3860 526 3933 nibusque
553 3862 664 3915 suis
692 3861 996 3916 venundari
1018 3863 1198 3930 jussit.
1233 3863 1337 3932 Qui
1368 3864 1660 3935 procidens
1689 3865 1857 3921 mise-

253 3949 546 4005 ricordiam
581 3950 901 4020 postulavit,
933 3959 986 4006 et
1015 3953 1267 4007 dominus
1296 3953 1572 4019 misertus,
1596 3954 1778 4010 omnia
1807 3955 1856 4010 ei

253 4037 493 4094 donavit.
514 4039 985 4113 llliveroegresso
1025 4041 1240 4096 debitor
1256 4051 1473 4097 centum
1506 4043 1855 4098 denariorum

252 4126 438 4181 obviat
472 4143 487 4196 ;
521 4144 681 4200 quem
715 4137 912 4185 tenens
979 4129 1224 4199 suﬂ‘ocat,
1257 4132 1524 4187 violenter
1580 4135 1856 4204 stringens

253 4235 311 4281 ut
337 4227 578 4282 debitum
611 4228 827 4282 reddat.
867 4227 970 4297 Qui
1003 4230 1164 4284 etiam
1196 4229 1310 4300 ipse
1329 4230 1626 4300 procidens
1644 4230 1856 4284 miseri-

255 4315 499 4370 cordiam
556 4317 828 4386 poposcit,
863 4317 957 4372 sed
991 4317 1123 4372 nihil
1181 4317 1230 4371 ei
1262 4317 1483 4387 profuit.
1514 4319 1652 4371 Nam
1685 4317 1855 4372 mise-

255 4419 372 4457 rum
423 4404 639 4459 carceri
670 4405 976 4474 mancipat,
1013 4405 1190 4461 donec
1224 4405 1463 4460 debitum
1494 4405 1684 4461 solvat.
1736 4404 1856 4474 Quo

1961 3221 2175 3286 partem
2229 3213 2282 3268 in
2303 3222 2510 3269 aeterna
2539 3213 2648 3268 vita
2681 3215 2866 3279 (Joan.
2895 3217 3002 3283 ιιι).
3033 3238 3054 3262 »ι
3079 3218 3166 3279 At,
3198 3221 3254 3268 tu
3282 3213 3424 3268 bone
3454 3212 3557 3279 vir,

1961 3325 2060 3368 cur
2090 3311 2172 3366 vis
2203 3310 2353 3365 illius
2394 3311 2645 3365 membra
2691 3311 2968 3375 mutilare,
3003 3327 3162 3381 quem
3195 3309 3390 3365 summi
3447 3310 3560 3363 Im-

1961 3403 2228 3472 peratoris
2283 3399 2446 3455 Filius
2475 3417 2663 3454 secum
2723 3400 2837 3453 vult
2875 3415 3215 3472 conregnare
3245 3401 3273 3452 ἱ)
3305 3398 3559 3464 Abstulit,

1960 3488 2159 3560 inquis,
2194 3489 2336 3544 bona
2366 3504 2508 3543 mea.
2545 3488 2680 3556 Quae
2711 3489 2850 3544 bona
2880 3492 2908 3542 ξ)
2937 3493 3168 3553 Aurum,
3226 3487 3425 3559 inquis,
3471 3493 3563 3540 aut

1961 3585 2272 3648 argentum,
2305 3587 2395 3632 aut
2424 3593 2642 3649 equum,
2676 3585 2769 3632 aut
2816 3577 3022 3650 aliquid
3073 3577 3367 3646 ejusmodi.
3403 3576 3563 3631 Oho-

1956 3683 2068 3733 mo,
2092 3683 2271 3722 nonne
2300 3667 2480 3722 nudus
2513 3667 2568 3722 in
2613 3668 2761 3723 hunc
2801 3668 3063 3722 mundum
3102 3667 3318 3732 venisti,
3350 3674 3403 3722 et
3430 3665 3563 3720 nihil

1958 3757 2155 3812 horum
2205 3764 2385 3813 tecum
2442 3756 2726 3812 attulisti?
2783 3757 2899 3814 Nec
2946 3757 3169 3811 dubium
3200 3757 3328 3828 quin
3385 3755 3564 3809 nudus

1961 3847 2122 3901 etiam
2153 3847 2223 3902 de
2249 3846 2455 3901 mundo
2485 3846 2763 3911 discedas,
2805 3854 2858 3900 et
2888 3845 3070 3900 omnia
3103 3845 3189 3900 hic
3245 3845 3555 3915 relinquas.

1959 3937 2076 3992 Huc
2106 3937 2361 3990 universa
2393 3935 2461 3990 de
2489 3942 2636 3989 terra
2693 3943 2985 4000 venerunt,
3019 3942 3074 3988 et
3112 3934 3309 3988 iterum
3365 3933 3417 3985 in
3450 3941 3564 3986 ter-

1959 4040 2073 4080 ram
2105 4026 2379 4080 redibunt.
2414 4023 2565 4077 Nihil
2595 4024 2767 4076 habes
2798 4022 2886 4076 hic
2909 4021 3210 4092 proprium,
3245 4021 3340 4075 sed
3394 4027 3561 4075 totum

1961 4130 2043 4177 est
2072 4121 2311 4175 alienum
2347 4138 2358 4174 :
2401 4143 2422 4166 ιι
2462 4119 2682 4173 Domini
2741 4127 2825 4172 est
2857 4127 3001 4172 terra
3032 4127 3084 4171 et
3105 4118 3385 4188 plenitudo
3441 4119 3565 4187 ejus

1963 4211 2146 4277 (Psal.
2185 4212 2367 4277 χχιιι).
2414 4231 2435 4254 n
2471 4208 2549 4261 De
2583 4206 2740 4262 bonis
2773 4207 2884 4260 suis
2905 4214 3110 4278 partem
3142 4207 3237 4260 tibi
3269 4209 3562 4276 concessit,

1960 4293 2214 4364 quamdiu
2261 4293 2369 4348 sibi
2407 4291 2604 4362 placuit
2639 4309 2652 4354 ;
2685 4307 2808 4346 cum
2849 4291 3051 4346 diutius
3083 4300 3134 4346 te
3156 4292 3564 4359 baberenoluit,

1959 4393 2124 4448 alium
2178 4393 2370 4448 tollere
2395 4392 2579 4461 jussit.
2643 4391 2895 4460 Quandiu
2926 4391 3096 4446 voluit
3124 4392 3273 4446 bona
3313 4407 3409 4445 sua
3465 4391 3567 4446 Job

254 4500 437 4555 audito
492 4499 744 4555 dominus
775 4517 990 4555 servum
1050 4516 1284 4573 nequam
1315 4509 1543 4556 revocat
1600 4501 1736 4557 dure
1764 4501 1851 4556 in-
1883 4496 1938 4559 D
1967 4482 2156 4536 tribuit
2188 4501 2201 4547 ;
2236 4497 2357 4537 cum
2389 4481 2583 4536 iterum
2616 4480 2718 4534 sibi
2751 4481 2954 4552 placuit
2985 4481 3034 4534 ei
3064 4480 3320 4535 auferens
3349 4480 3568 4535 diabolo

253 4597 462 4661 crepat,
513 4589 803 4645 tortoribus
835 4589 1018 4656 tradit,
1051 4590 1362 4644 universum
1408 4590 1654 4645 debitum
1697 4591 1766 4645 ab
1797 4606 1861 4646 eo

257 4680 403 4752 exigi
434 4679 714 4751 praecepit.
750 4679 814 4734 Et
847 4679 975 4751 quid
1008 4694 1107 4750 per
1129 4679 1246 4734 haec
1260 4679 1428 4734 verba
1451 4678 1858 4752 significaverit,

260 4777 524 4833 Dominus
582 4775 920 4833 concludens
962 4776 1233 4832 innotuit:
1269 4800 1291 4823 α
1329 4777 1438 4841 Sic,
1473 4776 1749 4849 inquiens,
1783 4777 1862 4832 fa-

258 4867 368 4922 ciet
399 4867 553 4922 vobis
616 4869 775 4922 Pater
804 4883 960 4920 meus
1015 4865 1280 4933 caelestis,
1317 4865 1360 4919 si
1395 4882 1502 4920 non
1540 4866 1862 4922 remiseritis

260 4956 571 5011 hominibus
603 4972 665 5011 ex
706 4955 965 5012 cordibus
987 4954 1186 5012 vestris
1215 4955 1440 5023 (Matth.
1487 4955 1674 5023 xviii).
1715 4978 1737 5002 η

332 5081 674 5146 Charissimi,
705 5081 810 5135 ista
858 5085 987 5135 sunt
1017 5079 1179 5135 nimis
1209 5079 1522 5145 metuenda,
1569 5094 1634 5134 ac
1659 5079 1864 5150 jugiter

259 5169 314 5224 in
344 5170 612 5225 memoria
660 5169 978 5224 retinenda.
1017 5169 1130 5225 Rex
1163 5168 1256 5240 qui
1287 5168 1550 5223 rationem
1581 5183 1705 5224 cum
1736 5185 1862 5223 ser-

258 5259 340 5314 vis
371 5259 551 5330 posuit
581 5267 662 5313 est
694 5258 965 5324 Christus,
1000 5258 1091 5330 qui
1121 5273 1311 5313 omnes
1343 5257 1594 5312 homines
1623 5273 1723 5328 pro
1737 5257 1865 5313 acti-

260 5346 362 5400 bus
393 5347 507 5401 suis
555 5346 608 5400 in
635 5346 904 5415 judicium
930 5347 1169 5402 adducit.
1204 5346 1432 5402 Debitor
1488 5347 1676 5401 decem
1736 5347 1864 5400 mil-

257 5434 388 5490 lium
451 5435 776 5490 talentorum
835 5444 916 5490 est
973 5435 1207 5508 quilibet
1265 5443 1644 5506 transgressor
1672 5435 1861 5490 decem

257 5530 688 5596 praeceptorum.
729 5524 960 5578 Debitor
983 5539 1123 5580 vero
1154 5528 1369 5578 centum
1401 5525 1750 5579 denariorum
1782 5533 1865 5579 est

258 5613 619 5669 calumniator
666 5614 1072 5684 proximorum.
1113 5612 1217 5676 Qui
1264 5629 1396 5684 ergo
1429 5614 1676 5668 volumus
1706 5614 1863 5668 nobis

262 5719 293 5758 a
323 5703 440 5758 Deo
472 5702 667 5756 dimitti
725 5702 941 5775 gravia,
973 5702 1308 5757 dimittamus
1362 5702 1632 5772 proximis
1687 5703 1853 5758 levia.

257 5791 416 5849 Levia
447 5790 647 5864 quippe
678 5799 804 5847 sunt
832 5791 1012 5848 omnia
1034 5807 1155 5864 quae
1183 5789 1341 5846 nobis
1359 5790 1610 5846 homines
1639 5790 1859 5859 faciunt,

1957 4571 2124 4627 dedit.
2157 4571 2313 4627 Unde
2344 4579 2396 4626 et
2425 4570 2542 4640 ipse
2577 4587 2588 4624 :
2631 4591 2648 4617 ι
2686 4569 2975 4634 Dominus,
3009 4570 3202 4640 inquit,
3238 4569 3414 4633 dedit,
3450 4571 3569 4623 Do-

1958 4660 2138 4715 minus
2169 4659 2390 4715 abstulit
2421 4659 2571 4728 (Job.
2608 4661 2669 4725 ι).
2709 4683 2729 4706 ιι
2763 4660 2885 4714 Non
2916 4658 3052 4712 dixit
3089 4675 3099 4711 :
3139 4683 3159 4705 ιι
3196 4658 3455 4712 Diabolus
3479 4658 3565 4710 ab-

1961 4758 2125 4822 stulit,
2151 4759 2278 4829 quia
2299 4758 2568 4812 Dominus
2593 4756 2881 4812 solusinde
2906 4765 3232 4828 potestatem
3283 4756 3493 4808 habuit.
3541 4775 3564 4804 ι

1960 4847 2092 4902 Cum
2123 4863 2255 4916 ergo
2287 4847 2362 4900 sis
2393 4846 2598 4902 vermis
2625 4854 2679 4900 et
2707 4847 2958 4917 putredo,
2991 4861 3061 4899 ne
3091 4845 3348 4912 injuriam
3398 4843 3569 4898 facias

1961 4947 2095 5011 Deo,
2131 4945 2411 5000 vindicans
2445 4953 2494 4999 te
2525 4944 2580 4998 in
2609 4944 2885 5014 proximo.
2919 4945 2998 4998 Tu
3027 4950 3230 5006 autem,
3256 4941 3435 5005 cbare,
3465 4957 3572 4996 cur

1961 5035 2044 5089 vis
2076 5033 2230 5089 illum
2265 5033 2553 5104 fustigare,
2616 5033 2699 5088 vel
2734 5033 2894 5087 rebus
2948 5032 3061 5102 suis
3099 5031 3317 5102 privare
3353 5030 3380 5083 ‘3
3411 5030 3568 5098 Male,

1961 5131 2161 5204 inquis,
2195 5131 2406 5186 locutus
2442 5139 2525 5185 est
2557 5130 2706 5184 mihi.
2752 5129 2798 5184 Ο
2831 5127 3289 5199 insensatelquid
3330 5136 3411 5182 est
3441 5145 3569 5183 ver-

1961 5221 2091 5275 bum
2131 5219 2236 5274 nisi
2269 5231 2470 5274 ventus
2492 5221 2519 5272 ‘?
2542 5220 2832 5290 Postquam
2865 5219 3008 5272 enim
3039 5218 3108 5272 de
3151 5233 3245 5271 ore
3277 5216 3566 5285 volaverit,

1962 5325 2087 5364 mox
2119 5309 2174 5362 in
2230 5324 2392 5363 auras
2421 5308 2665 5362 evanuit.
2699 5307 2804 5376 Qui
2836 5316 3015 5362 autem
3048 5306 3188 5360 male
3217 5305 3428 5361 locutus
3487 5315 3570 5361 est

1961 5424 2069 5463 non
2106 5407 2220 5468 tibi,
2254 5406 2351 5461 sed
2382 5406 2486 5460 sibi
2518 5406 2721 5473 nocuit,
2756 5407 2888 5477 quia
2919 5405 3011 5476 qui
3034 5406 3191 5460 etiam
3225 5405 3363 5458 fatue
3410 5405 3569 5459 dixe—

1962 5497 2054 5563 rit,
2090 5512 2219 5552 reus
2251 5497 2519 5566 gehennae
2575 5495 2720 5566 ignis
2761 5495 2864 5550 erit
2921 5495 3151 5563 (Matth.
3192 5494 3270 5560 v).
3304 5493 3410 5546 Sed
3437 5495 3480 5546 si
3513 5502 3567 5546 tu

1961 5595 2106 5651 male
2138 5593 2359 5657 vixeris,
2393 5592 2522 5664 quid
2559 5593 2801 5663 proderit
2833 5591 2928 5646 tibi
2959 5593 3191 5660 alicujus
3216 5589 3566 5643 benedictio?

1964 5693 2021 5748 Si
2053 5709 2182 5747 vero
2211 5692 2349 5746 bene
2372 5690 2592 5756 vixeris,
2632 5690 2762 5761 quid
2784 5689 2969 5746 oberit
3008 5690 3102 5744 tibi
3135 5687 3359 5753 alicujus
3390 5684 3568 5738 male—

1963 5790 2444 5848 dictio‘iltliserum
2473 5796 2556 5846 est
2588 5804 2724 5860 ergo
2779 5790 2978 5844 horum
3008 5787 3338 5842 miserorum
3395 5796 3570 5852 auge-
