4008 6092
436 180 567 239 1211

1585 175 1930 235 VVERNERI
1955 174 2241 235 ABBATIS
2279 177 2337 234 S.
2376 178 2597 235 BLASII

3614 176 3762 230 1312

434 321 496 363 re
521 305 799 362 miseriam
853 319 955 377 per
1018 303 1333 369 vindictam,
1392 316 1517 361 cum
1546 302 1652 376 ipsi
1702 302 1886 359 miseri
1939 318 2037 358 su-
2065 301 2118 369 A
2151 302 2356 361 decore
2416 302 2873 377 profugaverunt.
2917 302 3255 376 Reversique
3282 301 3564 376 ingentem
3615 314 3767 372 prae-

435 411 535 467 per
571 410 631 450 se
689 392 1115 466 provocaverint
1213 393 1348 448 iram
1395 393 1523 448 Dei.
1585 392 1733 448 Deus
1805 406 2043 463 namque

439 482 747 539 homicidas
775 482 1074 551 damnabit,
1108 490 1358 556 raptores
1386 497 1603 555 quoque
1633 480 1814 553 poenis
1843 479 2039 553 subju-

439 572 614 644 gabit,
650 571 975 627 maledictos
1007 572 1170 627 etiam
1200 572 1268 633 ab
1296 580 1499 627 aeterna
1540 570 1917 626 benedictione
1945 585 2040 623 se—

443 671 727 744 gregabit.
762 671 932 742 Igitur
959 679 1157 726 cuncta
1188 670 1243 725 in
1262 686 1363 725 nos
1392 670 1688 727 commissa
1710 667 2043 724 suntdimit-

443 759 629 827 tende,
660 759 719 815 in
755 760 927 814 Deum
958 759 1253 815 commissa
1281 766 1406 814 sunt
1425 776 1456 813 a
1479 758 1720 830 praelatis
1744 756 2037 830 punienda.

443 856 579 927 Quae
609 856 715 929 ipsi
743 858 799 912 in
831 858 1003 913 Deum
1033 874 1350 931 peccamus,
1384 858 1553 930 digna
1591 856 1908 931 pmnitentia
1935 872 2039 928 pu—

440 953 678 1020 niamus,
711 971 832 1027 quin
854 955 1013 1011 nobis
1044 955 1340 1029 subjectiin
1357 955 1535 1027 legem
1557 955 1658 1010 Dei
1673 960 2045 1026 peccaverunt

443 1059 554 1101 non
616 1043 934 1115 crudeliter,
992 1044 1090 1100 sed
1145 1044 1575 1100 misericorditer
1604 1044 1955 1118 castigemus,
1984 1049 2042 1096 ut

444 1132 655 1187 animas
685 1148 872 1188 eorum
924 1133 1225 1200 salvemus,
1259 1132 1384 1205 quia
1416 1158 1438 1181 μ
1468 1132 1732 1201 judicium
1786 1132 1904 1187 sine
1936 1129 2042 1189 mi-

444 1231 740 1293 sericordia
797 1231 847 1288 ei
906 1232 999 1304 qui
1056 1247 1166 1291 non
1224 1230 1352 1287 fecit
1404 1230 1832 1295 misericordiam
1888 1230 2034 1297 (Jac.

444 1322 504 1389 ιι)
540 1339 554 1388 ;
595 1343 615 1367 »ι
652 1336 773 1393 quae
801 1328 980 1377 autem
1037 1322 1094 1373 in
1117 1335 1219 1375 nos
1251 1320 1418 1375 verbo
1461 1320 1543 1374 vel
1572 1318 1713 1376 facto
1745 1318 2043 1381 commise-

444 1408 576 1477 rint,
602 1408 919 1465 rclaxemus
951 1416 1003 1462 et
1024 1408 1278 1479 gaudium
1312 1416 1366 1465 et
1407 1407 1651 1463 laetitiam
1682 1407 2034 1479 recipiemus.

516 1533 674 1587 Nunc
705 1539 883 1587 vestra
910 1531 1131 1588 dilectio
1160 1532 1340 1589 audiat
1369 1546 1532 1604 quam
1559 1533 1704 1601 juste
1732 1532 1879 1586 Deus
1906 1545 2042 1602 pec-

2148 392 2272 447 dam
2297 392 2662 467 collegerunt,
2695 391 3126 463 Hierosolymam
3154 400 3435 459 venerunt,
3493 390 3767 447 victimas

2151 482 2268 549 Deo
2297 482 2625 544 obtulerunt,
2682 481 2776 553 qui
2827 480 3088 553 populum
3116 498 3273 537 suum
3328 497 3427 552 per
3483 478 3765 535 feminam

2151 569 2405 636 redemit,
2440 577 2490 626 et
2523 570 2789 625 tristitiam
2821 584 3004 625 eorum
3036 569 3087 624 in
3118 570 3377 647 gaudium
3431 566 3755 624 convertit.

2152 665 2241 722 Sic
2272 667 2424 725 Deus
2454 667 2725 741 superbos
2780 667 3055 739 dispersit,
3099 666 3332 723 humiles
3359 673 3538 725 autem
3595 663 3763 719 exal-

2148 763 2271 813 tans
2302 755 2567 827 protexit.
2621 755 2778 826 Quod
2809 756 2925 812 haec
2946 756 3110 815 vidua
3157 755 3283 815 vicit
3308 764 3622 827 tyrannum.
3687 752 3761 807 si-

2147 843 2372 920 gnificat
2405 845 2553 918 quod
2582 860 2711 903 caro
2739 843 2937 902 Christi
2966 844 3094 902 vicit
3122 844 3418 901 diabolum.

2221 968 2443 1040 Legitur
2467 984 2686 1041 quoque
2720 967 2867 1041 quod
2899 984 3002 1024 rex
3058 968 3337 1023 Assuerus
3365 966 3576 1040 grande
3626 981 3760 1021 cou-

2151 1057 2355 1119 vivium
2386 1058 2600 1117 cunctis
2630 1056 2971 1130 principibus
3001 1065 3053 1113 et
3071 1057 3286 1130 populis
3315 1056 3473 1129 regni
3491 1056 3582 1115 sui
3605 1055 3759 1125 [οδε.

2150 1157 2244 1227 rit,
2266 1164 2318 1212 et
2339 1156 2482 1212 inter
2501 1157 2689 1228 epulas
2715 1156 2964 1227 reginam
2995 1157 3183 1213 Vasthi
3212 1172 3416 1213 corona
3444 1156 3759 1213 redimitam

2150 1244 2423 1301 introduci
2448 1245 2672 1315 jusserit
2704 1247 2929 1315 (Esther
2956 1248 3015 1317 i).
3048 1244 3219 1315 Quam
3271 1245 3476 1301 intrare
3505 1260 3758 1300 renuen-

2153 1350 2260 1397 tem
2289 1360 2385 1397 rex
2413 1359 2588 1416 regno
2608 1342 2862 1415 privavit,
2919 1344 3116 1398 Esther
3144 1359 3245 1415 pro
3275 1358 3341 1397 ea
3379 1350 3599 1413 sceptro
3657 1358 3757 1397 su-

2155 1431 2420 1487 blimavit.
2463 1433 2589 1487 Post
2619 1432 2736 1487 haec
2780 1448 2881 1487 rex
2910 1431 3198 1504 quemdam
3226 1434 3399 1487 Aman
3455 1447 3624 1501 super
3651 1445 3757 1484 re-

2153 1537 2324 1593 gnum
2350 1520 2970 1593 exaltavit,cunctosque
2997 1520 3274 1592 principes
3316 1520 3364 1575 ei
3394 1519 3747 1592 subjugavit.

445 1627 683 1683 calores,
717 1627 771 1675 et
825 1636 987 1693 quam
1017 1620 1443 1677 misericorditer
1470 1636 1532 1676 se
1577 1620 1894 1676 invocantes
1922 1636 2044 1674 mu-
2072 1651 2126 1712 B
2155 1618 2252 1673 Cui
2283 1635 2405 1675 cum
2430 1635 2631 1674 omnes
2662 1618 2958 1689 erupissent
3012 1634 3161 1691 genu
3218 1633 3463 1683 curvare,
3523 1616 3760 1671 Mardo-

449 1709 580 1765 niat.
612 1710 739 1780 Ipse
795 1709 1000 1781 quippe
1030 1718 1109 1765 est
1139 1709 1383 1767 clemens
1415 1710 1572 1765 Pater
1626 1709 1915 1777 bonorum,
1938 1724 2043 1780 po-

448 1806 570 1863 tens
603 1798 868 1854 Dominus
901 1799 1190 1857 malorum.
1229 1800 1343 1856 Rex
1384 1799 1558 1855 David
1584 1799 1729 1855 Uriae
1748 1798 1871 1855 duci
1901 1813 2049 1854 uxo-

448 1902 565 1952 rem
625 1902 783 1951 suam
831 1887 1101 1949 abstulit:
1135 1888 1313 1959 ipsum
1343 1903 1559 1959 quoque
1612 1904 1714 1959 per
1766 1887 2050 1945 consilium

449 1975 679 2032 occidit.
719 1975 878 2046 Quod
900 1977 1164 2033 Dominus
1184 1976 1474 2042 ulciscens,
1506 1975 1768 2033 infantem
1794 1992 1861 2031 ex
1888 1975 2050 2031 adul-

448 2065 590 2122 terio
642 2072 829 2121 natum
874 2065 1236 2135 mortiﬁcavit,
1288 2063 1569 2137 ﬁliumque
1625 2065 1798 2135 ipsius
1826 2064 2054 2123 Absalo-

451 2177 598 2226 nem,
632 2177 797 2232 quem
853 2162 1127 2232 praecipue
1155 2161 1376 2228 amavit,
1425 2168 1609 2216 contra
1639 2176 1762 2215 eum
1814 2160 2051 2233 instiga-

452 2249 556 2305 vit.
597 2248 702 2318 Qui
731 2264 936 2307 uxores
989 2250 1163 2320 patris
1192 2249 1416 2319 publice
1446 2248 1686 2321 violavit,
1713 2248 1937 2320 insuper
1962 2248 2051 2320 ip—

451 2354 571 2394 sum
630 2353 807 2408 regno
869 2337 1122 2408 privavit.
1156 2336 1334 2406 Quem
1364 2337 1445 2394 sic
1472 2338 1819 2410 castigatum,
1878 2353 2052 2409 regno

450 2434 645 2491 iterum
675 2434 822 2493 Deus
878 2434 1130 2498 restituit.
1162 2434 1491 2505 parricidam
1538 2442 1723 2490 autem
1769 2432 1939 2490 ﬁlium
1994 2434 2050 2490 in

453 2522 743 2593 reprobam
790 2533 1024 2579 mortem
1055 2523 1302 2579 tradidit.
1339 2523 1517 2585 David
1546 2532 1728 2580 autem
1758 2523 2047 2595 paenitens,

454 2610 631 2682 magis
688 2611 867 2671 adhuc
895 2613 1233 2679 consolatur,
1292 2613 1420 2669 dum
1448 2612 1729 2679 Salomon,
1761 2629 1826 2668 ex
1856 2613 2050 2670 eadem

452 2699 661 2755 femina
692 2701 860 2772 ipsius
892 2700 1059 2770 filius,
1093 2701 1144 2761 in
1178 2702 1335 2773 regni
1363 2702 1502 2757 solio
1533 2703 1862 2763 collocatur.
1882 2702 2038 2774 Legi-

455 2794 550 2843 tur
581 2790 743 2844 etiam
775 2790 918 2861 quod
953 2805 1055 2846 rex
1087 2789 1388 2863 Cambyses
1417 2790 1640 2861 cupiens
1669 2791 1819 2846 solus
1851 2806 2049 2869 regna-

455 2894 538 2945 re,
558 2879 722 2949 jussit
749 2877 1101 2934 Holofernem
1134 2879 1436 2950 principem
1471 2879 1676 2935 militiae
1728 2889 1920 2935 cuncta
1962 2895 2051 2935 or-

459 2976 543 3030 bis
592 2992 765 3048 regna
819 2977 924 3032 sibi
991 2976 1320 3050 subjugare.
1360 2976 1465 3051 Qui
1521 2993 1645 3032 cum
1676 2977 1852 3032 valida
1880 2993 2049 3032 manu

459 3080 718 3137 egressus
773 3081 964 3121 omnes
993 3067 1047 3119 in
1078 3067 1303 3122 circuitu
1346 3066 1589 3123 civitates
1618 3067 1855 3121 munitas
1910 3082 2044 3123 con-

456 3154 641 3227 fregit,
677 3156 893 3209 tandem
941 3153 1011 3210 ad
1048 3155 1293 3209 Iudaeam
1338 3155 1684 3225 perveniens,
1745 3154 2050 3210 Bethuliam

460 3243 694 3298 obsedit.
730 3243 975 3315 Pepulus
1004 3252 1185 3297 autem
1217 3243 1317 3298 Dei
1347 3250 1600 3299 metuens
1616 3260 1684 3299 ne
1707 3244 2049 3300 Hierusalem

462 3338 598 3393 sicut
627 3340 764 3395 alias
820 3342 1067 3397 civitates
1111 3342 1433 3408 destrueret,
1469 3342 1695 3413 jejuniis
1722 3350 1774 3397 et
1802 3343 2054 3397 obsecra-

460 3428 700 3482 tionibus
755 3429 967 3485 invocat
1023 3431 1219 3497 Deum,
1244 3430 1335 3501 qui
1392 3440 1472 3485 est
1504 3440 1778 3502 protector
1806 3430 2054 3486 omnium

457 3516 794 3584 sperantium
862 3517 917 3570 in
950 3533 1028 3582 se,
1054 3525 1111 3571 ut
1139 3518 1389 3589 clypeum
1423 3535 1536 3573 suae
1565 3519 1921 3591 protectionis
1950 3518 2054 3573 bo-

463 3602 637 3657 stibus
691 3613 1014 3673 opponeret.
1072 3606 1482 3661 Habitatoribus
1537 3608 1717 3679 itaque
1798 3607 2055 3662 Betbulize

463 3691 641 3747 victus
697 3692 989 3758 defecerat,
1081 3693 1280 3764 quibus
1354 3696 1629 3751 exercitus
1710 3696 2053 3767 aqaeductum

463 3780 790 3836 succiderat.
825 3779 978 3849 Quos
1023 3782 1134 3850 jam
1191 3781 1503 3838 deficientes
1532 3784 1806 3856 principes
1861 3799 2058 3840 conso-

463 3867 664 3937 lantur,
698 3869 914 3924 Domini
943 3870 1209 3925 auxilium
1230 3870 1577 3942 pollicentur.

536 4005 595 4057 In
627 4005 821 4061 eadem
873 4014 1053 4073 autem
1082 4005 1296 4063 civitate
1355 4005 1609 4081 religiosa
1656 4008 1842 4075 vidua,
1871 4008 2058 4075 Judith

466 4094 705 4161 nomine,
740 4093 836 4150 fuit
869 4112 881 4149 :
915 4112 1038 4168 quae
1066 4108 1190 4166 post
1220 4096 1528 4153 triduanum
1553 4096 1819 4167 jejunium
1853 4114 1913 4157 se
1941 4114 2058 4163 om-

466 4191 632 4247 nibus
660 4193 998 4248 ornamentis
1055 4192 1249 4259 induit,
1299 4194 1367 4247 ad
1397 4203 1580 4251 castra
1627 4195 1933 4263 Holofernis
1957 4195 2058 4259 de—

467 4281 681 4345 scendit
740 4281 961 4350 (Iudith
993 4283 1110 4349 vn).
1146 4280 1268 4350 Qua
1323 4282 1439 4341 visa
1470 4284 1651 4339 statim
1680 4285 1887 4355 capitur
1939 4284 2060 4354 ejus

2160 1707 2344 1763 chaeus
2402 1707 2609 1779 reginae
2665 1715 2894 1778 patruus
2923 1705 3094 1762 noluit
3149 1722 3274 1761 eum
3300 1705 3555 1763 adorare.
3592 1704 3757 1761 Unde

2158 1795 2478 1870 indignatus
2535 1795 2802 1871 disposuit
2831 1811 2954 1851 eum
3003 1811 3125 1851 cum
3157 1795 3305 1861 omni
3343 1794 3604 1869 progenie
3652 1809 3763 1848 sua

2158 1892 2283 1949 neci
2316 1892 2476 1962 tradi,
2507 1910 2632 1949 eum
2660 1893 2811 1967 regis
2840 1892 3020 1965 sigillo
3050 1892 3290 1949 decrevit
3310 1907 3505 1949 omnes
3533 1890 3764 1946 Iudaeos

2159 1998 2260 2056 per
2337 1982 2497 2055 regni
2554 1982 2780 2037 Assueri
2836 1981 2973 2037 fines
3054 1980 3421 2046 exterminari,
3476 1979 3767 2052 altumque

2162 2071 2339 2127 erexit
2369 2070 2677 2144 equuleum,
2709 2070 2764 2126 in
2796 2087 2906 2145 quo
2952 2069 3123 2126 voluit
3178 2069 3517 2142 suspendere
3544 2068 3767 2125 Mardo-

2162 2161 2398 2216 chaeum.
2438 2162 2652 2215 Interea
2681 2160 2788 2215 duo
2817 2159 3071 2225 volebant
3101 2175 3286 2232 regem
3315 2157 3585 2223 occidere,
3620 2172 3765 2229 quos

2159 2274 2256 2331 per
2276 2257 2670 2314 Mardochaeum
2720 2256 2969 2329 proditos
2993 2257 3152 2325 jussit
3186 2273 3282 2321 rex
3314 2256 3574 2331 perdere.
3606 2255 3761 2308 Mar-

2160 2346 2440 2402 dochaeum
2470 2362 2603 2402 vero
2629 2345 2782 2415 jubet
2812 2361 3053 2418 purpura
3085 2353 3139 2401 et
3167 2360 3371 2402 corona
3400 2343 3568 2412 indui,
3604 2344 3761 2415 regio

2159 2450 2300 2507 equo
2334 2450 2432 2506 per
2461 2434 2729 2493 civitatem
2759 2432 3115 2501 circumduci,
3150 2436 3320 2488 Aman
3340 2449 3463 2488 cum
3494 2431 3757 2486 militibus

2159 2532 2375 2609 praeire,
2408 2532 2602 2590 laudes
2632 2533 2680 2589 ei
2711 2532 3024 2589 concinere.
3063 2533 3176 2589 Hoc
3206 2532 3347 2591 facto
3378 2530 3757 2586 Mardochaeus

2160 2623 2365 2693 reginae
2428 2622 2572 2677 dixit
2603 2623 2736 2694 quia
2795 2622 2971 2687 Aman
3002 2637 3122 2678 eam
3174 2637 3300 2677 cum
3346 2620 3494 2674 omni
3548 2635 3754 2691 paren-

2159 2710 2267 2766 tela
2300 2726 2398 2765 sua
2429 2710 2590 2771 morti
2610 2709 2840 2766 addixit.
2875 2708 3008 2779 Quae
3056 2709 3206 2766 omni
3238 2707 3436 2782 populo
3478 2707 3756 2781 jejunium

2159 2799 2368 2864 indixit,
2428 2816 2487 2854 se
2543 2815 2667 2855 cum
2722 2799 2803 2855 eis
2846 2798 3075 2871 vigiliis,
3121 2798 3363 2869 jejuniis,
3422 2796 3760 2853 orationibus

2158 2887 2359 2944 aﬁlixit.
2394 2888 2513 2958 Quo
2543 2891 2768 2967 peracto
2798 2887 3114 2953 convivium
3143 2886 3412 2957 instruxit,
3443 2901 3635 2960 regem
3667 2885 3761 2943 in-

2159 2978 2361 3045 vitans,
2395 2981 2565 3032 Aman
2597 2993 2814 3051 quoque
2844 2977 3040 3033 adesse
3064 2976 3255 3048 jussit.
3289 2977 3436 3031 Inter
3464 2974 3657 3047 epulas
3678 2990 3765 3027 re-

2159 3092 2286 3153 gem
2343 3090 2443 3146 pro
2500 3074 2581 3129 sui
2636 3074 2936 3153 populique
2966 3074 3078 3141 vita
3129 3080 3308 3144 rogat,
3368 3088 3429 3127 se
3455 3086 3764 3140 omnesque

2160 3180 2286 3219 suos
2319 3163 2385 3217 ab
2408 3165 2578 3218 Aman
2610 3163 2895 3218 damnatos
2949 3170 3155 3216 narrat.
3215 3160 3388 3233 Quem
3418 3175 3523 3214 rex
3576 3158 3762 3213 furore

2161 3252 2425 3323 repletus,
2451 3252 2615 3320 jussit
2671 3251 2931 3323 suspendi
2982 3251 3039 3305 in
3069 3250 3259 3305 eodem
3310 3249 3561 3321 equuleo,
3593 3263 3761 3319 quem

2160 3341 2283 3411 ipse
2310 3340 2641 3411 praeparavit
2695 3340 3064 3396 Mardocbaeo.
3106 3339 3273 3395 Porro
3302 3338 3481 3409 ipsum
3534 3336 3760 3391 Mardo-

2162 3430 2372 3485 chmum
2402 3444 2501 3500 pro
2530 3444 2596 3484 eo
2627 3428 2932 3499 principem
2962 3427 3260 3494 constituit,
3292 3427 3385 3498 qui
3414 3441 3640 3481 omnem
3661 3439 3756 3479 co—

2163 3526 2474 3598 gnationem
2499 3526 2674 3579 Aman
2703 3523 3002 3595 suspendio
3032 3522 3253 3577 interire
3282 3521 3461 3591 jussit.
3520 3520 3611 3576 Sic
3637 3519 3757 3573 Deo

2162 3611 3494 3685 disponenteinnocenspopulusliberatur,semen
3518 3622 3757 3680 nequam

2159 3704 2304 3772 juste
2335 3702 2748 3758 exterminatur.
2788 3701 2888 3755 Hic
2918 3717 3009 3755 rex
3042 3700 3289 3773 quamvis
3318 3698 3538 3772 gentilis
3566 3706 3756 3768 typum

2166 3790 2367 3845 Christi
2426 3790 2621 3861 gessit,
2680 3789 2773 3860 qui
2826 3805 2991 3844 verus
3019 3788 3130 3843 Rex
3179 3803 3373 3859 regum
3420 3785 3656 3860 genitus,
3689 3784 3757 3839 de

2164 3880 2350 3935 radice
2380 3881 2540 3935 Jesse
2573 3878 2833 3934 surrexit.

2237 4005 2334 4062 Hic
2371 4004 2705 4083 principibus
2736 4007 2790 4071 et
2840 4002 3057 4079 populis
3100 4001 3254 4076 regni
3313 4000 3397 4069 sui
3452 4000 3759 4067 convivium

2164 4110 2423 4169 magnum
2453 4092 2597 4155 fecit,
2632 4092 2754 4166 quia
2781 4091 3040 4164 apostolis
3068 4090 3221 4155 orbis
3251 4089 3589 4163 principibus
3615 4097 3670 4144 et
3700 4087 3762 4141 ti-

2166 4193 2379 4263 delihus
2410 4193 2567 4266 regni
2600 4190 3054 4263 supernipopulis
3085 4205 3288 4260 corpus
3310 4204 3469 4253 suum
3483 4195 3761 4247 etsacram

2168 4283 2499 4353 Scripturam
2529 4282 2582 4347 in
2640 4282 2829 4352 epulas
2860 4279 3031 4335 dedit.
3063 4278 3326 4349 Reginam
3378 4276 3562 4335 Vasthi
3593 4290 3763 4330 coro-

466 4368 888 4441 pulchritudine,
947 4370 1167 4449 nuptias
1198 4371 1417 4425 instruit
1439 4371 1673 4429 celebris
1728 4373 1908 4438 cultus
1929 4389 2050 4431 ma-
2082 4376 2137 4439 D
2170 4377 2353 4439 natam
2383 4370 2452 4439 ad
2481 4369 2802 4426 convivium
2831 4367 3064 4435 vocavit,
3099 4367 3222 4438 quia
3254 4367 3607 4438 Synagogam
3641 4363 3764 4449 leg:

468 4464 774 4537 gnitudine.
808 4465 867 4520 In
911 4474 1068 4522 necte
1097 4482 1227 4525 vero
1254 4467 1512 4531 omnibus
1539 4467 1709 4533 nimio
1736 4468 1861 4523 vino
1891 4482 2060 4539 sopo-

467 4552 620 4626 ratis,
648 4552 831 4617 Iudith
890 4570 1147 4629 surgens,
1204 4556 1376 4615 Deum
1407 4555 1646 4623 invocat,
1704 4556 1949 4629 gladium
2006 4557 2061 4611 in

464 4651 664 4709 lectulo
697 4652 1024 4723 pendentem
1054 4654 1324 4725 evaginat,
1348 4662 1509 4725 caput
1538 4654 1678 4713 ebrii
1694 4654 1848 4717 ducis
1864 4671 2063 4727 ampu-

470 4757 563 4817 tat,
598 4751 669 4805 ad
696 4766 826 4806 suos
857 4751 1178 4823 quantocius
1221 4767 1344 4811 cum
1375 4753 1550 4823 capite
1574 4761 1800 4819 remeat,
1858 4768 2064 4811 convo-

468 4848 697 4912 catoque
756 4840 1017 4907 universo
1058 4841 1279 4913 populo,
1331 4850 1492 4915 caput
1546 4842 1769 4912 protulit
1820 4859 1836 4911 ;
1892 4843 2062 4909 Deum

468 4928 696 4995 laudare
727 4931 952 4999 monuit,
999 4930 1091 5005 qui
1123 4931 1202 4986 eis
1232 4931 1614 4999 liberationem
1669 4938 1724 4986 et
1780 4931 2062 4997 victoriam

468 5029 676 5100 pariter
731 5029 975 5087 contulit.
1035 5034 1099 5085 At
1140 5030 1219 5087 illi
1249 5038 1573 5101 recuperato
1617 5030 1831 5107 spiritu,
1889 5031 2063 5085 Deum

468 5119 861 5185 adoraverunt,
921 5127 1083 5192 atque
1113 5134 1237 5185 cum
1268 5134 1469 5191 magna
1497 5119 1681 5175 laetitia
1710 5119 1902 5181 laudes
1930 5135 2063 5189 per-

471 5206 836 5267 sultaverunt.
868 5208 927 5263 In
959 5208 1193 5265 crastino
1224 5208 1291 5265 de
1322 5208 1562 5275 civitate,
1595 5207 1781 5264 Iudith
1812 5206 2061 5275 consilio,

474 5318 595 5357 cum
650 5320 853 5377 magno
908 5308 1139 5363 tumultu
1195 5313 1399 5373 exeunt
1433 5324 1444 5360 :
1478 5306 1737 5376 impetum
1767 5305 1821 5360 in
1881 5305 2065 5373 hostes

476 5390 704 5453 faciunt.
748 5393 830 5447 Illi
860 5410 995 5453 vero
1045 5405 1099 5452 ut
1122 5395 1402 5461 dominum
1435 5411 1592 5449 suum
1621 5395 1796 5465 capite
1850 5398 2066 5451 trunca-

473 5490 584 5543 tum
617 5480 958 5546 invenerunt,
1015 5483 1182 5539 nimio
1212 5486 1403 5545 timore
1431 5483 1687 5555 perculsi,
1743 5498 1934 5545 omnes
1964 5497 2064 5554 pa-

474 5578 606 5635 riter
636 5578 691 5639 in
721 5577 908 5651 fugam
966 5580 1107 5637 versi
1138 5591 1284 5647 sunt.
1319 5580 1469 5653 Quos
1508 5581 1876 5654 insequentes,
1900 5580 2065 5635 multa

471 5676 641 5735 millia
672 5675 878 5749 passim
928 5683 1254 5744 straverunt,
1304 5678 1543 5751 reliquos
1575 5693 1698 5739 cum
1729 5692 1932 5751 magno
1960 5677 2063 5733 de-

2172 4469 2223 4515 et
2253 4459 2529 4533 prophetis
2550 4458 2860 4513 redimitam
2911 4457 2982 4511 ad
3027 4456 3281 4511 caelestes
3311 4453 3501 4526 epulas
3557 4448 3762 4521 invita-

2170 4542 2425 4627 vit.Qum
2460 4572 2693 4611 renuens
2736 4556 2962 4623 intrare,
3020 4568 3193 4626 regno
3249 4551 3511 4622 privatur,
3571 4528 3823 4617 Esther!

2172 4645 2381 4717 captiva
2412 4645 2466 4698 in
2494 4644 2636 4699 solio
2657 4642 2828 4715 ipsius
2859 4642 3087 4707 locatur,
3111 4641 3238 4712 quia
3267 4640 3457 4693 Iudaea
3486 4637 3765 4694 incredula

2172 4735 2239 4789 de
2267 4749 2437 4806 regno
2467 4732 2660 4788 Christi
2693 4730 2926 4809 ejicilur,
2959 4728 3208 4785 Ecclesia
3231 4729 3298 4783 de
3328 4728 3583 4801 gentibus
3603 4744 3633 4783 a
3656 4726 3765 4785 dia-

2174 4831 2298 4901 bolo
2325 4830 2538 4903 captiva
2566 4831 2619 4889 in
2649 4829 2949 4893 thalamum
2979 4828 3127 4901 regis
3156 4842 3381 4885 consors
3403 4825 3640 4889 cmlestis
3670 4840 3766 4881 re-

2171 4921 2264 4992 gni
2294 4921 2517 4976 dicitur.
2556 4922 2723 4973 Aman
2753 4917 2902 4988 quia
2928 4933 3059 4988 rege
3104 4916 3393 4977 exaltatur,
3444 4923 3526 4970 est
3581 4913 3769 4968 Judai-

2173 5025 2270 5065 cus
2296 5009 2549 5080 populus,
2581 5006 2670 5079 qui
2700 5022 2733 5061 a
2761 5007 2877 5061 Deo
2903 5021 3074 5077 regno
3104 5012 3163 5060 et
3191 5004 3515 5069 sacerdotio,
3550 5017 3616 5058 ac
3630 5000 3766 5055 divi-

2173 5121 2243 5162 no
2297 5105 2444 5162 cultu
2498 5105 2850 5161 sublimatur.
2917 5103 3021 5172 Qui
3062 5102 3254 5174 quierit
3312 5101 3520 5173 reginae
3574 5115 3773 5171 proge-

2172 5196 2316 5250 niem
2348 5194 2677 5265 exstirpare,
2709 5180 3121 5266 quia'Judaicus
3153 5190 3389 5264 populus
3435 5188 3628 5261 quierit
3661 5188 3773 5242 Ec-

2171 5293 2357 5350 clesiae
2413 5292 2670 5365 populum
2726 5290 3117 5346 exterminare.
3182 5291 3358 5343 Aman
3407 5302 3622 5363 quoque
3679 5284 3769 5356 qui

2172 5374 2518 5438 Mardocharo
2550 5381 2840 5453 equuleum
2896 5378 3085 5445 erexit,
3134 5376 3416 5447 diabolum
3474 5371 3766 5448 signiﬁcat,

2174 5483 2263 5553 qui
2294 5498 2511 5537 crucem
2569 5480 2781 5536 Christo
2825 5478 3025 5536 erexit.
3075 5478 3133 5531 In
3186 5475 3439 5531 eumdem
3473 5471 3760 5547 equuleum

2173 5573 2291 5645 ipse
2322 5570 2693 5642 suspenditur,
2726 5568 2859 5641 quia
2889 5567 3143 5621 diabolus
3190 5565 3244 5619 in
3276 5563 3459 5621 crucis
3524 5560 3763 5635 patibulo

2171 5672 2667 5749 comprehenditur.
2728 5673 2845 5733 Duo
2901 5669 2994 5743 qui
3044 5685 3209 5747 super
3263 5683 3455 5741 regem
3510 5663 3765 5737 conjura'
