3972 6076
153 257 315 312 1213

1110 247 1690 307 DEFLORATIONES
1722 249 1816 305 SS.
1851 249 2155 308 PATRUM.
2189 281 2256 290 —
2286 251 2420 306 LIB.
2455 252 2528 306 lI.

3340 254 3473 309 1214

159 381 335 447 bant,
371 386 496 434 sunt
526 377 633 432 duo
663 373 916 430 inﬁdeles
944 373 1152 446 populi,
1183 373 1441 429 Iudaicus
1463 381 1515 428 et
1535 373 1775 445 gentilis,
1807 373 1862 434 A
1892 371 2055 440 leum,
2089 380 2172 430 est
2199 373 2578 430 Antichristus
2625 375 2714 448 qui
2755 376 2958 448 populo
3015 374 3252 430 fidelium
3286 376 3474 432 indicit

158 470 267 542 qui
333 467 604 523 Christum
662 480 853 538 regem
907 463 1082 519 occidi
1147 460 1432 518 consilium
1477 463 1765 518 dederant.

156 560 327 627 Quos
358 557 735 612 Mardochzeus
765 560 1009 618 accusat,
1045 552 1173 624 quia
1204 551 1548 607 Christianus
1596 568 1776 622 popu-

158 659 257 713 lus
290 673 463 728 opera
495 671 685 710 eorum
738 653 1031 724 improbat.
1099 651 1182 704 Illi
1215 667 1242 704 a
1276 667 1409 722 rege
1453 659 1771 718 enecentur,

161 755 222 804 et
255 747 349 802 isti
380 763 410 800 a
441 745 654 800 Christo
677 743 1030 797 damnantur.
1068 740 1442 795 Mardochzeus
1465 756 1704 810 purpura
1725 747 1777 794 et

160 851 382 893 corona
415 832 726 906 insigniter,
763 839 812 886 et
860 830 1205 885 Christianus
1251 829 1485 899 populus
1515 828 1774 900 martyrio

161 939 220 988 et
252 939 460 987 aeterna
489 927 672 1001 gloria
702 926 951 981 vestitur.
998 926 1151 996 Equo
1181 925 1332 997 regio
1380 941 1476 994 per
1504 925 1773 979 civitatem

162 1020 410 1085 ducitur,
445 1018 572 1090 quia
604 1015 947 1072 Christianus
975 1013 1216 1085 p0pulus
1262 1029 1293 1068 a
1336 1013 1652 1068 doctoribus
1682 1029 1780 1082 per

161 1117 346 1166 totum
375 1107 634 1162 mundum
691 1104 909 1160 colitur.
979 1102 1127 1158 Ordo
1182 1117 1422 1174 namque
1452 1101 1774 1173 praedicato-

166 1222 302 1261 rum
349 1220 522 1276 equus
577 1200 773 1257 Christi
831 1200 978 1271 regis
1031 1198 1245 1264 dicitur,
1298 1198 1351 1252 in
1396 1214 1503 1269 quo
1532 1198 1650 1270 ipse
1679 1213 1777 1269 per

166 1295 369 1351 orbem
400 1292 636 1348 vehitur.
676 1293 852 1345 Aman
884 1305 1006 1345 eum
1037 1288 1298 1343 militibus
1337 1288 1529 1343 laudes
1560 1288 1610 1343 ei
1639 1303 1777 1344 con-

170 1392 359 1448 sonat,
394 1381 520 1455 quia
548 1380 809 1435 Judaicus
858 1378 1091 1450 populus
1130 1393 1249 1433 cum
1299 1377 1616 1449 gentilibus.
1650 1377 1780 1432 velit

171 1471 335 1536 nolit,
370 1468 676 1524 Christiani
706 1465 894 1538 populi
943 1465 1221 1537 praeconia
1270 1465 1533 1520 celebrat.
1567 1465 1780 1533 Regina

173 1584 374 1640 regem
409 1565 479 1621 ad
509 1563 819 1621 convivium
850 1570 1032 1628 vocat,
1068 1563 1192 1634 quia
1214 1561 1472 1617 Ecclesia
1502 1561 1778 1616 Christum

172 1657 246 1711 ad
280 1655 549 1710 solemnia
579 1653 667 1708 sui
697 1651 946 1723 corporis
975 1650 1180 1705 invitat.
1205 1653 1374 1704 Aman
1398 1650 1560 1705 etiam
1583 1650 1780 1704 adesse

1883 463 2078 517 mortis
2109 462 2463 537 supplicium.
2505 463 2607 534 Qui
2631 464 2823 520 eodem
2847 465 3078 537 equuleo
3100 465 3474 536 suspenditur,

1885 550 2010 623 quia
2049 559 2101 607 et
2141 553 2256 624 ipse
2296 553 2481 608 mortis
2520 554 2788 625 supplicio
2836 554 3198 609 interimitur.
3255 556 3475 609 Mardo—

1885 650 2068 704 chaaus
2096 667 2126 704 a
2155 668 2286 723 rege
2314 651 2571 722 princeps
2601 651 2911 722 prmﬁcitur,
2947 652 3074 724 quia
3106 651 3283 706 fidelis
3313 668 3480 722 popu-

1885 739 1968 792 lus
1998 746 2220 808 peracto
2246 740 2450 806 judicio
2483 758 2646 812 super
2690 742 2874 796 omnia
2917 741 3062 795 bona
3095 741 3309 795 Domini
3342 756 3476 794 con-

1887 826 2148 880 stituitur.
2217 828 2424 883 Semen
2480 830 2660 884 Aman
2721 829 3138 895 exterminatur,
3200 829 3320 900 quia
3353 837 3479 882 tunc

1887 925 2170 997 generatio
2200 927 2468 982 malorum
2500 929 2803 984 damnatur.
2858 927 3100 1000 Populus
3128 938 3313 984 autem
3344 927 3481 996 regi-

1887 1031 1972 1068 nae
2002 1013 2288 1080 liberatur,
2323 1024 2375 1070 et
2403 1017 2622 1071 tristitia
2653 1018 2769 1087 ejus
2816 1016 2869 1071 in
2927 1017 3188 1088 gaudium
3231 1033 3479 1071 commu-

1887 1111 2048 1170 tatur,
2083 1104 2207 1176 quia
2237 1106 2514 1176 generatio
2564 1113 2840 1161 rcctorum
2882 1106 3255 1170 benedicetur,
3301 1105 3482 1160 laetitia

1888 1209 1940 1258 et
1970 1201 2338 1258 exsultatione
2384 1204 2721 1275 perfruetur.
2778 1206 2954 1270 Nunc,
3002 1203 3334 1270 charissimi,
3368 1210 3478 1258 toto

1883 1290 2051 1346 corde
2082 1290 2182 1345 Dei
2211 1291 2565 1346 obsecramus
2597 1292 2945 1346 clementiam
2983 1292 3075 1366 qui
3127 1293 3282 1347 sedet
3315 1308 3481 1361 super

1889 1380 2145 1433 thronum
2177 1386 2230 1433 et
2253 1379 2461 1448 judicat
2491 1381 2816 1452 aequitatem,
2846 1380 3333 1450 faciensjudicium
3367 1396 3481 1434 om-

1888 1466 2047 1521 nibus
2074 1467 2325 1536 injuriam
2357 1469 2710 1539 patientibus,
2757 1478 2816 1524 ut
2863 1485 2963 1524 nos
3012 1469 3106 1523 illa
3135 1469 3224 1524 die
3259 1470 3327 1522 ab
3358 1468 3481 1521 infi-

1888 1563 1998 1617 deli
2027 1564 2230 1634 populo
2253 1573 2528 1637 segreget,
2570 1565 2714 1620 fideli
2745 1573 2924 1621 autem
2967 1565 3022 1619 in
3052 1581 3153 1619 suo
3183 1582 3355 1635 regno
3387 1581 3479 1618 as-

1889 1652 2076 1718 soeiet,
2124 1652 2216 1707 ubi
2257 1653 2448 1709 oculus
2495 1660 2604 1709 n'on
2640 1653 2794 1721 vidit,
2857 1669 2959 1710 nec
3005 1653 3150 1708 auris
3189 1654 3391 1709 audivit
3438 1653 3484 1722 (ι

165 1746 351 1816 jubet,
384 1745 510 1816 quia
539 1741 745 1797 infideli
773 1741 974 1812 populo
1021 1756 1149 1794 suas
1197 1739 1384 1809 epulas
1430 1739 1778 1810 praedicando
1807 1734 1860 1794 B
1892 1741 2020 1797 Cor.
2061 1743 2144 1810 ιι).

173 1833 415 1906 praebet.
453 1833 632 1887 Aman
665 1846 884 1904 quoque
914 1831 1005 1900 qui
1037 1828 1382 1884 Mardochaeo
1414 1826 1579 1899 erigit
1609 1843 1782 1900 equu-

902 2133 1521 2238 DOMINICA
1597 2133 2199 2240 VIGESIMA
2286 2139 2794 2243 TERTIA.

1425 2352 1817 2417 Secundum
1846 2352 2212 2422 Joannem.

263 2565 285 2593 α
329 2543 463 2598 Cum
496 2540 840 2596 sublevasset
880 2539 1068 2595 oculos
1113 2540 1279 2593 Jesus
1309 2546 1360 2593 et
1391 2538 1620 2593 vidisset
1654 2538 1784 2609 quia

185 2633 472 2688 multitudo
503 2631 740 2685 maxima
771 2629 920 2684 venit
965 2629 1034 2682 ad
1083 2645 1207 2682 eum
1240 2626 1426 2697 (Joan.
1460 2629 1556 2696 Vl).
1587 2649 1610 2675 ιι
1647 2626 1789 2694 Quia

184 2722 306 2777 haec
336 2721 498 2776 lectio
529 2719 850 2791 evangelica
882 2717 1185 2772 secundum
1218 2716 1661 2772 Ecclesiasticum
1691 2730 1786 2770 or-

185 2822 369 2875 dinem
398 2818 560 2874 debet
592 2819 650 2872 in
681 2816 864 2872 medio
897 2815 1351 2885 Quadragesimaa
1372 2813 1789 2878 recitari,'libet

186 2925 333 2965 nunc
365 2909 417 2963 in
449 2906 869 2978 praesentiarum
901 2903 1263 2974 supersedere
1283 2905 1402 2971 ejus
1431 2902 1785 2972 expositioni,

187 3008 241 3055 et
267 2998 372 3053 alia
400 2997 523 3052 huic
559 2995 877 3057 Dominica),
914 3010 1033 3064 quae
1063 2992 1368 3047 intitulatur
1391 3010 1404 3046 :
1427 2991 1630 3060 Quinta
1661 2999 1787 3047 ante

190 3096 379 3153 Natale
433 3095 669 3160 Domini,
721 3093 1079 3165 congruentia
1134 3091 1202 3144 ad
1231 3090 1530 3162 profectum
1561 3091 1789 3146 audien-

189 3187 320 3242 tium
351 3201 447 3240 seu
479 3183 778 3256 legentium
810 3196 1060 3237 exarare.

258 3284 432 3337 Nemo
487 3281 667 3351 itaque
722 3287 983 3342 vestrum,
1046 3276 1381 3345 charissimi,
1410 3277 1620 3331 dubitet
1650 3277 1788 3330 duos

1895 2541 2074 2598 videat
2101 2544 2328 2617 gloriam
2362 2547 2484 2603 Dei.
2514 2550 2578 2604 Et
2608 2549 2752 2623 ignis
2779 2551 2832 2607 in
2865 2559 3129 2609 mternum
3161 2552 3489 2609 cruciandos

1896 2629 2154 2700 involvet,
2192 2636 2319 2706 quia
2361 2638 2568 2693 vermis
2598 2655 2786 2695 eorum
2837 2659 2949 2698 non
2979 2643 3225 2708 moritur,
3259 2651 3317 2694 ut
3345 2642 3489 2712 ignis

1897 2735 2002 2775 non
2026 2722 2356 2794 extinguitur
2379 2727 2535 2794 (lsai.
2573 2734 2714 2787 var)
2739 2754 2760 2778 η
2787 2731 2965 2797 Hujus
2987 2729 3490 2801 ergojudieiiﬁgu-

1900 2835 2010 2874 ram
2043 2836 2206 2877 arcus
2234 2823 2326 2878 ille
2353 2825 2408 2878 in
2433 2826 2669 2882 nubibus
2700 2837 3081 2898 reprmsentat,
3125 2829 3217 2900 qui
3239 2845 3299 2883 ex
3333 2835 3492 2897 parte

1897 2910 2177 2978 caeruleus,
2215 2920 2267 2966 et
2296 2929 2362 2968 ex
2406 2923 2558 2983 parte
2605 2917 2826 2971 videtur
2855 2918 3070 2987 igneus,
3106 2925 3165 2971 ut
3209 2916 3490 2986 utriusque

1891 2998 2089 3068 judicii
2117 3001 2268 3055 testis
2297 3002 2366 3056 sit
2397 3021 2410 3057 :
2443 3002 2601 3058 unius
2633 3005 2897 3061 videlicet
2938 3006 3054 3077 jam
3087 3005 3230 3074 facti,
3264 3005 3485 3073 quando

1898 3113 2054 3168 aqua:
2081 3098 2268 3154 diluvii
2297 3109 2450 3156 erant
2479 3118 2643 3172 super
2669 3111 2867 3160 terram
2893 3119 2906 3171 ;
2955 3104 3174 3158 alterius
3195 3103 3373 3158 adhuc
3405 3103 3491 3156 fa—

1895 3187 2092 3254 ciendi,
2126 3189 2346 3256 quando
2369 3190 2637 3258 judicabit
2667 3193 2813 3247 Deus
2845 3193 3106 3248 saeculum
3139 3209 3238 3263 per
3270 3192 3480 3261 ignem.

1897 3277 2329 3345 Contremiscite,
2361 3279 2580 3343 fratres,
2615 3297 2648 3334 a
2673 3289 2886 3336 terrore
2934 3281 3069 3335 tanti
3117 3281 3344 3349 judicis,
3379 3288 3433 3333 ut
3463 3295 3498 3334 a

190 3389 310 3427 esse
341 3371 511 3426 nostri
543 3367 924 3438 Redemptoris
946 3368 1258 3421 adventus:
1284 3382 1515 3437 quorum
1552 3365 1787 3435 primum
1819 3389 1868 3452 Ο
1901 3373 2032 3429 facie
2073 3391 2230 3430 arcus
2268 3375 2488 3446 fugiatis
2522 3393 2535 3430 :
2574 3400 2595 3426 ‹‹
2630 3381 2827 3432 Arcum
2873 3395 3031 3431 suum
3083 3376 3325 3432 tetendit.
3375 3384 3485 3430 rte.

184 3462 298 3530 jam
334 3460 711 3530 praecessisse,
746 3457 974 3510 alterum
1005 3456 1183 3510 adhuc
1214 3455 1449 3509 futurum
1483 3470 1607 3509 esse
1639 3463 1790 3509 certa

192 3549 297 3604 fide
361 3546 770 3619 cognoscimus.
842 3547 1144 3613 Utrumque
1209 3554 1405 3598 vestra:-
1469 3541 1791 3596 fraternitati

189 3648 528 3720 distinguere
560 3661 740 3716 operre
768 3643 1006 3715 pretium
1037 3650 1140 3707 est,
1175 3649 1228 3696 ut
1259 3657 1324 3696 ex
1366 3641 1539 3695 altero
1569 3640 1788 3694 miseri—

190 3737 431 3793 cordiam
481 3750 726 3806 sperare,
781 3740 834 3786 et
891 3749 956 3786 ex
1004 3730 1172 3784 altero
1199 3729 1465 3798 judicium
1498 3727 1788 3782 formidare

192 3825 388 3893 sciatis,
425 3832 690 3897 quatenus
750 3829 932 3875 vestra
985 3818 1295 3874 sollicitudo
1346 3818 1486 3872 inter
1535 3833 1688 3887 spem
1737 3823 1790 3871 et

191 3932 390 3978 metum
422 3923 600 3992 posita
655 3920 950 3991 diligenter
1007 3917 1274 3988 invigilat,
1328 3924 1381 3971 et
1417 3915 1557 3970 mala
1589 3930 1788 3970 cavere

197 4029 316 4084 quae
338 4011 545 4080 judicio
574 4010 889 4080 puniantur,
912 4015 965 4060 et
996 4009 1140 4061 bona
1162 4005 1457 4075 providere
1489 4021 1611 4076 quae
1631 4004 1786 4059 mise-

193 4100 430 4156 ricordia
460 4106 904 4153 remunerentur.
941 4095 1116 4150 Primo
1146 4095 1382 4150 adventu
1413 4111 1513 4148 suo
1543 4094 1786 4149 Redem-

192 4199 314 4262 ptor
340 4196 526 4243 noster
552 4188 607 4241 in
639 4187 871 4242 formam
903 4193 1108 4240 nostrae
1139 4184 1491 4238 humanitatis
1526 4198 1788 4236 mansue-

195 4295 274 4340 tus
304 4293 356 4339 et
375 4282 618 4347 humilis,
648 4283 789 4337 inter
821 4281 1070 4336 homines
1103 4281 1265 4335 homo
1299 4295 1487 4338 verus.
1512 4277 1784 4348 apparuit.

197 4373 442 4426 Secundo
472 4371 526 4426 in
556 4371 730 4439 gloria
759 4386 872 4424 suae
901 4368 1208 4437 majestatis
1255 4367 1505 4422 excelsus
1537 4373 1587 4420 et
1621 4365 1786 4419 terri-

196 4461 335 4524 bilis,
367 4476 532 4531 super
553 4459 786 4529 angelos
834 4459 978 4512 Deus
1035 4459 1198 4512 homo
1251 4455 1554 4525 apparebit.
1606 4453 1787 4508 Primo

196 4560 425 4614 adventu
483 4572 583 4628 pro
638 4556 798 4610 nobis
850 4555 1144 4622 judicatus.
1203 4552 1550 4608 maledictum
1608 4551 1787 4607 crucis

192 4649 433 4720 pendens
463 4647 514 4700 in
549 4646 700 4716 ligno
764 4644 945 4701 crucis
982 4643 1233 4698 sustinuit
1263 4661 1278 4704 ;
1316 4642 1580 4707 secundo,
1609 4648 1779 4695 totum

1900 3465 2074 3532 (Psal,
2106 3464 2224 3533 vn).
2263 3485 2285 3514 ι
2322 3465 2430 3520 Sed
2459 3465 2586 3521 ideo
2617 3466 2894 3536 paululum
2929 3473 3170 3522 moratur
3191 3481 3290 3519 vos
3311 3465 3490 3533 ferire,

1899 3558 1960 3606 ut
1988 3551 2311 3607 festinemus
2341 3569 2373 3608 a
2422 3554 2563 3611 facie
2613 3563 2775 3610 tanta:
2824 3554 3327 3610 animadversionis
3352 3553 3492 3609 effu-

1897 3665 2052 3722 gere.
2089 3673 2113 3698 «
2160 3650 2371 3706 Dedisti
2418 3652 2564 3707 enim
2615 3653 2980 3708 metuentibus
3033 3661 3083 3707 te
3128 3651 3493 3722 signiﬁcatio-

1898 3755 2044 3807 nem,
2101 3747 2205 3795 etc.
2253 3741 2476 3811 (ibid.).
2531 3766 2552 3790 ιι
2595 3742 2702 3797 Sed
2747 3763 2769 3793 α
2812 3749 3003 3799 cavete
3040 3757 3110 3796 ne
3147 3741 3275 3812 fuga
3316 3750 3495 3795 vestra

1898 3828 2076 3883 hieme
2101 3828 2186 3883 vel
2218 3830 2459 3885 Sabbato
2489 3829 2577 3884 fiat
2597 3831 2828 3897 (Matth.
2859 3832 3034 3901 XXIV).
3079 3855 3099 3877 »ι
3129 3830 3320 3884 Hieme
3351 3829 3494 3882 enirn

1897 3926 2037 3999 fugit
2068 3927 2154 3982 oui
2185 3927 2423 3983 charitas
2447 3927 2533 3982 ref
2536 3927 2814 3999 rigescens
2840 3929 3107 3982 bonorum
3125 3943 3353 3997 operum
3374 3942 3497 3981 cur~

1898 4031 1996 4069 sus
2052 4016 2296 4086 impedit.
2359 4015 2660 4071 Sabbatum
2723 4031 2937 4086 quoque
2992 4015 3384 4077 interveniens,
3437 4013 3491 4066 id

1899 4111 1984 4158 est
2026 4104 2287 4158 terminus
2319 4105 2443 4157 vita:
2471 4103 2698 4158 actionis
2729 4104 2886 4158 bonae
2919 4103 3234 4159 exercitium
3264 4101 3494 4157 interci-

1898 4193 1974 4245 dit
2003 4192 2357 4246 tardantibus.

1969 4287 2025 4343 Si
2055 4303 2212 4359 ergo,
2246 4287 2466 4352 fratres,
2519 4288 2587 4342 ab
2634 4287 2725 4343 illo
2772 4288 2936 4343 vultis
2970 4289 3180 4362 fugere,
3214 4290 3281 4342 ad
3315 4288 3491 4358 ipsum

1898 4375 2086 4447 fugite.
2119 4376 2177 4431 Si
2215 4377 2512 4432 adventum
2565 4377 2757 4447 judicii
2815 4377 3219 4448 pertimescitis,
3280 4379 3346 4431 ad
3399 4377 3494 4431 ad-

1897 4476 2128 4521 ventum
2192 4466 2584 4522 misericordiae
2631 4467 2914 4537 respicite,
2977 4475 3030 4523 et
3061 4467 3113 4522 in
3145 4469 3244 4523 hac
3277 4467 3492 4522 hebdo-

1895 4555 2074 4622 mada,
2110 4572 2229 4626 quae
2285 4564 2365 4611 est
2423 4556 2607 4626 quinta
2662 4565 2786 4612 ante
2843 4557 3200 4612 nativitatem
3256 4555 3492 4620 Domini,

1897 4645 2033 4700 etin
2080 4645 2346 4716 sequenti,
2392 4661 2514 4716 quae
2553 4654 2738 4716 quarta
2779 4646 2883 4703 erit
2923 4654 3048 4702 ante
3086 4646 3332 4701 Natalem
3376 4646 3490 4698 Do-

196 4737 449 4794 mundum
475 4735 812 4805 judicaturus
864 4733 1145 4788 manitesta
1192 4748 1306 4786 suae
1349 4729 1620 4800 passionis
1669 4730 1783 4786 vir—
1814 4749 1866 4809 D
1899 4733 2051 4794 mini.
2083 4733 2338 4789 inchoata
2360 4735 2816 4804 praeparationem
2848 4737 3118 4790 adventus
3148 4734 3251 4790 sui.
3287 4734 3498 4788 Dicitur

197 4843 308 4889 tute
335 4833 535 4904 impios
565 4831 983 4888 condemnabit.
1045 4830 1222 4883 Primo
1253 4829 1488 4882 adventu
1519 4828 1694 4882 latens
1724 4827 1782 4881 in

198 4939 357 4980 carne
389 4924 541 4993 quasi
571 4922 695 4977 ovis
745 4937 926 4986 coram
981 4920 1238 4975 tondente
1288 4933 1347 4971 se
1377 4917 1456 4972 sic
1486 4915 1786 4982 obmutuit;

200 5013 452 5074 secundo,
497 5011 649 5082 quasi
694 5012 848 5066 Deus
893 5008 1182 5064 manifeste
1229 5007 1409 5063 veniet
1440 5013 1620 5059 etnon
1654 5004 1785 5058 sile-

199 5111 293 5164 bit.
335 5111 513 5166 Primo
555 5111 700 5166 enim
738 5110 972 5164 adventu
1013 5106 1157 5161 siluit
1196 5119 1226 5156 a
1262 5104 1488 5174 judicio,
1543 5103 1642 5158 sed
1677 5117 1782 5157 non

197 5199 341 5254 siluit
367 5215 395 5252 a
424 5208 697 5269 praecepto
731 5213 744 5266 ;
789 5197 1031 5253 secundo
1076 5195 1232 5266 quasi
1259 5192 1566 5261 parturiens
1597 5192 1772 5262 loqui-

196 5295 292 5354 tur,
313 5286 443 5358 quia
465 5287 603 5344 sieut
623 5287 698 5341 ait
721 5285 924 5340 lsaias:
957 5308 977 5332 α
1007 5279 1764 5348 Vociferabituretclamabit,

199 5394 241 5441 et
270 5401 433 5455 super
458 5385 709 5442 inimicos
739 5399 866 5438 suos
913 5380 1309 5440 confortabitur
1349 5380 1513 5448 (Isai.
1552 5381 1707 5447 χιιι).
1750 5402 1772 5428 η

196 5483 238 5537 Ο
268 5499 364 5538 vox
397 5482 506 5537 diei
550 5482 764 5536 Domini
822 5496 1028 5542 amara,
1083 5478 1425 5533 tribulabitur
1467 5477 1538 5531 ibi
1588 5476 1767 5531 fortis.

195 5573 323 5628 Nam
354 5573 491 5626 sicut
521 5573 594 5625 ait
624 5578 847 5625 sanctus
894 5569 1067 5623 David
1105 5588 1114 5623 :
1156 5589 1176 5616 ε
1214 5568 1362 5640 Ignis
1393 5566 1446 5620 in
1477 5572 1775 5634 conspectu

196 5663 302 5727 eius
373 5660 716 5722 exardescet,
776 5666 881 5723 etc.
924 5658 1095 5726 (Psal.
1139 5656 1308 5722 xux).
1355 5677 1374 5700 »ι
1454 5655 1776 5724 Tempestas

197 5750 276 5806 illa
318 5749 514 5822 impios
569 5747 756 5820 procul
809 5746 994 5818 pellet,
1050 5745 1173 5817 quia
1216 5743 1434 5801 tolletur
1474 5742 1670 5814 impius
1701 5760 1770 5802 ne

1900 4823 2044 4878 enim
2076 4823 2191 4878 haec
2220 4823 2505 4879 Dominica
2531 4824 2878 4894 praeparatio.
2913 4825 3039 4896 quia
3071 4823 3141 4877 ab
3170 4823 3298 4877 hinc
3316 4837 3487 4892 usque

1898 4921 1966 4976 ad
1997 4921 2192 4976 Natale
2220 4921 2433 4976 Domini
2465 4921 2625 4976 debet
2657 4922 2886 4994 quisque
2919 4922 3260 4976 Christianus
3291 4920 3494 4975 sanctis

1897 5010 2117 5065 studere
2177 5011 2335 5065 bonis
2392 5011 2668 5081 operibus,
2729 5019 2788 5064 ut
2845 5011 3011 5082 digne
3069 5009 3396 5080 suscipiatur
3425 5010 3494 5063 ab

1896 5114 1962 5154 eo
1993 5099 2236 5154 Christus
2281 5107 2467 5154 natus.
2528 5100 2656 5154 Haec
2703 5099 2872 5171 igitur
2910 5099 3257 5152 hebdomada
3305 5099 3493 5168 quinta

1895 5204 2023 5252 ante
2053 5196 2248 5252 Natale
2290 5196 2508 5252 Domini
2540 5196 2592 5250 in
2634 5197 2872 5267 antiquis
2900 5195 3194 5252 oﬁicialum
3225 5196 3376 5249 libris
3415 5196 3493 5250 in-

1892 5285 2155 5351 titulatur,
2192 5285 2380 5356 sicque
2410 5301 2647 5356 sequens
2681 5285 3025 5340 hebdomade
3055 5293 3245 5356 quarta
3273 5285 3492 5340 denota-

1891 5382 1999 5430 tur.
2031 5374 2138 5430 Sed
2170 5375 2274 5429 hoc
2304 5389 2413 5429 non
2445 5382 2600 5429 vacat
2631 5390 2662 5427 a
2711 5374 2972 5444 mysterio
3000 5382 3203 5430 nostra:
3231 5374 3490 5444 spiritalis

1889 5464 2324 5536 praeparationis.
2360 5464 2416 5518 In
2443 5463 2629 5534 quinta
2647 5463 2791 5518 enim
2815 5463 3156 5518 hebdomade
3174 5479 3492 5533 praeparare

1889 5554 1979 5609 vel
2013 5554 2223 5608 initiare
2257 5569 2360 5607 nos
2415 5553 2688 5606 debemus
2744 5560 2973 5623 propter
3031 5553 3271 5624 quinque
3303 5557 3490 5608 :ptates

1886 5652 2100 5714 mundi.
2131 5653 2184 5706 in
2217 5650 2414 5721 quibus
2463 5649 2679 5706 fuerunt
2731 5651 2868 5704 tales
2919 5649 3076 5705 electi
3109 5649 3199 5721 qui
3229 5648 3487 5702 credide-

1886 5749 2033 5812 runt,
2085 5749 2138 5797 et
2191 5747 2565 5813 speraverunt,
2597 5743 2652 5796 et
2682 5739 2990 5796 dilexerunt
3043 5739 3333 5796 adventura
3368 5735 3485 5789 Do-
