3972 6076
1573 249 1913 307 WERNIL‘RI
1954 251 2244 308 ABBATIS
2286 251 2346 306 S.
2396 251 2616 308 BLASII
3689 251 3820 307 12h}

472 377 624 442 mini,
693 376 745 430 in
816 381 1030 446 quarta,
1101 383 1322 448 propter
1387 393 1440 434 tv
1506 377 1730 432 ordines
1782 376 2438 444 librorum,Aallicitur,
2480 378 2567 433 vel
2605 378 2947 435 comedendo
3005 379 3338 448 delectatur,
3387 377 3496 435 vel
3566 377 3833 432 manibus

470 465 676 520 scilicet
728 464 868 536 legis
921 465 1260 521 Psalmorum
1319 468 1732 539 prophetarum,
1767 475 1820 524 et
1857 466 2064 522 initium
2173 466 2315 522 male
2352 477 2638 537 operatur.
2678 469 2772 523 His
2799 469 3037 540 quinque
3068 469 3278 524 viribus
3329 482 3491 524 caro
3528 467 3832 537 superavit

471 553 1220 626 evangelii.Quamvisliber
1247 557 1450 627 Moysis
1474 556 1897 617 narrat.electos
1920 559 2064 612 viros
2172 555 2408 626 primum
2466 555 2762 623 hominem,
2807 566 2858 613 et
2925 560 3085 614 homo
3151 557 3483 622 succubuit,
3563 556 3829 627 quamvis

473 649 743 706 exstitisse
767 650 817 703 in
841 649 1012 720 prima
1038 659 1084 705 et
1110 652 1586 708 secundaetterlia
1603 662 1760 707 (etate
1782 655 2065 717 mundi,ta-
2174 653 2382 723 positus
2420 662 2566 710 esset
2597 655 2649 710 in
2681 655 2960 725 paradiso,
3002 655 3098 710 sed
3136 655 3294 726 prius
3338 669 3660 726 aggressa
3705 670 3824 709 esse

471 755 598 794 men
616 754 680 794 eo
703 747 946 809 tempore
972 740 1186 811 scripsit
1210 749 1375 796 totum
1401 742 1454 795 in
1477 757 1584 812 quo
1602 743 2066 813 deputaturlegis-
2172 742 2456 798 mulierem
2504 752 2561 799 ut
2607 743 2932 801 debiliorem
2982 755 3216 815 partem.
3270 743 3424 800 Audi
3461 742 3549 797 de
3587 742 3825 797 muliere

472 827 760 883 latio.lla}c
783 838 960 882 autem
980 831 1718 900 utraquetempora,scilicet
1735 832 1914 904 quinta
1936 831 2066 885 heb-
2173 831 2396 904 quando
2423 832 2661 904 quinque
2702 834 2955 888 sensibus
2993 833 3241 904 corporis
3299 832 3622 904 peccavit.
3659 833 3822 886 Auri-

473 924 703 980 domada
731 933 782 979 et
813 934 1004 996 qum-ta
1052 926 1298 980 intimant
1340 927 1500 983 nobis
1546 928 1705 983 etiam
1737 928 2061 984 rationalem
2171 929 2272 984 bus
2307 931 2714 1000 persuasionem
2745 932 2945 986 diaboli
2976 931 3185 1002 accepit
3213 938 3268 986 et
3305 930 3662 991 consensit.
3701 946 3820 986 cum

473 1014 927 1086 praeparationem
984 1024 1209 1087 prapter
1269 1017 1509 1087 quinque
1565 1033 1760 1072 sensus
1806 1018 2058 1084 hominis,
2171 1017 2264 1073 ille
2321 1019 2442 1074 talia
2497 1020 2772 1076 intimaret
2810 1021 3000 1076 dicens
3042 1037 3055 1075 :
3099 1044 3120 1069 α
3166 1022 3225 1075 Ιιι
3273 1036 3428 1091 quac
3458 1035 3701 1092 umque
3740 1019 3818 1074 die

478 1103 774 1175 quiinsunt
812 1103 1023 1174 corpori
1062 1112 1270 1170 nostro,
1315 1113 1366 1159 et
1418 1114 1642 1178 propter
1686 1115 1919 1177 quatuor
1946 1107 2062 1161 ele-
2171 1108 2478 1163 comederis
2517 1126 2580 1163 ex
2621 1125 2706 1178 eo,
2745 1110 3053 1180 aperientur
3102 1108 3245 1166 oculi
3296 1109 3516 1176 vestri,
3575 1117 3636 1164 et
3672 1109 3816 1164 eritis

468 1205 673 1267 menta,
715 1200 911 1270 quibus
969 1206 1183 1256 constat
1238 1217 1436 1272 corpus
1486 1211 1752 1259 nostrum.
1800 1203 1871 1257 At
1921 1218 2064 1259 nunc
2173 1204 2308 1259 sicut
2339 1205 2442 1272 Dii,
2477 1205 2710 1260 scientes
2751 1206 2953 1260 bonum
3010 1212 3061 1261 et
3107 1205 3314 1260 malum
3392 1206 3593 1276 (Gen.
3635 1206 3756 1274 In).
3794 1231 3810 1248 ει

487 1290 656 1344 ertius
686 1289 904 1344 additur
933 1291 1260 1354 intellectus,
1297 1292 1390 1348 uni
1439 1307 1545 1346 non
1603 1291 1784 1346 minus
1813 1293 2065 1348 convenit
2175 1295 2313 1350 Ecce
2343 1294 2562 1364 quando
2595 1294 2790 1348 mulier
2819 1311 2920 1364 per
2949 1294 3190 1349 auditum
3222 1294 3544 1351 succubuit
3574 1309 3590 1362 ;
3655 1294 3817 1349 modo

469 1378 856 1449 prmparationi
889 1378 1152 1434 adventus
1177 1379 1410 1434 Domini.
1438 1381 1676 1435 Dicimus
1695 1381 2063 1436 duosordines
2171 1383 2392 1437 attende
2450 1383 2664 1454 quando
2721 1384 2955 1438 odoratu
2984 1391 3036 1438 et
3065 1383 3185 1438 visu
3231 1383 3486 1454 decepta
3544 1391 3671 1438 est.
3735 1383 3816 1437 Ait

472 1492 595 1532 esse
647 1477 916 1547 justorum
972 1477 1025 1531 in
1079 1478 1326 1534 Ecclesia
1382 1486 1585 1545 nostra,
1633 1480 1723 1552 qui
1755 1481 1975 1535 student
2003 1497 2063 1536 se
2173 1479 2456 1551 Scriptura
2491 1498 2550 1533 :«
2588 1481 2957 1536 Viditmulier
2976 1481 3339 1553 quodbonum
3365 1488 3535 1536 esset
3564 1480 3810 1551 lignum,

470 1581 786 1636 praeparare
833 1567 901 1620 ad
951 1567 1353 1638 suscipiendum
1402 1577 1690 1623 venturum
1739 1570 2054 1626 Dominum.
2171 1577 2223 1624 et
2278 1569 2346 1622 ad
2404 1571 2735 1640 vescendum
2793 1585 2983 1636 suave,
3039 1577 3093 1624 et
3146 1570 3449 1640 pulchrum
3485 1569 3711 1637 oculis,
3765 1578 3813 1624 et

475 255 608 307 1215

469 1655 622 1709 Unus
651 1655 784 1708 ordo
819 1653 871 1708 in
926 1657 1175 1711 saiculari
1220 1657 1635 1712 conversatione
1668 1659 1848 1712 studet
1881 1678 1892 1714 :
1927 1659 2063 1713 alter

473 1746 528 1801 in
561 1747 812 1818 spiritali.
855 1749 936 1804 De
966 1751 1154 1806 ordine
1187 1752 1533 1807 salcularium
1573 1739 1865 1823 possumus
1895 1752 2058 1808 intel-
2089 1736 2141 1795 Β

470 1845 640 1916 ligere
671 1847 816 1917 quod
846 1846 1006 1902 lectio
1055 1849 1183 1904 dicit
1231 1849 1282 1902 in
1333 1850 1520 1919 quinta
1553 1851 1896 1905 hebdomade
1939 1859 2064 1906 ante

471 1935 819 1989 Nativitatem
874 1937 1109 2003 Domini,
1167 1938 1272 1993 hoc
1313 1947 1394 1992 est
1431 1939 1695 1993 hodierno
1729 1958 1742 1994 :
1781 1963 1801 1986 ιι
1848 1941 2066 2010 Propter

472 2023 574 2077 hoc
606 2039 734 2079 ecce
766 2025 886 2078 dies
916 2027 1157 2093 veniunt,
1191 2027 1318 2082 dicit
1351 2029 1630 2093 Dominus,
1666 2037 1718 2082 et
1747 2044 1853 2082 non
1884 2028 2067 2084 dicent

473 2120 615 2175 ultra
648 2136 660 2175 :
695 2122 836 2176 Vivit
867 2123 1150 2192 Dominus,
1182 2125 1272 2195 qui
1317 2125 1500 2180 eduxit
1530 2133 1582 2180 et
1612 2125 1840 2180 adduxit
1877 2142 2065 2181 semen

477 2210 667 2264 demus
698 2211 867 2266 Israel
897 2213 965 2266 de
996 2221 1140 2267 terra
1189 2214 1459 2284 aquilonis
1505 2216 1646 2274 (Jer.
1685 2216 1859 2283 χχιιι).
1888 2235 1909 2264 ι
1944 2215 2063 2269 Ad-

476 2298 633 2352 duxit
693 2300 958 2354 Dominus
1013 2299 1152 2355 ﬁlios
1223 2302 1391 2355 Israel
1439 2302 1506 2357 de
1574 2311 1717 2357 terra
1773 2303 2062 2374 aquilonis,

475 2396 696 2467 quando
725 2397 794 2450 de
828 2397 1118 2468 Babylonia
1154 2399 1362 2454 reversi
1396 2408 1521 2454 sunt
1552 2400 1607 2454 in
1641 2401 1879 2455 Judai'am
1907 2417 1919 2468 ;
1962 2402 2065 2456 sed

475 2493 693 2540 econtra
739 2485 936 2540 melius
987 2488 1209 2543 adducit
1259 2495 1477 2543 nostros
1527 2489 1700 2544 bonos
1745 2490 2062 2555 saeculares,

476 2573 738 2630 Dominus
768 2575 838 2629 ad
867 2574 1133 2642 Judaeum,
1164 2576 1219 2631 id
1250 2577 1320 2631 ad
1345 2594 1524 2633 veram
1557 2578 1962 2634 confessionem
1995 2579 2063 2634 de

477 2674 798 2729 confusione
828 2675 1134 2745 Babyloniae
1179 2677 1395 2744 quando
1448 2692 1543 2731 eos
1584 2677 1777 2732 liberat
1807 2679 1874 2732 de
1902 2686 2064 2748 pote-

473 2769 612 2818 state
640 2762 838 2818 diaboli
873 2773 925 2816 et
954 2764 1022 2819 de
1055 2779 1288 2834 corpore
1336 2765 1476 2833 ejus.
1524 2767 1637 2821 IIoc
1672 2766 1730 2821 fit
1761 2782 1856 2835 per
1885 2767 2062 2837 bapti-

474 2866 653 2906 smum
767 2869 926 2924 quem
1031 2853 1235 2908 habent
1333 2854 1639 2922 saeculares,
1734 2854 1921 2911 ﬁdeles
2011 2864 2064 2912 et.

472 2940 774 3012 spiritales.

543 3038 645 3106 Qui
695 3039 839 3094 enim
886 3038 938 3093 iu
985 3039 1168 3096 animo
1211 3041 1490 3112 patiuntur
1536 3041 1809 3113 aquilonis
1841 3041 2060 3114 frigidi-

472 3134 666 3193 tatem,
736 3128 979 3182 membra
1035 3136 1162 3183 sunt
1233 3129 1456 3184 diaboli.
1526 3129 1736 3199 Quanto
1793 3131 1945 3201 pejor
1983 3138 2066 3186 est

473 3216 724 3271 diabolus
773 3225 915 3271 totus
964 3217 1020 3271 in
1063 3233 1300 3290 corpore
1352 3233 1466 3282 suo,
1528 3219 1583 3273 id
1629 3227 1714 3273 est
1765 3219 1818 3273 in
1865 3219 2063 3289 capite,

473 3321 635 3379 quam
684 3322 846 3360 unum
895 3307 1198 3361 membrum
1249 3309 1382 3376 ejus,
1435 3313 1580 3362 tanto
1630 3309 1825 3363 melius
1853 3309 2067 3362 liberati

477 3419 668 3458 sumus
689 3420 720 3458 a
741 3404 943 3460 diaboli
975 3413 1264 3476 potestate.
1326 3422 1488 3479 quam
1519 3415 1704 3462 essent
1761 3407 1855 3461 filii
1897 3405 2068 3461 Israel

478 3506 511 3545 a
540 3492 758 3562 regibus
800 3493 1196 3549 Chaldaéorum.
1240 3496 1319 3550 De
1376 3495 1509 3565 ipsis
1552 3495 1906 3551 saecularibus
1947 3511 2068 3550 me-

477 3588 653 3633 morat
686 3581 1043 3652 Evangelium
1077 3583 1221 3653 quod
1250 3584 1305 3636 in
1335 3593 1534 3655 quanta
1579 3593 1877 3639 memorata
1929 3584 2068 3638 heb-

475 3677 715 3732 domada
744 3676 958 3747 legitur.
995 3680 1194 3734 Narrat
1227 3680 1372 3734 enim
1423 3681 1663 3752 quinque
1693 3681 1864 3735 millia
1893 3681 2070 3738 homi-

475 3782 602 3820 num
621 3765 910 3820 Dominum
938 3768 1155 3838 pavisse
1177 3785 1243 3823 ex
1258 3769 1497 3839 quinque
1521 3769 1748 3838 panibus
1774 3771 1925 3839 (Luc.
1947 3773 2065 3840 vn).

475 3854 635 3925 Quod
663 3855 735 3910 ita
765 3855 916 3910 Beda
943 3859 1167 3927 exponit
1196 3857 1252 3910 in
1283 3857 1569 3929 evangelio
1611 3874 1778 3927 super
1811 3860 2013 3913 Lucam
2050 3879 2060 3914 :

473 3957 645 4010 Erant
718 3963 897 4010 autem
975 3955 1086 4010 fere
1162 3956 1284 4021 viri,
1363 3959 1610 4028 quinque
1684 3957 1870 4023 millia,
1946 3958 2069 4028 quia

476 4044 713 4116 quinque
744 4055 866 4099 sunt
900 4045 1204 4100 exteriores
1239 4046 1476 4100 hominis
1505 4062 1728 4109 sensus;
1763 4046 1851 4116 qui
1875 4062 2070 4101 sensus

477 4141 624 4188 recte
657 4135 756 4187 viri
787 4135 1054 4200 dicuntur,
1117 4135 1241 4206 quia
1287 4133 1612 4190 fortissimos
1656 4136 1843 4190 hostes
1873 4136 2070 4191 anima:

475 4230 678 4278 nostrae
707 4223 763 4276 in
794 4223 874 4277 eis
905 4224 1191 4278 habemus.
1236 4225 1299 4278 Et
1329 4240 1452 4279 cum
1497 4232 1646 4279 esset
1709 4224 1928 4291 ancilla,
1976 4226 2071 4280 do-

478 4318 684 4373 minam
715 4319 819 4373 sibi
842 4320 1051 4374 servire
1075 4320 1254 4392 coegit
1271 4321 1576 4391 (Genava).
1602 4320 1734 4390 Quae
1756 4330 1933 4376 autem
1957 4327 2072 4376 erat

480 4406 600 4460 hmo
627 4407 870 4462 ancilla?
901 4409 1042 4464 Caro
1078 4408 1350 4475 videlicet,
1385 4409 1453 4464 de
1484 4426 1590 4478 quo
1619 4410 1693 4463 ait
1733 4410 2062 4480 Apostolus:

485 4517 507 4542 α
551 4495 690 4548 Caro
744 4497 1083 4566 concupiscit
1129 4498 1398 4553 adversus
1454 4498 1722 4568 spiritum,
1754 4506 1808 4552 et
1837 4497 2065 4568 spiritus

476 4591 746 4648 adversus
772 4609 1029 4648 carnem:
1080 4595 1431 4650 adversantur
1473 4594 1614 4650 enim
1662 4595 1767 4649 sibi
1816 4596 1934 4651 haec
1961 4596 2070 4650 duo

479 4683 625 4750 (Gal.
661 4684 742 4752 v).
780 4706 801 4730 η
826 4682 956 4738 Haec
985 4698 1018 4737 a
1047 4685 1162 4738 Deo
1191 4700 1382 4739 omnes
1411 4693 1762 4754 corruperat:
1805 4683 1950 4755 quod
1980 4685 2072 4738 vix

478 4771 672 4840 aliquis
703 4771 970 4826 voluntati
999 4772 1120 4840 ejus
1151 4774 1402 4828 resistere
1448 4781 1681 4843 poterat,
1724 4773 1833 4827 imo
1879 4788 2071 4828 omnes

481 4867 695 4922 Satanze
727 4869 1066 4924 vendiderat.
1102 4869 1264 4924 Nulia
1286 4886 1467 4941 pugna
1484 4870 1706 4939 gravior
1722 4870 1832 4934 illa,
1853 4870 2072 4941 quando

482 4965 762 5021 inimicum
815 4983 974 5021 suum
1026 4967 1189 5021 homo
1247 4969 1446 5036 portat,
1499 4975 1550 5020 et
1607 4965 1884 5020 inimicum
1916 4981 2073 5019 suum

483 5054 686 5123 pascit:
721 5055 941 5125 quando
971 5055 1039 5110 de
1070 5056 1232 5111 domo
1273 5056 1389 5123 ejus
1431 5063 1514 5110 est
1553 5054 1645 5122 qui
1678 5071 1737 5109 se
1768 5054 2071 5125 impugnat,

486 5153 699 5221 quando
732 5153 875 5208 bona
905 5153 1088 5208 omnia
1118 5153 1169 5207 ei
1233 5152 1380 5214 facit,
1414 5160 1466 5206 et
1495 5150 1612 5222 ipse
1641 5151 1691 5206 ei
1742 5151 1877 5205 mala
1908 5150 2072 5206 retri-

488 5244 637 5300 buet.
676 5248 820 5303 Talis
851 5259 934 5304 est
964 5265 1087 5305 caro
1123 5265 1134 5304 :
1188 5265 1307 5321 quae
1353 5253 1558 5320 quanto
1609 5247 1786 5320 magis
1817 5248 2070 5314 nutritur,

485 5339 634 5388 tanto
698 5339 874 5408 magis
935 5339 1216 5408 gloriatur,
1280 5346 1426 5393 tanto
1493 5338 1672 5410 magis
1728 5338 1782 5391 in
1837 5337 2075 5391 animam

485 5429 684 5500 surgit.
751 5433 1002 5505 Quinque
1059 5437 1202 5490 enim
1262 5437 1542 5490 ministros
1596 5436 1776 5500 habet,
1837 5435 2075 5506 quinque

485 5543 678 5582 sensus
746 5531 1010 5598 corporis,
1069 5534 1266 5602 quibus
1323 5533 1560 5588 animam
1603 5533 1750 5588 ducit
1789 5532 2074 5602 captivam.

485 5625 715 5693 Quando
774 5626 980 5682 scilicet
1026 5631 1220 5698 aliquis
1277 5641 1488 5698 peccat,
1538 5631 1623 5686 vel
1664 5631 1900 5685 videndo
1932 5630 2077 5684 deci-

483 5717 652 5786 pitur,
681 5719 768 5777 vel
800 5716 1071 5772 audiendo
1103 5719 1412 5785 attrahitur,
1446 5719 1532 5774 vel
1569 5718 1848 5774 odorando
1887 5718 2073 5774 illicita

2099 4458 2150 4517 D

2171 1666 2398 1728 aspectu
2429 1658 2750 1714 deleciabile
2781 1659 2982 1729 (ibid).
3030 1681 3051 1707 η
3079 1659 3213 1713 Cum
3241 1658 3375 1714 dicit
3421 1678 3434 1713 :
3464 1682 3489 1707 »ο

2174 1765 2326 1828 capta
2349 1765 2430 1812 est
2456 1757 2686 1812 odoratu
2728 1777 2738 1812 :
2793 1774 2916 1813 cum
2946 1758 3019 1812 ait
3062 1778 3073 1812 :
3122 1781 3142 1805 υ

2172 1847 2460 1918 illaqueata
2491 1855 2572 1900 est
2603 1847 2743 1900 visu.
2776 1847 2964 1901 Adhuc
3011 1854 3307 1917 supersunt
3353 1846 3470 1900 duo
3527 1845 3800 1908 ministri,

2173 1936 2264 2004 qui
2291 1943 2460 1990 totum
2492 1936 2669 1989 scelus
2701 1943 3150 2006 perpetraverunt
3180 1950 3192 1988 :
3248 1943 3432 1990 tactus
3465 1941 3527 1989 et
3562 1942 3793 2004 gustus.

2177 2024 2308 2080 Vide
2356 2041 2492 2094 ergo
2545 2024 2763 2095 quando
2822 2041 2921 2095 per
2977 2024 3099 2078 illos
3143 2039 3268 2079 caro
3294 2025 3598 2093 inceptum
3634 2038 3794 2076 suum

2173 2121 2592 2178 consummavit.
2617 2121 2883 2192 Scriptum
2915 2130 2998 2177 est
3029 2130 3210 2177 autem
3239 2145 3258 2169 α
3283 2123 3348 2175 Et
3363 2121 3584 2175 tulitde
3618 2119 3794 2176 fructu

2175 2211 2315 2265 illius
2345 2219 2399 2265 et
2430 2211 2664 2266 comedit
2697 2211 2916 2278 (ibid.).
2954 2232 2975 2257 η
3015 2211 3204 2264 Manus
3233 2209 3377 2278 tulit,
3420 2224 3490 2264 os
3522 2209 3790 2275 comedit,

2174 2307 2353 2355 tactus
2385 2299 2726 2366 ministravit,
2770 2307 2960 2370 gustus
3006 2306 3302 2369 peccatum
3333 2299 3779 2354 consummavit.

2175 2398 2448 2451 Prostrata
2477 2397 2640 2467 igitur
2660 2396 2874 2468 origine
2891 2396 3153 2462 omnium,
3186 2403 3357 2450 totum
3390 2395 3671 2449 mundum
3709 2393 3784 2448 illi

2172 2485 2403 2540 ministri
2431 2485 2692 2555 deinceps
2716 2485 3104 2557 subjugabant.
3138 2484 3283 2539 Vidit
3311 2483 3486 2554 igitur
3507 2483 3782 2538 Dominus

2172 2583 2223 2630 et
2281 2574 2609 2644 Redemptor
2658 2583 2850 2628 noster
2907 2575 3036 2646 quia
3094 2588 3218 2628 caro
3274 2581 3444 2628 totum
3504 2572 3779 2626 mundum

2170 2671 2243 2725 ita
2295 2672 2664 2741 expugnabat,
2725 2671 2849 2742 quia
2907 2670 3103 2726 ancilla
3159 2671 3442 2726 dominam
3470 2687 3632 2725 suam
3669 2671 3777 2725 sibi

2169 2760 2567 2831 subjugaverat
2597 2761 2755 2830 (Gen.
2802 2761 2934 2825 xvii,
2981 2759 3168 2813 habuit
3212 2774 3334 2814 cum
3379 2759 3778 2815 misericordia.

2169 2865 2264 2903 sua
2293 2849 2575 2904 consilium
2605 2849 2750 2920 quod
2777 2849 2846 2902 ab
2862 2851 2958 2904 hac
2988 2848 3296 2919 captivitate
3323 2847 3598 2903 liberaret
3622 2864 3780 2902 mun-

2167 2945 2316 3000 dum.
2378 2946 2654 3001 lnimicam
2702 2961 2834 3016 ergo
2888 2955 3125 3000 nostram
3172 2960 3398 3000 carnem
3455 2945 3656 3013 induit,
3721 2951 3779 2998 ut

2169 3051 2290 3090 cum
2330 3051 2392 3090 ea
2431 3043 2719 3107 pugnaret,
2760 3043 2812 3089 et
2865 3050 2986 3090 eam
3027 3035 3438 3104 comprimeret,
3491 3042 3547 3089 et
3600 3034 3776 3087 mini-

2175 3132 2316 3178 stros
2345 3140 2474 3179 suos
2504 3124 2836 3190 debilitaret,
2896 3131 2954 3177 ut
3001 3123 3263 3192 deinceps
3292 3138 3402 3178 non
3434 3130 3677 3193 possent
3727 3120 3780 3176 ei

2177 3213 2450 3280 resistere,
2503 3220 2557 3266 et
2607 3212 2825 3266 domina
2883 3211 3140 3266 famulam
3197 3227 3351 3266 suam
3399 3212 3775 3283 gubernaret.

2174 3311 2357 3382 Elegit
2382 3311 2566 3381 itaque
2617 3317 3013 3380 competentem
3065 3324 3300 3379 pmnam,
3364 3308 3418 3362 in
3466 3325 3695 3363 crucem
3725 3309 3780 3361 in

2177 3416 2281 3471 qua
2313 3402 2520 3453 hostem
2555 3408 2793 3453 nostrum
2842 3397 3193 3469 crucitigeret
3224 3405 3278 3450 et
3327 3413 3526 3452 sensus
3561 3399 3783 3467 puniret

2179 3498 2416 3543 nostros.
2470 3487 2627 3542 Oculi
2679 3486 3071 3557 turpitudinem
3127 3501 3305 3557 paenae
3357 3495 3410 3540 et
3453 3487 3781 3540 insultantes

2176 3587 2445 3651 viderunt,
2479 3593 2533 3641 et
2562 3586 2817 3640 tenebras
2845 3585 3036 3639 mortis
3055 3592 3365 3646 senserunt,
3389 3599 3558 3638 aures
3581 3598 3785 3655 oppro-

2176 3675 2297 3730 bria
2325 3674 2644 3745 turpissima
2667 3673 2972 3738 audierunt,
2995 3689 3058 3728 os
3078 3673 3154 3727 ait
3177 3690 3224 3726 ια
3235 3671 3370 3727 Sitio
3392 3673 3584 3741 (Joan.
3612 3673 3779 3741 xix),-

2181 3781 2232 3829 et
2279 3773 2419 3828 fellis
2459 3783 2512 3828 et
2547 3773 2684 3828 aceti
2724 3770 3143 3825 amaritudinem
3205 3769 3451 3841 gustavit
3508 3788 3523 3832 ;
3584 3785 3786 3825 manus

2179 3861 2452 3918 crucifixae
2481 3869 2626 3939 sunt,
2667 3870 2720 3915 et
2739 3869 2852 3915 tota
2881 3875 3009 3915 caro
3041 3859 3110 3913 ibi
3139 3875 3406 3929 perpessa
3436 3866 3546 3922 est,
3579 3868 3639 3912 ut
3674 3868 3778 3913 tota

2181 3951 2336 4007 nobis
2368 3951 2665 4019 subjaceat,
2725 3957 2778 4004 et
2833 3947 3068 4019 amplius
3129 3949 3324 4002 animae
3356 3948 3610 4002 obediat.
3647 3949 3775 4002 Ecce

2180 4049 2323 4103 enim
2393 4049 2639 4116 subjacet
2703 4047 2870 4112 victa,
2941 4061 3069 4101 ecce
3109 4045 3306 4100 ancilla
3345 4046 3632 4115 ﬂagellata
3667 4053 3763 4097 est.

2181 4137 2312 4191 Inde
2343 4138 2598 4207 estquod
2632 4137 2878 4206 quinque
2928 4134 3100 4188 millia
3144 4134 3249 4189 viri
3302 4134 3605 4188 Dominum
3663 4140 3776 4187 sunt

2181 4225 2373 4292 secuti,
2417 4225 2545 4297 quia
2610 4225 2691 4279 illi
2759 4225 2939 4280 adhuc
2989 4223 3046 4277 in
3101 4223 3351 4278 saeculari
3392 4222 3586 4276 habitu
3623 4222 3778 4292 positi

2181 4315 2318 4370 bene
2365 4322 2685 4369 meruerunt
2751 4314 2826 4368 uti
2885 4312 3269 4378 exterioribus,
3321 4328 3442 4382 quae
3503 4311 3780 4382 possident

2181 4409 2295 4464 suis
2325 4409 2563 4480 quinque
2593 4408 2876 4464 sensibus.
2915 4407 3016 4476 Qui
3061 4415 3216 4463 recte
3265 4407 3510 4476 quinque
3539 4405 3778 4476 panibus

2181 4499 2412 4560 aluntur,
2443 4498 2570 4570 quia
2601 4499 2740 4552 tales
2771 4513 2999 4553 necesse
3030 4503 3112 4552 est
3138 4495 3434 4566 legalibus,
3471 4493 3528 4549 id
3560 4501 3651 4548 est
3684 4511 3780 4548 sa:-

2179 4588 2452 4642 cularibus
2481 4587 2660 4642 adhuc
2678 4586 2970 4656 praeceptis
3002 4585 3230 4639 institui.

2252 4683 2444 4739 Otiieia
2474 4700 2688 4756 quoque
2727 4699 2849 4755 quae
2878 4683 3228 4738 celebrantur
3248 4681 3303 4735 in
3335 4689 3536 4752 quarta
3565 4681 3779 4737 hebdo-

2179 4777 2338 4828 mada
2366 4782 2491 4828 ante
2521 4773 2864 4827 Nattvitatem
2915 4771 3132 4826 Domini
3190 4769 3461 4840 spiritales
3501 4786 3604 4841 per
3633 4786 3775 4843 qua-

2179 4879 2306 4926 tuor
2328 4871 2620 4942 Evangelia
2651 4871 2718 4924 ad
2750 4871 3014 4941 potiorem
3072 4868 3459 4940 perfectionem
3509 4870 3780 4925 excitant.

2182 4971 2334 5025 Unde
2365 4969 2494 5024 dicit
2520 4969 2748 5040 epistola
2783 4985 2902 5040 quae
2931 4968 2988 5022 in
3017 4967 3211 5022 eodem
3247 4967 3446 5039 legitur
3477 4983 3491 5022 :
3529 4991 3552 5015 ε
3589 4967 3782 5023 Scien-

2184 5077 2263 5122 tes
2295 5068 2419 5138 quia
2451 5069 2584 5122 hora
2615 5075 2696 5121 est
2723 5067 2835 5135 jam
2865 5082 2966 5120 nos
3015 5065 3083 5120 de
3116 5081 3311 5120 somno
3340 5081 3588 5136 surgere,
3643 5081 3783 5122 nunc

2179 5165 2358 5212 autem
2418 5155 2638 5226 propior
2683 5165 2764 5210 est
2821 5163 3010 5209 nostra
3068 5153 3218 5208 salus
3267 5169 3434 5225 quam
3469 5170 3594 5208 cum
3669 5169 3782 5210 cre-

2183 5254 2371 5308 dimus
2405 5256 2582 5320 (Rom.
2608 5252 2750 5321 xm).
2778 5273 2798 5300 ν
2839 5253 2918 5305 De
2960 5250 3154 5305 iisdem
3210 5250 3554 5322 spiritalibus
3578 5250 3781 5306 dicitin

2185 5359 2348 5414 supra
2405 5343 2548 5397 dicto
2606 5341 2745 5395 libru
2805 5341 3022 5409 (ΒευΑ.)
3086 5363 3106 5388 ‹‹
3177 5339 3319 5393 Nam
3363 5339 3454 5409 qui
3484 5340 3694 5394 mundo
3722 5339 3786 5394 ad

2186 5433 2463 5504 integrum
2519 5430 2853 5493 renuntiant,
2914 5437 2967 5482 et
3021 5437 3255 5499 quatuor
3302 5437 3427 5482 sunt
3476 5427 3682 5494 millia,
3727 5437 3774 5482 et

2185 5538 2391 5600 septem
2421 5529 2654 5598 panibus
2683 5527 2891 5591 refecti,
2924 5526 3030 5580 hoc
3069 5535 3155 5580 est
3185 5525 3507 5596 evangelica
3547 5524 3776 5580 lectione

2186 5629 2448 5682 sublimes
2477 5634 2530 5681 et
2566 5625 2793 5696 spiritali
2838 5623 3015 5696 gratia
3045 5631 3172 5677 sunt
3201 5623 3372 5678 docti.
3403 5622 3571 5690 Cujus
3606 5623 3776 5692 signi-

2187 5717 2415 5773 ﬁcanda:
2470 5714 2740 5771 distantia:
2784 5727 2948 5770 causa
2996 5711 3246 5783 mystice,
3304 5718 3363 5766 ut
3421 5726 3562 5779 reor,
3617 5711 3674 5766 in
3704 5711 3780 5765 in-

3535 1673 3726 1713 suave
3761 1681 3806 1724 ι,

3197 1757 3495 1828 pulchrum
3533 1756 3728 1811 oculis
3765 1783 3806 1824 ι,

3927 2275 3934 2366 Ι
