  <div class='ocr_page' id='page_1' title='image "/cluster/home/n/w/nwhite01/storage/ocr_20150623/157/hvd.32044054760152/614.png"; bbox 0 0 3972 6076; ppageno 0'>
   <div class='ocr_carea' id='block_1_1' title="bbox 170 201 333 258">
    <p class='ocr_par' dir='ltr' id='par_1_1' title="bbox 170 201 333 258">
     <span class='ocr_line' id='line_1_1' title="bbox 170 201 333 258; baseline 0.012 -2"><span class='ocrx_word' id='word_1_1' title='bbox 170 201 333 258; x_wconf 73' lang='grc'>1217</span> 
     </span>
    </p>
   </div>
   <div class='ocr_carea' id='block_1_2' title="bbox 1116 203 2590 263">
    <p class='ocr_par' dir='ltr' id='par_1_2' title="bbox 1116 203 2590 263">
     <span class='ocr_line' id='line_1_2' title="bbox 1116 203 2590 263; baseline 0.003 -5"><span class='ocrx_word' id='word_1_2' title='bbox 1116 203 1701 260; x_wconf 62' lang='grc' dir='ltr'>υιξιθιυιιΑΤιΟΝΕδ</span> <span class='ocrx_word' id='word_1_3' title='bbox 1742 204 1846 261; x_wconf 84' lang='lat' dir='ltr'>SS.</span> <span class='ocrx_word' id='word_1_4' title='bbox 1897 206 2194 263; x_wconf 79' lang='lat' dir='ltr'>PATRUM.</span> <span class='ocrx_word' id='word_1_5' title='bbox 2233 237 2301 247; x_wconf 87' lang='lat'>-—</span> <span class='ocrx_word' id='word_1_6' title='bbox 2340 206 2472 262; x_wconf 77' lang='lat' dir='ltr'>Llll.</span> <span class='ocrx_word' id='word_1_7' title='bbox 2524 210 2590 263; x_wconf 92' lang='lat' dir='ltr'>ll.</span> 
     </span>
    </p>
   </div>
   <div class='ocr_carea' id='block_1_3' title="bbox 3361 216 3495 270">
    <p class='ocr_par' dir='ltr' id='par_1_3' title="bbox 3361 216 3495 270">
     <span class='ocr_line' id='line_1_3' title="bbox 3361 216 3495 270; baseline 0.007 -4"><span class='ocrx_word' id='word_1_8' title='bbox 3361 216 3495 270; x_wconf 69' lang='grc'>1218</span> 
     </span>
    </p>
   </div>
   <div class='ocr_carea' id='block_1_4' title="bbox 171 325 3490 410">
    <p class='ocr_par' dir='ltr' id='par_1_4' title="bbox 171 325 3490 410">
     <span class='ocr_line' id='line_1_4' title="bbox 171 325 3490 410; baseline 0.003 -28"><span class='ocrx_word' id='word_1_9' title='bbox 171 326 365 383; x_wconf 88' lang='lat' dir='ltr'>troitu</span> <span class='ocrx_word' id='word_1_10' title='bbox 432 325 661 399; x_wconf 99' lang='lat' dir='ltr'>quidem</span> <span class='ocrx_word' id='word_1_11' title='bbox 740 325 1092 399; x_wconf 76' lang='lat' dir='ltr'>tabernaculi,</span> <span class='ocrx_word' id='word_1_12' title='bbox 1175 328 1420 400; x_wconf 88' lang='lat' dir='ltr'>quinque</span> <span class='ocrx_word' id='word_1_13' title='bbox 1503 328 1789 384; x_wconf 84' lang='lat' dir='ltr'>columnas</span> <span class='ocrx_word' id='word_1_14' title='bbox 1815 329 2150 403; x_wconf 89' lang='lat' dir='ltr'>Ainquiens</span> <span class='ocrx_word' id='word_1_15' title='bbox 2214 333 2520 404; x_wconf 74' lang='lat' dir='ltr'>praecessit,</span> <span class='ocrx_word' id='word_1_16' title='bbox 2585 334 2704 390; x_wconf 91' lang='lat' dir='ltr'>dies</span> <span class='ocrx_word' id='word_1_17' title='bbox 2769 343 2950 392; x_wconf 88' lang='lat' dir='ltr'>autem</span> <span class='ocrx_word' id='word_1_18' title='bbox 3006 338 3490 410; x_wconf 84' lang='lat' dir='ltr'>apprOpinquabit.</span> 
     </span>
    </p>
   </div>
   <div class='ocr_carea' id='block_1_5' title="bbox 177 415 1803 483">
    <p class='ocr_par' dir='ltr' id='par_1_5' title="bbox 177 415 1803 483">
     <span class='ocr_line' id='line_1_5' title="bbox 177 415 1803 483; baseline 0 -11"><span class='ocrx_word' id='word_1_19' title='bbox 177 415 520 483; x_wconf 89' lang='lat' dir='ltr'>deauratas,</span> <span class='ocrx_word' id='word_1_20' title='bbox 589 422 715 471; x_wconf 90' lang='lat' dir='ltr'>ante</span> <span class='ocrx_word' id='word_1_21' title='bbox 778 415 1054 473; x_wconf 84' lang='lat' dir='ltr'>oraculum</span> <span class='ocrx_word' id='word_1_22' title='bbox 1132 432 1284 483; x_wconf 89' lang='lat' dir='ltr'>vero,</span> <span class='ocrx_word' id='word_1_23' title='bbox 1352 416 1407 472; x_wconf 92' lang='lat' dir='ltr'>id</span> <span class='ocrx_word' id='word_1_24' title='bbox 1470 424 1552 473; x_wconf 89' lang='lat' dir='ltr'>est</span> <span class='ocrx_word' id='word_1_25' title='bbox 1615 426 1803 474; x_wconf 87' lang='lat' dir='ltr'>sancta</span> 
     </span>
    </p>
   </div>
   <div class='ocr_carea' id='block_1_6' title="bbox 182 500 1804 577">
    <p class='ocr_par' dir='ltr' id='par_1_6' title="bbox 182 500 1804 577">
     <span class='ocr_line' id='line_1_6' title="bbox 182 500 1804 577; baseline 0 -18"><span class='ocrx_word' id='word_1_26' title='bbox 182 512 541 570; x_wconf 88' lang='lat' dir='ltr'>sanctorum,</span> <span class='ocrx_word' id='word_1_27' title='bbox 578 512 812 577; x_wconf 89' lang='lat' dir='ltr'>quatuor</span> <span class='ocrx_word' id='word_1_28' title='bbox 846 502 961 559; x_wconf 85' lang='lat' dir='ltr'>ﬁeri</span> <span class='ocrx_word' id='word_1_29' title='bbox 986 504 1172 573; x_wconf 86' lang='lat' dir='ltr'>jussas</span> <span class='ocrx_word' id='word_1_30' title='bbox 1196 500 1392 569; x_wconf 73' lang='lat' dir='ltr'>(Exod.</span> <span class='ocrx_word' id='word_1_31' title='bbox 1418 504 1642 569; x_wconf 60' lang='lat' dir='ltr'>xxxvi),</span> <span class='ocrx_word' id='word_1_32' title='bbox 1675 506 1804 576; x_wconf 86' lang='lat' dir='ltr'>quia</span> 
     </span>
    </p>
   </div>
   <div class='ocr_carea' id='block_1_7' title="bbox 187 600 1805 673">
    <p class='ocr_par' dir='ltr' id='par_1_7' title="bbox 187 600 1805 673">
     <span class='ocr_line' id='line_1_7' title="bbox 187 600 1805 673; baseline -0.001 -16"><span class='ocrx_word' id='word_1_33' title='bbox 187 601 465 657; x_wconf 77' lang='lat' dir='ltr'>videlicet</span> <span class='ocrx_word' id='word_1_34' title='bbox 493 601 819 673; x_wconf 77' lang='lat' dir='ltr'>incipientes</span> <span class='ocrx_word' id='word_1_35' title='bbox 842 617 942 673; x_wconf 92' lang='lat' dir='ltr'>per</span> <span class='ocrx_word' id='word_1_36' title='bbox 971 600 1150 671; x_wconf 82' lang='lat' dir='ltr'>legem</span> <span class='ocrx_word' id='word_1_37' title='bbox 1180 602 1544 673; x_wconf 76' lang='lat' dir='ltr'>castigantur,</span> <span class='ocrx_word' id='word_1_38' title='bbox 1578 602 1805 673; x_wconf 79' lang='lat' dir='ltr'>perfecti</span> 
     </span>
    </p>
   </div>
   <div class='ocr_carea' id='block_1_8' title="bbox 180 690 1804 763">
    <p class='ocr_par' dir='ltr' id='par_1_8' title="bbox 180 690 1804 763">
     <span class='ocr_line' id='line_1_8' title="bbox 180 690 1804 763; baseline 0.001 -18"><span class='ocrx_word' id='word_1_39' title='bbox 180 696 387 746; x_wconf 86' lang='lat' dir='ltr'>autem</span> <span class='ocrx_word' id='word_1_40' title='bbox 420 705 518 761; x_wconf 92' lang='lat' dir='ltr'>per</span> <span class='ocrx_word' id='word_1_41' title='bbox 546 690 776 763; x_wconf 78' lang='lat' dir='ltr'>gratiam</span> <span class='ocrx_word' id='word_1_42' title='bbox 809 690 1126 745; x_wconf 88' lang='lat' dir='ltr'>utdevotius</span> <span class='ocrx_word' id='word_1_43' title='bbox 1157 691 1272 746; x_wconf 92' lang='lat' dir='ltr'>Deo</span> <span class='ocrx_word' id='word_1_44' title='bbox 1289 690 1469 746; x_wconf 86' lang='lat' dir='ltr'>vivant</span> <span class='ocrx_word' id='word_1_45' title='bbox 1496 692 1804 746; x_wconf 89' lang='lat' dir='ltr'>admonen-</span> 
     </span>
    </p>
   </div>
   <div class='ocr_carea' id='block_1_9' title="bbox 183 778 1806 852">
    <p class='ocr_par' dir='ltr' id='par_1_9' title="bbox 183 778 1806 852">
     <span class='ocr_line' id='line_1_9' title="bbox 183 778 1806 852; baseline 0.001 -18"><span class='ocrx_word' id='word_1_46' title='bbox 183 786 314 834; x_wconf 88' lang='lat' dir='ltr'>tur.</span> <span class='ocrx_word' id='word_1_47' title='bbox 359 778 567 851; x_wconf 81' lang='lat' dir='ltr'>Typice</span> <span class='ocrx_word' id='word_1_48' title='bbox 614 796 715 850; x_wconf 91' lang='lat' dir='ltr'>per</span> <span class='ocrx_word' id='word_1_49' title='bbox 746 789 989 846; x_wconf 87' lang='lat' dir='ltr'>cantum,</span> <span class='ocrx_word' id='word_1_50' title='bbox 1052 779 1143 851; x_wconf 88' lang='lat' dir='ltr'>qui</span> <span class='ocrx_word' id='word_1_51' title='bbox 1173 790 1463 835; x_wconf 81' lang='lat' dir='ltr'>renovatur</span> <span class='ocrx_word' id='word_1_52' title='bbox 1518 780 1573 836; x_wconf 90' lang='lat' dir='ltr'>in</span> <span class='ocrx_word' id='word_1_53' title='bbox 1604 789 1806 852; x_wconf 85' lang='lat' dir='ltr'>quarta</span> 
     </span>
    </p>
   </div>
   <div class='ocr_carea' id='block_1_10' title="bbox 185 867 1801 941">
    <p class='ocr_par' dir='ltr' id='par_1_10' title="bbox 185 867 1801 941">
     <span class='ocr_line' id='line_1_10' title="bbox 185 867 1801 941; baseline 0.001 -19"><span class='ocrx_word' id='word_1_54' title='bbox 185 877 327 923; x_wconf 86' lang='lat' dir='ltr'>ante</span> <span class='ocrx_word' id='word_1_55' title='bbox 360 869 711 923; x_wconf 83' lang='lat' dir='ltr'>Nativitatcm</span> <span class='ocrx_word' id='word_1_56' title='bbox 785 867 1010 923; x_wconf 88' lang='lat' dir='ltr'>Domini</span> <span class='ocrx_word' id='word_1_57' title='bbox 1082 869 1447 935; x_wconf 89' lang='lat' dir='ltr'>hebdomada,</span> <span class='ocrx_word' id='word_1_58' title='bbox 1513 869 1801 941; x_wconf 79' lang='lat' dir='ltr'>gentilium</span> 
     </span>
    </p>
   </div>
   <div class='ocr_carea' id='block_1_11' title="bbox 187 965 1805 1039">
    <p class='ocr_par' dir='ltr' id='par_1_11' title="bbox 187 965 1805 1039">
     <span class='ocr_line' id='line_1_11' title="bbox 187 965 1805 1039; baseline 0 -17"><span class='ocrx_word' id='word_1_59' title='bbox 187 965 471 1022; x_wconf 87' lang='lat' dir='ltr'>mentium</span> <span class='ocrx_word' id='word_1_60' title='bbox 490 967 885 1037; x_wconf 82' lang='lat' dir='ltr'>perfectionem</span> <span class='ocrx_word' id='word_1_61' title='bbox 919 966 1302 1039; x_wconf 76' lang='lat' dir='ltr'>intelligimus.</span> <span class='ocrx_word' id='word_1_62' title='bbox 1356 967 1411 1021; x_wconf 91' lang='lat' dir='ltr'>Si</span> <span class='ocrx_word' id='word_1_63' title='bbox 1444 984 1542 1038; x_wconf 87' lang='lat' dir='ltr'>per</span> <span class='ocrx_word' id='word_1_64' title='bbox 1566 968 1805 1039; x_wconf 84' lang='lat' dir='ltr'>quinque</span> 
     </span>
    </p>
   </div>
   <div class='ocr_carea' id='block_1_12' title="bbox 191 1063 1806 1136">
    <p class='ocr_par' dir='ltr' id='par_1_12' title="bbox 191 1063 1806 1136">
     <span class='ocr_line' id='line_1_12' title="bbox 191 1063 1806 1136; baseline -0.001 -16"><span class='ocrx_word' id='word_1_65' title='bbox 191 1064 582 1120; x_wconf 80' lang='lat' dir='ltr'>hebdomadas</span> <span class='ocrx_word' id='word_1_66' title='bbox 613 1063 692 1118; x_wconf 90' lang='lat' dir='ltr'>illi</span> <span class='ocrx_word' id='word_1_67' title='bbox 740 1064 1118 1135; x_wconf 88' lang='lat' dir='ltr'>intelliguntur</span> <span class='ocrx_word' id='word_1_68' title='bbox 1146 1064 1237 1136; x_wconf 89' lang='lat' dir='ltr'>qui</span> <span class='ocrx_word' id='word_1_69' title='bbox 1266 1065 1443 1121; x_wconf 89' lang='lat' dir='ltr'>adhuc</span> <span class='ocrx_word' id='word_1_70' title='bbox 1492 1064 1806 1135; x_wconf 66' lang='lat' dir='ltr'>paenitentia</span> 
     </span>
    </p>
   </div>
   <div class='ocr_carea' id='block_1_13' title="bbox 192 1165 1807 1239">
    <p class='ocr_par' dir='ltr' id='par_1_13' title="bbox 192 1165 1807 1239">
     <span class='ocr_line' id='line_1_13' title="bbox 192 1165 1807 1239; baseline 0.001 -19"><span class='ocrx_word' id='word_1_71' title='bbox 192 1165 498 1237; x_wconf 81' lang='lat' dir='ltr'>deplorant</span> <span class='ocrx_word' id='word_1_72' title='bbox 532 1166 776 1222; x_wconf 84' lang='lat' dir='ltr'>recentia</span> <span class='ocrx_word' id='word_1_73' title='bbox 806 1175 1049 1236; x_wconf 86' lang='lat' dir='ltr'>peccata,</span> <span class='ocrx_word' id='word_1_74' title='bbox 1085 1167 1280 1221; x_wconf 89' lang='lat' dir='ltr'>merito</span> <span class='ocrx_word' id='word_1_75' title='bbox 1306 1183 1403 1238; x_wconf 90' lang='lat' dir='ltr'>per</span> <span class='ocrx_word' id='word_1_76' title='bbox 1417 1177 1647 1239; x_wconf 86' lang='lat' dir='ltr'>quatuor</span> <span class='ocrx_word' id='word_1_77' title='bbox 1675 1167 1807 1222; x_wconf 80' lang='lat' dir='ltr'>lteb-</span> 
     </span>
    </p>
   </div>
   <div class='ocr_carea' id='block_1_14' title="bbox 192 1254 1806 1328">
    <p class='ocr_par' dir='ltr' id='par_1_14' title="bbox 192 1254 1806 1328">
     <span class='ocr_line' id='line_1_14' title="bbox 192 1254 1806 1328; baseline -0.001 -17"><span class='ocrx_word' id='word_1_78' title='bbox 192 1255 477 1311; x_wconf 90' lang='lat' dir='ltr'>domadas</span> <span class='ocrx_word' id='word_1_79' title='bbox 507 1271 605 1311; x_wconf 86' lang='lat' dir='ltr'>eos</span> <span class='ocrx_word' id='word_1_80' title='bbox 635 1254 994 1327; x_wconf 83' lang='lat' dir='ltr'>intelligimus</span> <span class='ocrx_word' id='word_1_81' title='bbox 1032 1255 1125 1327; x_wconf 90' lang='lat' dir='ltr'>qui</span> <span class='ocrx_word' id='word_1_82' title='bbox 1155 1256 1360 1328; x_wconf 88' lang='lat' dir='ltr'>gaudio</span> <span class='ocrx_word' id='word_1_83' title='bbox 1388 1255 1618 1326; x_wconf 80' lang='lat' dir='ltr'>spiritali</span> <span class='ocrx_word' id='word_1_84' title='bbox 1674 1271 1806 1326; x_wconf 91' lang='lat' dir='ltr'>pro-</span> 
     </span>
    </p>
   </div>
   <div class='ocr_carea' id='block_1_15' title="bbox 196 1352 1807 1409">
    <p class='ocr_par' dir='ltr' id='par_1_15' title="bbox 196 1352 1807 1409">
     <span class='ocr_line' id='line_1_15' title="bbox 196 1352 1807 1409; baseline 0 -3"><span class='ocrx_word' id='word_1_85' title='bbox 196 1352 402 1409; x_wconf 78' lang='lat' dir='ltr'>ﬁciunt</span> <span class='ocrx_word' id='word_1_86' title='bbox 476 1353 544 1409; x_wconf 90' lang='lat' dir='ltr'>de</span> <span class='ocrx_word' id='word_1_87' title='bbox 582 1354 780 1409; x_wconf 88' lang='lat' dir='ltr'>virtute</span> <span class='ocrx_word' id='word_1_88' title='bbox 818 1352 875 1407; x_wconf 89' lang='lat' dir='ltr'>in</span> <span class='ocrx_word' id='word_1_89' title='bbox 946 1353 1227 1409; x_wconf 75' lang='lat' dir='ltr'>virtutem.</span> <span class='ocrx_word' id='word_1_90' title='bbox 1274 1353 1368 1407; x_wconf 87' lang='lat' dir='ltr'>Isti</span> <span class='ocrx_word' id='word_1_91' title='bbox 1416 1353 1530 1409; x_wconf 90' lang='lat' dir='ltr'>duo</span> <span class='ocrx_word' id='word_1_92' title='bbox 1585 1352 1807 1409; x_wconf 82' lang='lat' dir='ltr'>ordines</span> 
     </span>
    </p>
   </div>
   <div class='ocr_carea' id='block_1_16' title="bbox 194 1441 1798 1512">
    <p class='ocr_par' dir='ltr' id='par_1_16' title="bbox 194 1441 1798 1512">
     <span class='ocr_line' id='line_1_16' title="bbox 194 1441 1798 1512; baseline 0 -15"><span class='ocrx_word' id='word_1_93' title='bbox 194 1441 429 1497; x_wconf 90' lang='lat' dir='ltr'>fuerunt</span> <span class='ocrx_word' id='word_1_94' title='bbox 457 1450 510 1497; x_wconf 91' lang='lat' dir='ltr'>tn</span> <span class='ocrx_word' id='word_1_95' title='bbox 544 1442 725 1498; x_wconf 77' lang='lat' dir='ltr'>Veteri</span> <span class='ocrx_word' id='word_1_96' title='bbox 781 1443 1152 1512; x_wconf 87' lang='lat' dir='ltr'>Testamento,</span> <span class='ocrx_word' id='word_1_97' title='bbox 1211 1441 1298 1497; x_wconf 93' lang='lat' dir='ltr'>isti</span> <span class='ocrx_word' id='word_1_98' title='bbox 1324 1450 1465 1507; x_wconf 88' lang='lat' dir='ltr'>sunt,</span> <span class='ocrx_word' id='word_1_99' title='bbox 1500 1449 1554 1498; x_wconf 95' lang='lat' dir='ltr'>et</span> <span class='ocrx_word' id='word_1_100' title='bbox 1608 1442 1798 1497; x_wconf 90' lang='lat' dir='ltr'>modo.</span> 
     </span>
    </p>
   </div>
   <div class='ocr_carea' id='block_1_17' title="bbox 199 1538 1808 1612">
    <p class='ocr_par' dir='ltr' id='par_1_17' title="bbox 199 1538 1808 1612">
     <span class='ocr_line' id='line_1_17' title="bbox 199 1538 1808 1612; baseline -0.001 -16"><span class='ocrx_word' id='word_1_101' title='bbox 199 1539 517 1596; x_wconf 79' lang='lat' dir='ltr'>Renovatio</span> <span class='ocrx_word' id='word_1_102' title='bbox 548 1544 738 1595; x_wconf 86' lang='lat' dir='ltr'>cantus</span> <span class='ocrx_word' id='word_1_103' title='bbox 768 1538 1037 1612; x_wconf 82' lang='lat' dir='ltr'>signiﬁcat</span> <span class='ocrx_word' id='word_1_104' title='bbox 1067 1539 1330 1610; x_wconf 80' lang='lat' dir='ltr'>gaudium</span> <span class='ocrx_word' id='word_1_105' title='bbox 1361 1539 1656 1596; x_wconf 88' lang='lat' dir='ltr'>electorum</span> <span class='ocrx_word' id='word_1_106' title='bbox 1714 1539 1808 1612; x_wconf 91' lang='lat' dir='ltr'>qui</span> 
     </span>
    </p>
   </div>
   <div class='ocr_carea' id='block_1_18' title="bbox 200 1636 1804 1711">
    <p class='ocr_par' dir='ltr' id='par_1_18' title="bbox 200 1636 1804 1711">
     <span class='ocr_line' id='line_1_18' title="bbox 200 1636 1804 1711; baseline -0.001 -18"><span class='ocrx_word' id='word_1_107' title='bbox 200 1639 457 1711; x_wconf 77' lang='lat' dir='ltr'>gaudent</span> <span class='ocrx_word' id='word_1_108' title='bbox 512 1639 814 1709; x_wconf 87' lang='lat' dir='ltr'>plurimum</span> <span class='ocrx_word' id='word_1_109' title='bbox 870 1638 926 1692; x_wconf 91' lang='lat' dir='ltr'>in</span> <span class='ocrx_word' id='word_1_110' title='bbox 955 1638 1191 1693; x_wconf 90' lang='lat' dir='ltr'>adventu</span> <span class='ocrx_word' id='word_1_111' title='bbox 1237 1636 1455 1694; x_wconf 91' lang='lat' dir='ltr'>Domini</span> <span class='ocrx_word' id='word_1_112' title='bbox 1482 1637 1668 1693; x_wconf 88' lang='lat' dir='ltr'>dilecti</span> <span class='ocrx_word' id='word_1_113' title='bbox 1698 1636 1804 1692; x_wconf 93' lang='lat' dir='ltr'>sui.</span> 
     </span>
    </p>
   </div>
   <div class='ocr_carea' id='block_1_19' title="bbox 1911 420 3499 494">
    <p class='ocr_par' dir='ltr' id='par_1_19' title="bbox 1911 420 3499 494">
     <span class='ocr_line' id='line_1_19' title="bbox 1911 420 3499 494; baseline 0.006 -21"><span class='ocrx_word' id='word_1_114' title='bbox 1911 420 2238 487; x_wconf 79' lang='lat' dir='ltr'>Abjiciamus</span> <span class='ocrx_word' id='word_1_115' title='bbox 2289 438 2423 494; x_wconf 85' lang='lat' dir='ltr'>ergo</span> <span class='ocrx_word' id='word_1_116' title='bbox 2468 438 2640 493; x_wconf 84' lang='lat' dir='ltr'>opera</span> <span class='ocrx_word' id='word_1_117' title='bbox 2679 425 3043 492; x_wconf 86' lang='lat' dir='ltr'>tenebrarum,</span> <span class='ocrx_word' id='word_1_118' title='bbox 3103 434 3155 481; x_wconf 89' lang='lat' dir='ltr'>et</span> <span class='ocrx_word' id='word_1_119' title='bbox 3209 426 3499 482; x_wconf 88' lang='lat' dir='ltr'>induamur</span> 
     </span>
    </p>
   </div>
   <div class='ocr_carea' id='block_1_20' title="bbox 1911 510 3499 581">
    <p class='ocr_par' dir='ltr' id='par_1_20' title="bbox 1911 510 3499 581">
     <span class='ocr_line' id='line_1_20' title="bbox 1911 510 3499 581; baseline 0.005 -18"><span class='ocrx_word' id='word_1_120' title='bbox 1911 525 2073 564; x_wconf 89' lang='lat' dir='ltr'>arma</span> <span class='ocrx_word' id='word_1_121' title='bbox 2129 510 2285 578; x_wconf 91' lang='lat' dir='ltr'>lucis,</span> <span class='ocrx_word' id='word_1_122' title='bbox 2317 510 2455 568; x_wconf 83' lang='lat' dir='ltr'>sicut</span> <span class='ocrx_word' id='word_1_123' title='bbox 2494 512 2546 565; x_wconf 90' lang='lat' dir='ltr'>in</span> <span class='ocrx_word' id='word_1_124' title='bbox 2579 511 2666 568; x_wconf 90' lang='lat' dir='ltr'>die</span> <span class='ocrx_word' id='word_1_125' title='bbox 2715 515 2941 570; x_wconf 87' lang='lat' dir='ltr'>honeste</span> <span class='ocrx_word' id='word_1_126' title='bbox 2981 515 3335 581; x_wconf 87' lang='lat' dir='ltr'>ambulemus,</span> <span class='ocrx_word' id='word_1_127' title='bbox 3390 532 3499 571; x_wconf 90' lang='lat' dir='ltr'>non</span> 
     </span>
    </p>
   </div>
   <div class='ocr_carea' id='block_1_21' title="bbox 1911 605 3498 678">
    <p class='ocr_par' dir='ltr' id='par_1_21' title="bbox 1911 605 3498 678">
     <span class='ocr_line' id='line_1_21' title="bbox 1911 605 3498 678; baseline 0.006 -19"><span class='ocrx_word' id='word_1_128' title='bbox 1911 605 1964 659; x_wconf 89' lang='lat' dir='ltr'>in</span> <span class='ocrx_word' id='word_1_129' title='bbox 2020 607 2510 663; x_wconf 86' lang='lat' dir='ltr'>comessationibus</span> <span class='ocrx_word' id='word_1_130' title='bbox 2549 618 2598 665; x_wconf 92' lang='lat' dir='ltr'>et</span> <span class='ocrx_word' id='word_1_131' title='bbox 2645 610 3013 678; x_wconf 86' lang='lat' dir='ltr'>ebrietatibus,</span> <span class='ocrx_word' id='word_1_132' title='bbox 3062 628 3172 667; x_wconf 92' lang='lat' dir='ltr'>non</span> <span class='ocrx_word' id='word_1_133' title='bbox 3229 613 3283 666; x_wconf 89' lang='lat' dir='ltr'>in</span> <span class='ocrx_word' id='word_1_134' title='bbox 3341 613 3498 668; x_wconf 83' lang='lat' dir='ltr'>cubi-</span> 
     </span>
    </p>
   </div>
   <div class='ocr_carea' id='block_1_22' title="bbox 1909 693 3501 769">
    <p class='ocr_par' dir='ltr' id='par_1_22' title="bbox 1909 693 3501 769">
     <span class='ocr_line' id='line_1_22' title="bbox 1909 693 3501 769; baseline 0.006 -21"><span class='ocrx_word' id='word_1_135' title='bbox 1909 693 2055 749; x_wconf 90' lang='lat' dir='ltr'>libus</span> <span class='ocrx_word' id='word_1_136' title='bbox 2084 705 2137 751; x_wconf 92' lang='lat' dir='ltr'>et</span> <span class='ocrx_word' id='word_1_137' title='bbox 2194 697 2567 769; x_wconf 90' lang='lat' dir='ltr'>impudicitiis,</span> <span class='ocrx_word' id='word_1_138' title='bbox 2616 716 2723 755; x_wconf 83' lang='lat' dir='ltr'>non</span> <span class='ocrx_word' id='word_1_139' title='bbox 2772 700 2825 754; x_wconf 88' lang='lat' dir='ltr'>in</span> <span class='ocrx_word' id='word_1_140' title='bbox 2857 702 3203 757; x_wconf 87' lang='lat' dir='ltr'>contentione</span> <span class='ocrx_word' id='word_1_141' title='bbox 3234 710 3286 756; x_wconf 92' lang='lat' dir='ltr'>et</span> <span class='ocrx_word' id='word_1_142' title='bbox 3327 718 3501 758; x_wconf 61' lang='lat' dir='ltr'>aemu-</span> 
     </span>
    </p>
   </div>
   <div class='ocr_carea' id='block_1_23' title="bbox 1912 793 3496 864">
    <p class='ocr_par' dir='ltr' id='par_1_23' title="bbox 1912 793 3496 864">
     <span class='ocr_line' id='line_1_23' title="bbox 1912 793 3496 864; baseline 0.005 -16"><span class='ocrx_word' id='word_1_143' title='bbox 1912 793 2157 864; x_wconf 86' lang='lat' dir='ltr'>latione;</span> <span class='ocrx_word' id='word_1_144' title='bbox 2191 795 2289 851; x_wconf 90' lang='lat' dir='ltr'>sed</span> <span class='ocrx_word' id='word_1_145' title='bbox 2342 796 2627 852; x_wconf 89' lang='lat' dir='ltr'>induamur</span> <span class='ocrx_word' id='word_1_146' title='bbox 2668 799 2953 854; x_wconf 89' lang='lat' dir='ltr'>Dominum</span> <span class='ocrx_word' id='word_1_147' title='bbox 3012 809 3261 855; x_wconf 72' lang='lat' dir='ltr'>nostrum</span> <span class='ocrx_word' id='word_1_148' title='bbox 3307 802 3496 856; x_wconf 84' lang='lat' dir='ltr'>Jesum</span> 
     </span>
    </p>
   </div>
   <div class='ocr_carea' id='block_1_24' title="bbox 1913 882 3502 959">
    <p class='ocr_par' dir='ltr' id='par_1_24' title="bbox 1913 882 3502 959">
     <span class='ocr_line' id='line_1_24' title="bbox 1913 882 3502 959; baseline 0.006 -22"><span class='ocrx_word' id='word_1_149' title='bbox 1913 882 2182 937; x_wconf 83' lang='lat' dir='ltr'>Christum</span> <span class='ocrx_word' id='word_1_150' title='bbox 2240 887 2415 951; x_wconf 80' lang='lat' dir='ltr'>(Rom.</span> <span class='ocrx_word' id='word_1_151' title='bbox 2475 902 2597 957; x_wconf 80' lang='lat' dir='ltr'>xui)</span> <span class='ocrx_word' id='word_1_152' title='bbox 2671 888 2758 943; x_wconf 83' lang='lat' dir='ltr'>Sic</span> <span class='ocrx_word' id='word_1_153' title='bbox 2813 905 2915 959; x_wconf 89' lang='lat' dir='ltr'>per</span> <span class='ocrx_word' id='word_1_154' title='bbox 2952 888 3139 959; x_wconf 86' lang='lat' dir='ltr'>plures</span> <span class='ocrx_word' id='word_1_155' title='bbox 3169 890 3389 945; x_wconf 88' lang='lat' dir='ltr'>nuntios</span> <span class='ocrx_word' id='word_1_156' title='bbox 3446 898 3502 946; x_wconf 84' lang='lat' dir='ltr'>et</span> 
     </span>
    </p>
   </div>
   <div class='ocr_carea' id='block_1_25' title="bbox 1914 978 3501 1057">
    <p class='ocr_par' dir='ltr' id='par_1_25' title="bbox 1914 978 3501 1057">
     <span class='ocr_line' id='line_1_25' title="bbox 1914 978 3501 1057; baseline 0.005 -25"><span class='ocrx_word' id='word_1_157' title='bbox 1914 978 2311 1050; x_wconf 85' lang='lat' dir='ltr'>frequentiores</span> <span class='ocrx_word' id='word_1_158' title='bbox 2340 990 2587 1037; x_wconf 80' lang='lat' dir='ltr'>movetur</span> <span class='ocrx_word' id='word_1_159' title='bbox 2614 983 2792 1054; x_wconf 85' lang='lat' dir='ltr'>magis</span> <span class='ocrx_word' id='word_1_160' title='bbox 2820 999 2885 1039; x_wconf 91' lang='lat' dir='ltr'>ac</span> <span class='ocrx_word' id='word_1_161' title='bbox 2914 985 3093 1057; x_wconf 89' lang='lat' dir='ltr'>magis</span> <span class='ocrx_word' id='word_1_162' title='bbox 3123 986 3340 1040; x_wconf 90' lang='lat' dir='ltr'>animus</span> <span class='ocrx_word' id='word_1_163' title='bbox 3371 986 3501 1040; x_wconf 88' lang='lat' dir='ltr'>sub-</span> 
     </span>
    </p>
   </div>
   <div class='ocr_carea' id='block_1_26' title="bbox 1912 1076 3501 1153">
    <p class='ocr_par' dir='ltr' id='par_1_26' title="bbox 1912 1076 3501 1153">
     <span class='ocr_line' id='line_1_26' title="bbox 1912 1076 3501 1153; baseline 0.005 -23"><span class='ocrx_word' id='word_1_164' title='bbox 1912 1076 2011 1131; x_wconf 90' lang='lat' dir='ltr'>diti</span> <span class='ocrx_word' id='word_1_165' title='bbox 2073 1077 2141 1130; x_wconf 90' lang='lat' dir='ltr'>ad</span> <span class='ocrx_word' id='word_1_166' title='bbox 2179 1076 2605 1134; x_wconf 84' lang='lat' dir='ltr'>sollicitudinem</span> <span class='ocrx_word' id='word_1_167' title='bbox 2654 1082 2988 1152; x_wconf 89' lang='lat' dir='ltr'>suscipiendi</span> <span class='ocrx_word' id='word_1_168' title='bbox 3041 1087 3353 1153; x_wconf 67' lang='lat' dir='ltr'>przelatum,</span> <span class='ocrx_word' id='word_1_169' title='bbox 3427 1084 3501 1138; x_wconf 91' lang='lat' dir='ltr'>ita</span> 
     </span>
    </p>
   </div>
   <div class='ocr_carea' id='block_1_27' title="bbox 1912 1166 3500 1244">
    <p class='ocr_par' dir='ltr' id='par_1_27' title="bbox 1912 1166 3500 1244">
     <span class='ocr_line' id='line_1_27' title="bbox 1912 1166 3500 1244; baseline 0.006 -25"><span class='ocrx_word' id='word_1_170' title='bbox 1912 1166 2265 1221; x_wconf 87' lang='lat' dir='ltr'>renovatione</span> <span class='ocrx_word' id='word_1_171' title='bbox 2320 1175 2511 1222; x_wconf 90' lang='lat' dir='ltr'>cantus</span> <span class='ocrx_word' id='word_1_172' title='bbox 2565 1178 2811 1224; x_wconf 82' lang='lat' dir='ltr'>movetur</span> <span class='ocrx_word' id='word_1_173' title='bbox 2865 1170 3041 1242; x_wconf 88' lang='lat' dir='ltr'>magis</span> <span class='ocrx_word' id='word_1_174' title='bbox 3102 1188 3166 1227; x_wconf 89' lang='lat' dir='ltr'>ac</span> <span class='ocrx_word' id='word_1_175' title='bbox 3215 1173 3391 1244; x_wconf 84' lang='lat' dir='ltr'>magis</span> <span class='ocrx_word' id='word_1_176' title='bbox 3430 1173 3500 1229; x_wconf 91' lang='lat' dir='ltr'>ad</span> 
     </span>
    </p>
   </div>
   <div class='ocr_carea' id='block_1_28' title="bbox 1913 1257 3501 1331">
    <p class='ocr_par' dir='ltr' id='par_1_28' title="bbox 1913 1257 3501 1331">
     <span class='ocr_line' id='line_1_28' title="bbox 1913 1257 3501 1331; baseline 0.004 -21"><span class='ocrx_word' id='word_1_177' title='bbox 1913 1269 2102 1310; x_wconf 88' lang='lat' dir='ltr'>curam</span> <span class='ocrx_word' id='word_1_178' title='bbox 2158 1262 2362 1310; x_wconf 65' lang='lat' dir='ltr'>nostrae</span> <span class='ocrx_word' id='word_1_179' title='bbox 2397 1257 2806 1327; x_wconf 61' lang='lat' dir='ltr'>prmparationis</span> <span class='ocrx_word' id='word_1_180' title='bbox 2844 1258 2897 1312; x_wconf 90' lang='lat' dir='ltr'>in</span> <span class='ocrx_word' id='word_1_181' title='bbox 2928 1262 3326 1331; x_wconf 85' lang='lat' dir='ltr'>susceptionem</span> <span class='ocrx_word' id='word_1_182' title='bbox 3384 1263 3501 1317; x_wconf 81' lang='lat' dir='ltr'>Do-</span> 
     </span>
    </p>
   </div>
   <div class='ocr_carea' id='block_1_29' title="bbox 1913 1352 3501 1415">
    <p class='ocr_par' dir='ltr' id='par_1_29' title="bbox 1913 1352 3501 1415">
     <span class='ocr_line' id='line_1_29' title="bbox 1913 1352 3501 1415; baseline 0.006 -9"><span class='ocrx_word' id='word_1_183' title='bbox 1913 1352 2065 1407; x_wconf 88' lang='lat' dir='ltr'>mini.</span> <span class='ocrx_word' id='word_1_184' title='bbox 2096 1353 2228 1408; x_wconf 86' lang='lat' dir='ltr'>Ideo</span> <span class='ocrx_word' id='word_1_185' title='bbox 2282 1361 2405 1409; x_wconf 91' lang='lat' dir='ltr'>octo</span> <span class='ocrx_word' id='word_1_186' title='bbox 2444 1354 2562 1410; x_wconf 87' lang='lat' dir='ltr'>dies</span> <span class='ocrx_word' id='word_1_187' title='bbox 2589 1363 2711 1410; x_wconf 87' lang='lat' dir='ltr'>ante</span> <span class='ocrx_word' id='word_1_188' title='bbox 2755 1356 3101 1412; x_wconf 82' lang='lat' dir='ltr'>Nativilatem</span> <span class='ocrx_word' id='word_1_189' title='bbox 3132 1359 3347 1414; x_wconf 89' lang='lat' dir='ltr'>Domini</span> <span class='ocrx_word' id='word_1_190' title='bbox 3400 1376 3501 1415; x_wconf 89' lang='lat' dir='ltr'>re-</span> 
     </span>
    </p>
   </div>
   <div class='ocr_carea' id='block_1_30' title="bbox 1914 1451 3499 1527">
    <p class='ocr_par' dir='ltr' id='par_1_30' title="bbox 1914 1451 3499 1527">
     <span class='ocr_line' id='line_1_30' title="bbox 1914 1451 3499 1527; baseline 0.006 -23"><span class='ocrx_word' id='word_1_191' title='bbox 1914 1458 2186 1506; x_wconf 85' lang='lat' dir='ltr'>novantur</span> <span class='ocrx_word' id='word_1_192' title='bbox 2216 1451 2385 1506; x_wconf 83' lang='lat' dir='ltr'>ferme</span> <span class='ocrx_word' id='word_1_193' title='bbox 2414 1455 2525 1507; x_wconf 85' lang='lat' dir='ltr'>tota</span> <span class='ocrx_word' id='word_1_194' title='bbox 2545 1460 2705 1508; x_wconf 89' lang='lat' dir='ltr'>nocte</span> <span class='ocrx_word' id='word_1_195' title='bbox 2735 1454 3086 1524; x_wconf 89' lang='lat' dir='ltr'>responsoria</span> <span class='ocrx_word' id='word_1_196' title='bbox 3107 1457 3499 1527; x_wconf 85' lang='lat' dir='ltr'>etantiphonae,</span> 
     </span>
    </p>
   </div>
   <div class='ocr_carea' id='block_1_31' title="bbox 1914 1548 3503 1627">
    <p class='ocr_par' dir='ltr' id='par_1_31' title="bbox 1914 1548 3503 1627">
     <span class='ocr_line' id='line_1_31' title="bbox 1914 1548 3503 1627; baseline 0.004 -24"><span class='ocrx_word' id='word_1_197' title='bbox 1914 1555 1972 1603; x_wconf 93' lang='lat' dir='ltr'>ut</span> <span class='ocrx_word' id='word_1_198' title='bbox 2001 1564 2100 1618; x_wconf 92' lang='lat' dir='ltr'>per</span> <span class='ocrx_word' id='word_1_199' title='bbox 2128 1548 2232 1604; x_wconf 87' lang='lat' dir='ltr'>hoc</span> <span class='ocrx_word' id='word_1_200' title='bbox 2260 1548 2600 1620; x_wconf 88' lang='lat' dir='ltr'>frequentius</span> <span class='ocrx_word' id='word_1_201' title='bbox 2628 1566 2730 1605; x_wconf 92' lang='lat' dir='ltr'>nos</span> <span class='ocrx_word' id='word_1_202' title='bbox 2763 1550 3064 1606; x_wconf 81' lang='lat' dir='ltr'>excitemus</span> <span class='ocrx_word' id='word_1_203' title='bbox 3092 1553 3161 1608; x_wconf 94' lang='lat' dir='ltr'>ad</span> <span class='ocrx_word' id='word_1_204' title='bbox 3192 1556 3503 1627; x_wconf 89' lang='lat' dir='ltr'>purgandas</span> 
     </span>
    </p>
   </div>
   <div class='ocr_carea' id='block_1_32' title="bbox 1914 1636 3502 1712">
    <p class='ocr_par' dir='ltr' id='par_1_32' title="bbox 1914 1636 3502 1712">
     <span class='ocr_line' id='line_1_32' title="bbox 1914 1636 3502 1712; baseline 0.005 -22"><span class='ocrx_word' id='word_1_205' title='bbox 1914 1650 2106 1691; x_wconf 87' lang='lat' dir='ltr'>omnes</span> <span class='ocrx_word' id='word_1_206' title='bbox 2126 1636 2443 1708; x_wconf 89' lang='lat' dir='ltr'>quisquilias</span> <span class='ocrx_word' id='word_1_207' title='bbox 2499 1638 2730 1708; x_wconf 89' lang='lat' dir='ltr'>turpium</span> <span class='ocrx_word' id='word_1_208' title='bbox 2786 1641 3179 1712; x_wconf 80' lang='lat' dir='ltr'>cogitationum</span> <span class='ocrx_word' id='word_1_209' title='bbox 3211 1657 3276 1697; x_wconf 91' lang='lat' dir='ltr'>ac</span> <span class='ocrx_word' id='word_1_210' title='bbox 3331 1652 3502 1698; x_wconf 90' lang='lat' dir='ltr'>terre-</span> 
     </span>
    </p>
   </div>
   <div class='ocr_carea' id='block_1_33' title="bbox 204 1714 3503 1806">
    <p class='ocr_par' dir='ltr' id='par_1_33' title="bbox 204 1714 3503 1806">
     <span class='ocr_line' id='line_1_33' title="bbox 204 1714 3503 1806; baseline 0.002 -17"><span class='ocrx_word' id='word_1_211' title='bbox 204 1733 682 1806; x_wconf 86' lang='lat' dir='ltr'>Praeparationem</span> <span class='ocrx_word' id='word_1_212' title='bbox 712 1749 929 1806; x_wconf 90' lang='lat' dir='ltr'>quoque</span> <span class='ocrx_word' id='word_1_213' title='bbox 969 1733 1336 1789; x_wconf 88' lang='lat' dir='ltr'>necessariam</span> <span class='ocrx_word' id='word_1_214' title='bbox 1385 1732 1545 1788; x_wconf 90' lang='lat' dir='ltr'>nobis</span> <span class='ocrx_word' id='word_1_215' title='bbox 1562 1732 1803 1788; x_wconf 88' lang='lat' dir='ltr'>insinuat</span> <span class='ocrx_word' id='word_1_216' title='bbox 1828 1714 1881 1774; x_wconf 85' lang='lat' dir='ltr'><strong>B</strong></span> <span class='ocrx_word' id='word_1_217' title='bbox 1912 1749 2126 1800; x_wconf 85' lang='lat' dir='ltr'>narum,</span> <span class='ocrx_word' id='word_1_218' title='bbox 2179 1742 2236 1789; x_wconf 90' lang='lat' dir='ltr'>et</span> <span class='ocrx_word' id='word_1_219' title='bbox 2265 1734 2489 1805; x_wconf 84' lang='lat' dir='ltr'>dignum</span> <span class='ocrx_word' id='word_1_220' title='bbox 2528 1735 2897 1792; x_wconf 88' lang='lat' dir='ltr'>habitaculum</span> <span class='ocrx_word' id='word_1_221' title='bbox 2929 1746 3196 1805; x_wconf 89' lang='lat' dir='ltr'>ornatum,</span> <span class='ocrx_word' id='word_1_222' title='bbox 3250 1740 3503 1796; x_wconf 88' lang='lat' dir='ltr'>videlicet</span> 
     </span>
    </p>
   </div>
   <div class='ocr_carea' id='block_1_34' title="bbox 206 1831 1803 1906">
    <p class='ocr_par' dir='ltr' id='par_1_34' title="bbox 206 1831 1803 1906">
     <span class='ocr_line' id='line_1_34' title="bbox 206 1831 1803 1906; baseline -0.001 -17"><span class='ocrx_word' id='word_1_223' title='bbox 206 1834 412 1889; x_wconf 88' lang='lat' dir='ltr'>Paulus</span> <span class='ocrx_word' id='word_1_224' title='bbox 442 1834 735 1906; x_wconf 87' lang='lat' dir='ltr'>Apostolus</span> <span class='ocrx_word' id='word_1_225' title='bbox 763 1833 818 1888; x_wconf 93' lang='lat' dir='ltr'>in</span> <span class='ocrx_word' id='word_1_226' title='bbox 840 1841 1140 1889; x_wconf 85' lang='lat' dir='ltr'>memorata</span> <span class='ocrx_word' id='word_1_227' title='bbox 1169 1832 1421 1905; x_wconf 90' lang='lat' dir='ltr'>epistola,</span> <span class='ocrx_word' id='word_1_228' title='bbox 1454 1849 1575 1905; x_wconf 65' lang='lat' dir='ltr'>quae</span> <span class='ocrx_word' id='word_1_229' title='bbox 1604 1831 1803 1906; x_wconf 81' lang='lat' dir='ltr'>legitur</span> 
     </span>
    </p>
   </div>
   <div class='ocr_carea' id='block_1_35' title="bbox 204 1930 1795 2003">
    <p class='ocr_par' dir='ltr' id='par_1_35' title="bbox 204 1930 1795 2003">
     <span class='ocr_line' id='line_1_35' title="bbox 204 1930 1795 2003; baseline -0.001 -16"><span class='ocrx_word' id='word_1_230' title='bbox 204 1940 405 2003; x_wconf 86' lang='lat' dir='ltr'>quarta</span> <span class='ocrx_word' id='word_1_231' title='bbox 448 1931 801 1989; x_wconf 78' lang='lat' dir='ltr'>hebdomade</span> <span class='ocrx_word' id='word_1_232' title='bbox 835 1941 962 1987; x_wconf 88' lang='lat' dir='ltr'>ante</span> <span class='ocrx_word' id='word_1_233' title='bbox 1017 1932 1321 1989; x_wconf 87' lang='lat' dir='ltr'>Navitatem</span> <span class='ocrx_word' id='word_1_234' title='bbox 1366 1930 1603 1989; x_wconf 89' lang='lat' dir='ltr'>Domini.</span> <span class='ocrx_word' id='word_1_235' title='bbox 1656 1931 1795 1999; x_wconf 85' lang='lat' dir='ltr'>Nox,</span> 
     </span>
    </p>
   </div>
   <div class='ocr_carea' id='block_1_36' title="bbox 1909 1831 3502 1909">
    <p class='ocr_par' dir='ltr' id='par_1_36' title="bbox 1909 1831 3502 1909">
     <span class='ocr_line' id='line_1_36' title="bbox 1909 1831 3502 1909; baseline 0.005 -23"><span class='ocrx_word' id='word_1_236' title='bbox 1909 1831 2014 1904; x_wconf 91' lang='lat' dir='ltr'>piis</span> <span class='ocrx_word' id='word_1_237' title='bbox 2051 1831 2467 1902; x_wconf 81' lang='lat' dir='ltr'>cogitationibus</span> <span class='ocrx_word' id='word_1_238' title='bbox 2514 1849 2771 1905; x_wconf 88' lang='lat' dir='ltr'>paremus</span> <span class='ocrx_word' id='word_1_239' title='bbox 2834 1835 2973 1907; x_wconf 84' lang='lat' dir='ltr'>Regi</span> <span class='ocrx_word' id='word_1_240' title='bbox 3040 1852 3255 1909; x_wconf 80' lang='lat' dir='ltr'>regum,</span> <span class='ocrx_word' id='word_1_241' title='bbox 3298 1845 3351 1893; x_wconf 91' lang='lat' dir='ltr'>et</span> <span class='ocrx_word' id='word_1_242' title='bbox 3392 1838 3502 1894; x_wconf 87' lang='lat' dir='ltr'>Do-</span> 
     </span>
    </p>
   </div>
   <div class='ocr_carea' id='block_1_37' title="bbox 1909 1929 2496 1986">
    <p class='ocr_par' dir='ltr' id='par_1_37' title="bbox 1909 1929 2496 1986">
     <span class='ocr_line' id='line_1_37' title="bbox 1909 1929 2496 1986; baseline 0.002 -2"><span class='ocrx_word' id='word_1_243' title='bbox 1909 1929 2058 1986; x_wconf 90' lang='lat' dir='ltr'>mino</span> <span class='ocrx_word' id='word_1_244' title='bbox 2085 1929 2496 1985; x_wconf 84' lang='lat' dir='ltr'>dominantium.</span> 
     </span>
    </p>
   </div>
   <div class='ocr_carea' id='block_1_38' title="bbox 551 2299 3173 2409">
    <p class='ocr_par' dir='ltr' id='par_1_38' title="bbox 551 2299 3173 2409">
     <span class='ocr_line' id='line_1_38' title="bbox 551 2299 3173 2409; baseline 0.002 -6"><span class='ocrx_word' id='word_1_245' title='bbox 551 2301 1169 2408; x_wconf 82' lang='lat' dir='ltr'>DOMINICA</span> <span class='ocrx_word' id='word_1_246' title='bbox 1228 2303 1313 2409; x_wconf 89' lang='lat' dir='ltr'><strong>V</strong></span> <span class='ocrx_word' id='word_1_247' title='bbox 1371 2301 1712 2408; x_wconf 88' lang='lat' dir='ltr'>ANTE</span> <span class='ocrx_word' id='word_1_248' title='bbox 1764 2299 2640 2407; x_wconf 87' lang='lat' dir='ltr'><strong>NATIVITATEM</strong></span> <span class='ocrx_word' id='word_1_249' title='bbox 2683 2305 3173 2409; x_wconf 86' lang='lat' dir='ltr'>DOMINI.</span> 
     </span>
    </p>
   </div>
   <div class='ocr_carea' id='block_1_39' title="bbox 879 2550 1144 2607">
    <p class='ocr_par' dir='ltr' id='par_1_39' title="bbox 879 2550 1144 2607">
     <span class='ocr_line' id='line_1_39' title="bbox 879 2550 1144 2607; baseline 0.004 -1"><span class='ocrx_word' id='word_1_250' title='bbox 879 2550 1115 2607; x_wconf 81' lang='lat' dir='ltr'>SERMO</span> <span class='ocrx_word' id='word_1_251' title='bbox 1128 2590 1144 2607; x_wconf 90' lang='lat'>.</span> 
     </span>
    </p>
   </div>
   <div class='ocr_carea' id='block_1_40' title="bbox 291 2662 1813 2737">
    <p class='ocr_par' dir='ltr' id='par_1_40' title="bbox 291 2662 1813 2737">
     <span class='ocr_line' id='line_1_40' title="bbox 291 2662 1813 2737; baseline -0.003 -16"><span class='ocrx_word' id='word_1_252' title='bbox 291 2686 313 2716; x_wconf 81' lang='grc' dir='ltr'>ι</span> <span class='ocrx_word' id='word_1_253' title='bbox 336 2665 483 2722; x_wconf 86' lang='lat' dir='ltr'>Beati</span> <span class='ocrx_word' id='word_1_254' title='bbox 514 2681 706 2723; x_wconf 91' lang='lat' dir='ltr'>omnes</span> <span class='ocrx_word' id='word_1_255' title='bbox 737 2665 826 2737; x_wconf 87' lang='lat' dir='ltr'>qui</span> <span class='ocrx_word' id='word_1_256' title='bbox 845 2666 1031 2723; x_wconf 87' lang='lat' dir='ltr'>timent</span> <span class='ocrx_word' id='word_1_257' title='bbox 1061 2666 1371 2736; x_wconf 83' lang='lat' dir='ltr'>Dominum,</span> <span class='ocrx_word' id='word_1_258' title='bbox 1406 2664 1502 2737; x_wconf 91' lang='lat' dir='ltr'>qui</span> <span class='ocrx_word' id='word_1_259' title='bbox 1530 2662 1813 2721; x_wconf 82' lang='lat' dir='ltr'>ambulant</span> 
     </span>
    </p>
   </div>
   <div class='ocr_carea' id='block_1_41' title="bbox 213 2752 1813 2827">
    <p class='ocr_par' dir='ltr' id='par_1_41' title="bbox 213 2752 1813 2827">
     <span class='ocr_line' id='line_1_41' title="bbox 213 2752 1813 2827; baseline -0.001 -18"><span class='ocrx_word' id='word_1_260' title='bbox 213 2752 271 2809; x_wconf 89' lang='lat' dir='ltr'>iu</span> <span class='ocrx_word' id='word_1_261' title='bbox 300 2754 404 2810; x_wconf 90' lang='lat' dir='ltr'>viis</span> <span class='ocrx_word' id='word_1_262' title='bbox 433 2755 551 2825; x_wconf 83' lang='lat' dir='ltr'>ejus</span> <span class='ocrx_word' id='word_1_263' title='bbox 582 2756 758 2827; x_wconf 74' lang='lat' dir='ltr'>(Paul.</span> <span class='ocrx_word' id='word_1_264' title='bbox 783 2754 873 2826; x_wconf 84' lang='grc' dir='ltr'>ιι).</span> <span class='ocrx_word' id='word_1_265' title='bbox 919 2779 941 2803; x_wconf 77' lang='grc' dir='ltr'>ι</span> <span class='ocrx_word' id='word_1_266' title='bbox 974 2755 1360 2810; x_wconf 89' lang='lat' dir='ltr'>Deumtimere</span> <span class='ocrx_word' id='word_1_267' title='bbox 1382 2762 1465 2809; x_wconf 87' lang='lat' dir='ltr'>est</span> <span class='ocrx_word' id='word_1_268' title='bbox 1493 2769 1526 2808; x_wconf 90' lang='lat' dir='ltr'>a</span> <span class='ocrx_word' id='word_1_269' title='bbox 1552 2753 1698 2808; x_wconf 88' lang='lat' dir='ltr'>malo</span> <span class='ocrx_word' id='word_1_270' title='bbox 1718 2752 1813 2807; x_wconf 91' lang='lat' dir='ltr'>de-</span> 
     </span>
    </p>
   </div>
   <div class='ocr_carea' id='block_1_42' title="bbox 214 2840 1810 2913">
    <p class='ocr_par' dir='ltr' id='par_1_42' title="bbox 214 2840 1810 2913">
     <span class='ocr_line' id='line_1_42' title="bbox 214 2840 1810 2913; baseline -0.003 -14"><span class='ocrx_word' id='word_1_271' title='bbox 214 2841 419 2899; x_wconf 90' lang='lat' dir='ltr'>clinare</span> <span class='ocrx_word' id='word_1_272' title='bbox 454 2858 467 2909; x_wconf 88' lang='lat'><strong>;</strong></span> <span class='ocrx_word' id='word_1_273' title='bbox 500 2843 555 2899; x_wconf 93' lang='lat' dir='ltr'>in</span> <span class='ocrx_word' id='word_1_274' title='bbox 576 2843 678 2900; x_wconf 91' lang='lat' dir='ltr'>viis</span> <span class='ocrx_word' id='word_1_275' title='bbox 734 2843 850 2913; x_wconf 86' lang='lat' dir='ltr'>ejus</span> <span class='ocrx_word' id='word_1_276' title='bbox 906 2844 1188 2899; x_wconf 90' lang='lat' dir='ltr'>ambulare</span> <span class='ocrx_word' id='word_1_277' title='bbox 1243 2851 1297 2899; x_wconf 89' lang='lat' dir='ltr'>et</span> <span class='ocrx_word' id='word_1_278' title='bbox 1353 2843 1555 2898; x_wconf 85' lang='lat' dir='ltr'>bonum</span> <span class='ocrx_word' id='word_1_279' title='bbox 1609 2840 1810 2897; x_wconf 88' lang='lat' dir='ltr'>facere.</span> 
     </span>
    </p>
   </div>
   <div class='ocr_carea' id='block_1_43' title="bbox 216 2928 1815 3004">
    <p class='ocr_par' dir='ltr' id='par_1_43' title="bbox 216 2928 1815 3004">
     <span class='ocr_line' id='line_1_43' title="bbox 216 2928 1815 3004; baseline -0.003 -18"><span class='ocrx_word' id='word_1_280' title='bbox 216 2931 321 2999; x_wconf 86' lang='lat' dir='ltr'>Qui</span> <span class='ocrx_word' id='word_1_281' title='bbox 360 2947 492 3004; x_wconf 88' lang='lat' dir='ltr'>ergo</span> <span class='ocrx_word' id='word_1_282' title='bbox 550 2933 723 2988; x_wconf 90' lang='lat' dir='ltr'>Deum</span> <span class='ocrx_word' id='word_1_283' title='bbox 771 2932 963 2987; x_wconf 89' lang='lat' dir='ltr'>timent</span> <span class='ocrx_word' id='word_1_284' title='bbox 1014 2939 1234 3002; x_wconf 89' lang='lat' dir='ltr'>peccata</span> <span class='ocrx_word' id='word_1_285' title='bbox 1293 2931 1601 2996; x_wconf 80' lang='lat' dir='ltr'>devitanda,</span> <span class='ocrx_word' id='word_1_286' title='bbox 1675 2928 1815 2985; x_wconf 91' lang='lat' dir='ltr'>beati</span> 
     </span>
    </p>
   </div>
   <div class='ocr_carea' id='block_1_44' title="bbox 217 3019 1815 3094">
    <p class='ocr_par' dir='ltr' id='par_1_44' title="bbox 217 3019 1815 3094">
     <span class='ocr_line' id='line_1_44' title="bbox 217 3019 1815 3094; baseline -0.002 -19"><span class='ocrx_word' id='word_1_287' title='bbox 217 3028 363 3090; x_wconf 89' lang='lat' dir='ltr'>sunt,</span> <span class='ocrx_word' id='word_1_288' title='bbox 404 3021 530 3094; x_wconf 87' lang='lat' dir='ltr'>quia</span> <span class='ocrx_word' id='word_1_289' title='bbox 567 3037 765 3093; x_wconf 66' lang='lat' dir='ltr'>poenas</span> <span class='ocrx_word' id='word_1_290' title='bbox 809 3021 1079 3085; x_wconf 90' lang='lat' dir='ltr'>evadunt;</span> <span class='ocrx_word' id='word_1_291' title='bbox 1108 3030 1160 3077; x_wconf 92' lang='lat' dir='ltr'>et</span> <span class='ocrx_word' id='word_1_292' title='bbox 1191 3020 1283 3093; x_wconf 93' lang='lat' dir='ltr'>qui</span> <span class='ocrx_word' id='word_1_293' title='bbox 1310 3021 1366 3075; x_wconf 90' lang='lat' dir='ltr'>in</span> <span class='ocrx_word' id='word_1_294' title='bbox 1398 3019 1497 3074; x_wconf 91' lang='lat' dir='ltr'>viis</span> <span class='ocrx_word' id='word_1_295' title='bbox 1554 3020 1668 3089; x_wconf 86' lang='lat' dir='ltr'>ejus</span> <span class='ocrx_word' id='word_1_296' title='bbox 1693 3035 1815 3073; x_wconf 89' lang='lat' dir='ltr'>am-</span> 
     </span>
    </p>
   </div>
   <div class='ocr_carea' id='block_1_45' title="bbox 219 3115 1815 3188">
    <p class='ocr_par' dir='ltr' id='par_1_45' title="bbox 219 3115 1815 3188">
     <span class='ocr_line' id='line_1_45' title="bbox 219 3115 1815 3188; baseline -0.002 -16"><span class='ocrx_word' id='word_1_297' title='bbox 219 3116 405 3172; x_wconf 86' lang='lat' dir='ltr'>bulant</span> <span class='ocrx_word' id='word_1_298' title='bbox 433 3118 577 3174; x_wconf 88' lang='lat' dir='ltr'>bona</span> <span class='ocrx_word' id='word_1_299' title='bbox 633 3116 933 3185; x_wconf 87' lang='lat' dir='ltr'>operando,</span> <span class='ocrx_word' id='word_1_300' title='bbox 982 3117 1129 3173; x_wconf 89' lang='lat' dir='ltr'>beati</span> <span class='ocrx_word' id='word_1_301' title='bbox 1185 3125 1332 3184; x_wconf 88' lang='lat' dir='ltr'>sunt,</span> <span class='ocrx_word' id='word_1_302' title='bbox 1391 3115 1519 3188; x_wconf 88' lang='lat' dir='ltr'>quia</span> <span class='ocrx_word' id='word_1_303' title='bbox 1558 3115 1815 3188; x_wconf 85' lang='lat' dir='ltr'>gaudium</span> 
     </span>
    </p>
   </div>
   <div class='ocr_carea' id='block_1_46' title="bbox 1919 2550 3511 2622">
    <p class='ocr_par' dir='ltr' id='par_1_46' title="bbox 1919 2550 3511 2622">
     <span class='ocr_line' id='line_1_46' title="bbox 1919 2550 3511 2622; baseline 0.003 -17"><span class='ocrx_word' id='word_1_304' title='bbox 1919 2563 2100 2622; x_wconf 83' lang='lat' dir='ltr'>genus</span> <span class='ocrx_word' id='word_1_305' title='bbox 2158 2550 2457 2606; x_wconf 89' lang='lat' dir='ltr'>humanum</span> <span class='ocrx_word' id='word_1_306' title='bbox 2520 2551 2590 2608; x_wconf 87' lang='lat' dir='ltr'>ad</span> <span class='ocrx_word' id='word_1_307' title='bbox 2652 2551 2926 2608; x_wconf 89' lang='lat' dir='ltr'>interitum</span> <span class='ocrx_word' id='word_1_308' title='bbox 2990 2552 3212 2610; x_wconf 87' lang='lat' dir='ltr'>deduxit</span> <span class='ocrx_word' id='word_1_309' title='bbox 3280 2570 3293 2609; x_wconf 87' lang='lat'><strong>:</strong></span> <span class='ocrx_word' id='word_1_310' title='bbox 3359 2554 3511 2610; x_wconf 87' lang='lat' dir='ltr'>illam</span> 
     </span>
    </p>
   </div>
   <div class='ocr_carea' id='block_1_47' title="bbox 1922 2637 3513 2715">
    <p class='ocr_par' dir='ltr' id='par_1_47' title="bbox 1922 2637 3513 2715">
     <span class='ocr_line' id='line_1_47' title="bbox 1922 2637 3513 2715; baseline 0.004 -22"><span class='ocrx_word' id='word_1_311' title='bbox 1922 2637 2198 2694; x_wconf 88' lang='lat' dir='ltr'>Christum</span> <span class='ocrx_word' id='word_1_312' title='bbox 2228 2638 2386 2695; x_wconf 87' lang='lat' dir='ltr'>factis</span> <span class='ocrx_word' id='word_1_313' title='bbox 2416 2647 2468 2694; x_wconf 92' lang='lat' dir='ltr'>et</span> <span class='ocrx_word' id='word_1_314' title='bbox 2498 2640 2657 2697; x_wconf 90' lang='lat' dir='ltr'>dictis</span> <span class='ocrx_word' id='word_1_315' title='bbox 2681 2641 2919 2696; x_wconf 88' lang='lat' dir='ltr'>ostendit</span> <span class='ocrx_word' id='word_1_316' title='bbox 2948 2650 3004 2696; x_wconf 92' lang='lat' dir='ltr'>et</span> <span class='ocrx_word' id='word_1_317' title='bbox 3028 2659 3129 2712; x_wconf 90' lang='lat' dir='ltr'>per</span> <span class='ocrx_word' id='word_1_318' title='bbox 3157 2659 3275 2698; x_wconf 91' lang='lat' dir='ltr'>eam</span> <span class='ocrx_word' id='word_1_319' title='bbox 3325 2644 3513 2715; x_wconf 89' lang='lat' dir='ltr'>perdi-</span> 
     </span>
    </p>
   </div>
   <div class='ocr_carea' id='block_1_48' title="bbox 1921 2726 3513 2803">
    <p class='ocr_par' dir='ltr' id='par_1_48' title="bbox 1921 2726 3513 2803">
     <span class='ocr_line' id='line_1_48' title="bbox 1921 2726 3513 2803; baseline 0.006 -23"><span class='ocrx_word' id='word_1_320' title='bbox 1921 2734 2033 2781; x_wconf 92' lang='lat' dir='ltr'>tum</span> <span class='ocrx_word' id='word_1_321' title='bbox 2064 2726 2338 2782; x_wconf 89' lang='lat' dir='ltr'>hominem</span> <span class='ocrx_word' id='word_1_322' title='bbox 2368 2729 2436 2782; x_wconf 90' lang='lat' dir='ltr'>ad</span> <span class='ocrx_word' id='word_1_323' title='bbox 2466 2728 2697 2800; x_wconf 85' lang='lat' dir='ltr'>gloriam</span> <span class='ocrx_word' id='word_1_324' title='bbox 2727 2729 2984 2796; x_wconf 84' lang='lat' dir='ltr'>reduxit;</span> <span class='ocrx_word' id='word_1_325' title='bbox 3010 2739 3062 2786; x_wconf 93' lang='lat' dir='ltr'>et</span> <span class='ocrx_word' id='word_1_326' title='bbox 3087 2730 3214 2803; x_wconf 89' lang='lat' dir='ltr'>quia</span> <span class='ocrx_word' id='word_1_327' title='bbox 3233 2732 3513 2803; x_wconf 71' lang='lat' dir='ltr'>prOphetae</span> 
     </span>
    </p>
   </div>
   <div class='ocr_carea' id='block_1_49' title="bbox 1922 2823 3512 2899">
    <p class='ocr_par' dir='ltr' id='par_1_49' title="bbox 1922 2823 3512 2899">
     <span class='ocr_line' id='line_1_49' title="bbox 1922 2823 3512 2899; baseline 0.004 -21"><span class='ocrx_word' id='word_1_328' title='bbox 1922 2839 2019 2894; x_wconf 91' lang='lat' dir='ltr'>per</span> <span class='ocrx_word' id='word_1_329' title='bbox 2046 2824 2184 2880; x_wconf 90' lang='lat' dir='ltr'>hanc</span> <span class='ocrx_word' id='word_1_330' title='bbox 2240 2823 2415 2879; x_wconf 91' lang='lat' dir='ltr'>solam</span> <span class='ocrx_word' id='word_1_331' title='bbox 2446 2827 2589 2881; x_wconf 90' lang='lat' dir='ltr'>viam</span> <span class='ocrx_word' id='word_1_332' title='bbox 2643 2842 2820 2899; x_wconf 83' lang='lat' dir='ltr'>genus</span> <span class='ocrx_word' id='word_1_333' title='bbox 2875 2827 3172 2883; x_wconf 89' lang='lat' dir='ltr'>humanum</span> <span class='ocrx_word' id='word_1_334' title='bbox 3213 2830 3512 2885; x_wconf 90' lang='lat' dir='ltr'>rediturum</span> 
     </span>
    </p>
   </div>
   <div class='ocr_carea' id='block_1_50' title="bbox 1922 2912 3519 2984">
    <p class='ocr_par' dir='ltr' id='par_1_50' title="bbox 1922 2912 3519 2984">
     <span class='ocr_line' id='line_1_50' title="bbox 1922 2912 3519 2984; baseline 0.005 -18"><span class='ocrx_word' id='word_1_335' title='bbox 1922 2912 1991 2967; x_wconf 91' lang='lat' dir='ltr'>ad</span> <span class='ocrx_word' id='word_1_336' title='bbox 2020 2912 2252 2983; x_wconf 89' lang='lat' dir='ltr'>patriam</span> <span class='ocrx_word' id='word_1_337' title='bbox 2302 2913 2689 2984; x_wconf 65' lang='lat' dir='ltr'>praeviderunt,</span> <span class='ocrx_word' id='word_1_338' title='bbox 2748 2915 2873 2970; x_wconf 84' lang='lat' dir='ltr'>ideo</span> <span class='ocrx_word' id='word_1_339' title='bbox 2917 2915 3185 2972; x_wconf 86' lang='lat' dir='ltr'>Christum</span> <span class='ocrx_word' id='word_1_340' title='bbox 3218 2933 3405 2973; x_wconf 85' lang='lat' dir='ltr'>veram</span> <span class='ocrx_word' id='word_1_341' title='bbox 3464 2926 3519 2974; x_wconf 93' lang='lat' dir='ltr'>et</span> 
     </span>
    </p>
   </div>
   <div class='ocr_carea' id='block_1_51' title="bbox 1923 3001 3513 3076">
    <p class='ocr_par' dir='ltr' id='par_1_51' title="bbox 1923 3001 3513 3076">
     <span class='ocr_line' id='line_1_51' title="bbox 1923 3001 3513 3076; baseline 0.003 -19"><span class='ocrx_word' id='word_1_342' title='bbox 1923 3010 2131 3057; x_wconf 87' lang='lat' dir='ltr'>certam</span> <span class='ocrx_word' id='word_1_343' title='bbox 2183 3001 2326 3057; x_wconf 88' lang='lat' dir='ltr'>viam</span> <span class='ocrx_word' id='word_1_344' title='bbox 2366 3017 2560 3059; x_wconf 92' lang='lat' dir='ltr'>omnes</span> <span class='ocrx_word' id='word_1_345' title='bbox 2623 3018 2870 3059; x_wconf 88' lang='lat' dir='ltr'>consona</span> <span class='ocrx_word' id='word_1_346' title='bbox 2918 3020 3053 3060; x_wconf 90' lang='lat' dir='ltr'>voce</span> <span class='ocrx_word' id='word_1_347' title='bbox 3124 3006 3513 3076; x_wconf 87' lang='lat' dir='ltr'>praedixerunt,</span> 
     </span>
    </p>
   </div>
   <div class='ocr_carea' id='block_1_52' title="bbox 1925 3100 3517 3176">
    <p class='ocr_par' dir='ltr' id='par_1_52' title="bbox 1925 3100 3517 3176">
     <span class='ocr_line' id='line_1_52' title="bbox 1925 3100 3517 3176; baseline 0.004 -22"><span class='ocrx_word' id='word_1_348' title='bbox 1925 3114 2162 3171; x_wconf 89' lang='lat' dir='ltr'>eumque</span> <span class='ocrx_word' id='word_1_349' title='bbox 2183 3114 2377 3156; x_wconf 88' lang='lat' dir='ltr'>omnes</span> <span class='ocrx_word' id='word_1_350' title='bbox 2396 3100 2586 3157; x_wconf 91' lang='lat' dir='ltr'>videre</span> <span class='ocrx_word' id='word_1_351' title='bbox 2610 3100 3261 3159; x_wconf 79' lang='lat' dir='ltr'>desideraveruntJacob</span> <span class='ocrx_word' id='word_1_352' title='bbox 3280 3120 3517 3176; x_wconf 85' lang='lat' dir='ltr'>namque</span> 
     </span>
    </p>
   </div>
   <div class='ocr_carea' id='block_1_53' title="bbox 223 3188 1823 3278">
    <p class='ocr_par' dir='ltr' id='par_1_53' title="bbox 223 3204 1817 3278">
     <span class='ocr_line' id='line_1_53' title="bbox 223 3204 1817 3278; baseline -0.003 -16"><span class='ocrx_word' id='word_1_353' title='bbox 223 3206 440 3262; x_wconf 88' lang='lat' dir='ltr'>Domini</span> <span class='ocrx_word' id='word_1_354' title='bbox 479 3206 785 3263; x_wconf 88' lang='lat' dir='ltr'>intrabunt.</span> <span class='ocrx_word' id='word_1_355' title='bbox 822 3207 933 3262; x_wconf 68' lang='lat' dir='ltr'>Via:</span> <span class='ocrx_word' id='word_1_356' title='bbox 963 3205 1180 3263; x_wconf 89' lang='lat' dir='ltr'>Domini</span> <span class='ocrx_word' id='word_1_357' title='bbox 1208 3214 1483 3278; x_wconf 64' lang='lat' dir='ltr'>praecepta</span> <span class='ocrx_word' id='word_1_358' title='bbox 1510 3204 1655 3259; x_wconf 90' lang='lat' dir='ltr'>illius</span> <span class='ocrx_word' id='word_1_359' title='bbox 1673 3211 1817 3271; x_wconf 86' lang='lat' dir='ltr'>sunt,</span> 
     </span>
    </p>
   </div>
   <div class='ocr_carea' id='block_1_54' title="bbox 1931 3188 3520 3278">
    <p class='ocr_par' dir='ltr' id='par_1_54' title="bbox 1931 3188 3520 3262">
     <span class='ocr_line' id='line_1_54' title="bbox 1931 3188 3520 3262; baseline 0.004 -20"><span class='ocrx_word' id='word_1_360' title='bbox 1931 3189 2168 3244; x_wconf 86' lang='lat' dir='ltr'>moriens</span> <span class='ocrx_word' id='word_1_361' title='bbox 2221 3188 2402 3243; x_wconf 84' lang='lat' dir='ltr'>dixit:</span> <span class='ocrx_word' id='word_1_362' title='bbox 2437 3212 2459 3236; x_wconf 77' lang='grc' dir='ltr'>ιι</span> <span class='ocrx_word' id='word_1_363' title='bbox 2495 3188 2741 3245; x_wconf 85' lang='lat' dir='ltr'>Salutare</span> <span class='ocrx_word' id='word_1_364' title='bbox 2798 3198 2948 3246; x_wconf 88' lang='lat' dir='ltr'>tuum</span> <span class='ocrx_word' id='word_1_365' title='bbox 2994 3192 3346 3262; x_wconf 85' lang='lat' dir='ltr'>exspectabo,</span> <span class='ocrx_word' id='word_1_366' title='bbox 3423 3195 3520 3249; x_wconf 80' lang='lat' dir='ltr'>Do-</span> 
     </span>
    </p>
   </div>
   <div class='ocr_carea' id='block_1_55' title="bbox 225 3292 1821 3368">
    <p class='ocr_par' dir='ltr' id='par_1_55' title="bbox 225 3292 1821 3368">
     <span class='ocr_line' id='line_1_55' title="bbox 225 3292 1821 3368; baseline -0.003 -18"><span class='ocrx_word' id='word_1_367' title='bbox 225 3312 345 3368; x_wconf 73' lang='lat' dir='ltr'>quae</span> <span class='ocrx_word' id='word_1_368' title='bbox 402 3293 655 3352; x_wconf 85' lang='lat' dir='ltr'>homines</span> <span class='ocrx_word' id='word_1_369' title='bbox 703 3295 774 3351; x_wconf 90' lang='lat' dir='ltr'>ad</span> <span class='ocrx_word' id='word_1_370' title='bbox 804 3312 1038 3366; x_wconf 89' lang='lat' dir='ltr'>superna</span> <span class='ocrx_word' id='word_1_371' title='bbox 1085 3294 1321 3366; x_wconf 86' lang='lat' dir='ltr'>patriam</span> <span class='ocrx_word' id='word_1_372' title='bbox 1347 3295 1550 3350; x_wconf 90' lang='lat' dir='ltr'>ducunt</span> <span class='ocrx_word' id='word_1_373' title='bbox 1583 3310 1596 3348; x_wconf 87' lang='lat'><strong>:</strong></span> <span class='ocrx_word' id='word_1_374' title='bbox 1634 3317 1655 3341; x_wconf 77' lang='grc' dir='ltr'>α</span> <span class='ocrx_word' id='word_1_375' title='bbox 1693 3292 1821 3349; x_wconf 89' lang='lat' dir='ltr'>Uni-</span> 
     </span>
    </p>
   </div>
   <div class='ocr_carea' id='block_1_56' title="bbox 229 3382 1822 3441">
    <p class='ocr_par' dir='ltr' id='par_1_56' title="bbox 229 3382 1822 3441">
     <span class='ocr_line' id='line_1_56' title="bbox 229 3382 1822 3441; baseline -0.003 -1"><span class='ocrx_word' id='word_1_376' title='bbox 229 3401 407 3441; x_wconf 58' lang='lat' dir='ltr'>versae</span> <span class='ocrx_word' id='word_1_377' title='bbox 464 3392 648 3440; x_wconf 89' lang='lat' dir='ltr'>autem</span> <span class='ocrx_word' id='word_1_378' title='bbox 697 3384 799 3440; x_wconf 65' lang='lat' dir='ltr'>via}</span> <span class='ocrx_word' id='word_1_379' title='bbox 827 3383 1049 3440; x_wconf 89' lang='lat' dir='ltr'>Domini</span> <span class='ocrx_word' id='word_1_380' title='bbox 1080 3383 1458 3439; x_wconf 88' lang='lat' dir='ltr'>misericordia</span> <span class='ocrx_word' id='word_1_381' title='bbox 1514 3386 1569 3438; x_wconf 90' lang='lat' dir='ltr'>et</span> <span class='ocrx_word' id='word_1_382' title='bbox 1622 3382 1822 3438; x_wconf 90' lang='lat' dir='ltr'>veritas</span> 
     </span>
    </p>
   </div>
   <div class='ocr_carea' id='block_1_57' title="bbox 238 3469 1823 3543">
    <p class='ocr_par' dir='ltr' id='par_1_57' title="bbox 238 3469 1823 3543">
     <span class='ocr_line' id='line_1_57' title="bbox 238 3469 1823 3543; baseline -0.004 -14"><span class='ocrx_word' id='word_1_383' title='bbox 238 3474 409 3539; x_wconf 75' lang='lat' dir='ltr'>(Psal.</span> <span class='ocrx_word' id='word_1_384' title='bbox 444 3477 619 3543; x_wconf 76' lang='lat' dir='ltr'>xxiv).</span> <span class='ocrx_word' id='word_1_385' title='bbox 659 3496 680 3521; x_wconf 80' lang='grc' dir='ltr'><strong>υ</strong></span> <span class='ocrx_word' id='word_1_386' title='bbox 715 3473 828 3529; x_wconf 71' lang='lat' dir='ltr'>Via:</span> <span class='ocrx_word' id='word_1_387' title='bbox 857 3472 1074 3528; x_wconf 90' lang='lat' dir='ltr'>Domini</span> <span class='ocrx_word' id='word_1_388' title='bbox 1106 3480 1231 3526; x_wconf 91' lang='lat' dir='ltr'>sunt</span> <span class='ocrx_word' id='word_1_389' title='bbox 1262 3469 1643 3526; x_wconf 85' lang='lat' dir='ltr'>misericordia</span> <span class='ocrx_word' id='word_1_390' title='bbox 1698 3483 1823 3524; x_wconf 90' lang='lat' dir='ltr'>om-</span> 
     </span>
    </p>
   </div>
   <div class='ocr_carea' id='block_1_58' title="bbox 236 3556 1826 3628">
    <p class='ocr_par' dir='ltr' id='par_1_58' title="bbox 236 3556 1826 3628">
     <span class='ocr_line' id='line_1_58' title="bbox 236 3556 1826 3628; baseline -0.004 -11"><span class='ocrx_word' id='word_1_391' title='bbox 236 3563 393 3617; x_wconf 90' lang='lat' dir='ltr'>nibus</span> <span class='ocrx_word' id='word_1_392' title='bbox 423 3561 479 3616; x_wconf 90' lang='lat' dir='ltr'>in</span> <span class='ocrx_word' id='word_1_393' title='bbox 525 3561 606 3618; x_wconf 90' lang='lat' dir='ltr'>eis</span> <span class='ocrx_word' id='word_1_394' title='bbox 645 3561 1044 3617; x_wconf 90' lang='lat' dir='ltr'>ambulantibus</span> <span class='ocrx_word' id='word_1_395' title='bbox 1077 3580 1091 3628; x_wconf 89' lang='lat'><strong>;</strong></span> <span class='ocrx_word' id='word_1_396' title='bbox 1125 3560 1329 3615; x_wconf 89' lang='lat' dir='ltr'>veritas</span> <span class='ocrx_word' id='word_1_397' title='bbox 1382 3558 1592 3615; x_wconf 90' lang='lat' dir='ltr'>cunctis</span> <span class='ocrx_word' id='word_1_398' title='bbox 1622 3557 1693 3612; x_wconf 90' lang='lat' dir='ltr'>ab</span> <span class='ocrx_word' id='word_1_399' title='bbox 1743 3556 1826 3612; x_wconf 89' lang='lat' dir='ltr'>eis</span> 
     </span>
    </p>
   </div>
   <div class='ocr_carea' id='block_1_59' title="bbox 237 3655 1826 3723">
    <p class='ocr_par' dir='ltr' id='par_1_59' title="bbox 237 3655 1826 3723">
     <span class='ocr_line' id='line_1_59' title="bbox 237 3655 1826 3723; baseline -0.004 -8"><span class='ocrx_word' id='word_1_400' title='bbox 237 3659 652 3717; x_wconf 90' lang='lat' dir='ltr'>declinantibus.</span> <span class='ocrx_word' id='word_1_401' title='bbox 712 3659 844 3715; x_wconf 90' lang='lat' dir='ltr'>Ideo</span> <span class='ocrx_word' id='word_1_402' title='bbox 864 3659 1013 3714; x_wconf 88' lang='lat' dir='ltr'>Deus</span> <span class='ocrx_word' id='word_1_403' title='bbox 1047 3666 1234 3713; x_wconf 90' lang='lat' dir='ltr'>noster</span> <span class='ocrx_word' id='word_1_404' title='bbox 1261 3665 1368 3723; x_wconf 88' lang='lat' dir='ltr'>est,</span> <span class='ocrx_word' id='word_1_405' title='bbox 1400 3664 1457 3711; x_wconf 92' lang='lat' dir='ltr'>ut</span> <span class='ocrx_word' id='word_1_406' title='bbox 1502 3655 1765 3711; x_wconf 91' lang='lat' dir='ltr'>Dominus</span> <span class='ocrx_word' id='word_1_407' title='bbox 1795 3670 1826 3709; x_wconf 91' lang='lat' dir='ltr'>a</span> 
     </span>
    </p>
   </div>
   <div class='ocr_carea' id='block_1_60' title="bbox 240 3743 1829 3818">
    <p class='ocr_par' dir='ltr' id='par_1_60' title="bbox 240 3743 1829 3818">
     <span class='ocr_line' id='line_1_60' title="bbox 240 3743 1829 3818; baseline -0.004 -14"><span class='ocrx_word' id='word_1_408' title='bbox 240 3751 412 3805; x_wconf 82' lang='lat' dir='ltr'>servis</span> <span class='ocrx_word' id='word_1_409' title='bbox 460 3749 734 3805; x_wconf 90' lang='lat' dir='ltr'>timendus</span> <span class='ocrx_word' id='word_1_410' title='bbox 769 3760 781 3801; x_wconf 88' lang='lat'>:</span> <span class='ocrx_word' id='word_1_411' title='bbox 812 3757 869 3802; x_wconf 92' lang='lat' dir='ltr'>ut</span> <span class='ocrx_word' id='word_1_412' title='bbox 915 3748 1074 3801; x_wconf 90' lang='lat' dir='ltr'>Pater</span> <span class='ocrx_word' id='word_1_413' title='bbox 1101 3762 1134 3801; x_wconf 87' lang='lat' dir='ltr'>a</span> <span class='ocrx_word' id='word_1_414' title='bbox 1162 3744 1287 3799; x_wconf 78' lang='lat' dir='ltr'>filiis</span> <span class='ocrx_word' id='word_1_415' title='bbox 1339 3744 1677 3818; x_wconf 88' lang='lat' dir='ltr'>diligendus.</span> <span class='ocrx_word' id='word_1_416' title='bbox 1741 3743 1829 3798; x_wconf 84' lang='lat' dir='ltr'>Ti-</span> 
     </span>
    </p>
   </div>
   <div class='ocr_carea' id='block_1_61' title="bbox 238 3831 1830 3909">
    <p class='ocr_par' dir='ltr' id='par_1_61' title="bbox 238 3831 1830 3909">
     <span class='ocr_line' id='line_1_61' title="bbox 238 3831 1830 3909; baseline -0.004 -16"><span class='ocrx_word' id='word_1_417' title='bbox 238 3854 386 3894; x_wconf 87' lang='lat' dir='ltr'>more</span> <span class='ocrx_word' id='word_1_418' title='bbox 444 3839 563 3909; x_wconf 80' lang='lat' dir='ltr'>ejus</span> <span class='ocrx_word' id='word_1_419' title='bbox 613 3845 839 3909; x_wconf 90' lang='lat' dir='ltr'>peccata</span> <span class='ocrx_word' id='word_1_420' title='bbox 878 3835 1166 3907; x_wconf 82' lang='lat' dir='ltr'>fugiamus,</span> <span class='ocrx_word' id='word_1_421' title='bbox 1224 3850 1408 3889; x_wconf 90' lang='lat' dir='ltr'>amore</span> <span class='ocrx_word' id='word_1_422' title='bbox 1462 3832 1634 3904; x_wconf 90' lang='lat' dir='ltr'>ipsius</span> <span class='ocrx_word' id='word_1_423' title='bbox 1670 3831 1830 3888; x_wconf 89' lang='lat' dir='ltr'>bouis</span> 
     </span>
    </p>
   </div>
   <div class='ocr_carea' id='block_1_62' title="bbox 240 3923 1827 4000">
    <p class='ocr_par' dir='ltr' id='par_1_62' title="bbox 240 3923 1827 4000">
     <span class='ocr_line' id='line_1_62' title="bbox 240 3923 1827 4000; baseline -0.005 -17"><span class='ocrx_word' id='word_1_424' title='bbox 240 3927 467 3995; x_wconf 86' lang='lat' dir='ltr'>actibus,</span> <span class='ocrx_word' id='word_1_425' title='bbox 492 3936 762 4000; x_wconf 86' lang='lat' dir='ltr'>quatenus</span> <span class='ocrx_word' id='word_1_426' title='bbox 818 3925 887 3981; x_wconf 90' lang='lat' dir='ltr'>de</span> <span class='ocrx_word' id='word_1_427' title='bbox 915 3925 1022 3979; x_wconf 88' lang='lat' dir='ltr'>hac</span> <span class='ocrx_word' id='word_1_428' title='bbox 1050 3923 1268 3979; x_wconf 89' lang='lat' dir='ltr'>miseria</span> <span class='ocrx_word' id='word_1_429' title='bbox 1300 3923 1406 3980; x_wconf 90' lang='lat' dir='ltr'>vita</span> <span class='ocrx_word' id='word_1_430' title='bbox 1464 3929 1827 3989; x_wconf 84' lang='lat' dir='ltr'>transeuntes,</span> 
     </span>
    </p>
   </div>
   <div class='ocr_carea' id='block_1_63' title="bbox 236 4018 1828 4090">
    <p class='ocr_par' dir='ltr' id='par_1_63' title="bbox 236 4018 1828 4090">
     <span class='ocr_line' id='line_1_63' title="bbox 236 4018 1828 4090; baseline -0.003 -11"><span class='ocrx_word' id='word_1_431' title='bbox 236 4025 535 4081; x_wconf 86' lang='lat' dir='ltr'>luctuosam</span> <span class='ocrx_word' id='word_1_432' title='bbox 563 4025 730 4079; x_wconf 89' lang='lat' dir='ltr'>vitam</span> <span class='ocrx_word' id='word_1_433' title='bbox 760 4023 1075 4090; x_wconf 88' lang='lat' dir='ltr'>evadamus,</span> <span class='ocrx_word' id='word_1_434' title='bbox 1134 4028 1183 4077; x_wconf 88' lang='lat' dir='ltr'>et</span> <span class='ocrx_word' id='word_1_435' title='bbox 1204 4020 1275 4077; x_wconf 89' lang='lat' dir='ltr'>ad</span> <span class='ocrx_word' id='word_1_436' title='bbox 1296 4019 1513 4076; x_wconf 85' lang='lat' dir='ltr'>beatam</span> <span class='ocrx_word' id='word_1_437' title='bbox 1544 4020 1711 4075; x_wconf 88' lang='lat' dir='ltr'>vitam</span> <span class='ocrx_word' id='word_1_438' title='bbox 1740 4018 1828 4089; x_wconf 90' lang='lat' dir='ltr'>ip-</span> 
     </span>
    </p>
   </div>
   <div class='ocr_carea' id='block_1_64' title="bbox 242 4110 1833 4185">
    <p class='ocr_par' dir='ltr' id='par_1_64' title="bbox 242 4110 1833 4185">
     <span class='ocr_line' id='line_1_64' title="bbox 242 4110 1833 4185; baseline -0.004 -17"><span class='ocrx_word' id='word_1_439' title='bbox 242 4112 349 4170; x_wconf 88' lang='lat' dir='ltr'>sius</span> <span class='ocrx_word' id='word_1_440' title='bbox 386 4128 492 4185; x_wconf 91' lang='lat' dir='ltr'>ope</span> <span class='ocrx_word' id='word_1_441' title='bbox 530 4111 947 4185; x_wconf 89' lang='lat' dir='ltr'>perveniamus.</span> <span class='ocrx_word' id='word_1_442' title='bbox 984 4111 1126 4166; x_wconf 88' lang='lat' dir='ltr'>Tres</span> <span class='ocrx_word' id='word_1_443' title='bbox 1156 4110 1280 4166; x_wconf 87' lang='lat' dir='ltr'>vitae</span> <span class='ocrx_word' id='word_1_444' title='bbox 1311 4115 1437 4164; x_wconf 84' lang='lat' dir='ltr'>sunt</span> <span class='ocrx_word' id='word_1_445' title='bbox 1465 4125 1478 4163; x_wconf 91' lang='lat'><strong>:</strong></span> <span class='ocrx_word' id='word_1_446' title='bbox 1508 4124 1614 4163; x_wconf 86' lang='lat' dir='ltr'>una</span> <span class='ocrx_word' id='word_1_447' title='bbox 1670 4122 1833 4177; x_wconf 91' lang='lat' dir='ltr'>super</span> 
     </span>
    </p>
   </div>
   <div class='ocr_carea' id='block_1_65' title="bbox 240 4194 1829 4273">
    <p class='ocr_par' dir='ltr' id='par_1_65' title="bbox 240 4194 1829 4273">
     <span class='ocr_line' id='line_1_65' title="bbox 240 4194 1829 4273; baseline -0.004 -16"><span class='ocrx_word' id='word_1_448' title='bbox 240 4218 338 4257; x_wconf 90' lang='lat' dir='ltr'>nos</span> <span class='ocrx_word' id='word_1_449' title='bbox 367 4203 550 4268; x_wconf 89' lang='lat' dir='ltr'>beata,</span> <span class='ocrx_word' id='word_1_450' title='bbox 612 4216 715 4273; x_wconf 89' lang='lat' dir='ltr'>qua</span> <span class='ocrx_word' id='word_1_451' title='bbox 754 4198 928 4256; x_wconf 90' lang='lat' dir='ltr'>sancti</span> <span class='ocrx_word' id='word_1_452' title='bbox 959 4215 1081 4255; x_wconf 90' lang='lat' dir='ltr'>cum</span> <span class='ocrx_word' id='word_1_453' title='bbox 1136 4197 1349 4271; x_wconf 85' lang='lat' dir='ltr'>angelis</span> <span class='ocrx_word' id='word_1_454' title='bbox 1387 4196 1547 4252; x_wconf 89' lang='lat' dir='ltr'>beate</span> <span class='ocrx_word' id='word_1_455' title='bbox 1595 4194 1829 4261; x_wconf 88' lang='lat' dir='ltr'>vivunt;</span> 
     </span>
    </p>
   </div>
   <div class='ocr_carea' id='block_1_66' title="bbox 243 4282 1835 4358">
    <p class='ocr_par' dir='ltr' id='par_1_66' title="bbox 243 4282 1835 4358">
     <span class='ocr_line' id='line_1_66' title="bbox 243 4282 1835 4358; baseline -0.006 -12"><span class='ocrx_word' id='word_1_456' title='bbox 243 4289 408 4346; x_wconf 86' lang='lat' dir='ltr'>altera</span> <span class='ocrx_word' id='word_1_457' title='bbox 475 4288 867 4356; x_wconf 88' lang='lat' dir='ltr'>misericordia,</span> <span class='ocrx_word' id='word_1_458' title='bbox 920 4288 975 4342; x_wconf 93' lang='lat' dir='ltr'>in</span> <span class='ocrx_word' id='word_1_459' title='bbox 1007 4302 1115 4358; x_wconf 83' lang='lat' dir='ltr'>qua</span> <span class='ocrx_word' id='word_1_460' title='bbox 1168 4287 1295 4356; x_wconf 84' lang='lat' dir='ltr'>iusti</span> <span class='ocrx_word' id='word_1_461' title='bbox 1321 4284 1506 4340; x_wconf 89' lang='lat' dir='ltr'>adhuc</span> <span class='ocrx_word' id='word_1_462' title='bbox 1523 4283 1609 4340; x_wconf 88' lang='lat' dir='ltr'>hic</span> <span class='ocrx_word' id='word_1_463' title='bbox 1655 4282 1835 4354; x_wconf 89' lang='lat' dir='ltr'>suspi-</span> 
     </span>
    </p>
   </div>
   <div class='ocr_carea' id='block_1_67' title="bbox 246 4371 1832 4449">
    <p class='ocr_par' dir='ltr' id='par_1_67' title="bbox 246 4371 1832 4449">
     <span class='ocr_line' id='line_1_67' title="bbox 246 4371 1832 4449; baseline -0.005 -16"><span class='ocrx_word' id='word_1_464' title='bbox 246 4386 424 4433; x_wconf 89' lang='lat' dir='ltr'>rantes</span> <span class='ocrx_word' id='word_1_465' title='bbox 468 4376 836 4449; x_wconf 77' lang='lat' dir='ltr'>ingemiscunt</span> <span class='ocrx_word' id='word_1_466' title='bbox 893 4393 908 4439; x_wconf 89' lang='lat'><strong>;</strong></span> <span class='ocrx_word' id='word_1_467' title='bbox 964 4374 1122 4430; x_wconf 91' lang='lat' dir='ltr'>tertia</span> <span class='ocrx_word' id='word_1_468' title='bbox 1176 4373 1370 4428; x_wconf 90' lang='lat' dir='ltr'>subtus</span> <span class='ocrx_word' id='word_1_469' title='bbox 1417 4386 1517 4426; x_wconf 92' lang='lat' dir='ltr'>nos</span> <span class='ocrx_word' id='word_1_470' title='bbox 1564 4371 1832 4438; x_wconf 87' lang='lat' dir='ltr'>luctuosa,</span> 
     </span>
    </p>
   </div>
   <div class='ocr_carea' id='block_1_68' title="bbox 247 4458 1836 4538">
    <p class='ocr_par' dir='ltr' id='par_1_68' title="bbox 247 4458 1836 4538">
     <span class='ocr_line' id='line_1_68' title="bbox 247 4458 1836 4538; baseline -0.006 -16"><span class='ocrx_word' id='word_1_471' title='bbox 247 4467 303 4523; x_wconf 91' lang='lat' dir='ltr'>in</span> <span class='ocrx_word' id='word_1_472' title='bbox 336 4480 445 4538; x_wconf 87' lang='lat' dir='ltr'>qua</span> <span class='ocrx_word' id='word_1_473' title='bbox 475 4464 706 4535; x_wconf 89' lang='lat' dir='ltr'>spiritus</span> <span class='ocrx_word' id='word_1_474' title='bbox 754 4464 1132 4519; x_wconf 89' lang='lat' dir='ltr'>damnatorum</span> <span class='ocrx_word' id='word_1_475' title='bbox 1162 4477 1287 4518; x_wconf 91' lang='lat' dir='ltr'>cum</span> <span class='ocrx_word' id='word_1_476' title='bbox 1333 4458 1671 4515; x_wconf 78' lang='lat' dir='ltr'>daemonibus</span> <span class='ocrx_word' id='word_1_477' title='bbox 1700 4472 1836 4515; x_wconf 78' lang='lat' dir='ltr'>cou-</span> 
     </span>
    </p>
   </div>
   <div class='ocr_carea' id='block_1_69' title="bbox 1930 3277 3518 3350">
    <p class='ocr_par' dir='ltr' id='par_1_69' title="bbox 1930 3277 3518 3350">
     <span class='ocr_line' id='line_1_69' title="bbox 1930 3277 3518 3350; baseline 0.003 -18"><span class='ocrx_word' id='word_1_478' title='bbox 1930 3277 2081 3332; x_wconf 89' lang='lat' dir='ltr'>mine</span> <span class='ocrx_word' id='word_1_479' title='bbox 2136 3278 2306 3348; x_wconf 83' lang='lat' dir='ltr'>(Gen.</span> <span class='ocrx_word' id='word_1_480' title='bbox 2374 3279 2552 3342; x_wconf 76' lang='lat' dir='ltr'>thx).</span> <span class='ocrx_word' id='word_1_481' title='bbox 2597 3298 2620 3329; x_wconf 75' lang='grc' dir='ltr'><strong><em>ι</em></strong></span> <span class='ocrx_word' id='word_1_482' title='bbox 2657 3279 2722 3333; x_wconf 84' lang='lat' dir='ltr'>Et</span> <span class='ocrx_word' id='word_1_483' title='bbox 2752 3279 2968 3350; x_wconf 81' lang='lat' dir='ltr'>Moyses</span> <span class='ocrx_word' id='word_1_484' title='bbox 3001 3296 3013 3333; x_wconf 90' lang='lat'><strong>:</strong></span> <span class='ocrx_word' id='word_1_485' title='bbox 3053 3302 3074 3329; x_wconf 87' lang='grc'>‹‹</span> <span class='ocrx_word' id='word_1_486' title='bbox 3110 3280 3373 3347; x_wconf 90' lang='lat' dir='ltr'>Obsecro,</span> <span class='ocrx_word' id='word_1_487' title='bbox 3429 3281 3518 3336; x_wconf 92' lang='lat' dir='ltr'>in-</span> 
     </span>
    </p>
   </div>
   <div class='ocr_carea' id='block_1_70' title="bbox 1932 3366 3515 3441">
    <p class='ocr_par' dir='ltr' id='par_1_70' title="bbox 1932 3366 3515 3441">
     <span class='ocr_line' id='line_1_70' title="bbox 1932 3366 3515 3441; baseline 0.001 -21"><span class='ocrx_word' id='word_1_488' title='bbox 1932 3366 2066 3437; x_wconf 91' lang='lat' dir='ltr'>quit,</span> <span class='ocrx_word' id='word_1_489' title='bbox 2097 3366 2353 3433; x_wconf 91' lang='lat' dir='ltr'>Domine,</span> <span class='ocrx_word' id='word_1_490' title='bbox 2384 3367 2537 3423; x_wconf 90' lang='lat' dir='ltr'>mitte</span> <span class='ocrx_word' id='word_1_491' title='bbox 2566 3383 2728 3439; x_wconf 91' lang='lat' dir='ltr'>quem</span> <span class='ocrx_word' id='word_1_492' title='bbox 2761 3369 3105 3424; x_wconf 84' lang='lat' dir='ltr'>missuruses</span> <span class='ocrx_word' id='word_1_493' title='bbox 3135 3371 3339 3432; x_wconf 67' lang='lat' dir='ltr'>(Exod.</span> <span class='ocrx_word' id='word_1_494' title='bbox 3364 3375 3464 3441; x_wconf 84' lang='grc' dir='ltr'>ιγ).</span> <span class='ocrx_word' id='word_1_495' title='bbox 3492 3396 3515 3421; x_wconf 77' lang='grc' dir='ltr'>ιι</span> 
     </span>
    </p>
   </div>
   <div class='ocr_carea' id='block_1_71' title="bbox 1930 3454 3522 3526">
    <p class='ocr_par' dir='ltr' id='par_1_71' title="bbox 1930 3454 3522 3526">
     <span class='ocr_line' id='line_1_71' title="bbox 1930 3454 3522 3526; baseline 0.004 -17"><span class='ocrx_word' id='word_1_496' title='bbox 1930 3454 2108 3509; x_wconf 90' lang='lat' dir='ltr'>David</span> <span class='ocrx_word' id='word_1_497' title='bbox 2147 3470 2361 3526; x_wconf 90' lang='lat' dir='ltr'>quoque</span> <span class='ocrx_word' id='word_1_498' title='bbox 2414 3455 2533 3509; x_wconf 90' lang='lat' dir='ltr'>ait:</span> <span class='ocrx_word' id='word_1_499' title='bbox 2569 3478 2591 3503; x_wconf 76' lang='grc' dir='ltr'>«ι</span> <span class='ocrx_word' id='word_1_500' title='bbox 2627 3456 2877 3523; x_wconf 86' lang='lat' dir='ltr'>Domine,</span> <span class='ocrx_word' id='word_1_501' title='bbox 2928 3457 3125 3512; x_wconf 83' lang='lat' dir='ltr'>inclina</span> <span class='ocrx_word' id='word_1_502' title='bbox 3171 3459 3339 3514; x_wconf 67' lang='lat' dir='ltr'>caelos</span> <span class='ocrx_word' id='word_1_503' title='bbox 3400 3468 3522 3515; x_wconf 90' lang='lat' dir='ltr'>tuos</span> 
     </span>
    </p>
   </div>
   <div class='ocr_carea' id='block_1_72' title="bbox 1935 3550 3515 3621">
    <p class='ocr_par' dir='ltr' id='par_1_72' title="bbox 1935 3550 3515 3621">
     <span class='ocr_line' id='line_1_72' title="bbox 1935 3550 3515 3621; baseline 0.004 -16"><span class='ocrx_word' id='word_1_504' title='bbox 1935 3556 1991 3606; x_wconf 87' lang='lat' dir='ltr'>et</span> <span class='ocrx_word' id='word_1_505' title='bbox 2009 3550 2290 3606; x_wconf 88' lang='lat' dir='ltr'>descende</span> <span class='ocrx_word' id='word_1_506' title='bbox 2318 3552 2491 3620; x_wconf 75' lang='lat' dir='ltr'>(Psal.</span> <span class='ocrx_word' id='word_1_507' title='bbox 2518 3554 2671 3621; x_wconf 86' lang='lat' dir='ltr'>xvu).</span> <span class='ocrx_word' id='word_1_508' title='bbox 2709 3576 2731 3601; x_wconf 76' lang='grc' dir='ltr'>ι»</span> <span class='ocrx_word' id='word_1_509' title='bbox 2768 3553 2937 3607; x_wconf 90' lang='lat' dir='ltr'>lsaias</span> <span class='ocrx_word' id='word_1_510' title='bbox 2966 3554 3155 3609; x_wconf 89' lang='lat' dir='ltr'>etiam:</span> <span class='ocrx_word' id='word_1_511' title='bbox 3184 3579 3206 3603; x_wconf 74' lang='grc' dir='ltr'>ιι</span> <span class='ocrx_word' id='word_1_512' title='bbox 3242 3555 3458 3613; x_wconf 88' lang='lat' dir='ltr'>Utinam</span> <span class='ocrx_word' id='word_1_513' title='bbox 3493 3580 3515 3605; x_wconf 73' lang='grc' dir='ltr'><strong><em>ι</em></strong></span> 
     </span>
    </p>
   </div>
   <div class='ocr_carea' id='block_1_73' title="bbox 1934 3638 3523 3711">
    <p class='ocr_par' dir='ltr' id='par_1_73' title="bbox 1934 3638 3523 3711">
     <span class='ocr_line' id='line_1_73' title="bbox 1934 3638 3523 3711; baseline 0.006 -18"><span class='ocrx_word' id='word_1_514' title='bbox 1934 3638 2130 3710; x_wconf 89' lang='lat' dir='ltr'>inquit,</span> <span class='ocrx_word' id='word_1_515' title='bbox 2218 3660 2237 3689; x_wconf 78' lang='grc' dir='ltr'>ι</span> <span class='ocrx_word' id='word_1_516' title='bbox 2316 3639 2691 3711; x_wconf 82' lang='lat' dir='ltr'>disrumperes</span> <span class='ocrx_word' id='word_1_517' title='bbox 2764 3641 2931 3697; x_wconf 72' lang='lat' dir='ltr'>caelos</span> <span class='ocrx_word' id='word_1_518' title='bbox 3004 3651 3056 3698; x_wconf 92' lang='lat' dir='ltr'>et</span> <span class='ocrx_word' id='word_1_519' title='bbox 3128 3643 3523 3702; x_wconf 78' lang='lat' dir='ltr'>descenderes!</span> 
     </span>
    </p>
   </div>
   <div class='ocr_carea' id='block_1_74' title="bbox 1935 3727 3525 3800">
    <p class='ocr_par' dir='ltr' id='par_1_74' title="bbox 1935 3727 3525 3800">
     <span class='ocr_line' id='line_1_74' title="bbox 1935 3727 3525 3800; baseline 0.003 -16"><span class='ocrx_word' id='word_1_520' title='bbox 1935 3729 2072 3799; x_wconf 84' lang='lat' dir='ltr'>(Isa.</span> <span class='ocrx_word' id='word_1_521' title='bbox 2110 3727 2280 3800; x_wconf 84' lang='lat' dir='ltr'>thv).</span> <span class='ocrx_word' id='word_1_522' title='bbox 2322 3751 2343 3777; x_wconf 84' lang='grc' dir='ltr'><strong>υ</strong></span> <span class='ocrx_word' id='word_1_523' title='bbox 2378 3729 2445 3784; x_wconf 86' lang='lat' dir='ltr'>Et</span> <span class='ocrx_word' id='word_1_524' title='bbox 2485 3729 2678 3785; x_wconf 89' lang='lat' dir='ltr'>merito</span> <span class='ocrx_word' id='word_1_525' title='bbox 2714 3730 2833 3800; x_wconf 88' lang='lat' dir='ltr'>ejus</span> <span class='ocrx_word' id='word_1_526' title='bbox 2861 3730 3139 3787; x_wconf 90' lang='lat' dir='ltr'>desiderio</span> <span class='ocrx_word' id='word_1_527' title='bbox 3174 3731 3525 3798; x_wconf 79' lang='lat' dir='ltr'>deficiebant,</span> 
     </span>
    </p>
   </div>
   <div class='ocr_carea' id='block_1_75' title="bbox 1938 3817 3528 3895">
    <p class='ocr_par' dir='ltr' id='par_1_75' title="bbox 1938 3817 3528 3895">
     <span class='ocr_line' id='line_1_75' title="bbox 1938 3817 3528 3895; baseline 0.004 -23"><span class='ocrx_word' id='word_1_528' title='bbox 1938 3818 2025 3889; x_wconf 91' lang='lat' dir='ltr'>qui</span> <span class='ocrx_word' id='word_1_529' title='bbox 2060 3834 2181 3873; x_wconf 91' lang='lat' dir='ltr'>eum</span> <span class='ocrx_word' id='word_1_530' title='bbox 2246 3817 2486 3873; x_wconf 90' lang='lat' dir='ltr'>futurum</span> <span class='ocrx_word' id='word_1_531' title='bbox 2542 3820 2929 3889; x_wconf 73' lang='lat' dir='ltr'>praesciebant.</span> <span class='ocrx_word' id='word_1_532' title='bbox 3001 3821 3140 3875; x_wconf 90' lang='lat' dir='ltr'>Nam</span> <span class='ocrx_word' id='word_1_533' title='bbox 3195 3832 3319 3878; x_wconf 90' lang='lat' dir='ltr'>ante</span> <span class='ocrx_word' id='word_1_534' title='bbox 3357 3823 3528 3895; x_wconf 86' lang='lat' dir='ltr'>ipsius</span> 
     </span>
    </p>
   </div>
   <div class='ocr_carea' id='block_1_76' title="bbox 1937 3907 3532 3983">
    <p class='ocr_par' dir='ltr' id='par_1_76' title="bbox 1937 3907 3532 3983">
     <span class='ocr_line' id='line_1_76' title="bbox 1937 3907 3532 3983; baseline 0.003 -21"><span class='ocrx_word' id='word_1_535' title='bbox 1937 3907 2227 3963; x_wconf 88' lang='lat' dir='ltr'>adventum</span> <span class='ocrx_word' id='word_1_536' title='bbox 2268 3907 2416 3963; x_wconf 89' lang='lat' dir='ltr'>fusca</span> <span class='ocrx_word' id='word_1_537' title='bbox 2453 3923 2605 3962; x_wconf 91' lang='lat' dir='ltr'>mors</span> <span class='ocrx_word' id='word_1_538' title='bbox 2652 3908 2915 3962; x_wconf 88' lang='lat' dir='ltr'>mundum</span> <span class='ocrx_word' id='word_1_539' title='bbox 2957 3909 3180 3976; x_wconf 87' lang='lat' dir='ltr'>obtexit,</span> <span class='ocrx_word' id='word_1_540' title='bbox 3231 3926 3532 3983; x_wconf 85' lang='lat' dir='ltr'>omnesque</span> 
     </span>
    </p>
   </div>
   <div class='ocr_carea' id='block_1_77' title="bbox 1936 4003 3531 4076">
    <p class='ocr_par' dir='ltr' id='par_1_77' title="bbox 1936 4003 3531 4076">
     <span class='ocr_line' id='line_1_77' title="bbox 1936 4003 3531 4076; baseline 0.003 -16"><span class='ocrx_word' id='word_1_541' title='bbox 1936 4020 2035 4076; x_wconf 90' lang='lat' dir='ltr'>per</span> <span class='ocrx_word' id='word_1_542' title='bbox 2072 4005 2173 4061; x_wconf 90' lang='lat' dir='ltr'>iter</span> <span class='ocrx_word' id='word_1_543' title='bbox 2209 4004 2483 4060; x_wconf 90' lang='lat' dir='ltr'>sinistrum</span> <span class='ocrx_word' id='word_1_544' title='bbox 2541 4003 2595 4058; x_wconf 91' lang='lat' dir='ltr'>in</span> <span class='ocrx_word' id='word_1_545' title='bbox 2635 4003 2992 4073; x_wconf 90' lang='lat' dir='ltr'>perditionem</span> <span class='ocrx_word' id='word_1_546' title='bbox 3058 4005 3278 4062; x_wconf 86' lang='lat' dir='ltr'>direxit.</span> <span class='ocrx_word' id='word_1_547' title='bbox 3325 4006 3531 4064; x_wconf 88' lang='lat' dir='ltr'>Omnes</span> 
     </span>
    </p>
   </div>
   <div class='ocr_carea' id='block_1_78' title="bbox 1941 4091 3532 4165">
    <p class='ocr_par' dir='ltr' id='par_1_78' title="bbox 1941 4091 3532 4165">
     <span class='ocr_line' id='line_1_78' title="bbox 1941 4091 3532 4165; baseline 0.003 -18"><span class='ocrx_word' id='word_1_548' title='bbox 1941 4091 2098 4165; x_wconf 90' lang='lat' dir='ltr'>quasi</span> <span class='ocrx_word' id='word_1_549' title='bbox 2152 4093 2209 4146; x_wconf 91' lang='lat' dir='ltr'>in</span> <span class='ocrx_word' id='word_1_550' title='bbox 2254 4091 2496 4147; x_wconf 79' lang='lat' dir='ltr'>tenebris</span> <span class='ocrx_word' id='word_1_551' title='bbox 2534 4092 2804 4158; x_wconf 89' lang='lat' dir='ltr'>errabant,</span> <span class='ocrx_word' id='word_1_552' title='bbox 2846 4092 2969 4163; x_wconf 89' lang='lat' dir='ltr'>quia</span> <span class='ocrx_word' id='word_1_553' title='bbox 3006 4091 3190 4147; x_wconf 88' lang='lat' dir='ltr'>lumen</span> <span class='ocrx_word' id='word_1_554' title='bbox 3257 4094 3532 4151; x_wconf 90' lang='lat' dir='ltr'>Christum</span> 
     </span>
    </p>
   </div>
   <div class='ocr_carea' id='block_1_79' title="bbox 1941 4178 3531 4250">
    <p class='ocr_par' dir='ltr' id='par_1_79' title="bbox 1941 4178 3531 4250">
     <span class='ocr_line' id='line_1_79' title="bbox 1941 4178 3531 4250; baseline 0.004 -16"><span class='ocrx_word' id='word_1_555' title='bbox 1941 4196 2051 4235; x_wconf 90' lang='lat' dir='ltr'>non</span> <span class='ocrx_word' id='word_1_556' title='bbox 2078 4178 2377 4245; x_wconf 86' lang='lat' dir='ltr'>habebant,</span> <span class='ocrx_word' id='word_1_557' title='bbox 2434 4187 2487 4234; x_wconf 90' lang='lat' dir='ltr'>et</span> <span class='ocrx_word' id='word_1_558' title='bbox 2518 4178 2642 4234; x_wconf 90' lang='lat' dir='ltr'>ideo</span> <span class='ocrx_word' id='word_1_559' title='bbox 2684 4195 2784 4250; x_wconf 86' lang='lat' dir='ltr'>per</span> <span class='ocrx_word' id='word_1_560' title='bbox 2812 4179 3106 4250; x_wconf 78' lang='lat' dir='ltr'>spatiosum</span> <span class='ocrx_word' id='word_1_561' title='bbox 3159 4181 3301 4236; x_wconf 89' lang='lat' dir='ltr'>viam</span> <span class='ocrx_word' id='word_1_562' title='bbox 3330 4199 3363 4238; x_wconf 89' lang='lat' dir='ltr'>a</span> <span class='ocrx_word' id='word_1_563' title='bbox 3393 4183 3531 4241; x_wconf 88' lang='lat' dir='ltr'>sini-</span> 
     </span>
    </p>
   </div>
   <div class='ocr_carea' id='block_1_80' title="bbox 1942 4266 3534 4329">
    <p class='ocr_par' dir='ltr' id='par_1_80' title="bbox 1942 4266 3534 4329">
     <span class='ocr_line' id='line_1_80' title="bbox 1942 4266 3534 4329; baseline 0.004 -6"><span class='ocrx_word' id='word_1_564' title='bbox 1942 4268 2071 4323; x_wconf 91' lang='lat' dir='ltr'>stris</span> <span class='ocrx_word' id='word_1_565' title='bbox 2101 4283 2249 4323; x_wconf 90' lang='lat' dir='ltr'>caeco</span> <span class='ocrx_word' id='word_1_566' title='bbox 2276 4266 2443 4323; x_wconf 90' lang='lat' dir='ltr'>corde</span> <span class='ocrx_word' id='word_1_567' title='bbox 2464 4266 2520 4321; x_wconf 92' lang='lat' dir='ltr'>in</span> <span class='ocrx_word' id='word_1_568' title='bbox 2550 4274 2779 4323; x_wconf 91' lang='lat' dir='ltr'>mortem</span> <span class='ocrx_word' id='word_1_569' title='bbox 2811 4268 3067 4324; x_wconf 89' lang='lat' dir='ltr'>ruebant.</span> <span class='ocrx_word' id='word_1_570' title='bbox 3107 4270 3322 4326; x_wconf 84' lang='lat' dir='ltr'>Christo</span> <span class='ocrx_word' id='word_1_571' title='bbox 3351 4281 3534 4329; x_wconf 90' lang='lat' dir='ltr'>autem</span> 
     </span>
    </p>
   </div>
   <div class='ocr_carea' id='block_1_81' title="bbox 1943 4363 3532 4436">
    <p class='ocr_par' dir='ltr' id='par_1_81' title="bbox 1943 4363 3532 4436">
     <span class='ocr_line' id='line_1_81' title="bbox 1943 4363 3532 4436; baseline 0.004 -16"><span class='ocrx_word' id='word_1_572' title='bbox 1943 4364 2059 4421; x_wconf 88' lang='lat' dir='ltr'>sole</span> <span class='ocrx_word' id='word_1_573' title='bbox 2080 4363 2213 4420; x_wconf 89' lang='lat' dir='ltr'>solis</span> <span class='ocrx_word' id='word_1_574' title='bbox 2230 4363 2285 4419; x_wconf 87' lang='lat' dir='ltr'>in</span> <span class='ocrx_word' id='word_1_575' title='bbox 2308 4363 2514 4419; x_wconf 88' lang='lat' dir='ltr'>mundo</span> <span class='ocrx_word' id='word_1_576' title='bbox 2542 4372 2861 4436; x_wconf 88' lang='lat' dir='ltr'>apparente,</span> <span class='ocrx_word' id='word_1_577' title='bbox 2911 4365 3021 4421; x_wconf 90' lang='lat' dir='ltr'>imo</span> <span class='ocrx_word' id='word_1_578' title='bbox 3052 4366 3163 4421; x_wconf 90' lang='lat' dir='ltr'>vita</span> <span class='ocrx_word' id='word_1_579' title='bbox 3210 4370 3532 4436; x_wconf 72' lang='lat' dir='ltr'>angelorum</span> 
     </span>
    </p>
   </div>
   <div class='ocr_carea' id='block_1_82' title="bbox 1943 4453 3537 4533">
    <p class='ocr_par' dir='ltr' id='par_1_82' title="bbox 1943 4453 3537 4533">
     <span class='ocr_line' id='line_1_82' title="bbox 1943 4453 3537 4533; baseline 0.004 -24"><span class='ocrx_word' id='word_1_580' title='bbox 1943 4470 2003 4510; x_wconf 90' lang='lat' dir='ltr'>se</span> <span class='ocrx_word' id='word_1_581' title='bbox 2032 4453 2357 4509; x_wconf 88' lang='lat' dir='ltr'>mortalibus</span> <span class='ocrx_word' id='word_1_582' title='bbox 2378 4453 2692 4522; x_wconf 85' lang='lat' dir='ltr'>exhibente,</span> <span class='ocrx_word' id='word_1_583' title='bbox 2726 4461 2861 4509; x_wconf 86' lang='lat' dir='ltr'>tetra</span> <span class='ocrx_word' id='word_1_584' title='bbox 2890 4469 3039 4510; x_wconf 88' lang='lat' dir='ltr'>mors</span> <span class='ocrx_word' id='word_1_585' title='bbox 3080 4456 3368 4527; x_wconf 85' lang='lat' dir='ltr'>pavefacta</span> <span class='ocrx_word' id='word_1_586' title='bbox 3397 4458 3537 4533; x_wconf 88' lang='lat' dir='ltr'>fugit</span> 
     </span>
    </p>
   </div>
   <div class='ocr_carea' id='block_1_83' title="bbox 248 4541 3539 4625">
    <p class='ocr_par' dir='ltr' id='par_1_83' title="bbox 248 4541 3539 4625">
     <span class='ocr_line' id='line_1_83' title="bbox 248 4541 3539 4625; baseline -0.002 -13"><span class='ocrx_word' id='word_1_587' title='bbox 248 4557 456 4612; x_wconf 88' lang='lat' dir='ltr'>sistunt.</span> <span class='ocrx_word' id='word_1_588' title='bbox 489 4552 665 4609; x_wconf 90' lang='lat' dir='ltr'>Nobis</span> <span class='ocrx_word' id='word_1_589' title='bbox 721 4567 861 4625; x_wconf 84' lang='lat' dir='ltr'>ergo</span> <span class='ocrx_word' id='word_1_590' title='bbox 881 4552 941 4606; x_wconf 88' lang='lat' dir='ltr'>in</span> <span class='ocrx_word' id='word_1_591' title='bbox 986 4550 1169 4607; x_wconf 89' lang='lat' dir='ltr'>media</span> <span class='ocrx_word' id='word_1_592' title='bbox 1197 4550 1310 4605; x_wconf 86' lang='lat' dir='ltr'>vita</span> <span class='ocrx_word' id='word_1_593' title='bbox 1356 4547 1662 4605; x_wconf 89' lang='lat' dir='ltr'>constitutis</span> <span class='ocrx_word' id='word_1_594' title='bbox 1717 4546 1837 4602; x_wconf 67' lang='lat' dir='ltr'>duae</span> <span class='ocrx_word' id='word_1_595' title='bbox 1868 4544 1921 4605; x_wconf 94' lang='lat' dir='ltr'>D</span> <span class='ocrx_word' id='word_1_596' title='bbox 1950 4558 2121 4615; x_wconf 89' lang='lat' dir='ltr'>seque</span> <span class='ocrx_word' id='word_1_597' title='bbox 2157 4543 2212 4597; x_wconf 92' lang='lat' dir='ltr'>in</span> <span class='ocrx_word' id='word_1_598' title='bbox 2251 4542 2433 4598; x_wconf 88' lang='lat' dir='ltr'>abdita</span> <span class='ocrx_word' id='word_1_599' title='bbox 2498 4541 2687 4598; x_wconf 89' lang='lat' dir='ltr'>tartari</span> <span class='ocrx_word' id='word_1_600' title='bbox 2749 4542 2974 4599; x_wconf 88' lang='lat' dir='ltr'>confusa</span> <span class='ocrx_word' id='word_1_601' title='bbox 3038 4545 3340 4616; x_wconf 81' lang='lat' dir='ltr'>abscondit,</span> <span class='ocrx_word' id='word_1_602' title='bbox 3400 4549 3539 4606; x_wconf 85' lang='lat' dir='ltr'>sicut</span> 
     </span>
    </p>
   </div>
   <div class='ocr_carea' id='block_1_84' title="bbox 249 4646 1837 4723">
    <p class='ocr_par' dir='ltr' id='par_1_84' title="bbox 249 4646 1837 4723">
     <span class='ocr_line' id='line_1_84' title="bbox 249 4646 1837 4723; baseline -0.006 -12"><span class='ocrx_word' id='word_1_603' title='bbox 249 4654 349 4712; x_wconf 67' lang='lat' dir='ltr'>viae</span> <span class='ocrx_word' id='word_1_604' title='bbox 379 4670 440 4710; x_wconf 90' lang='lat' dir='ltr'>se</span> <span class='ocrx_word' id='word_1_605' title='bbox 494 4650 731 4710; x_wconf 80' lang='lat' dir='ltr'>oﬁerunt</span> <span class='ocrx_word' id='word_1_606' title='bbox 764 4669 776 4706; x_wconf 87' lang='lat'><strong>:</strong></span> <span class='ocrx_word' id='word_1_607' title='bbox 809 4667 932 4723; x_wconf 76' lang='lat' dir='ltr'>quae</span> <span class='ocrx_word' id='word_1_608' title='bbox 994 4648 1260 4722; x_wconf 88' lang='lat' dir='ltr'>quosdam</span> <span class='ocrx_word' id='word_1_609' title='bbox 1316 4647 1387 4703; x_wconf 88' lang='lat' dir='ltr'>ad</span> <span class='ocrx_word' id='word_1_610' title='bbox 1448 4646 1786 4718; x_wconf 88' lang='lat' dir='ltr'>superiorem</span> <span class='ocrx_word' id='word_1_611' title='bbox 1823 4661 1837 4701; x_wconf 88' lang='lat'><strong>:</strong></span> 
     </span>
    </p>
   </div>
   <div class='ocr_carea' id='block_1_85' title="bbox 252 4735 1841 4817">
    <p class='ocr_par' dir='ltr' id='par_1_85' title="bbox 252 4735 1841 4817">
     <span class='ocr_line' id='line_1_85' title="bbox 252 4735 1841 4817; baseline -0.005 -17"><span class='ocrx_word' id='word_1_612' title='bbox 252 4742 517 4817; x_wconf 88' lang='lat' dir='ltr'>quosdam</span> <span class='ocrx_word' id='word_1_613' title='bbox 548 4748 733 4797; x_wconf 89' lang='lat' dir='ltr'>autem</span> <span class='ocrx_word' id='word_1_614' title='bbox 756 4739 825 4795; x_wconf 90' lang='lat' dir='ltr'>ad</span> <span class='ocrx_word' id='word_1_615' title='bbox 842 4739 1159 4795; x_wconf 86' lang='lat' dir='ltr'>inferiorem</span> <span class='ocrx_word' id='word_1_616' title='bbox 1207 4737 1431 4794; x_wconf 92' lang='lat' dir='ltr'>ducunt.</span> <span class='ocrx_word' id='word_1_617' title='bbox 1461 4739 1509 4792; x_wconf 83' lang='lat' dir='ltr'><strong>A</strong></span> <span class='ocrx_word' id='word_1_618' title='bbox 1539 4735 1751 4792; x_wconf 86' lang='lat' dir='ltr'>dextris</span> <span class='ocrx_word' id='word_1_619' title='bbox 1781 4751 1841 4792; x_wconf 88' lang='lat' dir='ltr'>se</span> 
     </span>
    </p>
   </div>
   <div class='ocr_carea' id='block_1_86' title="bbox 249 4824 1838 4905">
    <p class='ocr_par' dir='ltr' id='par_1_86' title="bbox 249 4824 1838 4905">
     <span class='ocr_line' id='line_1_86' title="bbox 249 4824 1838 4905; baseline -0.006 -16"><span class='ocrx_word' id='word_1_620' title='bbox 249 4834 453 4905; x_wconf 68' lang='lat' dir='ltr'>praebet</span> <span class='ocrx_word' id='word_1_621' title='bbox 482 4831 573 4887; x_wconf 88' lang='lat' dir='ltr'>via</span> <span class='ocrx_word' id='word_1_622' title='bbox 601 4838 752 4887; x_wconf 87' lang='lat' dir='ltr'>arcta</span> <span class='ocrx_word' id='word_1_623' title='bbox 781 4836 839 4886; x_wconf 91' lang='lat' dir='ltr'>et</span> <span class='ocrx_word' id='word_1_624' title='bbox 865 4836 1120 4902; x_wconf 85' lang='lat' dir='ltr'>angusta,</span> <span class='ocrx_word' id='word_1_625' title='bbox 1151 4827 1359 4883; x_wconf 90' lang='lat' dir='ltr'>ducens</span> <span class='ocrx_word' id='word_1_626' title='bbox 1386 4824 1456 4882; x_wconf 90' lang='lat' dir='ltr'>de</span> <span class='ocrx_word' id='word_1_627' title='bbox 1483 4826 1588 4881; x_wconf 88' lang='lat' dir='ltr'>hac</span> <span class='ocrx_word' id='word_1_628' title='bbox 1616 4825 1838 4893; x_wconf 89' lang='lat' dir='ltr'>misera,</span> 
     </span>
    </p>
   </div>
   <div class='ocr_carea' id='block_1_87' title="bbox 254 4912 1841 4995">
    <p class='ocr_par' dir='ltr' id='par_1_87' title="bbox 254 4912 1841 4995">
     <span class='ocr_line' id='line_1_87' title="bbox 254 4912 1841 4995; baseline -0.008 -16"><span class='ocrx_word' id='word_1_629' title='bbox 254 4939 345 4995; x_wconf 91' lang='lat' dir='ltr'>per</span> <span class='ocrx_word' id='word_1_630' title='bbox 391 4937 452 4978; x_wconf 90' lang='lat' dir='ltr'>se</span> <span class='ocrx_word' id='word_1_631' title='bbox 520 4919 864 4976; x_wconf 87' lang='lat' dir='ltr'>ambulantes</span> <span class='ocrx_word' id='word_1_632' title='bbox 918 4917 989 4973; x_wconf 89' lang='lat' dir='ltr'>ad</span> <span class='ocrx_word' id='word_1_633' title='bbox 1052 4916 1227 4972; x_wconf 84' lang='lat' dir='ltr'>beatae</span> <span class='ocrx_word' id='word_1_634' title='bbox 1281 4915 1402 4971; x_wconf 75' lang='lat' dir='ltr'>vitae</span> <span class='ocrx_word' id='word_1_635' title='bbox 1464 4912 1841 4970; x_wconf 88' lang='lat' dir='ltr'>amoenitatem</span> 
     </span>
    </p>
   </div>
   <div class='ocr_carea' id='block_1_88' title="bbox 253 4999 1853 5082">
    <p class='ocr_par' dir='ltr' id='par_1_88' title="bbox 253 4999 1853 5082">
     <span class='ocr_line' id='line_1_88' title="bbox 253 4999 1853 5082; baseline -0.009 -14"><span class='ocrx_word' id='word_1_636' title='bbox 253 5011 477 5082; x_wconf 77' lang='lat' dir='ltr'>(Matth.</span> <span class='ocrx_word' id='word_1_637' title='bbox 511 5009 608 5082; x_wconf 87' lang='lat' dir='ltr'>vn)</span> <span class='ocrx_word' id='word_1_638' title='bbox 640 5023 713 5075; x_wconf 83' lang='lat' dir='ltr'>;a</span> <span class='ocrx_word' id='word_1_639' title='bbox 741 5006 975 5062; x_wconf 85' lang='lat' dir='ltr'>sinistris</span> <span class='ocrx_word' id='word_1_640' title='bbox 1000 5020 1132 5062; x_wconf 88' lang='lat' dir='ltr'>vero</span> <span class='ocrx_word' id='word_1_641' title='bbox 1187 5003 1380 5076; x_wconf 83' lang='lat' dir='ltr'>pandit</span> <span class='ocrx_word' id='word_1_642' title='bbox 1417 5018 1477 5057; x_wconf 88' lang='lat' dir='ltr'>se</span> <span class='ocrx_word' id='word_1_643' title='bbox 1508 5001 1685 5072; x_wconf 87' lang='lat' dir='ltr'>platea</span> <span class='ocrx_word' id='word_1_644' title='bbox 1741 4999 1853 5055; x_wconf 86' lang='lat' dir='ltr'>lata</span> 
     </span>
    </p>
   </div>
   <div class='ocr_carea' id='block_1_89' title="bbox 253 5089 1852 5172">
    <p class='ocr_par' dir='ltr' id='par_1_89' title="bbox 253 5089 1852 5172">
     <span class='ocr_line' id='line_1_89' title="bbox 253 5089 1852 5172; baseline -0.008 -15"><span class='ocrx_word' id='word_1_645' title='bbox 253 5108 303 5157; x_wconf 88' lang='lat' dir='ltr'>et</span> <span class='ocrx_word' id='word_1_646' title='bbox 333 5099 595 5172; x_wconf 87' lang='lat' dir='ltr'>spatiosa,</span> <span class='ocrx_word' id='word_1_647' title='bbox 645 5098 853 5153; x_wconf 89' lang='lat' dir='ltr'>ducens</span> <span class='ocrx_word' id='word_1_648' title='bbox 882 5095 939 5150; x_wconf 94' lang='lat' dir='ltr'>in</span> <span class='ocrx_word' id='word_1_649' title='bbox 995 5110 1056 5150; x_wconf 89' lang='lat' dir='ltr'>se</span> <span class='ocrx_word' id='word_1_650' title='bbox 1111 5091 1433 5165; x_wconf 84' lang='lat' dir='ltr'>gradientes</span> <span class='ocrx_word' id='word_1_651' title='bbox 1464 5089 1536 5146; x_wconf 87' lang='lat' dir='ltr'>ad</span> <span class='ocrx_word' id='word_1_652' title='bbox 1589 5089 1852 5145; x_wconf 68' lang='lat' dir='ltr'>luctuosa:</span> 
     </span>
    </p>
   </div>
   <div class='ocr_carea' id='block_1_90' title="bbox 252 5177 1854 5253">
    <p class='ocr_par' dir='ltr' id='par_1_90' title="bbox 252 5177 1854 5253">
     <span class='ocr_line' id='line_1_90' title="bbox 252 5177 1854 5253; baseline -0.007 -8"><span class='ocrx_word' id='word_1_653' title='bbox 252 5190 371 5245; x_wconf 74' lang='lat' dir='ltr'>vitae</span> <span class='ocrx_word' id='word_1_654' title='bbox 392 5186 773 5245; x_wconf 81' lang='lat' dir='ltr'>calamitatem.</span> <span class='ocrx_word' id='word_1_655' title='bbox 806 5185 978 5241; x_wconf 85' lang='lat' dir='ltr'>Arcta</span> <span class='ocrx_word' id='word_1_656' title='bbox 1004 5182 1095 5240; x_wconf 86' lang='lat' dir='ltr'>via</span> <span class='ocrx_word' id='word_1_657' title='bbox 1115 5189 1169 5238; x_wconf 89' lang='lat' dir='ltr'>et</span> <span class='ocrx_word' id='word_1_658' title='bbox 1196 5188 1432 5253; x_wconf 80' lang='lat' dir='ltr'>angusta</span> <span class='ocrx_word' id='word_1_659' title='bbox 1444 5177 1749 5245; x_wconf 91' lang='lat' dir='ltr'>est,mundi</span> <span class='ocrx_word' id='word_1_660' title='bbox 1766 5177 1854 5233; x_wconf 88' lang='lat' dir='ltr'>de-</span> 
     </span>
    </p>
   </div>
   <div class='ocr_carea' id='block_1_91' title="bbox 254 5265 1850 5343">
    <p class='ocr_par' dir='ltr' id='par_1_91' title="bbox 254 5265 1850 5343">
     <span class='ocr_line' id='line_1_91' title="bbox 254 5265 1850 5343; baseline -0.008 -10"><span class='ocrx_word' id='word_1_661' title='bbox 254 5277 455 5333; x_wconf 89' lang='lat' dir='ltr'>sideria</span> <span class='ocrx_word' id='word_1_662' title='bbox 500 5284 553 5333; x_wconf 89' lang='lat' dir='ltr'>et</span> <span class='ocrx_word' id='word_1_663' title='bbox 600 5274 783 5333; x_wconf 89' lang='lat' dir='ltr'>carnis</span> <span class='ocrx_word' id='word_1_664' title='bbox 841 5270 1339 5343; x_wconf 87' lang='lat' dir='ltr'>concupiscentiam</span> <span class='ocrx_word' id='word_1_665' title='bbox 1381 5268 1596 5342; x_wconf 86' lang='lat' dir='ltr'>fugere,</span> <span class='ocrx_word' id='word_1_666' title='bbox 1642 5265 1850 5321; x_wconf 91' lang='lat' dir='ltr'>malum</span> 
     </span>
    </p>
   </div>
   <div class='ocr_carea' id='block_1_92' title="bbox 252 5356 1845 5439">
    <p class='ocr_par' dir='ltr' id='par_1_92' title="bbox 252 5356 1845 5439">
     <span class='ocr_line' id='line_1_92' title="bbox 252 5356 1845 5439; baseline -0.008 -18"><span class='ocrx_word' id='word_1_667' title='bbox 252 5381 347 5439; x_wconf 92' lang='lat' dir='ltr'>pro</span> <span class='ocrx_word' id='word_1_668' title='bbox 407 5365 551 5422; x_wconf 92' lang='lat' dir='ltr'>malo</span> <span class='ocrx_word' id='word_1_669' title='bbox 579 5380 687 5420; x_wconf 87' lang='lat' dir='ltr'>non</span> <span class='ocrx_word' id='word_1_670' title='bbox 733 5363 984 5431; x_wconf 87' lang='lat' dir='ltr'>reddere,</span> <span class='ocrx_word' id='word_1_671' title='bbox 1019 5359 1221 5433; x_wconf 88' lang='lat' dir='ltr'>vigiliis</span> <span class='ocrx_word' id='word_1_672' title='bbox 1277 5368 1331 5416; x_wconf 91' lang='lat' dir='ltr'>et</span> <span class='ocrx_word' id='word_1_673' title='bbox 1370 5356 1592 5429; x_wconf 87' lang='lat' dir='ltr'>jejuniis</span> <span class='ocrx_word' id='word_1_674' title='bbox 1645 5371 1845 5427; x_wconf 90' lang='lat' dir='ltr'>corpus</span> 
     </span>
    </p>
   </div>
   <div class='ocr_carea' id='block_1_93' title="bbox 256 5452 1847 5528">
    <p class='ocr_par' dir='ltr' id='par_1_93' title="bbox 256 5452 1847 5528">
     <span class='ocr_line' id='line_1_93' title="bbox 256 5452 1847 5528; baseline -0.008 -9"><span class='ocrx_word' id='word_1_675' title='bbox 256 5478 556 5528; x_wconf 89' lang='lat' dir='ltr'>macerare,</span> <span class='ocrx_word' id='word_1_676' title='bbox 580 5461 921 5518; x_wconf 87' lang='lat' dir='ltr'>orationibus</span> <span class='ocrx_word' id='word_1_677' title='bbox 948 5468 1001 5516; x_wconf 90' lang='lat' dir='ltr'>et</span> <span class='ocrx_word' id='word_1_678' title='bbox 1029 5458 1267 5514; x_wconf 90' lang='lat' dir='ltr'>assiduis</span> <span class='ocrx_word' id='word_1_679' title='bbox 1296 5456 1546 5512; x_wconf 89' lang='lat' dir='ltr'>laudibus</span> <span class='ocrx_word' id='word_1_680' title='bbox 1576 5454 1673 5512; x_wconf 90' lang='lat' dir='ltr'>Dei</span> <span class='ocrx_word' id='word_1_681' title='bbox 1700 5452 1847 5508; x_wconf 89' lang='lat' dir='ltr'>insu-</span> 
     </span>
    </p>
   </div>
   <div class='ocr_carea' id='block_1_94' title="bbox 258 5542 1841 5622">
    <p class='ocr_par' dir='ltr' id='par_1_94' title="bbox 258 5542 1841 5622">
     <span class='ocr_line' id='line_1_94' title="bbox 258 5542 1841 5622; baseline -0.006 -15"><span class='ocrx_word' id='word_1_682' title='bbox 258 5554 402 5608; x_wconf 90' lang='lat' dir='ltr'>dare.</span> <span class='ocrx_word' id='word_1_683' title='bbox 434 5552 563 5607; x_wconf 87' lang='lat' dir='ltr'>Lata</span> <span class='ocrx_word' id='word_1_684' title='bbox 592 5560 773 5606; x_wconf 89' lang='lat' dir='ltr'>autem</span> <span class='ocrx_word' id='word_1_685' title='bbox 798 5558 853 5605; x_wconf 90' lang='lat' dir='ltr'>et</span> <span class='ocrx_word' id='word_1_686' title='bbox 912 5547 1150 5622; x_wconf 76' lang='lat' dir='ltr'>spatiosa</span> <span class='ocrx_word' id='word_1_687' title='bbox 1176 5548 1258 5602; x_wconf 90' lang='lat' dir='ltr'>via</span> <span class='ocrx_word' id='word_1_688' title='bbox 1305 5554 1384 5602; x_wconf 90' lang='lat' dir='ltr'>est</span> <span class='ocrx_word' id='word_1_689' title='bbox 1416 5545 1625 5612; x_wconf 89' lang='lat' dir='ltr'>ludere,</span> <span class='ocrx_word' id='word_1_690' title='bbox 1655 5542 1841 5610; x_wconf 88' lang='lat' dir='ltr'>edere,</span> 
     </span>
    </p>
   </div>
   <div class='ocr_carea' id='block_1_95' title="bbox 260 5630 1846 5710">
    <p class='ocr_par' dir='ltr' id='par_1_95' title="bbox 260 5630 1846 5710">
     <span class='ocr_line' id='line_1_95' title="bbox 260 5630 1846 5710; baseline -0.008 -12"><span class='ocrx_word' id='word_1_691' title='bbox 260 5642 467 5710; x_wconf 89' lang='lat' dir='ltr'>bibere,</span> <span class='ocrx_word' id='word_1_692' title='bbox 491 5639 765 5710; x_wconf 86' lang='lat' dir='ltr'>fornicari,</span> <span class='ocrx_word' id='word_1_693' title='bbox 796 5638 1007 5705; x_wconf 89' lang='lat' dir='ltr'>venari,</span> <span class='ocrx_word' id='word_1_694' title='bbox 1040 5637 1293 5693; x_wconf 89' lang='lat' dir='ltr'>inimicos</span> <span class='ocrx_word' id='word_1_695' title='bbox 1313 5634 1637 5706; x_wconf 88' lang='lat' dir='ltr'>opprimere,</span> <span class='ocrx_word' id='word_1_696' title='bbox 1701 5630 1846 5688; x_wconf 91' lang='lat' dir='ltr'>deli-</span> 
     </span>
    </p>
   </div>
   <div class='ocr_carea' id='block_1_96' title="bbox 263 5722 1847 5796">
    <p class='ocr_par' dir='ltr' id='par_1_96' title="bbox 263 5722 1847 5796">
     <span class='ocr_line' id='line_1_96' title="bbox 263 5722 1847 5796; baseline -0.008 -3"><span class='ocrx_word' id='word_1_697' title='bbox 263 5731 356 5794; x_wconf 89' lang='lat' dir='ltr'>ciis</span> <span class='ocrx_word' id='word_1_698' title='bbox 383 5730 566 5790; x_wconf 82' lang='lat' dir='ltr'>carnis</span> <span class='ocrx_word' id='word_1_699' title='bbox 593 5728 866 5789; x_wconf 80' lang='lat' dir='ltr'>difﬂuere.</span> <span class='ocrx_word' id='word_1_700' title='bbox 896 5728 1053 5787; x_wconf 81' lang='lat' dir='ltr'>Hanc</span> <span class='ocrx_word' id='word_1_701' title='bbox 1078 5724 1329 5785; x_wconf 83' lang='lat' dir='ltr'>diabolus</span> <span class='ocrx_word' id='word_1_702' title='bbox 1356 5722 1538 5783; x_wconf 90' lang='lat' dir='ltr'>docuit</span> <span class='ocrx_word' id='word_1_703' title='bbox 1549 5730 1603 5780; x_wconf 89' lang='lat' dir='ltr'>et</span> <span class='ocrx_word' id='word_1_704' title='bbox 1615 5736 1847 5796; x_wconf 87' lang='lat' dir='ltr'>peream</span> 
     </span>
    </p>
   </div>
   <div class='ocr_carea' id='block_1_97' title="bbox 1950 4630 3539 4708">
    <p class='ocr_par' dir='ltr' id='par_1_97' title="bbox 1950 4630 3539 4708">
     <span class='ocr_line' id='line_1_97' title="bbox 1950 4630 3539 4708; baseline 0.004 -20"><span class='ocrx_word' id='word_1_705' title='bbox 1950 4631 2157 4688; x_wconf 86' lang='lat' dir='ltr'>oriente</span> <span class='ocrx_word' id='word_1_706' title='bbox 2186 4631 2304 4687; x_wconf 91' lang='lat' dir='ltr'>sole</span> <span class='ocrx_word' id='word_1_707' title='bbox 2331 4631 2511 4703; x_wconf 88' lang='lat' dir='ltr'>caligo</span> <span class='ocrx_word' id='word_1_708' title='bbox 2540 4630 2715 4688; x_wconf 89' lang='lat' dir='ltr'>noctis</span> <span class='ocrx_word' id='word_1_709' title='bbox 2728 4630 2967 4705; x_wconf 81' lang='lat' dir='ltr'>fugatur,</span> <span class='ocrx_word' id='word_1_710' title='bbox 2998 4640 3053 4689; x_wconf 82' lang='lat' dir='ltr'>et</span> <span class='ocrx_word' id='word_1_711' title='bbox 3081 4635 3317 4691; x_wconf 90' lang='lat' dir='ltr'>mundus</span> <span class='ocrx_word' id='word_1_712' title='bbox 3341 4637 3539 4708; x_wconf 80' lang='lat' dir='ltr'>jubare</span> 
     </span>
    </p>
   </div>
   <div class='ocr_carea' id='block_1_98' title="bbox 1948 4718 2478 4793">
    <p class='ocr_par' dir='ltr' id='par_1_98' title="bbox 1948 4718 2478 4793">
     <span class='ocr_line' id='line_1_98' title="bbox 1948 4718 2478 4793; baseline -0.002 -18"><span class='ocrx_word' id='word_1_713' title='bbox 1948 4720 2123 4793; x_wconf 90' lang='lat' dir='ltr'>ipsius</span> <span class='ocrx_word' id='word_1_714' title='bbox 2150 4718 2478 4776; x_wconf 87' lang='lat' dir='ltr'>illustratur.</span> 
     </span>
    </p>
   </div>
   <div class='ocr_carea' id='block_1_99' title="bbox 2022 4817 3539 4897">
    <p class='ocr_par' dir='ltr' id='par_1_99' title="bbox 2022 4817 3539 4897">
     <span class='ocr_line' id='line_1_99' title="bbox 2022 4817 3539 4897; baseline 0.007 -24"><span class='ocrx_word' id='word_1_715' title='bbox 2022 4818 2259 4886; x_wconf 88' lang='lat' dir='ltr'>Idcirco,</span> <span class='ocrx_word' id='word_1_716' title='bbox 2288 4817 2651 4887; x_wconf 90' lang='lat' dir='ltr'>dilectissimi,</span> <span class='ocrx_word' id='word_1_717' title='bbox 2703 4833 2828 4876; x_wconf 91' lang='lat' dir='ltr'>cum</span> <span class='ocrx_word' id='word_1_718' title='bbox 2857 4819 2963 4875; x_wconf 89' lang='lat' dir='ltr'>iter</span> <span class='ocrx_word' id='word_1_719' title='bbox 3013 4820 3201 4877; x_wconf 87' lang='lat' dir='ltr'>salutis</span> <span class='ocrx_word' id='word_1_720' title='bbox 3228 4823 3387 4880; x_wconf 90' lang='lat' dir='ltr'>nobis</span> <span class='ocrx_word' id='word_1_721' title='bbox 3443 4840 3539 4897; x_wconf 89' lang='lat' dir='ltr'>per</span> 
     </span>
    </p>
   </div>
   <div class='ocr_carea' id='block_1_100' title="bbox 1950 4906 3541 4985">
    <p class='ocr_par' dir='ltr' id='par_1_100' title="bbox 1950 4906 3541 4985">
     <span class='ocr_line' id='line_1_100' title="bbox 1950 4906 3541 4985; baseline 0.007 -24"><span class='ocrx_word' id='word_1_722' title='bbox 1950 4906 2137 4962; x_wconf 74' lang='lat' dir='ltr'>Iesum</span> <span class='ocrx_word' id='word_1_723' title='bbox 2164 4913 2353 4979; x_wconf 87' lang='lat' dir='ltr'>pateat</span> <span class='ocrx_word' id='word_1_724' title='bbox 2380 4913 2434 4962; x_wconf 89' lang='lat' dir='ltr'>et</span> <span class='ocrx_word' id='word_1_725' title='bbox 2462 4906 2685 4963; x_wconf 87' lang='lat' dir='ltr'>lucerna</span> <span class='ocrx_word' id='word_1_726' title='bbox 2716 4908 2868 4963; x_wconf 90' lang='lat' dir='ltr'>verbi</span> <span class='ocrx_word' id='word_1_727' title='bbox 2899 4908 2995 4963; x_wconf 90' lang='lat' dir='ltr'>Dei</span> <span class='ocrx_word' id='word_1_728' title='bbox 3023 4923 3096 4964; x_wconf 88' lang='lat' dir='ltr'>ex</span> <span class='ocrx_word' id='word_1_729' title='bbox 3126 4918 3359 4983; x_wconf 90' lang='lat' dir='ltr'>utraque</span> <span class='ocrx_word' id='word_1_730' title='bbox 3386 4922 3541 4985; x_wconf 87' lang='lat' dir='ltr'>parte</span> 
     </span>
    </p>
   </div>
   <div class='ocr_carea' id='block_1_101' title="bbox 1951 5003 3629 5077">
    <p class='ocr_par' dir='ltr' id='par_1_101' title="bbox 1951 5003 3629 5077">
     <span class='ocr_line' id='line_1_101' title="bbox 1951 5003 3629 5077; baseline 0.006 -17"><span class='ocrx_word' id='word_1_731' title='bbox 1951 5004 2055 5062; x_wconf 67' lang='lat' dir='ltr'>vim</span> <span class='ocrx_word' id='word_1_732' title='bbox 2091 5003 2397 5077; x_wconf 85' lang='lat' dir='ltr'>splendeat,</span> <span class='ocrx_word' id='word_1_733' title='bbox 2437 5011 2555 5060; x_wconf 91' lang='lat' dir='ltr'>toto</span> <span class='ocrx_word' id='word_1_734' title='bbox 2593 5004 2759 5061; x_wconf 88' lang='lat' dir='ltr'>corde</span> <span class='ocrx_word' id='word_1_735' title='bbox 2797 5005 3073 5061; x_wconf 89' lang='lat' dir='ltr'>sinistrum</span> <span class='ocrx_word' id='word_1_736' title='bbox 3140 5012 3409 5067; x_wconf 86' lang='lat' dir='ltr'>tramitem</span> <span class='ocrx_word' id='word_1_737' title='bbox 3445 5029 3542 5071; x_wconf 90' lang='lat' dir='ltr'>re-</span> <span class='ocrx_word' id='word_1_738' title='bbox 3620 5028 3629 5037; x_wconf 82' lang='lat'><strong><em>‘</em></strong></span> 
     </span>
    </p>
   </div>
   <div class='ocr_carea' id='block_1_102' title="bbox 1951 5092 3540 5172">
    <p class='ocr_par' dir='ltr' id='par_1_102' title="bbox 1951 5092 3540 5172">
     <span class='ocr_line' id='line_1_102' title="bbox 1951 5092 3540 5172; baseline 0.007 -25"><span class='ocrx_word' id='word_1_739' title='bbox 1951 5092 2281 5166; x_wconf 80' lang='lat' dir='ltr'>linquentes,</span> <span class='ocrx_word' id='word_1_740' title='bbox 2309 5092 2563 5149; x_wconf 80' lang='lat' dir='ltr'>dextrum</span> <span class='ocrx_word' id='word_1_741' title='bbox 2606 5092 2801 5149; x_wconf 89' lang='lat' dir='ltr'>callem</span> <span class='ocrx_word' id='word_1_742' title='bbox 2834 5101 2948 5150; x_wconf 92' lang='lat' dir='ltr'>toto</span> <span class='ocrx_word' id='word_1_743' title='bbox 2976 5095 3170 5152; x_wconf 87' lang='lat' dir='ltr'>annisu</span> <span class='ocrx_word' id='word_1_744' title='bbox 3227 5113 3540 5172; x_wconf 89' lang='lat' dir='ltr'>carpamus,</span> 
     </span>
    </p>
   </div>
   <div class='ocr_carea' id='block_1_103' title="bbox 1951 5180 3545 5254">
    <p class='ocr_par' dir='ltr' id='par_1_103' title="bbox 1951 5180 3545 5254">
     <span class='ocr_line' id='line_1_103' title="bbox 1951 5180 3545 5254; baseline 0.008 -16"><span class='ocrx_word' id='word_1_745' title='bbox 1951 5190 2010 5239; x_wconf 92' lang='lat' dir='ltr'>ut</span> <span class='ocrx_word' id='word_1_746' title='bbox 2046 5182 2116 5237; x_wconf 91' lang='lat' dir='ltr'>ad</span> <span class='ocrx_word' id='word_1_747' title='bbox 2153 5197 2420 5237; x_wconf 88' lang='lat' dir='ltr'>summam</span> <span class='ocrx_word' id='word_1_748' title='bbox 2471 5180 2861 5239; x_wconf 88' lang='lat' dir='ltr'>beatitudinem</span> <span class='ocrx_word' id='word_1_749' title='bbox 2941 5185 3347 5254; x_wconf 89' lang='lat' dir='ltr'>perveniamus.</span> <span class='ocrx_word' id='word_1_750' title='bbox 3415 5192 3545 5250; x_wconf 66' lang='lat' dir='ltr'>Haec</span> 
     </span>
    </p>
   </div>
   <div class='ocr_carea' id='block_1_104' title="bbox 1950 5269 3543 5342">
    <p class='ocr_par' dir='ltr' id='par_1_104' title="bbox 1950 5269 3543 5342">
     <span class='ocr_line' id='line_1_104' title="bbox 1950 5269 3543 5342; baseline 0.008 -15"><span class='ocrx_word' id='word_1_751' title='bbox 1950 5279 2129 5327; x_wconf 89' lang='lat' dir='ltr'>autem</span> <span class='ocrx_word' id='word_1_752' title='bbox 2185 5269 2271 5327; x_wconf 90' lang='lat' dir='ltr'>via</span> <span class='ocrx_word' id='word_1_753' title='bbox 2327 5278 2410 5326; x_wconf 88' lang='lat' dir='ltr'>est</span> <span class='ocrx_word' id='word_1_754' title='bbox 2454 5270 2711 5337; x_wconf 80' lang='lat' dir='ltr'>charitas,</span> <span class='ocrx_word' id='word_1_755' title='bbox 2743 5286 2842 5341; x_wconf 86' lang='lat' dir='ltr'>per</span> <span class='ocrx_word' id='word_1_756' title='bbox 2894 5287 3053 5342; x_wconf 92' lang='lat' dir='ltr'>quam</span> <span class='ocrx_word' id='word_1_757' title='bbox 3096 5274 3279 5330; x_wconf 90' lang='lat' dir='ltr'>aditur</span> <span class='ocrx_word' id='word_1_758' title='bbox 3315 5294 3543 5339; x_wconf 72' lang='lat' dir='ltr'>summa)</span> 
     </span>
    </p>
   </div>
   <div class='ocr_carea' id='block_1_105' title="bbox 1950 5357 3544 5429">
    <p class='ocr_par' dir='ltr' id='par_1_105' title="bbox 1950 5357 3544 5429">
     <span class='ocr_line' id='line_1_105' title="bbox 1950 5357 3544 5429; baseline 0.009 -14"><span class='ocrx_word' id='word_1_759' title='bbox 1950 5358 2297 5415; x_wconf 89' lang='lat' dir='ltr'>beatitudinis</span> <span class='ocrx_word' id='word_1_760' title='bbox 2356 5357 2604 5415; x_wconf 87' lang='lat' dir='ltr'>claritas.</span> <span class='ocrx_word' id='word_1_761' title='bbox 2668 5360 2729 5413; x_wconf 87' lang='lat' dir='ltr'>In</span> <span class='ocrx_word' id='word_1_762' title='bbox 2766 5360 2909 5415; x_wconf 90' lang='lat' dir='ltr'>hanc</span> <span class='ocrx_word' id='word_1_763' title='bbox 2961 5361 3184 5418; x_wconf 88' lang='lat' dir='ltr'>tendunt</span> <span class='ocrx_word' id='word_1_764' title='bbox 3225 5381 3294 5421; x_wconf 86' lang='lat' dir='ltr'>xv</span> <span class='ocrx_word' id='word_1_765' title='bbox 3335 5371 3544 5429; x_wconf 74' lang='lat' dir='ltr'>semitae</span> 
     </span>
    </p>
   </div>
   <div class='ocr_carea' id='block_1_106' title="bbox 1954 5446 3547 5531">
    <p class='ocr_par' dir='ltr' id='par_1_106' title="bbox 1954 5446 3547 5531">
     <span class='ocr_line' id='line_1_106' title="bbox 1954 5446 3547 5531; baseline 0.007 -28"><span class='ocrx_word' id='word_1_766' title='bbox 1954 5448 2220 5505; x_wconf 89' lang='lat' dir='ltr'>ducentes</span> <span class='ocrx_word' id='word_1_767' title='bbox 2249 5446 2476 5503; x_wconf 88' lang='lat' dir='ltr'>adatria</span> <span class='ocrx_word' id='word_1_768' title='bbox 2521 5446 2665 5513; x_wconf 66' lang='lat' dir='ltr'>vitae,</span> <span class='ocrx_word' id='word_1_769' title='bbox 2697 5446 2907 5504; x_wconf 91' lang='lat' dir='ltr'>scilicet</span> <span class='ocrx_word' id='word_1_770' title='bbox 2970 5448 3248 5520; x_wconf 87' lang='lat' dir='ltr'>patientia,</span> <span class='ocrx_word' id='word_1_771' title='bbox 3288 5454 3547 5531; x_wconf 84' lang='lat' dir='ltr'>benigni-</span> 
     </span>
    </p>
   </div>
   <div class='ocr_carea' id='block_1_107' title="bbox 1954 5534 3538 5614">
    <p class='ocr_par' dir='ltr' id='par_1_107' title="bbox 1954 5534 3538 5614">
     <span class='ocr_line' id='line_1_107' title="bbox 1954 5534 3538 5614; baseline 0.008 -21"><span class='ocrx_word' id='word_1_772' title='bbox 1954 5545 2060 5605; x_wconf 86' lang='lat' dir='ltr'>tas,</span> <span class='ocrx_word' id='word_1_773' title='bbox 2084 5544 2135 5593; x_wconf 92' lang='lat' dir='ltr'>et</span> <span class='ocrx_word' id='word_1_774' title='bbox 2164 5534 2284 5591; x_wconf 69' lang='lat' dir='ltr'>alia:</span> <span class='ocrx_word' id='word_1_775' title='bbox 2312 5551 2450 5606; x_wconf 90' lang='lat' dir='ltr'>quas</span> <span class='ocrx_word' id='word_1_776' title='bbox 2477 5542 2767 5591; x_wconf 89' lang='lat' dir='ltr'>enumerat</span> <span class='ocrx_word' id='word_1_777' title='bbox 2784 5536 3031 5608; x_wconf 72' lang='lat' dir='ltr'>Apostoli</span> <span class='ocrx_word' id='word_1_778' title='bbox 3059 5540 3327 5598; x_wconf 88' lang='lat' dir='ltr'>subtilitas</span> <span class='ocrx_word' id='word_1_779' title='bbox 3384 5547 3538 5614; x_wconf 83' lang='lat' dir='ltr'>(Gal.</span> 
     </span>
    </p>
   </div>
   <div class='ocr_carea' id='block_1_108' title="bbox 1956 5623 3548 5697">
    <p class='ocr_par' dir='ltr' id='par_1_108' title="bbox 1956 5623 3548 5697">
     <span class='ocr_line' id='line_1_108' title="bbox 1956 5623 3548 5697; baseline 0.008 -18"><span class='ocrx_word' id='word_1_780' title='bbox 1956 5634 2038 5697; x_wconf 77' lang='grc' dir='ltr'>ν).</span> <span class='ocrx_word' id='word_1_781' title='bbox 2075 5625 2245 5682; x_wconf 85' lang='lat' dir='ltr'>Porro</span> <span class='ocrx_word' id='word_1_782' title='bbox 2265 5639 2482 5679; x_wconf 89' lang='lat' dir='ltr'>summa</span> <span class='ocrx_word' id='word_1_783' title='bbox 2518 5623 2797 5680; x_wconf 90' lang='lat' dir='ltr'>beatitudo</span> <span class='ocrx_word' id='word_1_784' title='bbox 2843 5625 2898 5680; x_wconf 91' lang='lat' dir='ltr'>in</span> <span class='ocrx_word' id='word_1_785' title='bbox 2921 5624 3030 5684; x_wconf 87' lang='lat' dir='ltr'>hac</span> <span class='ocrx_word' id='word_1_786' title='bbox 3060 5629 3150 5685; x_wconf 91' lang='lat' dir='ltr'>via</span> <span class='ocrx_word' id='word_1_787' title='bbox 3205 5631 3548 5692; x_wconf 85' lang='lat' dir='ltr'>ambulantes</span> 
     </span>
    </p>
   </div>
   <div class='ocr_carea' id='block_1_109' title="bbox 1959 5713 3554 5795">
    <p class='ocr_par' dir='ltr' id='par_1_109' title="bbox 1959 5713 3554 5795">
     <span class='ocr_line' id='line_1_109' title="bbox 1959 5713 3554 5795; baseline 0.005 -23"><span class='ocrx_word' id='word_1_788' title='bbox 1959 5714 2117 5790; x_wconf 89' lang='lat' dir='ltr'>quasi</span> <span class='ocrx_word' id='word_1_789' title='bbox 2181 5713 2568 5789; x_wconf 84' lang='lat' dir='ltr'>septemdecim</span> <span class='ocrx_word' id='word_1_790' title='bbox 2603 5713 2842 5789; x_wconf 84' lang='lat' dir='ltr'>brachiis</span> <span class='ocrx_word' id='word_1_791' title='bbox 2881 5715 2960 5772; x_wconf 85' lang='lat' dir='ltr'>ad</span> <span class='ocrx_word' id='word_1_792' title='bbox 3007 5734 3069 5776; x_wconf 87' lang='lat' dir='ltr'>se</span> <span class='ocrx_word' id='word_1_793' title='bbox 3124 5719 3358 5788; x_wconf 86' lang='lat' dir='ltr'>attrahit,</span> <span class='ocrx_word' id='word_1_794' title='bbox 3423 5724 3554 5795; x_wconf 85' lang='lat' dir='ltr'>quia</span> 
     </span>
    </p>
   </div>
  </div>
