3972 6076
1673 213 2011 280 WERNERI
2043 219 2332 281 ABBATIS
2373 227 2428 281 S.
2473 231 2692 288 BLASII
3749 245 3856 299 ίὲἓῑε
3917 77 3940 299 ἢ

533 372 633 424 per
662 355 851 409 decem
884 359 1158 424 praecepta
1190 350 1327 423 legis
1353 354 1406 403 et
1446 363 1542 416 per
1571 353 1780 416 septem
1820 347 1963 403 dona
1996 349 2123 420 Spi-
2152 355 2206 414 Α
2241 352 2432 408 beatos
2480 357 2714 411 orationi
2763 358 3048 429 instantes,
3105 365 3364 422 auxilium
3406 371 3661 426 Domini
3725 372 3861 430 inve-
3929 393 3932 400 ·

537 229 672 282 ’1219

534 444 666 496 ritus
697 442 888 506 sancti,
918 449 1104 513 portas
1139 453 1234 496 nos
1266 439 1385 494 vitm
1410 435 1657 491 Christus
1680 435 1888 490 intrare
1909 437 2116 493 docuit.

537 531 642 584 [las
673 540 852 585 autem
904 529 1294 601 septemdecim
1353 523 1727 580 distinctiones
1776 525 2125 581 beatitudinis

531 628 767 698 Spiritus
800 636 1017 683 sanctus
1064 644 1161 698 per
1191 623 1516 697 prophetam
1573 621 1892 676 nominatim
1948 624 2124 695 expri-

529 717 646 782 mit,
726 733 792 772 ac
866 715 1202 787 singularem
1243 712 1562 784 dignitatem
1602 709 1873 765 subtiliter
1928 712 2120 767 innuit.

530 815 709 869 Primo
743 813 872 870 dicit
904 813 1112 881 beatos,
1149 819 1301 868 scuto
1334 809 1459 864 ﬁdei
1490 807 1623 863 vitia
1644 816 1694 862 et
1725 809 2119 879 concupiscen—

533 904 628 957 tias
663 910 1005 971 superantes,
1039 909 1093 956 et
1118 902 1170 955 in
1205 901 1326 971 lege
1355 897 1572 953 Domini
1601 896 1690 951 die
1721 912 1785 952 ac
1813 907 1971 953 nocte
1999 916 2120 954 me-

523 994 756 1046 ditantes
791 1009 802 1044 :
839 1013 860 1042 α
897 992 1112 1055 Beatus,
1152 1013 1174 1038 π
1209 989 1480 1060 inquiens,
1514 1009 1534 1032 α
1562 985 1648 1039 vir
1679 987 1769 1056 qui
1789 1001 1893 1041 non
1918 988 2122 1042 abiitin

525 1091 753 1147 consilio
785 1089 1097 1160 impiorum,
1150 1088 1407 1160 quoniam
1448 1085 1596 1140 novit
1661 1085 1924 1141 Dominus
1977 1086 2118 1140 viam

524 1179 791 1248 justorum
827 1179 1006 1248 (Psal.
1066 1179 1132 1244 ι).
1179 1199 1198 1221 ο
1237 1175 1459 1229 Primus
1515 1175 1679 1228 homo
1711 1173 1893 1228 infelix
1950 1190 2120 1269 pravo

527 1263 756 1319 consilio
813 1261 1107 1326 consensit,
1171 1267 1222 1314 et
1277 1273 1469 1313 omnes
1551 1273 1820 1328 sequaces
1885 1274 2014 1313 suos
2065 1261 2118 1313 in

524 1371 753 1416 mortem
799 1359 984 1414 traxit.
1019 1357 1268 1413 Christus
1325 1355 1517 1410 beatus
1574 1355 1674 1420 vir,
1707 1364 1757 1409 et
1811 1355 1866 1408 in
1895 1355 1982 1410 via
2031 1357 2119 1425 ju-

524 1459 731 1506 storum
762 1464 952 1504 omnes
982 1463 1082 1517 per
1114 1461 1172 1500 se
1194 1445 1515 1518 gradientes
1547 1445 1770 1500 reducet
1811 1444 1878 1498 ad
1915 1445 2119 1516 gaudia

522 1547 865 1620 angelorum.
927 1544 1032 1612 Qui
1087 1559 1222 1616 ergo
1287 1541 1532 1613 peccatis
1581 1557 1688 1596 non
1731 1543 2000 1597 consentit
2047 1543 2118 1597 ad

524 1640 668 1691 hunc
691 1636 920 1690 tendens
960 1634 1175 1688 beatum
1213 1633 1408 1694 virum,
1458 1631 1556 1685 erit
1585 1631 1638 1684 in
1670 1647 1884 1685 summa
1937 1630 2116 1685 beati-

2236 449 2425 495 cantes
2475 442 2688 515 jugiter
2749 466 2759 500 :
2825 472 2846 495 α
2901 451 3094 506 Beatus
3126 455 3224 521 vir,
3285 458 3376 512 cui
3435 466 3531 513 est
3595 461 3860 517 auxilium

2234 528 2332 583 abs
2356 538 2406 585 te
2439 531 2630 604 (ibid.)
2669 558 2688 582 η
2723 536 2790 590 Hi
2818 537 2888 592 de
2921 539 3114 596 virtute
3171 543 3222 597 in
3257 546 3534 601 virtutem
3569 548 3752 605 ibunt
3786 565 3859 606 :e:

2237 625 2407 681 Deum
2467 630 2694 686 deorum
2719 633 2770 687 in
2804 635 2935 690 Sion
2992 639 3250 696 videbunt
3295 644 3495 713 (ibid.)
3545 666 3558 709 ;
3603 668 3629 696 ι
3673 648 3770 701 ubi
3797 660 3860 703 est

2232 715 2428 771 melior
2459 719 2575 774 dies
2609 737 2712 775 una
2744 739 2910 794 super
2939 727 3129 782 millia.
3163 729 3292 786 Inde
3315 732 3533 788 iterum
3562 753 3575 788 :
3605 759 3631 780 ει
3675 736 3857 792 Beatus

2231 804 2390 876 cujus
2418 807 2566 862 Deus
2618 809 2788 866 Jacob
2819 813 3031 881 adjutor
3059 818 3196 885 ejus,
3219 836 3346 890 spes
3371 822 3502 890 ejus
3528 825 3591 877 in
3627 826 3853 882 Domine

2231 903 2366 968 Deo,
2410 907 2537 977 quia
2567 907 2620 961 in
2650 911 2844 966 saecula
2868 915 3114 984 regnabit
3136 933 3258 972 cum
3289 935 3355 974 eo
3384 922 3585 990 (Psal.
3613 925 3801 994 CXLV}.
3835 954 3844 970 -

2233 991 2437 1048 Octavo
2496 996 2624 1052 dicit
2680 999 2870 1055 beatos
2908 1002 3081 1057 Deum
3128 1005 3434 1077 laudantes,
3505 1020 3565 1065 et
3612 991 3849 1068 calestis

2231 1091 2689 1162 contemplantes.
2729 1120 2748 1143 ιι
2784 1098 3001 1166 Beatus,
3039 1124 3060 1148 ››
3097 1104 3331 1175 inquit,a
3361 1108 3630 1182 papulus
3658 1110 3752 1181 qui
3768 1112 3848 1164 scit

2222 1176 2599 1246 jubilationem
2650 1186 2829 1253 (Psal.
2875 1193 3162 1260 Lxxxvm),
3199 1216 3220 1241 υ
3245 1195 3374 1265 quia
3431 1176 3491 1250 hi
3530 1197 3594 1250 in
3623 1177 3630 1182 ί
3663 1176 3846 1254 lumine

2228 1267 2416 1322 vultus
2469 1271 2686 1326 Domini
2742 1275 3115 1344 ambulabunt,
3138 1289 3193 1335 et
3248 1282 3301 1336 in
3331 1285 3582 1342 nomine
3637 1288 3756 1356 ejus
3803 1291 3846 1342 in

2228 1371 2491 1418 aeternum
2521 1368 2889 1425 exsultabunt.
2937 1373 3096 1428 Nouo
3139 1375 3269 1431 dicit
3294 1377 3495 1434 beatos
3515 1397 3550 1435 a
3581 1383 3707 1438 Deo
3736 1401 3848 1439 eru-

2227 1451 2388 1518 ditos,
2444 1462 2497 1508 et
2546 1455 2600 1508 in
2642 1457 2766 1529 lege
2806 1461 2925 1528 ejus
2979 1462 3167 1519 doctos
3202 1483 3214 1518 :
3253 1489 3274 1515 α
3317 1468 3555 1535 Beatus,
3601 1496 3626 1519 ι
3665 1473 3846 1545 inquit,

2232 1571 2254 1594 α
2289 1549 2452 1604 homo
2476 1566 2638 1620 quem
2671 1561 2724 1608 tu
2779 1555 3064 1624 erudieris,
3099 1561 3349 1629 Domine,
3386 1573 3444 1619 et
3476 1567 3559 1621 de
3592 1567 3732 1639 lege
3765 1581 3844 1624 tua.

2226 1637 2477 1693 docueris
2501 1657 2621 1694 eum
2653 1644 2832 1712 (Psal.
2872 1653 3046 1716 xcm).
3078 1670 3101 1696 ιι
3137 1651 3339 1705 Horum
3373 1656 3616 1710 animas
3661 1637 3847 1714 conso-

524 1727 727 1790 tudine,
797 1727 856 1778 ut
921 1723 1129 1794 lignum
1187 1720 1310 1776 vitae
1365 1720 1420 1773 in
1477 1719 1734 1789 paradiso
1791 1720 2108 1790 plantatum.
2145 1720 2456 1782 Blationes
2515 1730 2732 1786 Domini
2779 1733 3146 1801 laetiﬁcabunt,
3205 1743 3431 1810 quando
3486 1745 3656 1800 doc“
3721 1748 3846 1801 sicut

521 1824 771 1880 Secundo
802 1820 930 1875 dicit
964 1821 1154 1872 beatos
1186 1833 1281 1886 spe
1312 1816 1636 1886 gaudentes,
1673 1825 1724 1870 et
1755 1815 1808 1869 in
1853 1817 2104 1883 Domino,

515 1930 624 1968 non
656 1913 706 1965 iu
740 1927 799 1964 se
831 1908 1188 1963 conﬁdentes.
1219 1930 1238 1953 ‹‹
1264 1907 1431 1970 Beati,
1467 1929 1488 1952 »
1509 1906 1697 1974 inquit,
1736 1929 1755 1951 ιι
1783 1921 1973 1958 omnes
2018 1905 2108 1976 qui

512 2003 568 2056 in
600 2017 664 2056 eo
719 1997 996 2054 conﬁdunt
1026 1997 1204 2066 (Psal.
1262 2003 1465 2062 cxxiv),
1493 1994 1613 2064 quia
1637 1993 1688 2045 in
1737 2001 1919 2048 monte
1975 2010 2106 2047 san-

513 2100 598 2147 cto
643 2091 778 2158 ejus,
826 2087 878 2140 id
925 2093 1008 2139 est
1053 2085 1107 2137 in
1151 2084 1385 2150 Christo,
1433 2081 1771 2154 gaudebunt.
1819 2083 1950 2137 inde
2001 2083 2105 2138 ite-

513 2197 632 2235 rum
671 2198 680 2232 :
722 2203 738 2223 ι
778 2178 972 2230 Beatus
1002 2174 1107 2242 vir,
1142 2173 1232 2243 qui
1263 2181 1447 2242 sperat
1479 2171 1532 2224 in
1556 2187 1620 2226 eo
1641 2173 1815 2240 (Psal.
1836 2174 2044 2240 χχχιιι),
2077 2194 2098 2219 υ

510 2279 632 2350 quia
661 2277 779 2332 dies
811 2276 982 2329 bonos
1011 2270 1214 2327 videbit
1243 2269 1300 2324 in
1351 2269 1510 2325 ctelo.
1540 2269 1609 2323 Et
1662 2268 1854 2323 iterum
1888 2287 1900 2322 :
1927 2293 1948 2316 «
1974 2270 2107 2324 Bea-

513 2386 601 2431 tus
631 2375 733 2438 vir,
765 2372 918 2440 cujus
968 2377 1050 2424 est
1080 2383 1278 2422 nomen
1327 2365 1543 2421 Domini
1595 2381 1720 2435 spes
1751 2366 1871 2433 ejus
1914 2367 2094 2436 (Paul.

512 2465 782 2532 xxxxx),»
851 2459 974 2531 quia
1030 2456 1299 2513 canticum
1329 2471 1530 2511 novum
1585 2453 1989 2509 immitteturin
2043 2469 2107 2510 os

511 2561 646 2631 ejus.
677 2556 861 2612 Tertio
917 2553 1047 2610 dicit
1077 2552 1268 2607 beatos
1307 2550 1620 2622 poenitentia
1673 2548 1964 2604 dilectione
1991 2549 2101 2604 fer-

509 2657 718 2711 ventes,
763 2645 889 2718 quia
926 2642 1165 2699 charitas
1212 2640 1393 2710 cperit
1444 2637 1848 2693 multitudinem
1898 2653 2100 2709 pecca-

503 2748 688 2795 torum
719 2737 942 2805 (IPetr.
1001 2735 1096 2801 ιν),
1157 2737 1208 2785 et
1254 2744 1353 2796 per
1382 2728 1645 2799 Spiritum
1703 2735 1970 2794 sanctum,
2008 2728 2100 2800 qui

506 2837 588 2884 est
609 2825 867 2892 charitas,
925 2821 1083 2876 datur
1112 2816 1372 2873 remissio
1403 2816 1751 2872 delictorum.
1797 2836 1819 2867 ι
1863 2817 2033 2882 Beati,
2071 2838 2092 2865 υ

503 2912 694 2984 inquit,
732 2932 753 2956 ιι
781 2922 1012 2980 quorum
1054 2902 1301 2959 remissae
1358 2909 1484 2956 sunt
1509 2900 1820 2972 iniquitates
1873 2909 1925 2956 et
1963 2916 2098 2972 quo-

499 3026 616 3066 rum
638 3015 775 3062 tecta
823 3010 948 3058 sunt
994 3008 1217 3073 peccata
1269 2997 1452 3070 (Psal.
1491 3001 1657 3057 xxxi).
1697 3018 1718 3044 ιι
1756 2997 1864 3051 Per
1910 2997 2095 3052 chari-

501 3108 668 3155 tatem
689 3094 1055 3157 remittuntur,
1102 3105 1202 3161 per
1252 3089 1451 3143 bonam
1482 3086 1853 3157 operationem
1900 3095 2095 3143 conte-
2125 3074 2174 3138 C

499 3197 718 3260 guntur.
779 3184 975 3238 Beatus
1033 3179 1118 3234 vir
1174 3177 1296 3232 talis
1344 3177 1465 3238 erit,
1546 3176 1672 3246 quia
1727 3176 1777 3230 ei
1833 3176 2096 3231 Dominus

500 3293 784 3358 peccatum
816 3281 872 3335 in
893 3277 1103 3349 judicio
1132 3291 1239 3331 non
1271 3273 1588 3345 imputabit.
1630 3273 1730 3329 Hic
1775 3272 1831 3326 in
1862 3273 2095 3329 Domino

497 3373 794 3442 cumjustis
845 3367 1126 3425 exsultans
1182 3365 1478 3430 laetabitur,
1523 3379 1648 3419 cum
1702 3362 1867 3418 rectis
1926 3363 2092 3419 corde

495 3464 833 3538 gloriabitur.

571 3608 778 3674 Quarto
825 3602 956 3658 dicit
985 3602 1174 3655 beatos
1203 3597 1382 3651 Deum
1430 3610 1567 3685 pure
1597 3593 1860 3685 colentes,
1891 3603 1944 3650 et
1973 3596 2090 3685 ejus

505 3694 800 3750 limreditas
857 3689 976 3744 ﬁeri
1017 3688 1299 3757 cupientes
1332 3702 1343 3737 :
1381 3707 1402 3732 α
1437 3684 1620 3750 Beata,
1658 3703 1679 3734 ι
1715 3683 1908 3755 inquit,
1951 3683 2091 3756 gens

497 3785 650 3854 cujus
672 3788 753 3836 est
786 3778 1050 3835 Dominus
1090 3777 1239 3830 Deus
1270 3773 1412 3844 ejus,
1436 3770 1674 3841 populus
1706 3788 1866 3843 quem
1923 3772 2090 3844 elegit

488 3883 541 3936 in
579 3877 944 3934 haereditatem
971 3873 1073 3928 sibi
1105 3872 1280 3942 (Psal.
1313 3870 1522 3932 χχχιι).
1561 3891 1581 3916 η
1611 3868 1678 3921 Hi
1708 3868 1977 3922 exsultent
2030 3869 2087 3923 in

490 3969 740 4034 Domino,
785 3964 908 4036 quia
947 3962 1080 4017 tales
1120 3960 1279 4015 decet
1320 3957 1560 4012 laudatio
1604 3955 1615 4010 l
1659 3955 1792 4011 Inde
1839 3957 2035 4011 iterum
2071 3977 2081 4012 :

495 4085 515 4109 α
551 4061 768 4121 Beatus,
816 4077 838 4104 »ι
871 4051 1070 4124 inquit,
1105 4073 1126 4098 α
1163 4047 1417 4120 populus,
1450 4046 1606 4116 cujus
1644 4045 1910 4100 Dominus
1939 4047 2085 4102 Deus

487 4161 604 4227 ejus
625 4157 802 4229 (Psal.
835 4152 1042 4221 cum),
1080 4175 1102 4200 υ
1139 4149 1262 4220 quia
1304 4146 1358 4200 hi
1399 4145 1671 4202 canticum
1735 4161 1933 4200 novum
1967 4146 2084 4200 Deo

487 4257 800 4319 cantabunt,
834 4265 956 4307 cum
1014 4249 1082 4302 de
1110 4261 1274 4301 manu
1299 4243 1530 4299 ﬁliorum
1587 4242 1889 4299 alienorum
1948 4241 2084 4297 eruti

487 4342 860 4401 exsultabunt.
950 4337 1158 4405 Quinto
1213 4333 1344 4389 dicit
1399 4332 1588 4388 beatos
1653 4331 2081 4402 hospitalitatem

483 4439 774 4496 sectantes,
822 4443 919 4499 per
945 4440 1218 4497 pauperes
1273 4421 1377 4477 sibi
1407 4421 1659 4477 caelestes
1687 4421 1900 4477 divxtias
1953 4421 2078 4476 the-
2107 4435 2159 4494 D
2189 4417 2378 4491 inquit,
2444 4445 2502 4537 «Γ
2532 4424 2622 4537 qqi
2676 4424 2919 4496 implevit
2951 4428 3285 4486 desiderium
3314 4450 3480 4489 suum
3537 4452 3608 4491 ex
3639 4439 3755 4508 ipsi;

614 4521 623 4530 ι
669 4536 680 4537 γ
713 4527 814 4537 ,.-_
980 4515 1175 4537 0--...-
1245 4534 1262 4537 μ
1308 4510 1557 4537 ξυνα-ἕηκε
1628 4532 1647 4537 ..
1693 4508 1780 4537 ,ιη-ε
1823 4508 2071 4537 ξηιηιιεηει
2186 4524 2291 4537 run-1
2371 4525 2467 4537 ΛΑ...
2500 4529 2565 4537 η..
2616 4522 2730 4537 ηιμ..
2790 4532 2900 4537 -,-..-
2962 4518 3046 4537 |_,
3104 4528 3138 4537 _.
3271 4521 3282 4531 ο
3331 4522 3340 4531 ~
3409 4523 3419 4532 ~
3462 4523 3476 4534 ο
3643 4529 3653 4536 .
3745 4528 3755 4537 .

2186 4524 2295 4564 non
2369 4509 2730 4568 confundetur
2783 4532 2906 4570 cum
2959 4518 3211 4588 loquetur
3267 4521 3509 4578 inimicis
3565 4529 3688 4582 suis
3743 4528 3794 4581 in

484 4521 842 4576 zaurizantes.
917 4538 937 4564 α
979 4515 1198 4578 Beatus,
1245 4534 1266 4560 ν
1308 4510 1580 4581 inquiens,
1626 4532 1647 4556 α
1692 4508 1783 4581 qui
1822 4508 2074 4580 intelligit

2219 1815 2488 1884 splendor
2518 1817 2842 1875 ﬁrmamenti
2867 1824 3170 1896 fulgebunt,
3209 1839 3259 1882 et
3290 1833 3452 1899 quasi
3508 1836 3725 1898 stellae,
3765 1837 3842 1908 qui

2218 1914 2415 1968 multos
2443 1917 2509 1969 ad
2536 1918 2798 1984 justitiam
2849 1924 3130 1978 erudiunt.
3167 1927 3394 1982 Decimo
3421 1933 3591 1998 ponit
3654 1933 3840 1988 beatos

2210 2002 2414 2070 justum
2441 2006 2701 2071 judicium
2751 2011 3140 2081 custodientes,
3171 2023 3224 2069 et
3258 2016 3540 2084 justitiam
3588 2021 3648 2073 in
3700 2025 3838 2075 omni

2214 2097 2462 2162 tempore
2492 2094 2788 2150 facientes.
2834 2121 2854 2146 α
2890 2098 3059 2166 Beati,
3089 2122 3110 2146 »ι
3143 2102 3335 2174 inquit,
3372 2129 3396 2152 α
3444 2110 3545 2178 qui
3565 2109 3838 2176 judicium

2213 2181 2548 2248 custodiunt,
2599 2192 2651 2238 et
2700 2185 2963 2254 justitiam
3013 2188 3068 2242 in
3116 2192 3264 2244 omni
3319 2201 3592 2265 tempore
3639 2198 3836 2253 faciunt

2212 2269 2394 2336 (Psal.
2417 2271 2531 2340 ον).
2561 2295 2583 2318 η
2607 2273 2672 2326 Hi
2702 2275 2770 2329 de
2792 2275 3107 2332 nationibus
3122 2292 3510 2350 secernuntur,
3529 2286 3665 2341 utin
3685 2287 3835 2344 laude

2213 2363 2313 2418 Dei
2332 2365 2636 2437 glorientur
2649 2369 2718 2424 ad
2750 2371 3064 2440 videndum,
3097 2375 3151 2429 in
3197 2376 3448 2434 bonitate
3477 2381 3594 2436 Dei
3629 2384 3830 2440 electo-

2213 2469 2350 2521 rum,
2383 2455 2450 2509 ad
2473 2455 2764 2513 laetandum
2794 2460 2849 2514 in
2878 2460 3060 2517 lietitia
3079 2465 3260 2536 gentis
3273 2476 3610 2526 sanctorum
3629 2475 3826 2542 (ibid).

2281 2597 2582 2655 Undecimo
2610 2602 2764 2672 ponit
2809 2604 3003 2670 Deum,
3029 2613 3086 2660 ut
3143 2607 3239 2662 ﬁlii
3266 2618 3488 2680 patrem
3545 2614 3826 2681 timentes,

2207 2691 2264 2739 et
2315 2689 2577 2744 mandata
2624 2690 2742 2760 ejus
2802 2695 3074 2751 custodire
3117 2697 3421 2767 cupientes.
3463 2725 3488 2748 σε
3534 2703 3770 2772 Beatus,
3803 2732 3821 2753 -

2208 2772 2405 2845 inquit,
2443 2800 2464 2824 «ι
2501 2777 2583 2832 vir
2613 2780 2706 2851 qui
2736 2781 2891 2838 timet
2932 2783 3245 2854 Dominum,
3277 2787 3333 2842 in
3362 2791 3658 2847 mandatis
3719 2796 3827 2864 ejus

2209 2863 2350 2918 volet
2378 2865 2539 2921 nimis
2557 2869 2740 2938 (Psal.
2779 2873 2919 2943 cxx).
2961 2896 2982 2920 ι»
3017 2873 3116 2929 Hic
3138 2875 3300 2931 timor
3329 2887 3562 2934 sanctus
3593 2863 3824 2954 perma—

2205 2961 2371 3016 netin
2401 2964 2662 3020 saeculum
2703 2968 2912 3034 saeculi,
2969 2979 3022 3026 et
3053 2971 3345 3029 introducit
3393 2975 3539 3032 ﬁlios
3577 2980 3636 3033 in
3689 2997 3824 3037 eon-

2206 3059 2393 3120 spectu
2424 3053 2599 3109 Patris
2629 3058 2842 3111 aeterni.
2887 3060 2950 3112 In
2979 3060 3082 3115 hac
3114 3061 3448 3120 beatitudine
3492 3081 3820 3135 currentes,

2203 3137 2260 3192 in
2311 3143 2575 3198 memoria
2628 3153 2835 3200 aeterna
2893 3157 3069 3215 erunt,
3122 3151 3352 3221 gloriam
3400 3159 3455 3209 et
3492 3153 3728 3214 divitias
3775 3161 3823 3214 in

2204 3227 2367 3285 domo
2399 3230 2618 3286 Domini
2647 3236 3036 3304 possidebunt.
3073 3239 3410 3298 Duodecimo
3434 3247 3598 3314 ponit
3630 3248 3820 3304 beatos

2204 3325 2258 3378 in
2290 3327 2372 3382 via
2402 3329 2458 3382 id
2491 3339 2575 3384 est
2609 3330 2662 3384 in
2691 3332 2907 3389 Christo
2936 3335 3154 3391 macula
3187 3341 3397 3409 peccati
3456 3354 3744 3412 carentes,
3772 3355 3820 3401 et

2202 3414 2256 3469 in
2305 3416 2429 3487 lege
2478 3419 2716 3487 Domini,
2775 3422 2830 3477 id
2877 3433 2959 3478 est
3006 3424 3063 3479 in
3111 3423 3378 3484 charitate
3425 3433 3808 3490 ambulantes.

2207 3535 2228 3559 «
2264 3511 2432 3583 Beati,
2462 3539 2481 3563 υ
2510 3516 2701 3586 inquit,
2740 3541 2760 3567 υ
2794 3520 3126 3578 immaculati
3157 3525 3211 3578 in
3243 3526 3348 3593 via,
3381 3528 3478 3598 qui
3525 3532 3812 3587 ambulant

2201 3602 2254 3655 in
2283 3602 2407 3675 lege
2439 3606 2654 3660 Domini
2687 3609 2869 3678 (Psal.
2893 3613 3106 3682 cxvm).
3145 3636 3165 3659 η
3194 3615 3400 3670 Horum
3441 3619 3637 3673 anima
3669 3626 3808 3676 vivet

2199 3691 2255 3744 in
2305 3701 2586 3760 aeternum,
2653 3702 2706 3750 et
2761 3696 3002 3753 laudabit
3055 3701 3348 3758 Dominum
3402 3705 3459 3759 in
3516 3710 3806 3764 saeculum.

2197 3779 2597 3838 Tertiodecimo
2677 3785 2831 3856 ponit
2885 3787 3075 3844 beatos
3146 3792 3397 3847 mandata
3460 3795 3562 3850 Dei
3613 3799 3690 3852 ad
3735 3799 3805 3852 fa-

2196 3868 2448 3924 ciendum
2473 3882 2897 3942 perscrutantes,
2964 3887 3016 3932 et
3046 3879 3100 3933 in
3133 3888 3243 3936 toto
3273 3884 3445 3938 corde
3503 3886 3798 3942 Dominum

2195 3966 2560 4038 exquirentes.
2595 3995 2617 4018 α
2680 3973 2848 4040 Beati,
2877 3997 2898 4022 η
2932 3974 3125 4047 inquit,
3158 4003 3179 4024 υ
3216 3980 3306 4050 qui
3355 3992 3680 4039 scrutantur
3726 3995 3794 4040 εει

2194 4055 2446 4111 stimonia
2480 4060 2616 4128 ejus,
2650 4060 2700 4113 in
2733 4069 2844 4117 toto
2877 4065 3042 4120 corde
3072 4068 3359 4139 exquirunt
3381 4086 3508 4126 eum
3529 4074 3742 4143 (ibid.,t.
3769 4098 3786 4120 -

2192 4143 2257 4197 Ili
2290 4153 2447 4199 erunt
2476 4163 2509 4202 a
2541 4148 2771 4204 Domino
2797 4151 3092 4222 benedicti,
3127 4155 3263 4210 sicut
3293 4157 3347 4211 hi
3379 4160 3476 4230 qui
3522 4161 3788 4217 declinant

2191 4248 2223 4287 a
2274 4235 2548 4290 mandatis
2611 4239 2729 4307 ejus
2782 4239 3076 4298 maledicti.
3111 4241 3319 4312 Quarto
3378 4247 3610 4305 decimo
3651 4252 3788 4324 ponit

2189 4329 2379 4386 beatos
2409 4333 2743 4390 desiderium
2793 4339 2848 4391 in
2880 4338 3035 4394 bouis
3083 4341 3393 4414 implentes.
3433 4367 3457 4397 ε
3509 4349 3733 4415 Beatus,
3768 4369 3786 4399 ι

2532 4424 2622 4495 qui
2676 4424 2919 4496 implevit
2951 4428 3285 4486 desiderium
3314 4450 3480 4489 suum
3537 4452 3608 4491 ex
3639 4439 3790 4508 ipsis.

2181 4605 2338 4667 porta
2368 4600 2549 4669 (Psal.
2579 4606 2761 4672 cxxvx)
2796 4618 2810 4672 ;
2850 4628 2870 4650 η
2910 4605 3156 4662 inimicos
3198 4625 3325 4664 suos
3372 4611 3665 4670 diemoncs
3696 4633 3794 4687 per

2180 4695 2536 4751 humilitatem
2593 4700 2898 4756 vincentes.
2959 4701 3124 4760 Porta
3147 4705 3266 4762 dies
3290 4708 3484 4777 judicii
3540 4723 3651 4779 est,
3697 4731 3794 4785 per

2179 4799 2337 4854 quam
2368 4784 2602 4842 intratur
2628 4787 2683 4842 in
2711 4790 2963 4860 palatium
3015 4794 3160 4850 coeli.
3194 4798 3254 4851 1n
3301 4799 3400 4853 hac
3432 4809 3594 4870 porta
3655 4784 3792 4858 tales

2177 4873 2245 4927 de
2295 4874 2536 4944 peccatis
2588 4893 2696 4931 non
2745 4879 3164 4951 confundantur,
3221 4902 3347 4940 cum
3385 4887 3632 4944 inimicis
3677 4894 3791 4947 suis

2174 4972 2498 5028 insultantes
2544 4973 2835 5047 loquentur
2876 4997 2888 5043 ;
2931 4981 3030 5036 sed
3081 4982 3187 5053 ipsi
3221 4984 3515 5041 haereditas
3559 4989 3791 5045 Domini

2175 5070 2352 5126 erunt,
2385 5060 2624 5119 fructum
2655 5066 2861 5122 ventris
2908 5067 3096 5125 Mariae
3127 5071 3401 5128 Christum
3458 5081 3791 5135 mercedem

2172 5151 2472 5207 habebunt.
2532 5151 2732 5222 Quinto
2763 5155 2976 5213 decimo
3006 5159 3158 5230 ponit
3180 5161 3356 5217 Deum
3387 5172 3441 5217 ut
3495 5169 3656 5222 servi
3682 5170 3791 5224 Do-

2171 5239 2376 5294 minum
2407 5240 2658 5296 timentes
2677 5251 2730 5298 et
2759 5244 2816 5298 in
2839 5245 2939 5300 viis
2970 5247 3086 5316 ejus
3107 5250 3474 5308 ambulantes.
3496 5279 3516 5302 α
3552 5255 3746 5324 Beati,
3767 5283 3785 5304 -

2170 5329 2358 5399 inquit,
2390 5351 2413 5381 α
2448 5345 2638 5386 omnes
2685 5332 2778 5404 qui
2832 5334 3020 5390 timent
3075 5338 3392 5408 Dominum,
3445 5342 3543 5413 qui
3591 5347 3794 5402 ambu-

2169 5426 2284 5482 lant
2313 5427 2368 5482 in
2392 5427 2494 5483 viis
2521 5428 2642 5498 ejus
2675 5431 2850 5500 (Psal.
2878 5438 3078 5505 xxvu).
3117 5459 3138 5486 »
3175 5438 3275 5494 Hic
3298 5439 3461 5494 timor
3488 5441 3782 5500 hominem

2168 5542 2200 5582 a
2230 5527 2473 5597 peccatis
2502 5527 2738 5599 abducit,
2769 5530 3091 5588 charitatem
3121 5536 3318 5592 animae
3335 5538 3578 5595 adducit.
3640 5543 3786 5596 Cha-

2168 5624 2296 5679 ritas
2326 5641 2454 5682 vero
2503 5625 2716 5684 intrans
2745 5644 2877 5685 eum
2906 5629 3056 5686 foras
3083 5632 3267 5702 mittit,
3307 5635 3432 5707 quia
3451 5636 3546 5694 hic
3603 5639 3784 5697 timor

2162 5735 2380 5794 poenam
2407 5723 2591 5783 habet.
2623 5722 2685 5782 In
2713 5725 2819 5785 hac
2848 5725 3186 5789 beatitudine
3239 5731 3567 5792 festinantes
3623 5736 3781 5796 bona

481 4635 646 4690 super
675 4630 910 4687 egenum
943 4619 996 4666 et
1025 4624 1343 4681 pauperem,
1387 4607 1514 4678 quia
1543 4606 1598 4660 in
1627 4606 1715 4661 die
1745 4605 1890 4661 mala
1927 4606 2065 4662 libe-

481 4708 626 4764 rabit
657 4721 780 4760 eum
837 4701 1100 4757 Dominus
1156 4699 1340 4767 (Psal.
1391 4696 1505 4764 XL).
1541 4718 1564 4743 ι
1601 4696 1730 4750 Dies
1773 4695 1915 4749 mala
1963 4703 2066 4762 est,

477 4815 599 4855 cum
659 4799 822 4849 homo
877 4789 1115 4860 aliquam
1153 4784 1522 4848 alﬁictionem,
1563 4783 1653 4839 vel
1703 4798 1899 4839 manus
1958 4783 2068 4838 ini-

477 4896 744 4951 micorum
788 4886 1036 4945 inciderit
1075 4902 1089 4942 :
1122 4883 1265 4939 unde
1290 4899 1413 4938 eum
1469 4882 1735 4937 Dominus
1763 4881 1947 4936 statim
2003 4881 2068 4936 li-

469 4982 699 5040 berabit.
749 4979 880 5034 Dies
930 4975 1092 5032 etiam
1145 4972 1286 5027 mala
1313 4978 1392 5028 est
1414 4969 1529 5025 dies
1558 4969 1766 5036 ultima,
1791 4969 1885 5024 ubi
1937 4986 2087 5050 eum.

474 5072 739 5128 Dominus
768 5080 1108 5125 conservans
1160 5062 1216 5117 in
1265 5061 1511 5117 animam
1565 5057 1906 5114 inimicorum
1955 5075 2064 5114 non

475 5170 670 5235 tradet,
739 5166 844 5223 sed
915 5165 1132 5219 beatum
1186 5160 1242 5216 in
1302 5168 1450 5214 terra
1505 5156 1803 5212 viventium
1868 5157 2053 5214 faciet.

474 5257 644 5312 Sexto
671 5256 803 5312 dicit
860 5254 1049 5310 beatos
1079 5251 1146 5306 de
1174 5249 1335 5321 plebe
1351 5246 1567 5303 Domini
1598 5245 1824 5314 electos,
1884 5254 1940 5302 et
1995 5246 2064 5302 ad

471 5353 804 5407 laudandum
859 5368 988 5407 eum
1054 5353 1383 5417 assumptos.
1431 5365 1454 5394 ι
1491 5344 1708 5406 Beatus.
1781 5363 1804 5394 ι
1867 5341 2058 5410 inquit,

475 5475 496 5501 α
542 5466 703 5522 quem
733 5449 948 5520 elegisti
969 5456 1022 5504 et
1052 5442 1425 5516 assumpsisti,
1466 5440 1785 5497 inhabitabit
1822 5440 1876 5495 in
1905 5441 2058 5496 atriis

469 5550 570 5605 tuis
628 5549 807 5614 (Psat.
846 5547 1021 5613 LXIV).
1059 5570 1080 5594 η
1131 5545 1211 5600 De
1266 5542 1352 5597 his
1390 5541 1624 5596 iterum:
1658 5561 1678 5585 υ
1712 5537 1882 5604 Beati,
1913 5561 1933 5585 ιι
1968 5539 2056 5592 in-

464 5639 598 5712 quit,
636 5662 658 5686 «
693 5635 787 5709 qui
816 5633 1054 5690 habitant
1082 5633 1138 5687 in
1166 5632 1328 5689 domo
1357 5637 1469 5696 tua,
1529 5628 1585 5682 in
1631 5626 1897 5735 saeculum

466 5735 574 5796 culi
624 5733 922 5794 laudabunt
977 5738 1029 5787 te
1053 5729 1234 5800 (Psal.
1286 5726 1539 5796 Lxxxm).
1571 5747 1594 5775 ιι
1630 5723 1872 5798 Septimo
1925 5723 2055 5784 dicit
