4008 6092
237 165 377 224 i221

1149 161 1731 220 DEFLORATIONES
1777 164 1880 219 SS.
1931 163 2241 222 PATRUM.
2290 195 2355 204 —
2394 165 2530 219 LIB.
2578 165 2654 221 ll.

3406 167 3544 224 19.22

230 288 583 346 Hierusalem
610 288 865 344 omnibus
922 287 1117 345 diebus
1160 290 1285 346 vitae
1329 305 1441 344 suae
1461 287 1742 354 videbunt,
1776 296 1828 344 et
1856 289 1913 351 A
1942 306 2232 362 vesperam
2283 289 2475 344 mundi
2543 289 2612 346 ad
2668 289 2833 348 fidem
2895 301 3290 349 convertuntur
3342 300 3396 348 et
3445 292 3534 347 fa-

231 395 425 450 pacem
457 377 651 446 Israel,
686 377 740 433 id
771 385 852 432 est
899 378 1181 434 Christum
1210 377 1512 433 habebunt.
1549 376 1656 444 Qui
1686 377 1831 433 enim

229 469 450 523 labores
506 482 767 522 manuum
809 483 1032 522 suarum
1092 465 1468 534 manducabit,
1521 465 1577 520 id
1617 473 1700 521 est
1740 468 1834 538 qui

230 566 380 621 bona
409 579 584 637 opera
613 565 668 618 in
698 563 799 620 viis
855 565 1078 620 Domini
1107 561 1474 630 fructificabit,
1507 563 1698 618 beatus
1729 571 1831 629 est,

234 661 292 709 et
324 654 461 708 bene
511 653 560 708 ei
616 652 718 708 erit
787 654 963 721 (Psal.
1001 657 1228 719 cxxvn).
1264 671 1287 703 ι
1358 651 1527 721 Hujus
1557 667 1697 707 uxor
1728 651 1836 707 erit

235 742 374 798 sicut
405 741 528 797 vitis
568 741 856 796 abundans
911 742 1115 812 (ibid.),
1153 739 1210 796 id
1259 749 1342 797 est
1390 756 1519 797 caro
1559 742 1680 811 ejus
1711 756 1836 796 cum

235 839 448 896 Christo
479 839 570 910 qui
599 847 682 893 est
712 838 836 894 vilis
868 855 1002 894 vera
1061 839 1362 895 exsultans.
1406 837 1522 892 Filii
1553 838 1667 907 ejus
1699 837 1838 892 sicut

232 926 467 983 novellae
497 927 764 982 olivarum
821 928 979 998 (ibid.
988 941 1028 996 ),
1081 929 1291 984 scilicet
1329 943 1499 998 opera
1530 927 1584 981 in
1615 927 1837 982 benedi-

232 1017 414 1072 ctione
461 1025 808 1071 sanctorum.
859 1017 1030 1072 Sexto
1075 1017 1291 1072 decimo
1320 1017 1472 1087 ponit
1513 1016 1700 1071 beatos
1731 1018 1834 1071 Ba-

233 1115 468 1186 byloniis
499 1124 553 1170 et
580 1115 705 1171 filia:
737 1116 1030 1186 Babylonis
1062 1116 1478 1172 retributionem
1515 1115 1836 1170 retribuen-

235 1213 337 1268 tes,
372 1203 515 1258 mala
547 1205 704 1258 nobis
737 1205 1057 1260 inferentes.
1103 1229 1124 1254 υ
1155 1207 1370 1272 Beatus,
1412 1225 1433 1255 ι
1471 1205 1660 1274 inquit,
1700 1203 1840 1275 «qui

232 1293 483 1348 retribuit
565 1293 1006 1360 retributionem,
1076 1311 1240 1366 quam
1319 1293 1614 1349 retribuisti
1680 1293 1839 1348 nobis

234 1389 406 1458 (Psal.
440 1391 695 1460 cxxxvr).
740 1410 760 1437 ιι
801 1390 936 1445 Filia
1001 1390 1298 1462 Babylonis
1349 1397 1433 1446 est
1463 1405 1596 1445 caro
1626 1397 1835 1455 nostra,

235 1477 346 1533 filia
377 1477 734 1535 confusionis.
767 1477 897 1535 Haec
918 1479 1057 1534 mala
1087 1479 1247 1534 nobis
1274 1477 1481 1545 tribuit,
1504 1495 1627 1535 cum
1650 1495 1750 1534 nos
1771 1477 1839 1532 ad

237 1567 578 1640 peccandum
607 1567 790 1623 illicit.
847 1569 987 1625 Huic
1044 1568 1457 1624 retributionem
1489 1583 1645 1622 suam
1673 1566 1839 1622 retii-

1953 396 2098 434 mem
2125 378 2281 435 Verbi
2333 379 2435 433 Dei
2490 379 2796 450 patientur;
2857 392 3018 452 atque
3049 392 3106 437 ut
3135 398 3300 438 canes
3348 381 3540 437 civita-

1944 476 2073 536 tem,
2133 467 2342 523 scilicet
2402 465 2704 522 Ecclesiam
2762 467 3092 536 circuibunt,
3133 478 3188 526 et
3217 470 3387 524 micas
3419 485 3542 524 ser-

1944 565 2162 607 monum
2188 553 2288 607 Dei
2318 551 2389 608 de
2418 568 2609 608 mensa
2665 553 3099 611 Christianorum
3154 554 3416 626 colligere
3448 569 3543 609 cu-

1943 639 2116 712 piunt.

2017 737 2115 793 Illo
2144 745 2392 809 tempore
2420 738 2786 795 Antichristus
2819 740 3092 812 regnabit,
3127 741 3218 812 qui
3251 748 3415 796 totum
3447 756 3546 795 or-

1946 826 2071 881 bem
2100 825 2335 881 diversis
2365 829 2542 882 modis
2573 830 2939 884 conturbabit.
2968 832 3106 884 Nam
3137 838 3363 886 cunctos
3391 830 3543 900 prin-

1945 913 2095 985 cipes
2129 915 2234 969 sibi
2274 931 2373 986 per
2429 917 2717 986 pecuniam
2778 919 3020 981 attrahit,
3052 936 3175 975 cum
3206 918 3463 972 divitibus
3489 918 3545 971 in

1947 1011 2178 1068 occultis
2209 1014 2266 1066 ut
2296 1013 2382 1067 leo
2404 1011 2458 1065 in
2489 1014 2700 1068 insidiis
2721 1014 2790 1069 ad
2818 1015 3201 1086 decipiendum
3231 1015 3403 1070 sedet.
3429 1014 3546 1069 Cle-

1946 1115 2073 1155 rum
2105 1117 2201 1171 per
2228 1101 2553 1155 mundanam
2585 1103 2902 1173 sapientiam
2935 1105 3187 1174 decipiet,
3217 1120 3342 1159 cum
3375 1103 3545 1158 verba

1948 1206 2136 1254 contra
2194 1197 2533 1253 Altissimum
2592 1200 2848 1269 proferet.
2916 1202 3226 1272 Religiosos
3275 1200 3446 1272 signis
3494 1209 3547 1256 et

1946 1286 2218 1359 prodigiis
2251 1288 2489 1353 seducet,
2525 1285 2738 1360 quando
2769 1291 2936 1344 etiam
2967 1289 3148 1360 ignem
3180 1290 3248 1345 de
3283 1292 3422 1345 coelo
3451 1289 3545 1344 de-

1947 1376 2215 1431 scendere
2237 1375 2421 1431 faciet.
2464 1377 2668 1449 Vulgus
2699 1386 2912 1432 terrore
2942 1379 3238 1442 concutiet,
3269 1394 3392 1433 cum
3423 1394 3543 1432 ma—

1946 1473 2102 1527 xima
2147 1471 2530 1543 persecutione
2588 1474 2644 1526 in
2700 1473 3037 1528 Christianos
3087 1474 3298 1530 saeviet.
3357 1475 3545 1530 Enoch

1949 1562 2095 1616 enim
2123 1565 2177 1616 et
2205 1561 2377 1615 Eliam
2411 1560 2718 1627 interﬁciat,
2769 1573 2820 1617 et
2865 1579 3057 1618 omnes
3088 1563 3190 1616 sibi
3223 1563 3544 1619 resistentes

239 1667 476 1734 buimus,
511 1666 638 1722 dum
670 1683 788 1722 eam
821 1685 921 1740 pro
953 1668 1264 1725 commissis
1285 1666 1486 1724 illicitis
1521 1668 1830 1737 efﬂigimus.
1864 1641 1918 1709 Β
1947 1650 2156 1706 θτυάθιί
2186 1650 2588 1706 examinatione
2619 1651 2839 1720 Ρεΐάθῑ·
2881 1650 3057 1718 Quem
3089 1653 3351 1707 Dominus
3386 1652 3544 1707 Iesus

239 1756 341 1824 Qui
371 1755 477 1811 hoc
519 1755 726 1811 faciunt
781 1757 1106 1829 principium
1157 1756 1355 1813 laetitia
1406 1757 1461 1811 in
1501 1757 1587 1812 die
1637 1757 1837 1812 Hieru-

238 1844 413 1900 salem
464 1844 799 1915 percipiunt.
860 1847 1112 1918 Septimo
1171 1847 1385 1901 decimo
1444 1845 1598 1917 ponit
1648 1846 1839 1900 beatos

239 1942 499 2014 parvulos
570 1943 718 1998 Filiae
777 1943 1068 2014 Babylonis
1124 1951 1392 2011 tenentes,
1435 1951 1487 1998 et
1524 1943 1591 1998 ad
1629 1951 1839 2014 petram

240 2031 546 2087 allidentes.
597 2055 618 2082 ιι
653 2033 870 2100 Beatus,
909 2053 932 2083 ι
969 2033 1168 2104 inquit,
1209 2055 1230 2081 α
1276 2033 1369 2105 qui
1416 2033 1637 2101 tenebit,
1673 2041 1725 2087 et
1754 2033 1839 2087 al-

238 2119 374 2174 lidet
431 2120 692 2190 parvulos
751 2127 872 2175 tuos
909 2121 976 2175 ad
1017 2129 1233 2192 petram
1279 2122 1464 2193 (Psal.
1512 2121 1755 2189 cxvxvr).
1813 2145 1834 2169 ιι

240 2208 453 2263 Parvuli
514 2209 638 2265 tiliae
699 2209 990 2281 Babylonis
1056 2219 1182 2264 sunt
1257 2210 1646 2282 suggestiones
1716 2225 1840 2266 car-

240 2305 381 2360 nalis
436 2305 846 2363 delectationis.
905 2305 1017 2362 Hos
1070 2307 1140 2362 ad
1195 2316 1402 2378 petram
1464 2307 1694 2362 allidunt
1749 2307 1841 2378 qui

244 2395 315 2449 ob
374 2395 571 2449 Christi
625 2397 941 2466 passionem
988 2396 1236 2451 carnalia
1276 2404 1562 2466 respuunt.
1613 2396 1678 2450 Hi
1717 2411 1841 2451 cum

245 2483 312 2538 de
341 2483 640 2554 Babylonia
670 2484 796 2540 hinc
839 2485 908 2538 ad
939 2484 1280 2539 Hierusalem
1309 2484 1651 2551 remeabunt,
1689 2485 1843 2556 hym-

245 2599 374 2637 num
406 2581 473 2636 de
503 2582 736 2638 canticis
766 2582 898 2638 Sion
928 2582 981 2636 in
1007 2591 1271 2638 aeternum
1303 2583 1624 2638 cantabunt.

316 2681 465 2736 Ecce
494 2688 622 2752 quot
652 2677 1017 2736 beatitudines
1047 2681 1445 2737 haereditabunt
1473 2682 1527 2736 hi
1559 2681 1652 2754 qui
1681 2682 1842 2738 invia

243 2768 446 2824 Christi
487 2769 861 2824 ambulabunt.
898 2769 962 2824 Et
992 2770 1121 2840 quia
1162 2772 1441 2841 propheta:
1485 2779 1562 2826 tot
1590 2787 1688 2842 per
1719 2772 1841 2844 spi-

244 2859 407 2913 ritum
438 2857 640 2913 dotalia
667 2859 943 2913 Christum
1001 2859 1264 2915 Ecclesiae
1309 2860 1598 2915 allaturum
1621 2860 1838 2916 intelle—

240 2954 460 3013 xerunt,
494 2947 617 3003 ideo
653 2955 942 3019 tantOpere
965 2948 1088 3020 ejus
1110 2948 1403 3004 adventum
1427 2950 1838 3021 concupierunt.

241 3036 411 3104 Hujus
467 3036 605 3092 duos
665 3037 932 3092 adventus
991 3038 1254 3108 praedicat
1316 3039 1612 3094 Ecclesia:
1669 3056 1840 3095 unum

243 3139 348 3195 quo
378 3124 698 3196 languidum
736 3125 1002 3180 mundum
1043 3127 1301 3197 visitavit,
1359 3127 1530 3183 alium
1571 3145 1679 3200 quo
1719 3129 1839 3185 col-

240 3220 456 3291 lapsum
513 3221 777 3276 mundum
829 3222 1116 3292 judicabit.
1175 3224 1351 3295 Ipsius
1403 3224 1696 3280 adventum
1744 3241 1841 3296 per

243 3316 475 3381 quatuor
532 3310 848 3366 Dominicas
905 3309 1268 3381 extendimus,
1319 3313 1412 3384 qui
1467 3313 1672 3370 hunca
1703 3329 1840 3386 qua—

245 3406 367 3453 tuor
394 3397 699 3465 ordinibus,
734 3399 941 3456 scilicet
979 3417 1010 3454 a
1047 3401 1396 3471 patriarchis,
1429 3419 1459 3455 a
1482 3402 1774 3471 judicibus,
1813 3418 1843 3456 a

246 3495 484 3568 regibus,
528 3511 559 3550 a
597 3496 881 3567 prephetis
913 3497 1320 3568 pronuntiatum
1363 3497 1619 3570 legimus:
1660 3501 1706 3552 A
1743 3515 1842 3570 pa—

247 3585 495 3640 triarchis
527 3584 617 3639 ubi
649 3585 786 3640 Abel
842 3601 1067 3656 agnum,
1127 3585 1529 3642 Melchisedech
1558 3603 1757 3658 panem
1788 3595 1843 3643 et

245 3673 449 3739 vinum,
491 3674 784 3739 Abraham,
827 3674 997 3729 ﬁlium
1025 3691 1190 3729 suum
1237 3675 1456 3730 obtulit.
1495 3677 1539 3730 Λ
1563 3673 1842 3745 judicibus

245 3785 380 3824 vero
408 3770 573 3826 Josue
602 3771 768 3841 quiet
796 3771 955 3825 Jesus
1009 3771 1197 3826 hostes
1245 3774 1599 3842 expugnavit,
1645 3778 1844 3826 terram

247 3857 448 3928 populo
501 3857 702 3924 divisit,
764 3866 817 3914 et
868 3859 961 3913 ubi
999 3857 1229 3916 Gedeon
1269 3858 1446 3916 vellus
1477 3861 1753 3931 exposuit,
1786 3860 1846 3914 in

247 3947 393 4018 quod
442 3961 536 4001 ros
581 3947 867 4003 descendit
899 3965 912 4002 :
948 3948 1040 4019 qui
1089 3956 1142 4004 et
1195 3948 1316 4018 ipse
1371 3949 1560 4004 hostes
1593 3965 1718 4005 cum
1750 3948 1842 4003 la-

245 4043 402 4116 genis
431 4043 584 4110 vicit;
619 4051 673 4098 et
701 4044 793 4098 ubi
824 4045 1057 4100 Samson
1077 4047 1132 4100 in
1167 4045 1348 4100 Gasan
1389 4045 1460 4102 ad
1493 4046 1843 4102 meretricem

244 4131 504 4199 introivit,
538 4140 592 4187 et
622 4149 722 4203 per
751 4134 937 4188 hostes
975 4134 1032 4187 in
1076 4143 1319 4190 montem
1348 4136 1618 4190 ascendit.
1659 4141 1705 4190 Α
1744 4147 1844 4188 re-

244 4219 408 4292 gibus
458 4220 549 4274 ubi
607 4222 780 4276 David
837 4222 1056 4278 Goliath
1104 4224 1314 4288 stravit,
1367 4230 1420 4278 et
1450 4223 1543 4278 ubi
1577 4223 1845 4278 Salomon

247 4315 510 4387 templum
549 4315 853 4384 aedificavit,
885 4326 938 4373 et
984 4319 1076 4373 ubi
1105 4320 1281 4374 Josias
1327 4320 1534 4375 Pascha
1579 4321 1841 4378 celebra-'-

247 4405 342 4462 vit.
373 4409 419 4460 A
448 4406 726 4476 prophetis
783 4406 874 4460 ubi
931 4408 1104 4461 Isaias
1161 4409 1230 4463 de
1261 4408 1474 4479 virgine
1503 4409 1838 4466 nasciturum

250 4511 394 4560 eum,
429 4495 693 4550 Jeremias
723 4511 847 4550 cum
888 4495 1199 4551 hominibus
1245 4506 1712 4566 conversaturum,
1740 4501 1843 4556 Da-

248 4591 359 4646 niel
414 4596 661 4646 sanctum
723 4600 1029 4648 sanctorum
1095 4603 1384 4654 venturum
1421 4599 1691 4668 praedixit.
1735 4601 1842 4656 Per

250 4687 486 4752 quatuor
515 4681 679 4736 etiam
708 4682 1024 4738 Dominicas
1056 4683 1350 4739 adventum
1381 4687 1672 4743 recolimus
1701 4689 1839 4758 ejus,

250 4779 374 4849 quia
401 4786 526 4834 ante
554 4778 740 4853 legem
775 4781 1011 4836 Abrahae
1041 4789 1092 4837 et
1130 4782 1454 4853 patriarchis
1486 4793 1568 4841 est
1595 4787 1840 4857 promis-

249 4883 363 4934 sus,
397 4869 636 4939 aMoyse
688 4877 742 4924 et
797 4870 1082 4942 prophetis
1137 4871 1500 4944 proscriptus,
1533 4875 1634 4928 sub
1665 4876 1842 4948 gratia

248 4979 282 5019 a
307 4966 519 5021 Joanne
548 4973 600 5021 et
628 4966 896 5038 apostolis
925 4975 1201 5035 ostensus,
1234 4969 1412 5026 adhuc
1433 4978 1696 5027 venturus
1726 4989 1842 5028 om-

247 5054 406 5109 nibus
429 5053 775 5111 manifestus.
794 5057 926 5112 Ideo
944 5071 1090 5113 nunc
1111 5058 1302 5114 ϐίον-ἰῶ
1321 5059 1384 5114 in
1405 5060 1647 5116 excelsis
1675 5061 1848 5119 inter-

246 5151 537 5220 mittimus,
571 5153 721 5225 quod
748 5153 805 5209 in
831 5154 1120 5211 Nativitate
1150 5155 1273 5225 ejus
1309 5158 1668 5228 cantabimus,
1707 5162 1838 5234 quia

260 5248 380 5319 ipse
409 5264 644 5306 nascens
679 5251 938 5323 gaudium
977 5253 1182 5309 mundo
1209 5254 1400 5322 attulit,
1434 5257 1526 5328 qui
1555 5257 1708 5328 prius
1749 5259 1850 5314 tri—

250 5346 451 5401 stitiam
507 5347 716 5404 habuit.
772 5351 944 5420 Hujus
997 5351 1289 5408 adventum
1350 5355 1538 5410 Enoch
1592 5364 1645 5411 et
1694 5357 1848 5412 Elias

249 5436 653 5506 praevenientes
717 5453 841 5494 eum
905 5442 1106 5497 mundo
1172 5441 1466 5498 affuturum
1507 5448 1844 5516 prrenuntia-

251 5533 406 5602 bunt,
450 5533 591 5592 sicut
628 5536 761 5594 olim
798 5537 948 5594 illum
987 5541 1268 5612 prophetae
1323 5541 1658 5600 nasciturum
1696 5555 1847 5616 prae-

253 5623 537 5686 dixerunt.
591 5627 697 5687 Per
751 5641 982 5701 quorum
1038 5629 1483 5707 praedicationem
1542 5633 1718 5696 Judaei
1777 5636 1848 5694 ad

1871 3003 1920 3066 C

1948 1747 2200 1818 spiritum
2236 1748 2349 1803 oris
2379 1748 2484 1815 sui,
2507 1762 2603 1802 seu
2637 1747 2912 1803 Michaelis
2943 1749 3263 1818 archangeli
3293 1748 3544 1804 ministe-

1949 1838 2033 1892 rio
2090 1835 2396 1903 interficiet,
2453 1836 2678 1906 ipseque
2739 1843 2866 1891 tunc
2921 1836 2988 1890 ad
3029 1837 3291 1906 judicium
3334 1839 3537 1892 veniet.

1949 1926 2054 1994 Qui
2078 1926 2226 1996 prius
2256 1924 2402 1980 venit
2425 1925 2775 1994 judicandus,
2809 1933 2938 1980 tunc
2968 1926 3148 1980 veniet
3174 1925 3541 1996 judicaturus.

1947 2021 2058 2090 Qui
2089 2021 2236 2091 prius
2267 2021 2414 2076 venit
2469 2021 2735 2086 occultus,
2778 2030 2906 2076 tunc
2961 2022 3142 2078 veniet
3181 2021 3531 2077 manifestus.

1949 2110 2032 2164 Ad
2065 2111 2218 2179 cujus
2251 2109 2545 2164 adventum
2577 2125 2767 2165 omnes
2785 2109 3034 2165 homines
3056 2119 3359 2182 resurgent,
3394 2111 3550 2181 eique

1951 2199 2260 2255 catervatim
2292 2207 2574 2265 occurent,
2635 2198 2840 2254 Omnes
2900 2199 3046 2254 enim
3095 2215 3223 2254 eum
3266 2199 3546 2267 videbunt,

1951 2305 2002 2352 et
2033 2296 2132 2369 qui
2162 2313 2282 2351 eum
2316 2300 2668 2367 pupugerunt
2717 2299 2904 2368 (Apoc.
2941 2301 3004 2363 ι).
3038 2296 3188 2368 Ignis
3216 2305 3340 2352 ante
3372 2297 3549 2368 ipsum

1950 2384 2244 2457 praecedet,
2315 2385 2366 2440 ei
2433 2383 2685 2441 inimicos
2725 2385 2843 2455 ejus
2884 2385 2939 2439 in
2998 2386 3230 2441 circuitu
3270 2393 3552 2441 consumet

1951 2483 2124 2555 (Psal.
2159 2483 2336 2540 xcvrl.
2374 2482 2525 2538 Sicut
2571 2482 2700 2538 olim
2758 2499 2896 2554 aqua
2927 2483 3115 2538 diluvii
3162 2500 3332 2554 super
3361 2501 3553 2540 omnes

1951 2586 2167 2634 montes
2197 2595 2265 2633 xv
2288 2577 2482 2632 cubitis
2513 2578 2778 2648 excrevit,
2810 2578 2881 2632 ita
2911 2587 3041 2634 tunc
3066 2579 3210 2652 ignis
3241 2597 3408 2650 super
3438 2597 3554 2636 om-

1951 2665 2044 2723 nia
2075 2665 2337 2721 montium
2366 2666 2662 2722 cacumina
2713 2683 2783 2720 xv
2839 2666 3037 2722 cubitis
3067 2683 3398 2722 ascensurus
3429 2669 3548 2724 erit.

1952 2756 2105 2811 Tunc
2127 2755 2288 2824 justis
2319 2769 2352 2809 a
2377 2753 2591 2809 dextris
2621 2753 2821 2809 Christi
2851 2755 3062 2825 positis,
3096 2754 3277 2826 impiis
3308 2766 3487 2812 autem
3520 2771 3554 2812 a

1955 2853 2207 2917 sinistris,
2240 2851 2422 2908 omnia
2469 2850 2754 2906 manifesta
2796 2852 3046 2906 omnibus
3077 2861 3256 2915 erunt,
3299 2871 3418 2925 qua:
3447 2871 3554 2908 un-

1952 2958 2118 3014 quam
2152 2941 2397 2997 homines
2429 2941 2746 3012 cogitando,
2781 2939 3078 3013 loquendo,
3132 2940 3383 2998 faciendo
3415 2959 3554 2998 com-

1953 3031 2237 3096 miserunt,
2267 3037 2320 3084 et
2351 3028 2554 3102 singuli
2592 3045 2694 3100 pro
2731 3030 2943 3084 meritis
2990 3031 3212 3102 dignam
3242 3031 3552 3087 retributio-

1950 3137 2083 3176 nem
2110 3119 2430 3185 sortiuntur,
2462 3119 2592 3173 dum
2613 3117 2750 3188 justi
2781 3118 2835 3172 in
2859 3118 3063 3189 gaudia
3081 3119 3232 3189 impii
3264 3119 3320 3173 in
3353 3121 3548 3191 suppli-

1953 3218 2040 3274 cia
2069 3217 2451 3272 decernuntur.
2505 3213 2635 3270 Ideo
2666 3213 2784 3270 dies
2823 3215 2912 3269 illa
2959 3215 3077 3271 dies
3114 3215 3304 3286 judicii
3335 3216 3550 3284 dicitur,

1954 3313 2083 3386 quia
2120 3322 2246 3368 tunc
2270 3314 2450 3382 justus
2477 3312 2651 3367 Judex
2678 3311 2879 3382 injuste
2903 3311 3180 3381 judicatus
3210 3314 3555 3383 omniajuste

1955 3399 2240 3491 iudicabit,
2275 3401 2365 3473 qui
2397 3400 2586 3455 orbem
2617 3408 2891 3455 terrarum
2922 3399 2976 3454 in
3003 3400 3209 3469 justitia
3239 3409 3291 3457 et
3321 3401 3553 3473 pepulos

1956 3499 2012 3554 in
2041 3499 2294 3571 aequitate
2321 3499 2593 3570 judicabit
2633 3500 2812 3565 (Psal.
2859 3502 2958 3572 rx),
2997 3523 3017 3547 α
3056 3501 3191 3556 Haec
3222 3503 3386 3556 etiam
3437 3502 3555 3558 dies

1958 3597 2176 3653 Domini
2206 3605 2450 3667 vocatur,
2498 3597 2620 3668 quia
2652 3598 2745 3652 illa
2775 3597 2864 3653 die
2911 3598 3201 3670 unicuique
3250 3615 3352 3670 pro
3386 3616 3554 3670 opere

1958 3703 2058 3742 suo
2084 3687 2234 3757 justa
2261 3702 2474 3742 merces
2503 3702 2532 3741 a
2561 3687 2794 3742 Domino
2825 3688 3351 3759 recompensabitur.
3403 3691 3555 3745 Tunc

1957 3783 2211 3839 diabolus
2256 3799 2442 3840 coram
2495 3784 2808 3839 hominibus
2867 3785 3086 3840 vinctus
3142 3785 3460 3852 adducetur,
3502 3795 3557 3842 et

1956 3874 2269 3931 videntibus
2326 3873 2535 3929 cunctis
2591 3873 2648 3927 in
2704 3882 2959 3945 stagnum
3013 3874 3156 3944 ignis
3188 3883 3240 3929 et
3279 3875 3556 3945 sulphuris

1957 3960 2412 4034 praecipitabitur,
2473 3976 2778 4032 corpusque
2835 3962 2951 4028 ejus
3009 3961 3221 4016 scilicet
3287 3963 3554 4018 malorum

1957 4059 2286 4114 universitas
2314 4074 2438 4113 cum
2495 4074 2560 4113 eo
2617 4057 2879 4123 mittetur,
2927 4066 3174 4130 terraque
3205 4068 3556 4115 convertetur

1960 4147 2040 4202 eis
2071 4146 2124 4200 in
2157 4145 2333 4216 picem
2365 4154 2416 4200 et
2437 4145 2666 4217 sulphur
2693 4146 2975 4201 ardentem
3001 4146 3056 4201 in
3087 4147 3291 4203 saecula
3316 4149 3553 4205 saeculo-

1956 4259 2102 4298 rum.
2137 4243 2288 4299 Tunc
2317 4242 2584 4309 Ecclesia,
2636 4243 2832 4298 Christi
2871 4260 3075 4315 sponsa
3112 4245 3205 4301 diu
3234 4245 3326 4302 hic
3371 4247 3425 4301 in
3455 4263 3557 4318 pe-

1869 4362 1926 4425 Ι]
1955 4339 2330 4413 'regrinatione
2383 4357 2414 4395 a
2473 4340 2781 4412 Babyloniis
2835 4357 3103 4413 oppressa
3162 4343 3229 4398 de
3259 4345 3559 4400 exsilioBa-

1960 4438 2184 4510 bylonio
2220 4453 2253 4493 a
2279 4453 2482 4509 sponso
2513 4454 2614 4494 suo
2642 4439 2923 4508 educetur,
2973 4448 3028 4495 et
3064 4455 3187 4496 cum
3218 4456 3422 4513 magno
3451 4459 3554 4497 an-

1960 4527 2214 4600 gelorum
2276 4527 2514 4598 tripudio
2577 4527 2633 4581 in
2699 4528 2977 4584 civitatem
3043 4529 3211 4584 Patris
3278 4531 3558 4586 cwlestem

1965 4625 2313 4681 Hierusalem
2352 4625 2756 4680 introducetur.
2809 4626 2959 4681 Tunc
2995 4627 3128 4698 justi
3177 4627 3316 4683 sicut
3345 4628 3426 4683 sol
3457 4628 3555 4682 ful-

1961 4715 2191 4786 gebunt,
2223 4723 2276 4769 et
2306 4713 2544 4786 mquales
2584 4713 2797 4786 angelis
2853 4721 3032 4780 erunt,
3074 4723 3127 4770 et
3167 4716 3404 4772 inovatis
3432 4729 3556 4772 om-

1959 4803 2122 4858 nibus
2151 4802 2252 4859 erit
2283 4803 2428 4858 Deus
2455 4801 2640 4858 omnia
2665 4802 2718 4856 in
2751 4803 3004 4859 omnibus
3029 4804 3086 4875 (I
3107 4805 3233 4861 Cor.
3273 4808 3385 4875 xv).
3423 4827 3446 4853 ιο

2034 4911 2244 4982 Itaque,
2275 4909 2614 4971 charissimi,
2651 4909 2787 4965 hora
2812 4916 2897 4965 est
2903 4909 3021 4980 jam
3048 4927 3149 4967 nos
3169 4911 3238 4968 de
3255 4927 3449 4968 somno
3470 4913 3561 4969 de-

1961 5003 2117 5063 sidiae
2137 5021 2384 5078 surgere,
2409 5014 2465 5062 ut
2486 5007 2542 5062 in
2570 5005 2733 5063 bonis
2761 5005 3022 5079 cperibus
3057 5005 3358 5081 pervigiles
3387 5009 3559 5081 possi-

1965 5114 2089 5153 mus
2130 5096 2403 5153 Christum
2450 5098 2756 5153 venientem
2802 5096 2911 5152 lseti
2957 5097 3230 5168 excipere,
3285 5105 3556 5170 quatenus

1962 5188 2084 5259 ipse
2113 5185 2418 5243 conformet
2447 5201 2642 5258 corpus
2679 5185 2996 5242 humilitatis
3021 5193 3224 5243 nostra:
3255 5187 3560 5262 configurao

1963 5290 2078 5339 tum
2109 5284 2325 5355 corpori
2353 5281 2609 5340 claritatis
2635 5301 2747 5339 suae
2806 5285 3086 5356 (Philipp.
3125 5286 3228 5357 tu).
3296 5287 3559 5357 Superius

1967 5379 2052 5428 est
2081 5369 2334 5438 dulcedo,
2375 5371 2601 5428 inferius
2641 5371 2968 5439 amaritudo,
3001 5375 3054 5427 in
3105 5375 3206 5429 hoc
3237 5375 3438 5431 mundo
3469 5377 3562 5448 qui

1967 5459 2288 5516 consistitin
2317 5457 2502 5516 medio
2531 5461 2813 5532 utriusque
2835 5461 3142 5518 umbratilis
3171 5464 3372 5538 imago.
3421 5465 3559 5518 Dul-

1968 5549 2110 5606 cedo
2139 5565 2276 5622 ergo
2304 5549 2428 5605 coeli
2455 5566 2558 5606 nos
2587 5567 2804 5606 sursum
2835 5551 3032 5619 trahat,
3065 5553 3370 5609 amaritudo
3399 5551 3566 5606 infer-

1972 5636 2033 5700 ni
2059 5635 2324 5713 impellat,
2367 5644 2427 5699 ut
2463 5639 2623 5714 hujus
2669 5637 2872 5703 media:
2919 5640 3043 5705 vitae
3079 5642 3567 5720 perhorrescimus

2513 5981 2516 5984 μ
3771 5931 3964 6092 ,ε
