3972 6076
499 175 636 233 12:23

1594 180 1939 240 \VERNERI
1975 184 2260 247 ABBATlS
2299 190 2361 246 S.
2410 192 2633 251 BLASII

3705 207 3823 259 1%

498 300 830 402 miseriam;
856 308 907 399 et
946 300 1123 402 beatae
1161 300 1283 402 vitae
1321 301 1467 401 pleni
1503 303 1690 402 gaudii
1725 307 2091 402 percipiamus
2118 314 2169 375 A
2199 314 2399 375 dictum
2421 325 2525 387 est,
2577 320 2724 393 quod
2747 324 2917 381 oratio
2945 327 3153 399 quamit,
3205 328 3631 402 contemplatio
3672 331 3825 388 inve.

501 388 756 461 gloriam.
788 387 931 443 Olim
962 390 1195 445 mundus
1225 390 1403 462 gloria
1428 400 1481 446 et
1509 392 1701 464 opibus
1719 395 1920 463 ﬂoruit,
1951 398 2094 454 urbi-

498 478 599 533 bus
629 485 683 532 et
715 478 918 533 viribus
956 479 1145 550 viguit,
1198 489 1250 535 et
1279 488 1466 536 tamen
1508 481 1638 550 justi
1683 491 1931 540 ornatum
1969 486 2090 557 ejus

495 582 831 643 Spreverunt
862 590 966 646 quo
996 575 1211 630 abunde
1241 576 1510 633 nitescere
1565 586 1877 649 potuerunt.
1934 583 2088 640 Nunc

494 663 683 717 mundi
714 664 887 734 gloria
918 664 1054 718 aruit
1080 681 1094 731 ;
1125 680 1271 720 nunc
1299 673 1476 721 autem
1507 668 1683 722 omnis
1712 670 2088 728 saeculihonor

490 752 748 817 extabuit,
784 761 836 807 et
866 768 966 807 nos
989 752 1171 808 miseri
1189 752 1380 809 florem
1402 754 1522 826 ejus
1542 755 1756 811 aridum
1784 767 1899 814 toto
1920 761 2086 817 corde

492 848 895 919 amplectimur,
920 865 1019 903 nos
1048 850 1345 920 fugientem
1386 858 1436 907 et
1478 853 1809 910 arridentem
1846 863 1958 913 toto
1988 858 2085 912 de-

487 936 686 991 siderio
717 938 1024 1010 sequimur.
1064 939 1140 994 Et'
1164 940 1291 1011 quia
1314 940 1430 1009 jam
1463 942 1725 997 charitate
1758 944 2083 1015 l‘rigescente

484 1023 689 1080 nullius
719 1027 912 1094 oratio,
950 1026 1154 1082 nullius
1184 1030 1440 1083 meritum
1484 1046 1608 1084 eum
1643 1030 1812 1101 fulcit,
1844 1036 1956 1102 jam
1990 1050 2083 1090 se-

482 1122 575 1177 nio
606 1122 886 1180 confectus
923 1124 1208 1197 iniquitate
1238 1125 1402 1180 nimia
1446 1126 1713 1198 impulsus
1759 1133 2082 1201 quantocius

482 1211 704 1276 corruit,
739 1229 1040 1285 omnesque
1067 1214 1172 1267 sibi
1204 1223 1383 1269 mente
1424 1216 1753 1272 inhaerentes
1784 1219 2071 1290 Opprimit.

479 1301 654 1371 Nunc,
684 1302 1014 1367 charissimi,
1050 1304 1220 1358 corda
1251 1319 1372 1358 cum
1404 1304 1653 1359 manibus
1684 1307 1754 1360 ad
1788 1307 1964 1363 Deum
1992 1308 2081 1364 le-

480 1407 694 1459 vemus,
737 1390 931 1446 faciem
965 1389 1086 1459 ejus
1115 1390 1170 1444 in
1236 1391 1579 1448 confessione
1610 1411 2075 1467 praeoccupemus,

480 1493 538 1540 ut
570 1485 624 1539 in
658 1484 1138 1555 apprOpinquanle
1164 1485 1303 1540 festo
1333 1502 1441 1541 nos
1468 1486 1523 1541 in
1553 1488 1779 1544 salutari
1815 1507 1913 1547 suo
1945 1492 2079 1548 visi-

477 1581 571 1638 tet,
608 1581 662 1627 et
692 1574 747 1626 in
775 1573 1013 1628 adventu
1042 1590 1139 1629 suo
1158 1573 1261 1628 sibi
1290 1585 1640 1632 occursantes
1667 1577 1724 1633 in
1753 1580 1958 1635 caelesti
1984 1597 2079 1653 pa-

476 1661 606 1717 latio
636 1662 884 1717 collocet.

475 1816 551 1871 Dc
585 1815 827 1891 qui-nque
857 1814 1293 1871 exercitationis
1320 1817 1590 1891 gradibus
1626 1820 1822 1891 quibus
1836 1821 1985 1890 justi
2015 1822 2079 1880 in

607 1888 708 1941 hac
731 1887 849 1941 vita
870 1890 1235 1953 exercentur,
1261 1888 1400 1944 etde
1419 1887 1665 1962 quinque
1685 1887 1952 1949 statibus.

543 2035 789 2109 Quatuor
814 2044 941 2094 sunt
968 2035 1024 2093 in
1053 2036 1249 2109 quibus
1275 2053 1420 2095 nunc
1445 2048 1733 2098 exercetur
1759 2041 1871 2100 vita
1892 2044 2073 2114 justo-

469 2146 617 2198 rum,
649 2138 700 2183 et
722 2127 879 2199 quasi
900 2144 999 2198 per
1029 2127 1295 2198 quosdam
1323 2130 1527 2197 gradus
1564 2131 1631 2184 ad
1676 2132 1913 2187 futuram
1942 2150 2073 2204 per-

474 2218 770 2274 fection’em
819 2217 1164 2284 sublevatur,
1230 2216 1488 2273 videlicet
1520 2217 1703 2287 lectio,
1764 2222 2067 2294 meditatio,

469 2316 645 2372 oratio
680 2324 733 2371 et
776 2315 1043 2386 operatio.
1094 2313 1293 2383 Quinta
1323 2314 1521 2372 deinde
1550 2317 1796 2389 sequitur
1826 2328 2072 2376 contem-

467 2404 652 2476 platio,
687 2404 741 2458 in
770 2420 877 2475 qua
906 2403 1062 2474 quasi
1121 2404 1356 2475 quodam
1404 2406 1833 2476 praecedentium
1890 2409 2069 2467 fructu

466 2493 521 2548 in
555 2493 658 2548 bac
688 2492 816 2559 vita,
850 2491 1011 2548 etiam
1038 2508 1160 2566 quae
1189 2493 1258 2547 sit
1287 2493 1416 2549 boni
1439 2495 1625 2566 operis
1654 2513 1864 2554 merces
1887 2497 2069 2557 futura

466 2598 863 2664 praegustatur.
916 2590 1071 2645 Unde
1122 2589 1413 2645 Psalmista
1465 2608 1586 2647 cum
1620 2592 1688 2648 de
1710 2593 1936 2664 judiciis
1966 2596 2066 2652 Dei

463 2678 799 2751 loqueretur,
848 2679 1236 2735 commendans
1282 2695 1364 2748 ea,
1414 2681 1599 2736 statim
1633 2683 1959 2751 subjunxit:
2004 2685 2065 2741 In

463 2766 841 2823 custodiendis
872 2767 980 2822 illis
1024 2768 1305 2822 retributio
1346 2769 1510 2823 multa
1540 2772 1717 2840 (Psal.
1759 2774 1944 2844 xvm).
1984 2775 2064 2830 De

460 2862 544 2917 lllS
577 2863 814 2936 quinque
844 2864 1146 2936 gradibus:
1171 2864 1381 2934 primus
1410 2866 1636 2937 gradus,
1662 2866 1715 2922 id
1755 2877 1835 2924 est
1871 2868 2060 2938 lectio,

461 2969 580 3024 quae
611 2962 692 3008 est
734 2952 1140 3022 incipientium;
1182 2968 1490 3022 supremus,
1529 2953 1583 3009 id
1609 2963 1693 3010 est
1725 2958 2061 3029 contempla-

458 3042 553 3111 tio,
621 3057 740 3113 qua:
797 3048 877 3095 est
937 3039 1325 3111 perfectorum.
1378 3042 1442 3096 Et
1489 3042 1558 3098 de
1587 3044 1783 3100 mediis
1814 3046 2054 3118 quidem,
2090 3036 2140 3099 C

459 3149 659 3212 quanto
689 3139 871 3212 plures
901 3138 1023 3210 quis
1052 3138 1385 3208 ascenderit,
1417 3147 1563 3196 tanto
1593 3143 1893 3212 perfectior
1923 3146 2048 3202 erit.

456 3230 619 3285 Verbi
650 3227 865 3302 gratia:
900 3229 1076 3299 prima
1121 3226 1284 3283 lectio
1336 3228 1757 3302 intelligentiam
1791 3233 1885 3289 dat
1917 3251 1928 3286 :
1965 3252 2058 3291 se-

455 3319 633 3375 cunda
700 3316 975 3373 meditatio
1021 3315 1309 3373 consilium
1355 3327 1599 3389 praestat.
1653 3320 1839 3377 Tertia
1883 3324 2057 3380 oratio

454 3417 611 3488 petit.
652 3415 864 3484 Quarta
893 3415 1135 3486 operatio
1166 3414 1381 3488 quaerit.
1424 3415 1627 3485 Quinta
1670 3421 2057 3493 contemplatio

448 3505 678 3561 invenit.
712 3505 769 3559 Si
799 3519 935 3576 ergo
986 3504 1150 3575 legis,
1209 3511 1262 3558 et
1318 3504 1740 3579 intelligentiam
1774 3510 1970 3577 habes,
2001 3519 2055 3567 et

450 3593 595 3648 nosti
618 3594 730 3660 jam
754 3591 886 3662 quid
933 3590 1240 3647 faciendum
1272 3591 1359 3659 sit,
1393 3592 1603 3648 initium
1631 3595 1762 3651 boni
1795 3607 1914 3665 est;
1956 3599 2055 3655 sed

452 3690 632 3747 adhuc
663 3688 757 3743 tibi
800 3702 909 3741 non
939 3684 1155 3752 sufficit,
1188 3687 1427 3743 nondum
1457 3688 1733 3759 perfectus
1765 3707 1846 3748 es.
1879 3695 2053 3750 Scan-

452 3779 522 3834 de
560 3778 743 3849 itaque
779 3775 835 3830 in
871 3789 1051 3830 arcem
1110 3773 1350 3843 consilii,
1393 3785 1446 3830 et
1492 3777 1759 3834 meditare
1819 3783 2055 3851 qualiter

449 3866 686 3939 implere
714 3864 903 3922 valeas
933 3861 1065 3935 quid
1095 3862 1409 3918 faciendum
1448 3880 1571 3920 esse
1601 3863 1871 3923 didicisti.
1894 3871 2054 3928 Multi

453 3964 602 4021 enim
635 3963 835 4019 habent
862 3959 1166 4027 scientiam,
1199 3959 1297 4015 sed
1325 3960 1488 4032 pauci
1520 3970 1643 4017 sunt
1672 3963 1763 4034 qui
1785 3974 2053 4022 noverunt

462 4054 699 4129 qualiter
728 4051 872 4109 scire
910 4056 1180 4122 oporteat.
1231 4049 1435 4105 Rursus
1473 4051 1735 4122 quoniam
1765 4053 2052 4111 consilium

444 4142 692 4201 hominis
723 4141 841 4197 sine
871 4139 1056 4195 divino
1086 4139 1295 4195 auxilio
1312 4138 1583 4195 inﬁrmum
1610 4148 1694 4197 est
1721 4148 1776 4197 et
1802 4142 2049 4200 inefﬁcax

460 4242 528 4299 ad
560 4240 868 4298 orationem
897 4226 1140 4309 erigere,
1170 4243 1224 4291 et
1252 4234 1373 4306 ejus
1401 4235 1729 4306 adjutorium
1756 4247 1900 4311 pete,
1933 4239 2051 4298 sine

458 4348 564 4402 quo
591 4329 798 4385 nullum
825 4331 984 4397 potes
1023 4323 1204 4381 facere
1232 4325 1457 4392 bonum,
1488 4334 1545 4380 ut
1578 4326 1845 4384 videlicet
1873 4329 2050 4401 ipsius

455 4419 636 4494 gratia
663 4431 790 4489 quae
818 4413 1205 4486 praeveniendo
1233 4422 1286 4469 te
1313 4413 1632 4471 illuminavit
1662 4417 2047 4490 subsequendo

452 4519 615 4574 etiam
644 4514 814 4586 pedes
841 4519 965 4567 tuos
993 4510 1191 4583 dirigat
1233 4511 1289 4565 in
1328 4510 1473 4568 viam
1501 4513 1679 4583 pacis,
1713 4522 1767 4571 et
1795 4517 1940 4587 quod
1988 4516 2047 4571 in

452 4606 566 4664 sola
592 4603 868 4660 voluntate
913 4601 1092 4656 adhuc
1120 4607 1223 4669 est,
1255 4600 1327 4656 ad
1361 4598 1615 4657 effectum
1644 4602 1913 4674 perducat
1946 4605 2046 4662 bo-

447 4713 533 4753 nae
552 4689 905 4767 operationis.

517 4781 728 4841 Deinde
757 4786 925 4837 restat
957 4777 1060 4834 tibi
1100 4785 1159 4835 ut
1194 4777 1262 4834 ad
1297 4778 1502 4835 bonum
1531 4794 1670 4852 Opus
1709 4781 2037 4857 accingeris,

449 4884 507 4932 ut
536 4873 679 4947 quod
707 4869 917 4929 orando
946 4866 1111 4940 petis,
1142 4868 1424 4940 operando
1478 4870 1732 4941 accipere
1751 4873 2037 4929 merearis.

446 4963 686 5020 Tertium
704 4959 917 5033 operari
944 4957 1058 5016 vult
1083 4957 1254 5024 Deus,
1286 4973 1397 5015 non
1426 4959 1779 5030 cogeris,sed
1793 4960 2029 5029 juvaris.

449 5054 507 5112 Si
534 5051 703 5117 solus,
730 5058 788 5105 tu
842 5047 920 5104 nil
960 5044 1212 5120 perﬁcis;
1272 5044 1320 5101 si
1365 5045 1515 5102 solus
1572 5047 1721 5103 Deus
1762 5057 2034 5122 operatur,

444 5150 522 5205 nil
540 5147 792 5205 mereris.
817 5146 1088 5218 Operetur
1116 5158 1251 5216 ergo
1278 5142 1430 5200 Deus
1455 5150 1514 5200 ut
1538 5145 1759 5217 possis;
1787 5148 2038 5219 opereris

446 5245 501 5295 et
526 5246 604 5305 tu,
626 5246 684 5292 ut
714 5235 919 5308 aliquid
966 5232 1261 5289 merearis.
1326 5233 1429 5289 Via
1480 5241 1565 5290 est
1610 5234 1856 5306 operatio
1892 5236 2037 5295 bona

444 5342 555 5400 qua
580 5327 690 5380 itur
719 5325 788 5379 ad
821 5324 1003 5379 vitam.
1026 5321 1129 5390 Qui
1150 5323 1303 5376 viam
1324 5321 1466 5377 hanc
1494 5322 1680 5390 currit,
1706 5324 1875 5381 vitam
1890 5343 2036 5399 quae-

444 5415 536 5472 rit.
571 5411 909 5475 Confortare,
937 5417 989 5462 et
1016 5409 1246 5465 viriliter
1274 5426 1399 5482 age.
1425 5411 1597 5467 Habet
1624 5413 1747 5468 haec
1774 5414 1864 5469 via
1888 5431 2034 5486 prae-

445 5504 615 5560 mium
643 5510 799 5550 suum
827 5494 1039 5566 quoties
1067 5497 1183 5563 ejus
1222 5496 1503 5554 laboribus
1543 5500 1774 5573 fatigati,
1808 5504 2035 5574 superni

445 5592 727 5661 respectus
774 5579 951 5653 gratia
1000 5580 1351 5653 illustrantur,
1384 5594 1667 5657 gustantes
1698 5599 1753 5645 et
1781 5590 2032 5649 videntes

445 5677 697 5757 quoniam
726 5667 911 5727 suavis
941 5673 1025 5725 est
1050 5667 1338 5730 Dominus.
1368 5674 1567 5747 Sicque
1598 5675 1656 5733 fit
1686 5679 1833 5751 quod
1863 5696 2031 5754 supra

2106 1673 2161 1733 B

2197 405 2295 462 nit.
2350 409 2510 465 Vides
2541 409 2711 483 igitur
2740 416 3014 485 quomodo
3068 434 3171 489 per
3200 419 3303 475 bos
3351 420 3583 492 gradus
3626 436 3823 478 ascea-

2196 506 2452 564 dentibus
2477 510 2741 580 perfectio
2770 515 3030 586 occurrit,
3054 526 3113 572 ut
3148 519 3240 590 qui
3269 519 3414 574 infra
3445 521 3819 584 remanserit,

2194 596 2471 665 perfectus
2500 616 2623 656 esse
2652 617 2760 656 non
2804 605 3005 674 possit.
3075 608 3421 677 Propositum
3475 624 3634 682 ergo
3669 609 3822 664 nobis

2193 684 2357 741 debet
2385 704 2508 743 esse
2537 705 2756 761 semper
2780 694 3100 761 ascendere,
3126 696 3224 753 sed
3245 697 3522 768 quoniam
3552 707 3721 754 tanta
3748 710 3819 755 est

2192 784 2528 841 mutabilitas
2576 787 2700 843 vitae
2751 799 2975 857 nostra,
3035 800 3091 848 ut
3137 793 3192 848 in
3242 795 3445 851 eodem
3501 803 3665 851 stare
3713 812 3815 851 non

2192 872 2485 942 possimus,
2537 877 2787 947 cogimur
2812 894 2958 951 saepe
2987 880 3053 935 ad
3085 890 3363 939 transacta
3407 884 3738 955 respicere,
3766 892 3813 940 et

2191 977 2260 1016 ne
2290 963 2599 1020 amittamus
2628 966 2762 1022 illud
2791 966 2847 1022 in
2892 985 3002 1041 quo
3031 986 3240 1039 sumus,
3286 972 3614 1043 repetimus
3646 990 3810 1046 quan-

2189 1060 2370 1133 doque
2399 1064 2544 1134 quod
2573 1065 2949 1122 transivimus.
2990 1069 3349 1142 Verbigratia
3374 1086 3390 1126 :
3426 1071 3551 1141 Qui
3570 1073 3633 1127 in
3648 1088 3809 1143 opere

2188 1157 2445 1206 strenuus
2465 1160 2567 1219 est,
2600 1163 2714 1209 orat
2742 1171 2814 1210 ne
2843 1156 3085 1213 deficiat.
3112 1157 3216 1226 Qui
3247 1160 3540 1231 praecibus
3585 1161 3802 1229 insistit,

2188 1254 2292 1294 nec
2321 1241 2528 1296 orando
2557 1240 2817 1311 offendat,
2876 1246 3170 1303 meditatur
3213 1248 3345 1320 quid
3398 1250 3696 1305 orandum
3725 1251 3804 1317 sit,

2187 1335 2240 1382 et
2267 1328 2359 1400 qui
2388 1328 2682 1401 aliquando
2712 1332 2765 1386 in
2797 1335 3021 1404 proprio
3050 1337 3280 1392 consilio
3320 1339 3520 1394 minus
3553 1339 3805 1403 conﬁdit,

2189 1425 2476 1482 lectionem
2506 1429 2761 1497 consulit,
2794 1439 2846 1485 et
2876 1430 2956 1487 sic
3012 1434 3194 1489 evenit
3224 1442 3280 1489 ut
3311 1451 3442 1491 cum
3487 1437 3807 1493 ascendere

2185 1514 2345 1569 nobis
2363 1532 2583 1587 semper
2602 1517 2672 1574 sit
2693 1519 2963 1586 voluntas,
2986 1520 3322 1579 descendere
3340 1533 3545 1580 tamen
3566 1526 3804 1596 aliquan—

2184 1603 2256 1658 do
2284 1618 2383 1659 nos
2439 1614 2603 1678 cogat
2660 1609 2977 1676 necessitas,
3010 1610 3088 1666 ita
3119 1620 3299 1667 tamen
3331 1622 3392 1668 ut
3422 1614 3481 1668 in
3519 1616 3806 1671 voluntate

2188 1716 2297 1756 non
2326 1702 2383 1756 in
2424 1704 2751 1761 necessitate
2796 1708 3134 1779 propositum
3190 1718 3438 1766 nostrum
3490 1712 3797 1768 consistat.

2188 1788 2345 1858 Quod
2372 1792 2723 1849 ascendimus
2759 1796 3100 1867 propositum
3151 1806 3253 1867 est,
3301 1799 3455 1871 quod
3486 1801 3805 1857 descendi-

2184 1895 2307 1933 mus
2334 1888 2559 1951 pr0pter
2586 1884 2956 1953 propositum.
2993 1886 3152 1943 Nunc
3186 1903 3319 1960 ergo
3357 1889 3490 1957 hoc,
3527 1891 3639 1946 sed
3670 1891 3803 1946 illud

2181 1978 2485 2051 principale
2512 1998 2637 2039 esse
2664 1982 2856 2041 debet.
2912 1984 3056 2055 Quot
3100 1995 3283 2044 autem
3311 1997 3495 2046 status
3540 1993 3801 2047 humana

2181 2068 2558 2126 mutabilitatis
2603 2072 2729 2140 sint,
2780 2073 2867 2130 hic
2921 2074 3214 2132 videndum
3245 2078 3371 2134 erit.
3431 2080 3628 2136 Habet
3655 2081 3799 2137 enim

2181 2157 2418 2239 quinque
2474 2168 2642 2215 status
2696 2161 2810 2219 vita
2865 2163 3124 2236 humana,
3154 2182 3252 2238 per
3294 2184 3459 2240 quos,
3494 2170 3642 2241 quia
3671 2187 3804 2226 nun-

2180 2235 2339 2318 quam
2370 2248 2425 2302 in
2454 2250 2649 2306 eodem
2679 2259 2824 2307 statu
2852 2253 2947 2308 diu
2975 2235 3294 2326 permanere
3311 2235 3540 2328 potest,
3563 2259 3694 2314 sine
3722 2261 3801 2314 in-

2178 2345 2523 2401 termissione
2555 2354 2816 2415 mutatur,
2849 2349 2966 2406 sive
2998 2351 3055 2405 in
3090 2352 3287 2408 melius
3314 2353 3663 2426 proﬁciens,
3687 2355 3799 2411 sive

2176 2440 2435 2498 deficiens
2464 2452 2631 2516 atque
2660 2446 2992 2504 decrescens
3026 2449 3081 2503 in
3127 2448 3304 2519 pejus.
3358 2450 3469 2519 Qui
3499 2460 3642 2507 sunt
3670 2469 3800 2526 gau-

2175 2530 2324 2586 dium
2353 2532 2622 2601 vanitatis,
2690 2535 2852 2592 dolor
2896 2536 3259 2605 confusionis,
3287 2540 3570 2611 gaudium
3600 2557 3799 2598 conso-

2175 2618 2415 2688 lationis,
2471 2621 2632 2678 dolor
2680 2624 3113 2695 exercitationis,
3163 2627 3431 2700 gaudium
3476 2628 3786 2686 felicitatis.

2174 2716 2443 2774 Gaudium
2475 2720 2725 2776 vanitatis
2779 2730 2863 2777 est
2907 2739 3009 2794 pro
3064 2723 3232 2780 lucris
3263 2727 3683 2797 temporalibus
3708 2729 3794 2783 lae-

2172 2807 2299 2863 tari.
2336 2807 2504 2864 Dolor
2530 2808 2867 2865 confusionis
2895 2816 2981 2868 est
3009 2828 3106 2883 pro
3134 2814 3346 2870 damnis
3376 2818 3791 2887 temporalibus

2172 2896 2503 2952 contristari.
2544 2897 2812 2954 Gaudium
2841 2901 3233 2957 consolationis
3272 2904 3351 2959 esi
3388 2905 3463 2959 ab
3494 2904 3793 2978 impugna-

2171 2987 2317 3044 tione
2355 2989 2609 3047 vitiorum
2667 2992 2968 3064 quiescere.
3012 2994 3181 3051 Dolor
3238 2998 3662 3056 exercitationis
3709 3010 3791 3057 est

2167 3077 2447 3133 molestias
2476 3080 2835 3137 tentationum
2864 3083 3155 3140 sustinere.
3175 3085 3461 3143 Gaudium
3501 3088 3790 3146 felicitatis

2166 3173 2245 3222 cst
2276 3167 2506 3224 internae
2536 3169 2842 3226 dulcedinis
2864 3171 3270 3244 jucunditafem
3299 3176 3637 3248 degustare.

2239 3265 2338 3321 Per
2390 3266 2649 3338 gaudium
2703 3269 2955 3326 vanitatis
3009 3271 3135 3343 plus
3193 3274 3484 3346 elongatur
3519 3277 3720 3333 anima
3756 3294 3786 3333 a

2164 3355 2299 3420 Deo,
2333 3355 2459 3425 quia
2487 3363 2642 3411 tanto
2669 3356 2889 3428 longius
2918 3360 2986 3414 ab
3019 3376 3085 3418 eo
3116 3361 3207 3434 qui
3236 3362 3385 3419 intus
3405 3372 3496 3420 est
3540 3367 3782 3432 recedit,

2164 3450 2368 3514 quanto
2385 3443 2603 3499 avidius
2623 3461 2685 3501 se
2705 3446 2775 3502 ad
2791 3447 3185 3506 delectationes
3198 3452 3505 3508 exteriores
3520 3453 3779 3511 eﬂ'undit.

2164 3538 2335 3595 Dolor
2388 3539 2726 3596 confusionis
2808 3544 3004 3599 malam
3063 3545 3284 3618 quidem
3349 3548 3778 3608 delectationem

2161 3627 2316 3701 quasi
2335 3627 2466 3684 foris
2496 3629 2773 3700 pt‘zncidit,
2835 3640 2892 3687 et
2945 3634 3186 3690 animam
3242 3635 3391 3692 intus
3435 3638 3630 3696 redire
3650 3656 3778 3696 cou-

2159 3725 2315 3798 pellit
2345 3742 2359 3781 :
2391 3744 2513 3799 quae
2543 3735 2726 3793 tamen
2783 3745 2849 3786 eo
2906 3730 3028 3802 ipso
3083 3733 3225 3805 quod
3257 3750 3369 3790 non
3402 3746 3636 3809 sponte,
3677 3739 3775 3796 sed

2159 3814 2565 3887 quodammodo
2642 3825 2833 3874 coacta
2897 3819 2969 3875 ad
3025 3823 3375 3894 semetipsam
3440 3826 3769 3893 retruditar,

2160 3920 2263 3962 nec
2291 3904 2532 3977 perfecte
2560 3905 2811 3963 intimum
2841 3907 3066 3975 deserit,
3097 3926 3277 3983 neque
3331 3913 3409 3967 ad
3439 3913 3665 3972 virtutis
3694 3918 3767 3972 in-

2156 4002 2471 4075 tegritatem
2497 4003 2768 4063 veraciter
2821 4015 3124 4079 reparatur.
3157 4009 3400 4066 Gudium
3436 4028 3576 4070 vero
3607 4029 3757 4071 com-

2161 4091 2445 4148 solationis
2493 4094 2613 4163 jam
2664 4094 3070 4166 quodammodo
3125 4107 3365 4155 mentem
3420 4100 3756 4160 intrinsecus

2161 4187 2329 4255 fovet,
2363 4196 2528 4261 atque
2553 4191 2851 4261 componit,
2893 4191 3196 4266 suadetque
3224 4201 3283 4250 ut
3311 4211 3515 4253 secum
3551 4214 3751 4270 perma-

2160 4291 2297 4333 nere
2317 4276 2506 4350 eligat,
2528 4293 2709 4350 neque
2730 4287 2886 4335 extra
2898 4280 3163 4354 dignetur
3183 4298 3435 4355 quaerere
3450 4288 3606 4358 quod
3625 4288 3761 4344 intm
3834 4316 3845 4321 -

2075 4396 2130 4457 D
2159 4365 2407 4421 veracius
2428 4375 2592 4439 atque
2612 4367 2861 4424 securius
2879 4369 3056 4441 possit
3075 4372 3385 4442 possidere.
3414 4374 3592 4433 Porro
3611 4376 3763 4434 dolor

2160 4464 2560 4521 exercitationis
2589 4467 2663 4521 ita
2695 4481 2913 4524 omnem
2963 4469 3251 4526 exterioris
3282 4470 3625 4530 dilectionis
3656 4492 3765 4534 me-

2151 4567 2386 4624 moriam
2416 4568 2485 4623 ab
2513 4568 2698 4625 animo
2724 4569 2967 4639 seclusit,
3004 4579 3081 4639 ut,
3118 4572 3248 4628 dum
3285 4589 3389 4631 suo
3418 4574 3763 4637 intrinsecus

2152 4655 2326 4713 dolori
2352 4656 2632 4714 intendere
2687 4659 2901 4731 cogitur
2955 4660 3087 4733 quid
3141 4660 3274 4719 foris
3301 4663 3393 4734 sit,
3418 4664 3765 4727 delectabile

2148 4752 2373 4809 minime
2410 4754 2759 4811 recordetur.
2826 4757 3117 4815 Postremo
3172 4759 3434 4832 gaudium
3476 4760 3764 4822 felicitatis

2148 4843 2427 4899 hominem
2456 4844 2616 4899 etiam
2646 4844 2886 4916 seipsum
2934 4846 3185 4904 oblivisci
3220 4847 3366 4915 facit,
3411 4850 3562 4922 quia,
3625 4854 3763 4910 dum

2147 4947 2308 4988 mens
2340 4940 2447 4989 tota
2476 4947 2841 5005 supernorum
2883 4934 3207 5007 gaudiorum
3245 4936 3530 4994 dulcedini
3552 4939 3762 5015 inhiat,

2146 5047 2316 5103 supra
2366 5046 2428 5087 se
2485 5030 2700 5088 elevata
2735 5047 2847 5090 non
2909 5032 3085 5090 solum
3124 5033 3327 5092 intima:
3364 5035 3762 5100 delectationis

2144 5143 2256 5185 non
2281 5128 2562 5197 meminit,
2594 5129 2695 5186 sed
2718 5129 2843 5202 ipsa
2885 5131 3143 5203 quoniam
3183 5132 3290 5189 sibi
3336 5135 3759 5208 quodammodo

2144 5225 2373 5282 feliciter
2389 5226 2448 5282 in
2463 5226 2799 5285 oblivionem
2831 5228 2996 5285 venit.
3022 5230 3160 5303 Igitu
3170 5247 3198 5286 r
3217 5232 3477 5305 gaudium
3489 5236 3761 5295 vanitatis

2143 5316 2386 5370 animum
2428 5314 2716 5387 dispergit,
2758 5316 2917 5373 dolor
2955 5317 3295 5377 confusionis
3347 5321 3579 5394 colligit,
3614 5341 3762 5397 gau—

2142 5411 2293 5467 dium
2339 5413 2728 5470 consolationis
2770 5415 3064 5488 componit.
3124 5417 3285 5474 dolor
3322 5420 3760 5481 exercitationis

2140 5499 2295 5573 ligat,
2339 5502 2601 5573 gaudium
2631 5503 2906 5561 felicitatis
2950 5515 3134 5562 sanat.
3173 5508 3257 5563 Fit
3286 5515 3468 5565 tamen
3496 5526 3759 5570 nonanno

2141 5615 2304 5669 quam
2333 5607 2391 5654 ut
2435 5600 2694 5673 gaudium
2736 5603 2992 5660 vanitatis
3041 5613 3276 5662 vertatur
3311 5606 3649 5679 quibusdam
3691 5611 3754 5666 in

2138 5686 2402 5759 gaudium
2430 5690 2815 5754 consolationis
2849 5710 2863 5751 :
2914 5701 2965 5755 et
3013 5694 3318 5771 econtrario
3364 5696 3575 5769 gaudio
3606 5712 3756 5758 con~
