3972 6076
162 248 314 301 1225

1104 245 1698 303 DEFLORATIONES
1751 248 1848 304 SS.
1893 249 2188 306 PATRUM.
2220 282 2291 291 —
2318 251 2446 306 LIB.
2481 255 2546 306 ll.

3339 261 3475 315 129.6

169 370 471 426 solationis
513 369 807 424 abutantur
849 369 1064 440 quidam
1109 387 1218 440 prze
1255 370 1455 441 gaudio
1496 371 1772 426 vanitatis.
1811 377 1865 434 A
1896 375 2040 444 quod
2058 383 2213 430 aetate
2235 377 2448 442 maturi,
2479 395 2586 433 non
2617 388 2794 434 tamen
2837 381 2998 436 nimia
3046 392 3324 440 senectute
3356 403 3478 457 quas

163 459 410 514 Rursum
441 459 564 514 aliis
594 459 751 514 dolor
779 458 1113 514 confusionis
1161 460 1215 511 in
1266 459 1509 513 dolorem
1561 460 1778 516 exerci-

163 549 394 602 tationis
425 548 670 613 vertitur,
694 556 745 600 et
770 547 898 601 item
921 547 1040 600 aliis
1077 546 1236 600 dolor
1277 547 1684 602 exercitationis
1722 549 1776 602 in

161 636 424 691 dolorem
455 635 794 692 confusionis
827 644 1213 690 commutatur.

241 733 342 786 I-lis
372 733 557 803 itaque
589 733 830 802 quinque
852 731 1086 786 statibus
1121 732 1374 786 humanae
1412 732 1776 787 mutabilitatis

162 830 522 892 apponantur
551 821 797 892 quinque
828 821 1058 876 virtutes
1085 820 1279 875 animae
1309 821 1604 875 naturales.
1637 820 1778 889 Qua-

164 927 294 965 rum
327 909 496 980 prima
527 909 800 980 duplicem
836 910 994 964 habet
1027 909 1279 964 virtutem
1313 925 1326 964 :
1361 917 1412 962 et
1443 909 1566 964 ideo
1596 911 1776 964 sensi-

166 998 296 1052 bilis
326 999 377 1051 in
408 1007 636 1070 utraque
670 1006 821 1068 parte
855 997 1188 1068 appellatur.
1213 997 1415 1052 Tribuit
1447 998 1774 1054 cnimintel-

164 1087 414 1159 ligentiac
452 1096 658 1142 nostrae.
699 1103 944 1150 sensum,
1003 1101 1109 1156 quo
1177 1087 1564 1157 imaginatione
1630 1087 1776 1142 varia

163 1175 538 1246 incorporalia
570 1175 848 1230 noscimus
883 1193 896 1239 ;
934 1174 1062 1230 facit
1106 1174 1268 1229 etiam
1326 1175 1642 1244 corporales
1686 1175 1772 1229 vi-

167 1281 308 1335 gere
339 1281 555 1329 sensus,
591 1264 644 1318 id
675 1273 756 1318 est
780 1264 987 1328 visum,
1014 1263 1273 1329 auditum,
1300 1265 1612 1331 odoratum,
1661 1281 1772 1335 gu-

171 1363 317 1408 stum
350 1362 400 1408 et
433 1362 633 1409 tactum
669 1369 679 1404 :
716 1370 822 1424 quo
853 1359 1001 1407 tactu
1059 1353 1196 1405 dura
1255 1361 1308 1406 et
1365 1353 1570 1414 mollia,
1629 1353 1775 1408 lenia

164 1458 472 1514 asperaque
504 1443 794 1496 sentimus.
845 1441 1098 1496 Secunda
1147 1441 1471 1510 imperative
1527 1441 1769 1502 dicitur;

167 1531 464 1603 quaejubet
485 1531 706 1602 organis
729 1530 1109 1600 COl'pOl'allbUS
1139 1537 1319 1583 motus
1349 1529 1603 1584 diversos
1635 1547 1772 1601 quos

166 1619 400 1690 implere
439 1619 768 1683 decreverit,
803 1620 906 1674 hoc
936 1627 1015 1672 est
1048 1617 1339 1672 transferri
1371 1618 1438 1672 de
1462 1617 1582 1673 loco
1613 1619 1678 1671 ad
1701 1619 1772 1674 lo-

1887 479 2109 516 sensum
2140 465 2352 528 minuit,
2385 466 2664 522 debilitate
2698 469 2890 524 melius
2921 487 3116 540 sapere
3150 472 3480 543 judicantur,

1887 552 2033 621 quia,
2067 555 2484 609 senescentibus
2511 557 2775 611 membris
2804 566 2856 612 et
2885 559 3264 629 corporalibus
3298 563 3481 617 sensi-

1886 639 1988 693 bus
2011 641 2250 707 mollitis,
2276 659 2374 712 pro
2405 645 2638 699 maxime
2670 653 2822 715 parte
2867 646 2922 700 in
2965 647 3251 703 consilium
3304 655 3481 705 trans-

1885 734 2036 798 eunt,
2069 730 2157 782 ubi
2187 731 2314 784 dum
2361 748 2513 786 mens
2556 733 2788 804 amplius
2828 744 3144 805 occupatur,
3204 737 3479 794 robustior

1885 825 2086 880 virtute
2125 827 2466 883 adunationis
2503 829 2759 884 efficitur.
2808 829 3010 900 Quarta
3031 840 3110 887 est
3157 833 3354 902 vitalis,
3415 835 3471 890 id

1884 922 1966 968 est
1994 913 2145 968 calor
2173 915 2368 969 animae
2404 918 2686 983 naturalis,
2721 919 2812 989 qui
2843 919 3001 975 nobis
3039 929 3266 992 prepter
3313 939 3473 978 suum

1882 1000 2152 1057 fervorem
2183 1005 2570 1060 moderandum
2595 1014 2650 1060 ut
2672 1023 2836 1062 auras
2868 1010 3136 1063 sethereas
3172 1011 3476 1067 hauriendo

1882 1098 2043 1162 atque
2072 1092 2355 1146 reddendo
2388 1094 2554 1148 vitam
2611 1096 2793 1149 tribuit
2822 1106 2906 1151 est
2961 1097 3214 1152 salutem.
3270 1099 3474 1168 Quinta

1883 1179 2291 1244 estdelectatio,
2327 1181 2430 1237 hoc
2459 1191 2541 1236 est
2573 1185 2856 1254 appetitus
2886 1185 3012 1241 boni
3041 1195 3095 1240 et
3138 1187 3287 1253 mali,
3308 1205 3471 1260 quem

1882 1268 2337 1336 subjucunditate
2367 1269 2577 1324 animus
2606 1273 2962 1340 concupiscit.
2998 1274 3094 1328 llic
3126 1291 3252 1330 vero
3284 1292 3459 1347 appe-

1882 1354 2009 1408 titus
2039 1356 2093 1409 in
2125 1367 2359 1426 quatuor
2384 1359 2598 1428 species
2629 1359 2918 1414 dividitur.
2955 1362 3130 1416 Prima
3179 1372 3259 1417 est
3301 1373 3466 1418 attra-

1880 1443 2036 1512 ctiva,
2073 1446 2290 1515 rapiens
2327 1447 2395 1502 de
2447 1448 2679 1502 naturali
2736 1449 2877 1519 quod
2935 1450 3039 1503 sibi
3096 1453 3467 1508 necessarium

1881 1532 2042 1586 sentit
2073 1552 2086 1598 ;
2123 1534 2384 1599 secunda,
2417 1535 2742 1602 detentoria,
2777 1546 3057 1607 assumpta
3086 1537 3321 1594 retinens
3363 1541 3469 1596 do-

1881 1636 1983 1675 nec
2021 1638 2084 1674 ex
2127 1623 2211 1674 his
2251 1622 2394 1676 utilis
2443 1624 2687 1679 decoctio
2744 1635 3114 1695 procuretur;
3171 1626 3327 1682 tertia
3384 1641 3470 1683 est

167 1724 316 1772 cum,
344 1723 510 1762 voces
541 1708 726 1771 edere,
760 1707 1000 1761 membra
1033 1722 1290 1762 curvare.
1329 1707 1511 1761 Tertia
1560 1707 1766 1776 princi-
1797 1738 1848 1798 B
1880 1708 2221 1774 translativa,
2255 1727 2376 1780 quze
2416 1721 2637 1781 accepta
2679 1712 2734 1764 in
2781 1713 2929 1766 aliud
2980 1715 3250 1770 convertit
3303 1724 3468 1786 atque

169 1797 312 1868 palis
345 1805 590 1862 vocatur,
623 1813 745 1852 cum
774 1797 842 1850 ab
873 1797 1020 1850 omni
1069 1804 1193 1851 actu
1243 1795 1437 1850 remoti
1486 1795 1541 1848 in
1599 1796 1768 1851 otium

170 1886 510 1956 reponimur,
561 1894 616 1940 et
657 1885 1040 1956 corporalibus
1089 1884 1343 1938 sensibus
1393 1884 1589 1956 quietis
1631 1900 1766 1955 pro-

171 1974 396 2030 fundius
455 1973 659 2047 aliquid
714 1973 1031 2047 ﬁrmiusque
1089 1981 1410 2029 tractamus.
1481 1973 1619 2029 llinc
1685 1982 1766 2030 est

1879 1798 2181 1867 transponit
2207 1815 2221 1867 ;
2244 1809 2429 1869 quarta
2447 1808 2528 1854 est
2561 1801 2858 1870 expletiva,
2895 1818 3016 1874 quae
3038 1810 3096 1857 ut
3133 1811 3322 1859 natura
3375 1805 3468 1860 tiat

1876 1884 2045 1941 libera
2073 1886 2177 1940 sibi
2209 1887 2456 1943 nocitura
2484 1888 2725 1960 depellit.

881 2370 1005 2473 IN
1084 2369 1954 2473 DEDICATIONE
2033 2368 2716 2474 ECCLESUE.

1456 2613 1850 2680 Secundum
1900 2614 2176 2680 Lucam.

250 2831 271 2853 κ
309 2807 599 2876 Ingressus
626 2803 785 2858 Jesus
816 2799 1228 2872 perambulabat
1255 2798 1502 2856 Jcricho.
1541 2801 1608 2854 Et
1636 2815 1766 2856 ecce

173 2903 258 2961 vir
285 2902 503 2958 nomine
534 2901 818 2956 Zachaeus.
859 2899 924 2952 Et
954 2898 1040 2954 hic
1070 2906 1188 2953 erat
1236 2898 1488 2969 princeps
1533 2898 1767 2968 publica-

172 3009 393 3060 norum,
434 2999 488 3047 et
526 2992 645 3060 ipse
701 2989 880 3044 dives.
921 2988 983 3041 Et
1014 2988 1201 3042 videre
1251 2988 1535 3059 qurerebat
1580 2989 1761 3041 Jesum

176 3083 297 3154 quis
329 3089 498 3145 esset,
530 3087 584 3134 et
615 3095 721 3133 non
753 3085 968 3148 poterat
999 3093 1109 3148 pm
1157 3077 1333 3141 turba,
1386 3077 1509 3147 quia
1555 3085 1764 3130 statura

175 3171 399 3242 pusillus
430 3176 573 3222 enat.
613 3169 678 3222 Et
710 3182 1051 3236 praecurrens
1108 3166 1351 3220 ascendit
1407 3166 1459 3218 in
1508 3165 1764 3219 arborem

177 3274 524 3329 sycomorum
557 3265 614 3311 ut
647 3255 854 3310 videret
885 3272 1026 3323 eum,
1080 3256 1207 3324 quia
1251 3255 1379 3308 inde
1419 3262 1534 3308 erat
1583 3263 1764 3308 trans-

176 3356 345 3410 iturus
375 3356 532 3423 (Luc.
566 3354 698 3423 χιχ).
733 3374 755 3399 ιι
809 3351 952 3405 Ecce
998 3351 1259 3410 camelus,
1312 3350 1560 3420 deposita
1613 3349 1767 3422 gibbi

176 3443 412 3508 sarcina,
447 3459 546 3513 per
577 3441 820 3495 foramen
850 3454 982 3494 acus
1013 3440 1222 3505 transit,
1253 3439 1354 3492 hoc
1387 3447 1469 3492 est
1513 3438 1666 3492 dives
1714 3445 1766 3492 et

174 3532 520 3604 publicanus,
586 3529 774 3584 relicto
830 3543 998 3582 onere
1053 3527 1388 3593 divitiarum,
1455 3533 1765 3596 contempto

172 3638 340 3678 censu
407 3619 720 3685 fraudium,
789 3627 1080 3685 angustam
1149 3625 1362 3685 portam
1453 3626 1765 3686 arctamque

174 3711 316 3765 viam
348 3725 470 3779 qua:
498 3708 645 3762 ducit
670 3707 737 3760 ad
768 3705 932 3759 vitam
980 3703 1250 3759 ascendit.
1306 3704 1367 3757 Et
1413 3705 1537 3774 quia
1589 3704 1764 3758 devo-

173 3799 322 3854 tione
353 3796 480 3851 fidei
511 3795 580 3850 ad
612 3794 906 3850 videndum
960 3793 1321 3857 Salvatorem,
1371 3792 1516 3863 quod
1572 3801 1765 3846 natura

171 3889 350 3942 minus
381 3885 633 3949 habebat,
666 3898 899 3937 ascensu
928 3881 1144 3952 supplet
1173 3880 1403 3935 arboris.
1436 3881 1589 3935 Juste
1621 3880 1764 3951 quod

173 3991 366 4047 rogare
393 3989 502 4029 non
533 3972 774 4027 audebat
802 3970 1102 4025 Dominica:
1133 3968 1494 4040 susceptionis
1541 3969 1766 4024 benedi-

172 4072 404 4130 ctionem
435 4069 630 4141 accipit
659 4085 821 4141 quam
843 4067 1207 4122 desiderabat.
1243 4067 1381 4136 Quia
1413 4067 1572 4122 etiam
1601 4067 1764 4122 turba

173 4162 435 4231 imperitae
493 4157 742 4214 confusio
789 4156 1148 4211 multitudinis
1177 4164 1264 4210 est
1319 4172 1441 4227 quae
1503 4156 1765 4210 verticem

175 4248 455 4318 sapientiae
485 4247 672 4302 videre
703 4247 910 4316 nequit,
943 4245 1133 4300 merito
1175 4261 1286 4299 non
1327 4245 1379 4297 in
1427 4244 1603 4306 turba,
1664 4243 1762 4297 sed

173 4337 389 4407 plebem
419 4343 792 4405 transgressus
823 4333 1069 4400 insciam,
1120 4349 1280 4403 quam
1323 4329 1762 4386 benedictionem

173 4424 452 4479 desiderat
504 4422 724 4492 accipit.
801 4423 1056 4476 Zachteus
1124 4429 1306 4474 autem
1371 4419 1760 4488 interpretatur

161 4513 538 4586 justi/ionius,
594 4480 648 4565 et
677 4508 948 4582 signiﬁcat
977 4509 1264 4564 credentes
1292 4525 1356 4563 ex
1387 4480 1642 4580 gentibus
1663 4523 1760 4577 per
1786 4480 1841 4542 D

174 4612 585 4683 occupationem
616 4609 995 4681 temporalium
1026 4609 1324 4678 depressos
1371 4623 1435 4662 ac
1477 4607 1758 4670 minimos,

173 4703 267 4758 sed
297 4718 330 4756 a
359 4701 593 4756 Domino
624 4696 1014 4754 sanctilieatos.
1051 4699 1364 4768 lngressum
1392 4697 1608 4752 Jericho
1639 4696 1761 4750 bal-

174 4802 417 4848 vatorem
448 4797 716 4860 quaerunt,
749 4787 878 4842 dum
909 4787 1103 4858 gratiae
1130 4785 1256 4840 ﬁdei
1301 4801 1466 4856 quam
1515 4786 1762 4840 Salvator

171 4881 344 4935 attulit
373 4878 705 4950 participare
737 4876 980 4946 cupiunt,
1013 4875 1113 4930 sed
1153 4875 1313 4928 turba
1369 4873 1545 4929 noxiae
1603 4873 1760 4929 vitio-

174 4986 288 5025 rum
319 4966 725 5024 consuetudinis
755 4965 959 5019 tardat.
1000 4965 1186 5036 Itaque
1216 4979 1444 5019 necesse
1475 4971 1558 5018 est
1585 4971 1642 5016 ut
1671 4980 1764 5033 pu-

174 5059 322 5113 sillus
351 5056 519 5112 turba:
548 5054 887 5110 obstaculum
918 5054 1282 5121 transcendat,
1331 5060 1547 5107 terrena
1595 5051 1762 5107 relin-

177 5155 319 5216 quat,
352 5145 608 5199 arborem
657 5143 838 5198 crucis
897 5142 1181 5197 ascendat.
1242 5143 1571 5211 Sycomorus
1629 5141 1762 5195 licus

175 5235 314 5289 fatua
334 5232 553 5298 dicitur,
587 5231 752 5285 arbor
781 5229 923 5285 foliis
958 5247 1114 5286 moro
1162 5229 1378 5296 similis,
1429 5228 1527 5284 sed
1574 5227 1761 5283 altitu-

177 5321 294 5376 dine
325 5325 612 5391 prrestans.
646 5320 800 5375 Unde
833 5327 884 5374 et
911 5336 940 5372 a
971 5319 1179 5373 Latinis
1217 5318 1370 5374 celsa
1401 5327 1758 5388 nuncupatur.

177 5419 239 5474 Et
268 5416 550 5472 Dominica
578 5432 707 5471 crux
740 5415 1031 5472 credentes
1058 5415 1151 5469 alit
1188 5424 1245 5470 ut
1267 5414 1416 5482 ﬁcus,
1468 5415 1537 5469 ab
1585 5414 1762 5469 incre-

177 5505 312 5561 dulis
341 5503 600 5559 irridetur
629 5513 684 5559 ut
713 5503 878 5558 fatua.
910 5525 927 5555 ι
952 5505 1065 5559 Nos
1084 5505 1247 5572 enim,
1277 5529 1298 5553 ι
1327 5504 1501 5576 inquit
1522 5505 1761 5574 Aposto«

177 5596 275 5664 lus,
312 5619 333 5642 α
363 5593 726 5665 praedicamus
747 5593 1018 5648 Christum
1041 5593 1600 5657 crncilixumJudzeis
1635 5591 1760 5663 qui-

179 5687 292 5741 dem
325 5682 660 5747 scandalum,
714 5683 976 5754 gentibus
1021 5694 1200 5738 autem
1249 5681 1581 5751 stultitiam;
1630 5681 1763 5750 ipsis

180 5789 302 5831 vero
333 5772 536 5830 vocatis
561 5772 765 5827 Iudaeis
800 5781 961 5842 atque
1019 5774 1277 5845 gentibus
1335 5770 1608 5828 Christum
1665 5769 1764 5825 Dei

486 5870 746 5935 Punon.
779 5871 992 5935 CLVII
1006 5917 1020 5933 .

1797 3123 1844 3187 C

1875 2801 2125 2858 virtutem
2147 2810 2196 2857 et
2216 2801 2314 2858 Dei
2337 2801 2658 2874 sapientiam
2683 2803 2710 2858 Ι
2724 2803 2844 2859 Cor.
2869 2806 2931 2876 ι).
2961 2829 2983 2854 υ
3009 2805 3183 2874 Quam
3206 2807 3460 2865 arborem

1874 2901 2102 2970 pusillus
2132 2901 2398 2968 ascendit,
2431 2901 2558 2954 dum
2590 2901 2853 2972 quislibet
2891 2903 3107 2959 humilis
3137 2913 3190 2960 et
3224 2907 3464 2977 proprias

1874 2989 2202 3044 infirmitatis
2232 2989 2486 3045 conscius
2534 2989 2779 3045 clamat:
2843 3015 2864 3039 α
2900 2993 3032 3046 Mihi
3088 3002 3268 3048 autem
3321 2997 3463 3051 absit

1874 3077 2098 3150 gloriari
2129 3078 2230 3131 nisi
2270 3078 2323 3132 in
2361 3095 2524 3134 cruce
2582 3079 2798 3134 Domini
2855 3080 3022 3134 nostri
3068 3082 3201 3137 Jesu
3258 3084 3464 3140 Christi

1877 3178 2029 3247 \Gal.
2094 3181 2195 3245 vt).
2263 3177 2431 3244 Quasi
2489 3186 2860 3232 transeuntem
2929 3178 3217 3233 Dominum
3285 3183 3462 3236 cernit

1875 3266 1966 3337 qui
1998 3265 2051 3318 in
2079 3265 2256 3320 crucis
2285 3266 2545 3336 mysterio
2594 3267 2806 3321 caelesti
2863 3266 3148 3336 sapientia“:
3198 3277 3463 3339 quantum

1873 3363 2071 3424 potest,
2105 3354 2354 3408 intendit.
2389 3355 2634 3426 Denique
2663 3355 2812 3421 inde,
2844 3354 2899 3408 id
2929 3363 3014 3410 est
3064 3356 3117 3410 in
3167 3355 3260 3411 illa
3308 3367 3464 3427 parte

1873 3444 2192 3497 transiturus
2223 3451 2361 3507 erat,
2395 3443 2498 3497 'ubi
2555 3459 2895 3514 sycomorus,
2955 3443 3010 3498 id
3067 3452 3149 3500 est
3205 3445 3464 3502 Judaicus

1874 3533 2124 3602 populus,
2159 3530 2242 3586 vel
2275 3531 2366 3585 ubi
2395 3531 2613 3602 gentilis
2642 3530 2872 3602 p0pulus
2900 3532 3206 3588 crediturus
3235 3543 3373 3602 erat,
3411 3544 3470 3591 ut

1874 3630 1925 3676 et
1953 3620 2277 3693 mysterium
2309 3627 2572 3684 servaret,
2606 3628 2658 3675 et
2704 3620 2941 3692 gratiam
2996 3623 3317 3678 seminaret.
3375 3625 3468 3681 Sic

1874 3710 2017 3766 enim
2050 3717 2292 3777 venerat,
2323 3718 2380 3764 ut
2410 3725 2511 3780 per
2537 3709 2754 3764 Judzeos
2801 3709 3056 3764 transiret
3113 3711 3183 3766 ad
3235 3722 3457 3784 gentes.

1879 3822 1900 3848 ι
1935 3799 2003 3853 Et
2032 3814 2155 3854 cum
2185 3797 2427 3853 venisset
2456 3797 2524 3852 ad
2555 3796 2755 3863 locum,
2789 3798 3096 3868 suspiciens
3121 3801 3282 3855 Jesus
3334 3801 3466 3856 vidit

1872 3897 2049 3951 illum.
2093 3918 2114 3945 υ
2148 3897 2265 3950 Jam
2305 3894 2449 3949 enim
2502 3894 2824 3948 sublimitate
2880 3893 3006 3949 fidei
3063 3897 3203 3950 inter
3255 3897 3464 3953 fructus

1872 4001 2134 4041 novorum
2164 4000 2391 4053 Operum
2422 3982 2570 4036 velut
2597 3983 2650 4036 in
2691 3981 2921 4036 fecunda
2969 3982 3250 4038 altitudine
3297 3986 3462 4040 arbo-

1872 4076 1948 4128 ris
1987 4073 2282 4129 eminebat.
2334 4073 2436 4124 Per
2478 4071 2767 4126 Praecones
2803 4076 2983 4123 autem
3036 4071 3190 4125 verbi
3247 4071 3348 4140 sui,
3405 4073 3462 4128 in

1871 4163 2066 4234 quibus
2099 4170 2217 4216 erat
2244 4161 2422 4223 Iesus,
2455 4167 2507 4212 et
2536 4157 2882 4228 loquebatur,
2916 4158 3063 4212 venit
3091 4158 3161 4213 ad
3201 4160 3461 4230 pOpulum

1870 4251 2171 4313 nationum,
2213 4247 2335 4318 quia
2373 4245 2648 4316 passionis
2704 4245 2825 4315 ejus
2882 4246 2989 4301 fide
3043 4247 3153 4315 jam
3211 4248 3462 4306 sublimis

1871 4340 2031 4394 etiam
2058 4336 2388 4391 divinitatem
2420 4333 2540 4402 ejus
2581 4350 2881 4406 agnoscere
2923 4335 3095 4389 ardet.
3146 4335 3463 4406 Suspiciens

1870 4427 2034 4494 videt,
2069 4425 2195 4497 quia
2223 4440 2321 4495 per
2351 4423 2511 4477 fidem
2543 4439 2571 4476 a
2603 4421 2834 4478 terrenis
2863 4424 3132 4479 elevatum
3164 4424 3320 4496 erigit
3350 4426 3463 4482 eri-

1874 4524 2090 4588 gentem
2121 4530 2200 4578 se,
2243 4520 2304 4567 et
2331 4520 2476 4566 amat
2507 4520 2776 4566 amantem
2806 4527 2886 4566 se.

1944 4638 1965 4661 ιι
2002 4615 2068 4667 Et
2096 4611 2230 4666 dixit
2260 4611 2326 4664 ad
2357 4626 2476 4665 eum
2513 4627 2524 4663 :
2557 4609 2802 4674 Zachaee,
2835 4607 3122 4664 festimans
3163 4609 3457 4680 descende,

1868 4702 1993 4775 quia
2032 4701 2191 4756 hodie
2221 4700 2276 4754 in
2307 4700 2468 4753 domo
2491 4706 2581 4752 tua
2603 4705 2818 4767 oportet
2839 4714 2926 4752 me
2947 4714 3197 4754 manere.
3222 4701 3286 4754 Et
3318 4700 3464 4756 festi-

1867 4809 2024 4848 mans
2051 4787 2352 4854 descendit,
2379 4795 2433 4842 et
2452 4785 2664 4857 excepit
2684 4786 2832 4840 illum
2851 4786 3118 4858 gaudens.
3147 4810 3169 4834 η
3196 4788 3460 4845 Invitatus

1871 4881 2076 4944 invitat,
2110 4879 2239 4950 quia
2268 4876 2314 4931 si
2345 4877 2584 4931 nondum
2632 4875 2879 4929 audierat
2921 4890 3112 4930 vocem
3162 4874 3456 4944 invitantis,

1867 4971 2115 5026 audierat
2146 4966 2417 5021 affectum.
2452 4965 2640 5034 Itaque
2669 4963 2830 5018 hodie
2847 4963 2901 5016 in
2936 4963 3102 5018 domo
3137 4963 3319 5033 pusilli
3352 4967 3458 5020 Za-

1867 5059 2002 5115 chsei
2032 5064 2247 5128 oportet
2275 5053 2426 5108 illum
2457 5068 2699 5118 manere,
2730 5051 2784 5104 id
2815 5057 2902 5105 est
2931 5067 3075 5106 nova
3103 5050 3241 5105 lucis
3283 5053 3459 5124 gratia

1867 5153 2244 5205 coruscantem
2276 5142 2328 5195 in
2361 5141 2547 5196 humili
2575 5139 2911 5196 credentium
2956 5139 3238 5195 nationum
3289 5143 3459 5198 corde

1867 5237 2175 5308 quiescere.
2208 5231 2365 5300 Quod
2397 5238 2576 5284 autem
2606 5228 2674 5282 de
2705 5242 2993 5299 sycomoro
3014 5227 3372 5296 descendere,
3403 5239 3460 5286 et

1867 5326 1946 5382 sic
1975 5324 2032 5377 in
2061 5323 2224 5377 domo
2254 5318 2591 5373 mansionem
2621 5315 2834 5370 Christo
2864 5331 3055 5387 parare
3076 5315 3322 5386 jubetur,
3355 5318 3460 5374 hoc

1867 5421 1951 5469 est
1969 5411 2120 5484 quod
2139 5410 2214 5464 ait
2230 5405 2514 5478 Apostolus
2537 5422 2549 5458 :
2575 5429 2594 5453 α
2623 5405 2752 5459 Etsi
2774 5404 3135 5476 cognovimus
3156 5406 3459 5463 secundum

1868 5518 2089 5560 carnem
2120 5498 2420 5562 Christum,
2453 5494 2551 5550 sed
2577 5494 2693 5564 jam
2748 5509 2858 5549 non
2906 5493 3156 5549 novimus
3197 5493 3282 5565 (Il
3327 5495 3456 5554 Cor.

1870 5595 1950 5661 v).
1981 5616 2000 5638 »ι
2021 5622 2089 5630 -
2115 5613 2135 5635 ιι
2167 5589 2227 5643 lit
2251 5586 2293 5640 si
2318 5585 2464 5639 enim
2499 5593 2745 5638 mortuus
2769 5590 2852 5638 est
2885 5597 2957 5636 ex
3001 5581 3305 5638 infirmitate
3335 5600 3463 5638 car-

1873 5680 1979 5745 nis,
2013 5682 2109 5735 sed
2135 5678 2252 5747 jam
2289 5674 2420 5729 vivit
2450 5689 2516 5728 ex
2550 5671 2748 5728 virtute
2778 5671 2875 5727 Dei
2908 5673 2985 5743 (ll
3016 5675 3138 5730 Cor.
3177 5673 3324 5741 xm).
3369 5695 3390 5718 -

1946 5768 2010 5823 Et
2065 5783 2188 5824 cum
2246 5760 2492 5818 viderent
2543 5776 2732 5818 omnes
2773 5760 3190 5816 murmurabant
3233 5756 3473 5815 dicentes

3113 5853 3190 5916 89
