4008 6092
462 211 600 265 12ἳ7

1595 201 1933 257 VVERNERI
1974 201 2265 260 ABBATIS
2304 203 2359 258 5.
2401 201 2618 258 BLASII

3617 205 3758 259 1228

460 332 605 407 quod
635 331 705 386 ad
734 327 1009 384 hominem
1038 334 1381 398 peccatorem
1426 325 1764 380 divertisset.
1808 350 1829 372 υ
1882 324 2050 380 Mani—
2078 331 2134 387 Α
2163 335 2245 383 est
2275 329 2708 386 consideratione
2749 327 3034 396 virtutum,
3097 329 3260 399 quasi
3311 331 3554 400 quaedam
3608 339 3758 384 stru-

459 432 656 486 festum
689 437 772 484 est
798 427 1016 482 Judazos
1047 441 1265 494 semper
1294 423 1536 496 gentium
1578 422 1761 477 odisse
1809 420 1896 476 vel
1943 437 2053 477 non

458 519 798 575 intellexisse
828 515 1084 570 salutem.
1124 513 1277 570 Unde
1309 514 1473 567 etiam
1505 511 1697 565 ﬁdeles
1730 511 1928 564 fratres
1975 511 2054 564 di-

460 614 654 662 xerunt
680 606 942 661 adversus
973 603 1301 673 populorum
1336 601 1678 671 principem:
1716 623 1737 646 α
1775 598 1954 666 Quare
1976 598 2055 652 in-

459 696 639 752 troisti
669 694 740 750 ad
772 693 918 749 viros
949 691 1266 763 praaputium
1301 690 1581 757 habentes,
1616 698 1665 744 et
1712 686 2056 742 manducasti

459 801 580 842 cum
611 783 718 838 illis
745 783 772 836 ‘.’
802 782 944 847 (Act.
978 781 1075 846 xi).
1115 805 1136 828 ιι

541 923 562 948 «
598 898 759 954 Stans
791 904 976 951 autem
1006 894 1264 949 Zachaeus
1319 891 1460 947 dixit
1506 891 1577 947 ad
1622 892 1807 945 Jesum
1846 905 1858 943 :
1915 890 2055 944 Ecce

462 988 749 1045 dimidium
782 986 1046 1040 bonorum
1078 999 1346 1048 meorum,
1382 981 1629 1045 Domine,
1689 980 1759 1033 do
1797 977 2056 1048 pauperi-

464 1079 568 1133 bus
598 1095 611 1141 ;
649 1084 702 1131 et
731 1075 777 1130 si
809 1074 938 1146 quid
968 1073 1206 1143 aliquem
1234 1069 1572 1136 defraudavi,
1605 1069 1776 1124 reddo
1807 1067 2054 1136 quadru-

462 1166 632 1239 plum.
672 1189 692 1214 η
728 1165 985 1218 Zachaaus
1016 1170 1189 1227 stans,
1215 1162 1319 1214 hoc
1350 1169 1428 1214 est
1455 1159 1507 1212 in
1540 1157 1646 1211 ﬁde
1693 1172 1854 1228 quam
1902 1170 2059 1224 cepo-

463 1273 544 1318 rat
573 1261 893 1333 persistens,
928 1256 1163 1313 ostendit
1193 1272 1253 1310 se
1292 1255 1514 1310 omnino
1559 1269 1680 1308 esse
1729 1266 2056 1307 conversum

465 1353 534 1408 ad
563 1349 879 1406 Dominum.
903 1347 1030 1400 ldeo
1061 1346 1105 1398 si
1137 1360 1298 1415 quem
1332 1343 1538 1413 aliquid
1571 1339 2057 1396 defraudavitred-

462 1442 543 1496 dit
573 1437 959 1510 quadruplum,
997 1433 1124 1502 quia
1157 1434 1211 1487 in
1253 1432 1491 1502 antiquis
1539 1430 1798 1485 Ecclesia:
1847 1425 2060 1482 statutis

462 1528 749 1584 decretum
779 1532 862 1579 est
890 1532 943 1577 ut
975 1521 1067 1593 qui
1096 1521 1278 1575 aliena
1324 1519 1550 1584 invadit,
1603 1534 1711 1572 non
1759 1525 1915 1572 exeat
1953 1515 2061 1568 im-

461 1617 698 1688 punitus,
735 1613 831 1668 sed
889 1627 1010 1666 cum
1057 1608 1500 1679 multiplicatione
1547 1607 1729 1662 omnia
1776 1605 2048 1660 restituat.

463 1708 526 1760 In
556 1703 771 1776 legibus
802 1717 1020 1772 quoque
1051 1698 1235 1754 saeculi
1289 1706 1501 1752 cautum
1552 1696 1801 1760 habetur,
1851 1702 1907 1749 ut
1967 1692 2058 1762 qui

465 1811 582 1851 rem
613 1791 840 1863 subripit
859 1790 1117 1854 alienam,
1160 1787 1213 1840 in
1237 1785 1599 1856 quadruplum
1626 1784 1676 1839 ei
1694 1784 1940 1839 restituat
1969 1781 2057 1837 cui

468 1890 759 1962 subripuit.
796 1887 897 1944 Ubi
930 1894 1107 1941 autem
1134 1885 1395 1940 Zachazus
1414 1882 1697 1937 dimidium
1742 1896 1964 1936 suorum
1995 1895 2055 1934 se

463 1979 796 2054 pauperibus
825 1979 1188 2047 erogaturum
1221 1972 1374 2027 facile
1406 1971 1654 2042 spondet,
1690 1979 1746 2024 ut
1776 1970 1935 2024 etiam
1967 1977 2052 2023 to-

463 2080 580 2126 tum
609 2069 743 2122 dare
774 2081 882 2121 non
915 2071 1130 2118 recuset
1159 2061 1415 2116 insinuat.

543 2200 564 2224 .
600 2175 861 2229 AitJesus
893 2170 963 2224 ad
1023 2185 1190 2224 eum:
1252 2167 1386 2236 Quia
1446 2166 1606 2222 hodie
1665 2165 1813 2220 salus
1869 2162 2054 2218 domui

463 2264 590 2320 huic
621 2263 764 2318 facta
793 2267 900 2324 est,
933 2274 998 2314 eo
1029 2256 1174 2326 quod
1205 2263 1257 2310 et
1289 2257 1403 2325 ipse
1432 2253 1574 2308 ﬁlius
1623 2254 1691 2307 sit
1737 2253 1988 2307 Abrahae.
2027 2274 2049 2299 ι)

464 2353 634 2408 Filius
666 2349 914 2403 Abrahae
943 2346 1164 2409 dicitur,
1183 2359 1292 2400 non
1311 2344 1378 2398 de
1409 2342 1531 2413 ejus
1553 2341 1720 2412 stirpe
1737 2348 2050 2411 generatus,

461 2441 560 2496 sed
591 2442 716 2507 ejus
748 2435 908 2490 ﬁdem
939 2434 1205 2488 imitatus.
1247 2431 1404 2486 Salus
1424 2447 1544 2501 qua:
1563 2429 1688 2485 olim
1715 2428 1816 2482 fuit
1838 2428 2057 2482 Judaeo-

461 2545 585 2584 rum
609 2525 772 2582 hodie
801 2523 977 2579 illuxit
1007 2521 1210 2593 populo
1240 2519 1517 2574 nationum
1549 2517 1792 2574 credenti
1833 2517 1887 2571 in
1936 2518 2054 2571 Do-

460 2627 698 2682 minum.
737 2621 892 2679 Unde
922 2619 1264 2690 Apostolus:
1331 2617 1386 2672 Si
1443 2623 1626 2671 autem
1683 2631 1780 2672 vos
1831 2615 2050 2682 Christi,

461 2731 604 2787 ergo
636 2727 824 2768 semen
855 2710 1095 2764 Abrahae
1122 2706 1258 2762 estis
1288 2707 1316 2760 ?
1347 2706 1496 2770 (Gal.
1520 2706 1625 2774 ιιι.)
1663 2729 1684 2752 ιι
1719 2703 1876 2761 Venit
1903 2703 2053 2759 enim

463 2805 630 2860 Filius
658 2798 895 2856 hominis
923 2811 1170 2869 quaerere
1201 2802 1252 2850 et
1282 2793 1490 2849 salvum
1531 2793 1710 2849 facere
1759 2792 1902 2864 quod
1951 2808 2055 2862 pe-

460 2895 646 2948 rierat.
685 2912 706 2938 υ
745 2887 898 2944 Unde
927 2885 1054 2939 alibi
1085 2904 1097 2938 :
1137 2907 1158 2932 α
1185 2884 1308 2938 Non
1337 2883 1460 2937 veni
1491 2898 1688 2938 vocare
1712 2882 1908 2950 justos,
1955 2881 2053 2936 sed

460 2987 783 3054 peccatores
811 2976 866 3031 in
896 2972 1215 3046 poenitentia
1243 2970 1464 3042 (Matth.
1496 2972 1598 3038 ix).
1635 2994 1649 3020 ι

609 3129 841 3190 SERMO
880 3128 951 3183 IN
993 3123 1481 3182 DEDICATIONE
1519 3123 1894 3179 ECCLESL’E.

543 3259 624 3314 De
663 3260 1015 3312 sacramento
1039 3248 1402 3307 dedicationis
1434 3247 1699 3312 ecclesiae,
1733 3247 1786 3301 in
1819 3261 1926 3318 qua
1953 3260 2059 3302 cae-

466 3357 582 3405 tera
612 3345 794 3402 omnia
824 3349 1165 3398 sacramenta
1196 3337 1568 3400 celebrantur,
1602 3336 1932 3408 loquendum
1964 3349 2059 3388 no-

465 3438 551 3492 bis
573 3436 785 3492 videtur
808 3434 925 3487 haec
946 3427 1348 3503 ignorantibus.
1383 3427 1735 3482 Sacramenta
1754 3433 1932 3495 itaque
1954 3423 2060 3478 alia

469 3531 683 3581 constat
713 3537 835 3578 esse
870 3517 1082 3583 salutis,
1116 3517 1223 3571 alia
1253 3514 1748 3580 administrationis,
1783 3513 1889 3567 alia
1910 3528 2062 3567 exer-

470 3610 744 3669 citationis
779 3624 792 3662 :
825 3608 1000 3662 Prima
1029 3606 1100 3660 ad
1129 3605 1456 3668 remedium,
1505 3603 1746 3658 secunda
1801 3602 1870 3655 ad
1934 3601 2061 3657 ofﬁo

468 3710 633 3775 cium,
664 3705 826 3762 tertia
854 3705 924 3759 ad
950 3702 1289 3759 exercitium.
1326 3702 1393 3755 Et
1423 3700 1515 3755 illa
1544 3699 1761 3772 quidem
1791 3715 1908 3768 quae
1955 3699 2059 3753 ad-

471 3793 886 3854 ministrationis
942 3791 1058 3847 sive
1119 3788 1537 3862 praeparationis
1593 3796 1724 3842 sunt
1779 3787 2062 3844 ordinibus

472 3889 791 3952 cohaerent,
833 3879 1088 3954 quoniam
1158 3886 1211 3934 et
1273 3877 1378 3949 ipsi
1439 3876 1660 3932 ordines
1725 3884 2064 3932 sacramenta

473 3985 616 4042 sunt,
641 3983 697 4030 et
717 3989 839 4045 quae
861 3971 1009 4027 circa
1031 3968 1261 4025 ordines
1280 3966 1714 4030 considerantur,
1740 3965 1920 4037 qualia
1940 3974 2066 4020 sunt

472 4065 793 4122 indumenta
811 4076 965 4118 sacra
983 4066 1036 4115 et
1061 4073 1205 4124 vasa,
1222 4063 1276 4112 et
1313 4053 1653 4124 huiusmodi.
1695 4055 1820 4110 Hec
1860 4055 2061 4118 omnia,

477 4169 618 4227 quae,
658 4158 716 4206 ut
743 4151 946 4206 dictum
977 4155 1078 4216 est,
1111 4146 1256 4202 circa
1277 4144 1428 4216 ipsos
1450 4143 1671 4198 ordines
1709 4143 2064 4199 consideran-

474 4261 584 4317 tur,
616 4247 833 4305 divisim
861 4243 1088 4302 tractari
1120 4259 1229 4300 non
1261 4243 1594 4299 debuerunt.
1631 4241 1749 4297 Alia
1793 4259 1926 4298 vero
1971 4258 2064 4296 sa-

477 4345 754 4398 cramenta
792 4335 978 4391 omnia
1015 4335 1083 4389 ad
1143 4347 1264 4406 quae
1323 4330 1660 4388 conﬁcienda
1713 4339 1766 4387 et
1823 4329 2066 4386 sanctiﬁ-

2165 427 2317 472 ctura
2347 419 2592 488 lapidum
2621 417 2974 487 spiritualium
3006 417 3292 484 aediﬁcata,
3326 421 3417 474 ubi
3449 418 3584 473 ﬁdes
3627 419 3760 473 fun-

2161 506 2480 562 damentum
2513 507 2665 561 facit.
2707 506 2844 576 Spes
2873 506 3131 561 fabricam
3155 507 3342 579 exigit,
3362 509 3597 564 charitas
3617 523 3762 563 con-

2163 596 2581 650 summationem
2613 595 2865 664 imponit.
2904 595 3012 649 Sed
3045 603 3097 649 et
3127 595 3244 665 ipsa
3265 597 3513 652 Ecclesia
3528 612 3602 652 ex
3626 597 3762 651 mul-

2163 693 2386 747 titudine
2424 691 2661 748 ﬁdelium
2702 692 2754 745 in
2796 708 2959 745 unum
3015 701 3356 764 congregata
3411 703 3494 747 est
3560 694 3760 748 domus

2164 781 2365 835 Deiex
2407 783 2550 836 vivis
2605 780 2879 851 lapidibus
2947 789 3278 845 constructa,
3347 783 3439 837 ubi
3503 783 3760 838 Christus

2163 869 2570 926 fundamentum
2612 870 2876 942 angulare
2914 869 3124 939 positus
3162 879 3268 937 est,
3325 871 3462 926 duos
3518 872 3760 942 parietes

2162 969 2474 1023 Judaeorum
2498 976 2550 1023 et
2588 969 2832 1040 gentium
2871 967 2927 1022 in
2960 985 3064 1022 una
3103 968 3208 1024 ﬁde
3238 969 3609 1042 conjungens.
3649 971 3759 1024 Hu-

2159 1057 2252 1125 jus
2282 1057 2464 1127 itaque
2496 1057 2822 1112 sacramenti
2853 1058 2998 1128 quod
3029 1057 3082 1110 in
3114 1057 3456 1113 dedicatione
3503 1059 3755 1114 ecclesiae

2165 1145 2458 1200 exhibetur
2482 1145 2708 1200 formam
2739 1145 2970 1216 primum
3004 1147 3408 1216 proposuimus,
3453 1155 3510 1200 ut
3554 1147 3759 1201 deinde

2165 1240 2448 1310 mysticam
2479 1240 2895 1311 intelligentiam
2929 1241 3056 1295 ﬁdei
3090 1257 3216 1310 quaa
3245 1241 3298 1295 in
3347 1242 3443 1296 illo
3491 1241 3761 1297 formatur

2166 1329 2538 1398 exquiramus.
2581 1330 2780 1384 Verum
2812 1329 2880 1384 de
2910 1329 2995 1382 his
3025 1346 3145 1400 qua:
3191 1329 3535 1385 invisibiliter
3577 1331 3632 1384 in
3694 1346 3756 1386 ea

2167 1425 2425 1488 aguntur,
2461 1417 2695 1488 primum
2727 1419 3026 1473 videamus.

2241 1549 2484 1606 Pontifex
2513 1567 2706 1622 aquam
2737 1551 2984 1622 primitus
3031 1554 3323 1620 benedicit,
3381 1555 3620 1626 typicum
3680 1558 3766 1612 sal

2087 1677 2139 1737 Β
2171 1648 2496 1714 admiscens,
2529 1649 2727 1703 deinde
2758 1649 3048 1706 ecclesiam
3081 1651 3254 1719 ipsam
3285 1654 3636 1708 extrinsecus
3675 1663 3766 1709 ter

2166 1737 2413 1809 gyrando
2439 1738 2698 1810 aspergit,
2730 1737 2878 1794 clero
2910 1747 2960 1793 et
2991 1741 3192 1810 populo
3222 1742 3623 1812 subsequente.
3674 1744 3764 1796 ln-

2165 1827 2320 1881 terim
2354 1843 2485 1882 vero
2511 1826 2565 1880 in
2596 1827 2817 1882 circuitu
2849 1828 3167 1885 dedicanda:
3196 1829 3444 1886 ecclesiae
3489 1832 3760 1888 intrinse-

2163 1940 2259 1979 cus
2292 1925 2578 1980 duodecim
2610 1941 2839 1981 accensa
2861 1936 2982 1981 sunt
3019 1927 3328 1989 luminaria.
3360 1931 3465 1984 Per
3505 1931 3761 2001 singulas

2163 2021 2340 2068 autem
2371 2013 2520 2069 vices
2550 2014 2618 2068 ad
2651 2022 2858 2084 portam
2891 2015 3127 2070 basilicae
3175 2017 3419 2084 veniens,
3471 2035 3634 2090 quam
3681 2021 3758 2075 ob

2163 2103 2489 2157 sacramenti
2521 2102 2753 2174 ﬁguram
2783 2102 3025 2158 clausam
3063 2121 3188 2160 esse
3234 2115 3467 2176 oportet,
3520 2110 3762 2178 percutit

2161 2199 2316 2270 virga
2347 2199 2604 2269 pastorali
2637 2217 2800 2270 super
2821 2201 3071 2256 liminare
3099 2202 3270 2273 ipsius
3289 2204 3477 2259 dicens
3511 2222 3524 2258 :
3561 2228 3582 2251 ι
3620 2206 3758 2260 Tol-

2163 2287 2253 2342 lite
2286 2295 2494 2356 portas,
2525 2288 2822 2358 principes.
2856 2299 3089 2355 vestras,
3125 2300 3176 2346 et
3223 2293 3534 2359 elevamini,
3585 2303 3759 2364 porta:

2161 2377 2464 2443 teternales,
2499 2384 2551 2432 et
2581 2377 2822 2432 introibit
2852 2394 2952 2433 rex
3009 2379 3197 2450 gloria:
3255 2382 3438 2449 (1)εαὶ.
3503 2384 3683 2452 xxiii).
3732 2407 3752 2428 -

2163 2471 2262 2526 Cui
2301 2471 2563 2527 diaconus
2603 2472 2746 2526 intus
2812 2474 3026 2542 positus
3094 2476 3446 2545 respondet:
3528 2499 3547 2522 ιι
3619 2476 3758 2545 Quis

2163 2568 2244 2615 est
2307 2559 2409 2615 iste
2471 2577 2573 2615 rex
2640 2560 2884 2631 gloriae?
2952 2562 3172 2633 (ibid.)
3245 2585 3267 2614 ι
3340 2563 3581 2619 Pontifex
3649 2581 3754 2619 au-

2162 2656 2298 2703 tem.
2378 2673 2400 2696 «
2462 2649 2725 2704 Dominus
2782 2650 3037 2705 virtutum
3102 2651 3220 2722 ipse
3276 2661 3359 2708 est
3415 2670 3507 2708 rex
3563 2653 3758 2725 gloria;

2164 2745 2358 2816 (ibid.)
2394 2769 2415 2794 ι
2449 2746 2627 2802 Tertia
2666 2746 2863 2802 deinde
2892 2748 3010 2804 vice
3071 2759 3312 2806 reserato
3366 2751 3526 2819 ostio,
3582 2753 3758 2807 intrat

2161 2835 2400 2906 pontifex
2431 2851 2553 2890 cum
2584 2835 2732 2891 clero
2762 2844 2814 2892 et
2845 2837 3046 2908 p0pulo
3078 2839 3252 2905 tertio,
3287 2839 3476 2896 dicens
3510 2856 3524 2894 :
3570 2864 3591 2888 ι
3646 2843 3757 2896 Pax

2159 2924 2286 2980 huic
2323 2924 2507 2979 domui
2547 2927 2702 2996 (Luc.
2743 2926 2830 2995 χ).
2871 2948 2892 2975 ››
2946 2927 3156 2984 Deinde
3195 2944 3317 2985 cum
3374 2929 3756 2985 sacerdotibus

2085 3033 2135 3096 α
2167 3031 2220 3078 et
2256 3021 2433 3077 levitis
2471 3029 2525 3076 et
2563 3022 2776 3078 clericis
2815 3023 2883 3078 ad
2941 3027 3246 3083 orationem
3304 3028 3585 3095 sternitur,
3651 3045 3757 3099 pro

2166 3108 2592 3166 sanctiﬁcatione
2615 3111 2784 3180 ipsius
2805 3113 3000 3168 domus
3021 3113 3357 3170 dedicandae.
3385 3117 3576 3172 Postea
3619 3131 3727 3172 con
3741 3148 3765 3158 -

2167 3216 2398 3271 surgens
2427 3199 2494 3254 ab
2523 3200 2777 3255 oratione
2809 3202 3051 3256 nondum
3078 3205 3320 3258 salutans
3362 3204 3622 3275 populum
3672 3207 3769 3261 di-

2167 3297 2342 3351 cendo
2365 3314 2378 3350 :
2407 3320 2427 3344 «ι
2455 3297 2716 3352 Dominus
2740 3297 3040 3364 vobiscum,
3069 3324 3090 3347 ι»
3116 3302 3492 3357 tantummodo
3514 3303 3767 3357 hortatur

2167 3395 2399 3441 cunctos
2427 3387 2496 3440 ad
2525 3387 2805 3442 orandum.
2842 3388 2937 3442 His
2969 3389 3257 3459 completis
3285 3390 3478 3461 incipit
3507 3391 3576 3447 de
3623 3393 3767 3447 sini-

2170 3492 2284 3540 stro
2322 3485 2525 3556 angulo
2565 3485 2806 3541 basilicae
2845 3486 2917 3541 ab
2979 3488 3186 3543 oriente
3239 3505 3337 3560 per
3392 3489 3764 3559 pavimentum

2170 3574 2414 3629 scribere
2444 3574 2809 3645 alphabetum,
2856 3592 3029 3648 usque
3086 3576 3140 3630 in
3193 3577 3440 3632 dextrum
3496 3581 3764 3650 angulum

2169 3663 2486 3730 occidentis,
2519 3678 2579 3718 ac
2609 3663 2812 3720 deinde
2841 3680 2874 3718 a
2921 3665 3110 3720 dextro
3167 3667 3369 3738 angulo
3425 3668 3653 3723 orientis
3710 3670 3764 3724 in

2170 3761 2458 3816 sinistrum
2488 3762 2806 3818 occidentis.
2841 3763 3052 3819 Dehinc
3085 3765 3154 3818 ad
3183 3763 3380 3821 altiora
3421 3769 3766 3823 conscendet

2171 3859 2224 3905 et.
2252 3859 2402 3905 stans
2431 3857 2558 3906 ante
2587 3851 2778 3916 altare,
2812 3852 2984 3906 Deum
3016 3853 3121 3907 sibi
3151 3853 3206 3907 in
3236 3854 3572 3923 adjutorium
3609 3865 3764 3912 vocat

2171 3938 2361 3994 dicens
2393 3957 2403 3993 :
2442 3960 2464 3990 ι
2500 3940 2668 4006 Deus,
2691 3940 2745 3994 in
2766 3940 3095 4010 adjutorium
3114 3958 3292 3998 meum
3327 3943 3547 3999 intende
3571 3945 3754 4010 (Psat.

2172 4038 2336 4107 inx).
2392 4060 2413 4086 η
2450 4037 2742 4108 Complens
2772 4054 2997 4094 versum
3029 4057 3150 4095 cum
3186 4064 3209 4089 ιι
3263 4041 3453 4097 Gloria
3502 4043 3671 4110 Patri,

2173 4126 2292 4180 sine
2311 4126 2566 4181 Alleluia.
2603 4128 2731 4182 Post
2760 4128 2878 4183 haec
2907 4144 3100 4200 aquam
3151 4130 3442 4197 benedicit,
3496 4132 3666 4187 salem
3712 4141 3766 4188 et

2173 4215 2413 4272 cinerem
2431 4215 2742 4270 admiscens
2762 4224 2814 4271 et
2831 4215 3040 4272 faciens
3057 4226 3140 4272 ter
3159 4219 3375 4291 signum
3399 4221 3580 4276 crucis
3602 4238 3769 4292 super

2174 4312 2370 4383 ipsam.
2397 4313 2756 4368 Cuimistura:
2785 4313 2967 4368 vinum
3009 4314 3170 4368 etiam
3211 4316 3452 4372 additur.
3495 4319 3620 4374 Post
3650 4319 3768 4374 haec

477 4429 653 4487 canda
689 4426 964 4490 universa,
1006 4424 1121 4478 haec
1181 4422 1331 4494 quasi
1395 4421 1642 4493 qumdam
1708 4421 2058 4476 instrumenta

2177 4402 2371 4474 tinguit
2397 4402 2622 4474 digitum
2649 4402 2702 4456 in
2731 4418 2887 4472 aqua,
2912 4410 2964 4457 et
3011 4403 3140 4459 facit
3193 4421 3412 4461 crucem
3468 4423 3569 4477 per
3623 4424 3767 4479 qua-

478 4516 760 4589 premissa
808 4521 950 4578 sunt,
1003 4512 1398 4582 subsequenter
1453 4511 1666 4565 tractari
1735 4518 2057 4580 exposcunt.

476 4607 546 4662 Et
576 4605 829 4676 primum,
863 4602 999 4657 sicut
1028 4601 1230 4654 dictum
1261 4605 1363 4662 est,
1398 4598 1467 4653 de
1497 4598 1835 4654 dedicatione
1883 4598 2066 4654 eccle-

475 4696 575 4750 siae
606 4692 764 4765 quasi
793 4693 862 4746 de
892 4689 1067 4760 primo
1098 4689 1440 4758 baptismate,
1485 4703 1592 4757 quo
1635 4687 1750 4758 ipsa
1807 4688 2067 4758 quodam-

472 4787 638 4839 modo
667 4779 902 4836 ecclesia
931 4777 1165 4848 primum
1198 4775 1518 4856 baptizatur,
1551 4785 1608 4830 ut
1636 4776 1690 4830 in
1720 4791 1786 4830 ea
1813 4784 2062 4844 postmo-

479 4874 610 4930 dum
637 4870 886 4927 homines
914 4867 981 4922 ad
1015 4868 1245 4921 salutem
1284 4865 1648 4937 regenerandi
1697 4864 2060 4934 baptisentur.

473 4961 641 5032 Quasi
669 4960 815 5015 enim
844 4957 1073 5028 primum
1105 4962 1510 5010 sacramentum
1551 4953 1607 5006 in
1651 4953 1918 5023 baptismo
1963 4969 2063 5010 co-

475 5048 774 5123 gnoscitur,
807 5062 908 5118 per
935 5044 1081 5117 quod
1127 5042 1319 5098 ﬁdeles
1373 5057 1563 5097 omnes
1620 5041 1763 5097 inter
1817 5043 2065 5097 membra

474 5146 725 5219 corporis
746 5142 941 5200 Christi
960 5157 1056 5213 per
1075 5139 1447 5214 generationis
1469 5154 1626 5194 novae
1648 5137 1874 5211 gratiam
1902 5155 2062 5194 com-

473 5243 753 5307 putantur.
792 5231 1002 5288 Idcirco
1034 5229 1136 5286 hoc
1166 5228 1404 5300 primum
1433 5227 1770 5284 tractandum
1817 5229 2065 5284 occurrit

471 5324 711 5395 primum
740 5323 795 5376 in
825 5318 1174 5377 dedicatione
1204 5317 1499 5391 ﬁguratum
1549 5316 1812 5383 ecclesiae,
1864 5316 2064 5372 deinde

471 5412 529 5466 in
559 5408 982 5466 sanctiﬁcatione
1029 5407 1226 5464 animm
1283 5405 1461 5462 ﬁdelis
1515 5405 1840 5461 exhibitum.
1903 5404 2064 5474 Quod

471 5500 616 5558 enim
646 5499 701 5553 in
732 5499 836 5554 hac
864 5497 1026 5552 domo
1057 5495 1322 5552 orationis
1349 5495 1640 5551 visibiliter
1683 5510 1783 5566 per
1829 5493 2062 5568 ﬁguram

471 5597 817 5672 exprimitur,
852 5603 1020 5649 totum
1050 5593 1106 5646 in
1155 5594 1337 5648 anima
1387 5592 1534 5648 ﬁdeli
1583 5610 1679 5664 per
1733 5593 2060 5650 invisibilem

467 5689 752 5746 veritatem
786 5682 1102 5742 exhibetur.
1137 5679 1258 5753 Ipsa
1290 5681 1432 5737 enim
1453 5682 1658 5739 veritas
1684 5683 1781 5738 Dei
1802 5683 2060 5754 templum

2177 4499 2301 4546 tuor
2333 4507 2536 4548 cornua
2567 4492 2777 4546 altaris.
2815 4491 2944 4546 lnde
2974 4492 3119 4547 venit
3153 4502 3277 4548 ante
3308 4495 3504 4561 altare,
3557 4504 3612 4550 et
3662 4498 3767 4552 cir-

2175 4589 2365 4645 cuiens
2397 4590 2639 4661 aspergit
2671 4589 2805 4644 illud
2830 4597 3036 4659 septem
3071 4590 3299 4657 Vtcihus,
3333 4593 3650 4662 aspersorio
3683 4593 3768 4647 fa-

2175 4687 2262 4734 cto
2293 4679 2360 4734 de
2391 4679 2656 4748 liys30po.
2698 4678 2901 4733 Circuit
2930 4678 3126 4732 dehinc
3155 4686 3235 4733 ter
3264 4687 3429 4734 totam
3474 4680 3770 4736 ecclesiam

2174 4767 2519 4831 intrinsecus,
2556 4782 2858 4836 aSpergens
2911 4765 3148 4835 parietes
3208 4766 3386 4836 ipsius
3441 4769 3508 4824 de
3566 4771 3770 4826 eadem

2174 4882 2336 4936 aqua,
2371 4864 2578 4920 faciens
2608 4865 2711 4918 hoc
2742 4862 2902 4916 etiam
2938 4863 3117 4918 tertio.
3170 4865 3387 4919 [nterim
3437 4883 3577 4921 vero
3625 4883 3772 4922 can-

2174 4958 2316 5008 tatur
2352 4952 2644 5024 psalmus:
2692 4975 2712 5000 η
2756 4951 3028 5024 Exsurgat
3083 4953 3231 5008 Deus
3281 4955 3452 5018 (Psal.
3506 4959 3704 5025 vau),
3745 4983 3765 5004 ιι

2173 5057 2298 5098 cum
2329 5041 2649 5112 antiphona.
2689 5041 2954 5095 Cantator
2982 5040 3142 5096 etiam
3191 5043 3487 5113 antiphona
3519 5061 3530 5097 :
3588 5066 3610 5094 ι
3661 5045 3776 5114 Qui

2171 5138 2373 5194 habitat
2403 5137 2457 5192 in
2486 5137 2755 5210 adjutorio
2785 5138 3048 5193 Altissimi
3080 5141 3249 5206 (Psal.
3297 5142 3417 5211 xc).
3478 5164 3499 5190 ι)
3564 5141 3782 5200 Circuit

2173 5228 2391 5283 interim
2413 5227 2532 5298 ipse
2563 5226 2829 5298 pontifex,
2871 5228 3144 5286 transiens
3180 5245 3279 5299 per
3304 5229 3542 5284 mediam
3590 5233 3782 5289 eccle-

2173 5318 2334 5386 siam,
2367 5324 2419 5372 et
2446 5323 2720 5372 cantans:
2760 5338 2783 5367 cr
2842 5318 3049 5374 Domus
3095 5332 3221 5373 mea
3264 5317 3459 5374 domus
3503 5321 3783 5378 orationis

2173 5415 2454 5471 vocabitur
2483 5413 2709 5482 (Matth.
2743 5415 2890 5480 xxx).
2936 5439 2956 5462 υ
2993 5414 3064 5469 Ει
3093 5414 3260 5470 item:
3299 5439 3319 5462 α
3355 5417 3610 5472 Narrabo
3659 5435 3778 5474 no-

2171 5521 2296 5560 men
2321 5513 2466 5558 tuum
2492 5504 2757 5559 fratribus
2778 5504 2915 5558 meis
2937 5519 2949 5558 :
2974 5527 2996 5551 α
3021 5503 3072 5557 in
3091 5504 3272 5559 medio
3286 5505 3568 5561 ecclesiae:
3596 5531 3618 5554 «
3638 5507 3786 5564 Lau-

2172 5593 2317 5648 dabo
2344 5601 2396 5647 te
2430 5595 2610 5662 (Psal.
2645 5593 2780 5660 xxi).
2817 5616 2837 5640 η
2875 5591 2970 5646 His
3000 5601 3177 5647 autem
3212 5597 3471 5664 peractis,
3520 5597 3780 5666 pontifex

2171 5681 2240 5738 ad
2268 5682 2569 5739 orationem
2600 5698 2658 5738 se
2681 5681 3000 5752 consternit,
3032 5698 3290 5753 precans,
3335 5691 3394 5739 ut
3435 5700 3626 5742 omnes
3668 5689 3782 5757 qui
