4008 6092
265 157 403 213 1229

1239 156 1824 215 DEFLORATIONES
1863 159 1971 218 SS.
2024 164 2325 224 PATRUM.
2357 198 2428 210 -—
2462 170 2589 226 LIB.
2612 174 2679 226 ΙΙ.

3428 185 3564 238 1230

260 278 508 333 eamdem
567 276 790 332 domum
846 277 1042 331 oraturi
1102 278 1435 349 intraverint,
1495 282 1776 337 exauditos
1803 300 1860 338 se
1891 286 1944 348 A
1975 294 2026 342 et
2051 288 2381 357 perficienda
2428 300 2507 349 est
2532 294 2862 351 Iudaeorum.
2922 297 3079 368 Quod
3135 310 3281 356 stans
3299 312 3420 359 ante
3478 306 3562 361 al-

257 367 548 439 gaudeant.
590 366 873 435 Completa
921 367 1103 436 itaque
1159 369 1486 437 expiatione,
1541 372 1869 427 convertitur

259 455 327 510 ad
356 456 524 510 altare
555 454 844 525 incipienss
891 455 1242 524 antiphonam
1277 476 1288 510 :
1331 479 1352 505 α
1386 457 1627 513 Introibo
1681 459 1752 513 ad
1781 460 1865 514 al-

260 551 369 598 tare
406 544 501 598 Dei
557 545 743 611 (Psal.
813 544 968 613 xui),
1001 566 1022 591 «ι
1054 560 1177 598 cum
1210 544 1326 615 ipso
1383 546 1613 616 psalmo,
1648 555 1699 602 et
1723 547 1867 617 quod

259 631 524 700 reliquum
591 631 753 685 fuerit
807 629 873 685 de
931 648 1071 700 aqua
1124 632 1531 703 puriﬁcationis,
1572 634 1641 689 ad
1692 635 1865 690 basim

262 719 442 775 altaris
481 716 727 773 effundit.
767 718 974 773 Deinde
1004 721 1239 791 seipsum
1269 721 1434 777 altare
1462 723 1627 778 linteo
1684 730 1866 778 exter-

263 816 426 888 gitur,
458 815 702 888 pontifex
732 816 1010 871 incensum
1057 817 1228 873 defert
1258 835 1420 890 super
1447 819 1605 874 illud.
1670 821 1870 876 Postea

264 904 391 959 facit
423 921 635 960 crucem
668 905 723 960 in
762 905 943 960 medio
967 906 1170 971 altaris,
1203 915 1257 962 et
1284 924 1383 979 per
1410 916 1637 979 quatuor
1689 925 1869 981 angu-

264 993 344 1047 los
382 993 500 1064 ejus
528 993 594 1048 de
628 993 748 1049 oleo
779 992 1139 1050 sanctiﬁcato.
1176 995 1385 1051 Deinde
1439 996 1493 1052 in
1523 997 1744 1052 circuitu
1773 1013 1868 1053 ec-

264 1082 442 1138 clesiae
502 1081 788 1138 duodecim
844 1100 1029 1139 cruces
1084 1084 1441 1141 chrismantur
1468 1085 1525 1140 in
1578 1086 1872 1156 parietibus

267 1170 334 1225 ab
360 1171 478 1241 ipso
508 1170 781 1243 pontifice,
820 1180 924 1226 tres
949 1188 1051 1242 per
1088 1173 1330 1244 singulos
1358 1172 1625 1246 ﬁgurata).
1662 1176 1871 1231 Rever-

263 1276 352 1314 sus
407 1259 603 1314 deinde
665 1259 770 1314 itur
822 1261 890 1316 ad
947 1261 1113 1316 altare
1164 1278 1473 1331 accensum,
1533 1264 1654 1318 thus
1705 1278 1873 1334 super

265 1356 398 1411 illud
428 1355 585 1412 oﬂ'ert
612 1357 668 1410 in
698 1357 921 1412 modum
972 1358 1163 1426 crucis,
1188 1365 1242 1414 et
1268 1358 1345 1413 sic
1372 1366 1590 1429 peracta
1640 1360 1871 1430 denique

263 1446 684 1514 consecratione,
718 1446 893 1517 ipsum
937 1447 1103 1501 altare
1142 1446 1280 1501 albis
1316 1447 1678 1503 velaminibus
1732 1463 1872 1520 Ope-

260 1535 413 1589 ritur.
446 1535 575 1590 Haec
603 1534 671 1589 de
718 1534 919 1591 visibili
952 1534 1291 1591 dedicatione
1323 1552 1338 1603 ;
1365 1536 1494 1605 quid
1523 1543 1701 1593 autem
1755 1553 1871 1607 my-

262 1623 407 1678 sterii
438 1622 536 1678 ista
563 1623 874 1678 contineant
898 1623 1191 1681 videndum
1221 1631 1303 1679 est
1326 1624 1510 1681 nobis.

939 1780 1179 1822 DIVISIO.

336 1889 503 1945 Multa
534 1889 590 1944 in
628 1890 711 1944 his
738 1890 990 1945 omnibus
1017 1890 1186 1946 latent
1211 1890 1481 1961 profunda
1500 1892 1771 1963 mysteria,
1803 1909 1873 1947 ex

268 1977 466 2047 quibus
488 1993 662 2050 pauca
691 1979 759 2033 ad
782 1979 1105 2035 memoriam
1137 1980 1480 2036 excitandam
1510 1981 1863 2052 attingamus.

267 2068 476 2122 Domus
512 2066 812 2121 dedicanda
868 2066 1253 2123 sanctiﬁcanda
1304 2069 1486 2123 anima
1531 2076 1613 2123 est
1656 2083 1671 2137 ;
1730 2083 1872 2138 aqua

267 2156 412 2210 enim
471 2164 549 2211 est
606 2155 940 2227 poenitentia,
988 2156 1174 2211 sordes
1229 2156 1453 2212 abluens
1506 2165 1868 2228 peccatorum.

266 2243 379 2311 Sal,
412 2261 592 2301 sermo
621 2244 835 2301 divinus
861 2244 1225 2316 increpatione
1254 2245 1508 2302 mordens
1536 2253 1590 2301 et
1616 2245 1873 2301 condiens

266 2344 431 2399 corda
453 2344 706 2415 insipida.
767 2343 930 2398 Trina
955 2344 1193 2415 aspersio
1241 2344 1379 2399 trina
1405 2343 1603 2399 mersio
1658 2351 1739 2400 est
1764 2360 1870 2416 pu-

268 2430 513 2487 riﬁcandi
542 2448 643 2502 per
673 2448 891 2501 aquam.
924 2433 1224 2488 Duodecim
1253 2432 1539 2488 luminaria
1581 2441 1702 2488 sunt
1730 2448 1871 2504 apo-

269 2522 392 2577 stoli
423 2521 721 2576 Eeclesiam
777 2537 875 2591 per
917 2529 1146 2591 quatuor
1198 2521 1387 2576 mundi
1432 2529 1614 2591 partes
1664 2522 1871 2576 illumi-

266 2626 477 2685 nantes,
511 2627 564 2673 et
590 2618 763 2673 crucis
790 2619 1105 2689 mysterium
1134 2633 1234 2687 per
1261 2624 1432 2673 totum
1472 2617 1738 2673 mundum
1769 2618 1871 2671 de-

267 2708 520 2762 terentes.
555 2706 803 2761 Pontifex
818 2707 1059 2762 Christus
1084 2714 1167 2761 est
1195 2724 1210 2774 ;
1243 2706 1418 2778 virga,
1475 2713 1746 2776 potestas;
1773 2706 1872 2761 tri-

264 2813 337 2851 na
395 2795 820 2868 superliminaris
883 2795 1180 2867 percussio,
1220 2795 1342 2850 coeli
1380 2803 1661 2865 terraeque,
1704 2801 1758 2849 et
1793 2794 1874 2848 in-

268 2885 407 2941 ferni
435 2885 753 2941 dominatio.
786 2884 1144 2956 Interrogatio
1173 2883 1392 2952 inclusi,
1442 2882 1747 2954 ignorantia
1774 2898 1872 2954 po-

264 2983 379 3053 puli
415 3002 429 3050 ;
463 2983 670 3054 apertio
698 2983 840 3049 ostii,
875 2982 1109 3038 sublatio
1134 2982 1362 3051 peccati.
1396 2981 1645 3036 Pontifex
1683 2982 1870 3053 ingrc-
1899 2998 1950 3063 ρ

266 3071 420 3126 diens
469 3071 751 3127 ecclesiam
807 3086 997 3143 pacem
1062 3070 1286 3126 Domini
1340 3070 1685 3142 imprecetur,
1743 3069 1869 3139 quia

267 3159 506 3215 Christus
558 3160 820 3215 mundum
850 3158 1160 3233 ingrediens
1214 3174 1404 3230 pacem
1449 3158 1788 3231 intergDeum
1817 3164 1870 3213 et

264 3258 542 3313 hominem
594 3259 748 3314 facit.
817 3259 1114 3314 Prostratus
1166 3272 1264 3328 pro
1293 3255 1713 3312 sanctiﬁcatione
1769 3255 1868 3310 do-

265 3363 388 3402 mus
415 3356 551 3412 orat,
620 3355 675 3401 et
729 3347 969 3402 Christus
997 3346 1311 3401 humiliatus
1357 3360 1455 3416 pro
1486 3344 1766 3414 discipulis
1818 3349 1872 3399 et

266 3452 366 3509 pro
397 3436 681 3492 credituris
707 3436 962 3492 omnibus
990 3437 1203 3491 Patrem
1229 3442 1348 3490 orat
1382 3434 1567 3490 dicens
1591 3453 1603 3488 :
1633 3456 1655 3483 «
1690 3434 1863 3498 Pater,

263 3532 539 3589 sanctiﬁca
568 3549 661 3588 eos
699 3533 755 3586 in
783 3532 1004 3588 nomine
1036 3538 1126 3587 tuo
1156 3532 1340 3599 (Ιοαη.
1372 3531 1536 3601 xvu).
1571 3552 1594 3579 ι»
1630 3529 1870 3601 Surgens

265 3630 447 3677 autem
504 3622 573 3678 ab
625 3622 869 3678 oratione
929 3619 1188 3692 populum
1218 3635 1327 3674 non
1358 3619 1570 3685 salutat,
1611 3618 1867 3688 quoniam

262 3712 355 3780 qui
386 3711 615 3766 necdum
672 3707 986 3766 sanctiﬁcati
1013 3715 1137 3762 sunt
1183 3707 1620 3779 applaudendum
1649 3722 1758 3762 non
1786 3713 1868 3761 est

260 3799 413 3868 ipsis,
460 3801 554 3855 sed
588 3799 851 3855 orandum
882 3812 980 3868 pro
1018 3797 1171 3868 ipsis.
1213 3796 1514 3867 Descriptio
1570 3794 1862 3867 alphabeti,

265 3888 499 3958 simplex
524 3888 766 3943 doctrina
794 3885 954 3952 ﬁdei;
980 3887 1369 3957 pavimentum,
1414 3900 1508 3940 cor
1533 3884 1855 3939 humanum.

269 3979 332 4031 In
360 3978 672 4046 pavimento
702 3975 1051 4046 alphabetum
1082 3974 1415 4043 describitur,
1447 3973 1701 4044 quoniam
1741 3989 1865 4028 car-

266 4073 406 4129 nalis
435 4073 668 4145 populus
697 4073 874 4141 prima
917 4088 981 4126 ac
1022 4071 1254 4142 simplici
1310 4070 1554 4126 doctrina
1608 4070 1862 4125 initiatur.

267 4171 472 4225 Ductus
501 4186 532 4225 a
560 4169 772 4224 sinistro
829 4168 1031 4240 angulo
1087 4167 1306 4223 orientis
1360 4168 1417 4221 in
1470 4168 1719 4222 dextrum
1764 4181 1865 4221 oc-

264 4258 512 4326 cidentis,
569 4266 624 4312 et
660 4258 787 4312 item
827 4273 860 4311 a
895 4257 1086 4311 dextro
1125 4257 1324 4328 angulo
1380 4255 1599 4311 orientis
1635 4255 1690 4309 in
1727 4253 1865 4309 sini-

261 4354 430 4401 strum
499 4345 791 4400 occidentis
856 4344 1086 4399 formam
1151 4344 1323 4399 crucis
1388 4343 1659 4415 exprimit,

264 4444 537 4498 mentibus
568 4443 849 4497 hominum
878 4457 978 4512 per
1020 4440 1184 4496 ﬁdem
1214 4441 1542 4513 evangelicae
1596 4440 1862 4512 praedica-

267 4532 431 4588 tionis
458 4530 804 4603 imprimitur.
863 4531 928 4585 Et
957 4531 1083 4600 quia
1138 4530 1370 4601 primum
1407 4528 1540 4584 ﬁdes
1568 4530 1625 4584 in
1668 4529 1866 4585 Iudaeis

267 4622 390 4688 fuit,
424 4628 477 4677 et
504 4630 693 4693 postea
720 4620 790 4675 ad
833 4628 1024 4691 gentes
1055 4619 1315 4688 transivit,
1365 4627 1418 4674 et
1444 4635 1656 4673 rursum
1676 4618 1731 4673 in
1760 4617 1866 4673 ﬁne

265 4726 391 4768 cum
422 4709 701 4780 plenitudo
730 4709 974 4781 gentium
1003 4708 1297 4777 intraverit,
1329 4715 1452 4764 tunc
1480 4708 1656 4763 omnis
1701 4707 1869 4763 Israel

262 4809 451 4865 salvus
479 4807 597 4864 erit.
649 4807 934 4876 Utriusque
988 4820 1121 4877 ergo
1149 4805 1336 4877 populi
1383 4805 1757 4861 collectionem
1814 4803 1868 4859 hi

263 4897 374 4953 duo
436 4912 622 4956 versus
659 4894 966 4968 signiﬁcant
1018 4895 1075 4948 in
1128 4895 1300 4949 crucis
1351 4893 1531 4966 efﬁgie
1577 4894 1865 4965 compecti,

268 4988 374 5042 hoc
404 4994 485 5041 est
524 4984 671 5055 quod
728 4983 894 5039 Jacob
923 4982 1063 5039 ﬁlios
1112 4983 1311 5054 Joseph
1346 4982 1691 5051 benedicens,
1743 4998 1862 5037 can-

265 5084 473 5138 cellatis
501 5083 751 5137 manibus
781 5081 1011 5137 formam
1056 5081 1226 5135 crucis
1254 5081 1570 5152 exprimens
1622 5080 1869 5135 dextram

272 5186 494 5226 manum
549 5188 712 5241 super
766 5179 927 5242 caput
979 5170 1260 5241 Ephraim,
1306 5178 1360 5225 et
1386 5170 1657 5225 sinistram
1711 5183 1873 5240 super

268 5269 429 5331 caput
450 5262 696 5315 Manasse
730 5258 909 5331 posuit
944 5259 1105 5331 (Gen.
1136 5260 1351 5329 XLVIII),
1381 5260 1526 5329 quia,
1559 5258 1723 5329 priori
1761 5273 1867 5330 po-

270 5357 399 5428 pulo
451 5356 686 5426 abjecto,
729 5356 916 5426 junior
961 5356 1031 5410 ad
1086 5356 1363 5411 dexteram
1421 5356 1713 5413 collocatus
1767 5364 1865 5411 est.

264 5456 543 5513 Cambuca
588 5455 701 5510 sive
738 5455 894 5526 virga
945 5454 1228 5524 pastoralis
1258 5470 1378 5523 quae
1437 5455 1708 5525 Scriptura
1734 5452 1873 5527 ﬁgu-

267 5553 439 5614 ratur,
471 5544 784 5614 mysterium
841 5542 1111 5616 signiﬁcat
1137 5543 1435 5609 doctorum,
1471 5559 1696 5613 quorum
1750 5551 1867 5597 stu-

267 5635 359 5691 dio
382 5644 433 5690 et
462 5632 848 5704 praedicatione
904 5640 957 5687 et
984 5632 1262 5691 conversio
1291 5631 1534 5704 gentium
1597 5631 1735 5688 facta
1761 5640 1860 5703 est,

1894 1645 1951 1706 B

1975 383 2086 433 tare
2116 378 2290 433 Deum
2319 380 2373 434 in
2399 382 2723 451 adjutorium
2781 387 3014 454 invocat,
3046 390 3312 462 signiﬁcat
3356 409 3448 448 eos
3476 393 3566 463 qui

1974 476 2244 536 praecepta
2297 467 2425 524 ﬁdei
2453 473 2761 542 cognitione
2817 492 2874 530 se
2904 477 2974 532 ad
3010 477 3155 533 bona
3198 494 3363 551 opera
3392 490 3445 536 et
3498 483 3568 536 ad

1974 563 2171 619 luctam
2194 575 2380 623 contra
2432 569 2733 627 invisibiles
2762 574 2941 628 hostes
2968 576 3258 649 accingunt
3289 593 3302 647 ;
3335 587 3388 634 et
3442 580 3568 649 quia

1975 651 2043 707 de
2071 654 2180 708 suis
2219 656 2423 712 viribus
2477 659 2654 713 minus
2707 672 3055 732 praesumunt,
3113 665 3356 723 divinum
3411 670 3572 723 auxi.

1974 740 2105 795 lium
2143 743 2245 797 sibi
2276 745 2462 801 adesse
2519 747 2831 819 deposcunt.
2860 754 2921 807 In
2953 769 3057 822 quo
3088 755 3213 823 quia
3253 757 3570 813 certantium

1976 829 2131 884 labor
2158 833 2494 903 exprimitur,
2543 838 2693 907 quasi
2747 838 2886 895 inter
2934 842 3162 913 suspiria
3207 851 3262 899 et
3314 845 3567 917 gemitus,

1976 919 2215 973 nondum
2245 921 2458 977 alleluia
2486 926 2811 981 nominatur.
2836 980 2859 997 ,

2052 1042 2175 1097 Post
2231 1044 2346 1099 haec
2401 1061 2541 1116 aqua
2595 1048 2934 1106 benedicitur
2987 1069 3109 1108 cum
3138 1055 3250 1110 sale
3280 1062 3332 1110 et
3366 1056 3567 1124 cinere,

1974 1129 2161 1185 addito
2190 1132 2486 1204 vino:aqua
2532 1136 2712 1191 misto.
2741 1140 2902 1209 Aqua
2953 1143 3186 1211 pepulus
3217 1152 3314 1215 est,
3344 1145 3422 1200 sal
3476 1146 3572 1202 do-

1978 1219 2167 1285 ctrina,
2233 1220 2368 1276 cinis
2449 1224 2714 1294 passionis
2787 1228 2978 1283 Christi
3043 1234 3322 1299 memoria,
3390 1234 3574 1291 vinum

1980 1324 2121 1377 aqua
2150 1309 2388 1380 mistum,
2444 1328 2639 1384 corpus
2676 1315 2820 1370 Deus
2870 1325 2922 1371 et
2961 1319 3147 1375 homo.
3202 1320 3398 1377 Vinum
3438 1322 3576 1379 divi-

1980 1396 2135 1462 nitas,
2170 1414 2309 1469 aqua
2363 1401 2679 1458 mortalitas.
2730 1404 2821 1460 Sic
2875 1406 3019 1460 enim
3070 1410 3300 1479 populus
3335 1411 3573 1467 sanctiﬁ-

1981 1504 2132 1551 catur
2159 1497 2402 1552 doctrina
2439 1498 2584 1566 ﬁdei,
2642 1509 2696 1556 et
2743 1505 3005 1559 memoria
3044 1506 3305 1575 passionis
3360 1509 3573 1580 Christi,

1980 1586 2159 1641 unitus
2188 1587 2350 1655 capiti
2403 1603 2501 1643 suo
2526 1589 2641 1644 Deo
2671 1598 2727 1645 et
2780 1592 3007 1646 homini.
3052 1595 3176 1649 Post
3231 1596 3346 1651 haec
3399 1598 3577 1653 eccle-

1980 1672 2061 1728 sia
2089 1674 2310 1729 interius
2338 1692 2479 1746 aqua
2514 1677 2843 1734 sanctiﬁcata
2899 1682 3222 1753 aspergitur,
3255 1690 3312 1737 ut
3366 1687 3577 1742 etintus

1980 1770 2033 1817 et
2056 1763 2289 1817 exterius
2317 1765 2500 1819 anima
2553 1765 2881 1822 sanctiﬁcata
2927 1768 3257 1826 ostendatur.
3314 1775 3572 1845 Asperso-

1978 1858 2118 1914 rium
2174 1862 2390 1931 hyssopi
2456 1863 2814 1919 humilitatem
2880 1866 3075 1922 Christi
3124 1869 3407 1941 signiﬁcat,
3470 1888 3578 1943 qua

1978 1963 2195 2018 aspersa
2257 1958 2438 2005 sancta
2502 1952 2790 2007 mundatur
2852 1954 3109 2011 Ecclesia.
3179 1958 3380 2014 Circuit
3432 1977 3575 2032 pon-

1978 2036 2110 2091 tifex
2140 2038 2303 2093 altare
2334 2039 2613 2094 ecclesiam
2668 2048 2833 2096 totam
2863 2044 3220 2115 aspergendo,
3254 2048 3403 2116 quasi
3459 2064 3576 2103 om-

1978 2150 2074 2189 nes
2098 2134 2392 2201 lustrando,
2425 2144 2478 2192 et
2505 2154 2687 2192 curam
2727 2138 3090 2210 impendendo
3120 2144 3372 2199 omnibus
3409 2147 3577 2203 verbo

1979 2230 2031 2278 et
2060 2225 2309 2295 exemplo
2364 2241 2707 2282 communem
2738 2244 2797 2282 se
2825 2228 3074 2299 praebens
3100 2232 3368 2288 universis
3401 2253 3412 2289 :
3441 2250 3578 2305 pro-

1976 2320 2097 2381 pter
2124 2314 2269 2383 quod
2311 2314 2474 2370 etiam
2530 2330 2667 2387 opus
2719 2317 2963 2373 oratione
3006 2328 3361 2391 consummat,
3420 2339 3582 2379 orans

1978 2417 2035 2463 ut
2072 2409 2427 2465 exaudiantur
2480 2410 2556 2466 ibi
2609 2410 2755 2481 justa
2810 2420 3071 2484 petentes,
3123 2417 3378 2485 quoniam
3444 2435 3581 2491 opus

1977 2498 2213 2553 hominis
2241 2498 2356 2555 sine
2384 2500 2567 2555 divino
2622 2501 2824 2557 auxilio
2869 2519 2986 2558 esse
3006 2512 3212 2574 petest:
3248 2506 3578 2563 fructuosum

1979 2603 2093 2641 esse
2124 2602 2231 2642 non
2268 2595 2460 2658 potest.
2495 2588 2799 2644 Novissime
2821 2592 3407 2662 completaexpiatione
3446 2613 3582 2667 pon-

1977 2674 2117 2730 tifex
2146 2675 2215 2730 ad
2268 2676 2433 2731 altare
2488 2678 2837 2745 convertitur,
2870 2680 3013 2748 quod
3044 2681 3311 2750 reliquum
3376 2693 3456 2739 est
3511 2685 3578 2740 de

1978 2779 2118 2833 aqua
2139 2763 2524 2835 puriﬁcationis
2555 2765 2622 2820 ad
2662 2766 2834 2820 basim
2895 2768 3007 2836 ejus
3066 2767 3362 2839 effundens,
3426 2774 3578 2842 quasi

1979 2853 2321 2908 committens
2348 2855 2464 2909 Deo
2493 2855 2637 2924 quod
2671 2871 2832 2926 super
2859 2863 2938 2911 est
2966 2856 3108 2913 vires
3136 2875 3259 2914 suas
3315 2861 3581 2917 excedens

1983 2942 2039 2995 in
2066 2942 2400 3013 perfectione
2428 2943 2683 3014 mysterii,
2742 2944 2953 3000 Dehinc
2979 2946 3143 3002 linteo
3202 2947 3368 3005 altare
3394 2958 3579 3006 exter-

1977 3030 2140 3102 gitur.
2207 3032 2387 3087 Altare
2449 3033 2687 3087 Christus
2724 3040 2823 3100 est,
2865 3049 3028 3103 super
3078 3051 3237 3106 quem
3304 3037 3579 3095 offerimus

1976 3126 2119 3181 Patri
2149 3135 2345 3183 nostrae
2392 3128 2695 3185 devotionis
2749 3144 2963 3184 munus.
3004 3131 3250 3186 Linteum
3288 3150 3413 3190 caro
3459 3135 3577 3204 ejus

1978 3215 2315 3271 tunsionibus
2368 3215 2631 3287 passionis
2687 3218 2754 3272 ad
2822 3219 3111 3274 candorem
3166 3221 3580 3294 incorruptionis

1975 3304 2253 3373 perducta.
2285 3307 2569 3360 Incensum
2598 3306 2869 3361 orationes
2896 3316 3200 3364 sanctorum
3256 3311 3525 3383 signiﬁcat
3556 3330 3572 3379 ;

1976 3392 2155 3447 oleum
2212 3401 2390 3449 autem
2437 3394 2666 3466 gratiam
2724 3394 2953 3466 Spiritus
3003 3398 3171 3452 sancti
3224 3398 3572 3467 demonstrat,

1977 3479 2133 3550 cujus
2186 3481 2461 3554 plenitudo
2492 3482 2549 3536 in
2586 3483 2762 3553 capite
2798 3485 3094 3553 praecessit.
3156 3487 3367 3543 Dehinc
3402 3489 3577 3558 parti-

1977 3569 2173 3642 cipatio
2202 3570 2272 3625 ad
2300 3570 2548 3626 membra
2568 3570 2814 3627 deﬂuxit.
2871 3573 3092 3643 Propter
3148 3576 3250 3631 hoc
3280 3592 3312 3631 a
3367 3586 3576 3634 sacrato

1975 3657 2127 3714 altari
2158 3658 2445 3714 duodecim
2499 3675 2684 3715 cruces
2714 3660 2771 3714 in
2824 3662 3141 3730 partietibus
3196 3664 3572 3737 clirismantur,

1974 3746 2099 3816 quia
2137 3747 2429 3816 spiritualis
2480 3748 2657 3819 gratia
2712 3765 2744 3804 a
2790 3750 3000 3805 Christo
3053 3750 3108 3804 in
3152 3753 3425 3822 apostolos
3482 3754 3576 3810 de-

1971 3837 2196 3904 scendit,
2256 3844 2314 3891 ut
2356 3837 2530 3892 crucis
2583 3838 2895 3907 mysterium
2952 3856 3050 3909 per
3103 3848 3332 3908 quatuor
3386 3843 3573 3898 mundi

1973 3933 2151 3995 partes
2181 3941 2302 3980 cum
2358 3924 2464 3979 ﬁde
2520 3925 2792 3979 Trinitatis
2842 3927 3222 3994 praedicarent.
3270 3929 3572 3985 Candidum

1972 4022 2240 4087 velamen,
2274 4020 2417 4089 quod
2446 4027 2568 4091 post
2593 4021 3050 4077 consecrationem
3107 4024 3274 4080 altare
3312 4026 3568 4095 operitur,

1972 4109 2203 4182 gloriam
2224 4109 2641 4179 incorruptionis
2668 4109 2934 4182 designat,
2967 4127 3072 4180 qua
3101 4120 3221 4183 post
3265 4115 3569 4184 passionem

1972 4205 2287 4268 consumpta
2317 4197 2639 4252 mortalitate
2686 4199 2809 4254 Jesu
2868 4200 3173 4256 humanitas
3226 4202 3412 4259 induta
3468 4213 3567 4271 est,

1972 4286 2108 4342 sicut
2132 4285 2387 4357 scriptum
2420 4293 2501 4341 est
2532 4301 2545 4340 :
2582 4309 2603 4334 ιι
2641 4287 2955 4343 Conscidisti
3007 4305 3221 4345 saccum
3251 4309 3454 4363 meum,
3517 4303 3570 4350 et

1736 4343 1861 4449 imi“
1888 4344 1942 4405 Β
1971 4343 2365 4432 circumdedisti
2396 4392 2483 4429 me
2514 4374 2697 4430 laetitia
2726 4376 2906 4447 (Psal.
2942 4343 3124 4449 xm).

2402 4524 2589 4564 SBBIO
2628 4524 2700 4564 ΒΕ
2740 4524 3139 4567 DBDICATIONE.

2052 4668 2074 4691 α
2111 4643 2291 4699 Sancti
2323 4642 2571 4715 Spiritus,
2616 4643 2869 4712 Domine,
2900 4644 3062 4699 corda
3117 4653 3298 4701 nostra
3351 4647 3575 4704 mundat

1974 4730 2191 4795 infusio,
2260 4738 2313 4786 et
2349 4731 2458 4786 suis
2521 4730 2657 4785 roris
2720 4730 2909 4786 intima
2946 4732 3254 4803 aspersione
3317 4736 3572 4791 secundet

1972 4822 2160 4891 (Orat.
2200 4820 2382 4890 miss.)
2417 4840 2440 4871 ι
2472 4820 2680 4875 Novate
2708 4819 2863 4875 vobis
2889 4820 3104 4888 novale,
3128 4828 3181 4876 et
3198 4822 3363 4878 nolite
3390 4841 3569 4879 serere

1974 4925 2136 4981 super
2163 4908 2344 4980 spinas
2373 4907 2519 4978 (Jer.
2559 4912 2655 4979 tv).
2685 4908 2948 4963 Dominus
2976 4909 3105 4964 dicit
3132 4909 3187 4963 in
3221 4911 3516 4985 Evangelio
3552 4933 3565 4969 :

1979 5020 2001 5048 ι
2036 4999 2211 5053 Nemo
2231 4997 2389 5052 mittit
2416 4998 2600 5053 vinum
2618 5014 2818 5055 novum
2854 4997 2909 5052 in
2922 5005 3065 5053 utres
3080 5006 3314 5071 veteres;
3330 5001 3568 5072 alioquin

1976 5088 2313 5159 disrumpunt
2366 5094 2512 5140 utres
2578 5094 2631 5140 et
2658 5086 2843 5141 vinum
2937 5085 3255 5155 effundetur,
3309 5097 3362 5145 et
3424 5098 3567 5146 utres

1974 5185 2248 5256 peribunt.
2292 5182 2401 5238 Sed
2435 5183 2621 5239 vinum
2679 5199 2880 5238 novum
2938 5183 2993 5238 in
3048 5192 3192 5239 utres
3245 5201 3415 5243 novos
3452 5188 3568 5244 mit-

1973 5281 2133 5337 tatur,
2166 5281 2220 5328 et
2245 5280 2468 5342 utraque
2514 5279 2794 5327 servantur
2850 5272 3069 5341 (Matth.
3104 5274 3199 5343 ix).
3264 5298 3285 5323 π
3333 5276 3566 5347 Aliquod

1974 5365 2157 5421 vinum
2191 5366 2293 5417 hoc
2321 5363 2452 5432 agit,
2486 5363 2725 5416 uthomo
2779 5361 2972 5431 aliquis
3000 5362 3261 5433 irrumpat
3288 5366 3343 5418 in
3398 5367 3567 5437 lacry-

1974 5469 2110 5519 mas,
2143 5451 2430 5520 aliquando
2459 5457 2515 5505 et
2542 5466 2634 5504 eor
2660 5450 2896 5504 hominis
2926 5450 3183 5507 laetiﬁcat.
3242 5454 3456 5512 Novum
3488 5457 3569 5512 vi-

1973 5558 2101 5596 num
2123 5549 2202 5596 est
2228 5539 2327 5594 Dei
2357 5539 2601 5605 verbum,
2643 5539 2786 5608 quod
2817 5539 3021 5595 homini
3045 5541 3191 5611 justo
3247 5559 3462 5614 semper
3487 5544 3567 5597 in-

1972 5631 2114 5703 gerit
2140 5646 2337 5687 novum
2369 5628 2649 5700 gaudium.
2682 5628 2900 5685 Veteres
2925 5646 3053 5686 vero
3083 5638 3226 5687 utres
3252 5639 3376 5687 sunt
3404 5648 3562 5686 men-

3512 5940 3958 6092 Δ
