3972 6076
499 261 629 315 123i

1632 248 1975 304 WERNERI
2012 245 2297 302 ABBATIS
2325 246 2392 301 S.
2432 244 2657 301 BLASII

3714 239 3826 295 123%

501 391 580 438 tes
599 381 858 448 carnales,
900 394 1021 449 qua
1050 394 1118 434 ex
1146 376 1291 434 mula
1328 373 1651 430 conscientia
1681 389 1776 427 sua
1832 381 2103 427 merentur
2132 375 2183 432 Α
2213 370 2517 439 ubicunque
2573 385 2672 424 vos
2709 370 2764 422 in
2795 368 3011 424 nomine
3058 367 3279 424 Domini
3326 366 3830 438 congregaret-itis.

502 471 700 526 animae
727 468 1073 524 detrimenta.
1139 467 1277 522 Hinc
1306 480 1374 521 ex
1427 462 1629 516 intimis
1652 461 1961 532 precordiis
2015 460 2105 513 di-

500 558 731 613 cendum
786 557 887 611 erit
940 554 1099 610 nobis
1132 572 1144 609 :
1181 576 1202 602 «
1237 553 1345 608 Cor
1395 550 1654 605 mundum
1712 565 1837 604 crea
1900 549 1957 602 in
1994 564 2102 614 me,

502 656 649 710 Deus
679 654 862 725 (Psal.
927 656 1048 721 ιιι).
1090 673 1111 699 ιι
1150 650 1207 706 Si
1247 656 1425 704 autem
1459 647 1699 702 conversi
1742 646 1964 713 fueritis,
2011 661 2104 700 re-

503 751 754 813 ctumque
807 757 901 797 cor
957 739 1310 811 acquisieritis
1364 738 1417 792 in
1446 735 1731 806 praeceptis
1788 734 2103 803 Dominicis,

504 832 761 888 continuo
791 833 896 886 hoc
924 828 1251 900 adimpletur
1278 826 1334 881 in
1362 825 1519 882 vobis
1551 843 1564 879 :
1595 825 1754 879 Verte
1805 823 2020 893 impios,
2054 829 2110 877 et

506 945 617 984 non
646 935 802 984 erunt
829 926 1002 1000 impii,
1062 933 1117 981 et
1144 941 1267 981 cum
1296 924 1513 979 demum
1570 921 1734 977 corda
1760 928 1940 975 nostra
1996 917 2107 973 effi-

506 1017 719 1073 ciuntur
747 1031 906 1081 nova,
971 1030 1278 1083 novumque
1306 1010 1613 1067 retinebunt
1639 1009 1845 1064 vinum.
1891 1029 1913 1056 «
1954 1005 2107 1061 Fun-

505 1105 759 1160 damenta
803 1101 922 1172 ejus
949 1102 1007 1156 in
1060 1101 1337 1156 montibus
1364 1098 1578 1167 sanctis,
1641 1095 1819 1168 diligit
1845 1094 2109 1150 Dominus

504 1200 689 1265 portas
728 1192 860 1248 Sion
889 1208 1052 1262 super
1095 1189 1279 1246 omnia
1319 1185 1666 1242 tabernacula
1693 1184 1860 1239 Jacob
1915 1184 2098 1252 (Psal.

506 1282 756 1352 Lxxxw).
811 1304 834 1329 ιι
892 1280 1267 1336 Fundamenta
1305 1274 1561 1331 Ecclesiae
1618 1272 1787 1328 sancti
1825 1279 1948 1326 sunt
1981 1287 2108 1343 pro-

509 1372 707 1444 phetae,
747 1368 1031 1424 duodecim
1060 1366 1230 1422 sancti
1270 1363 1518 1436 apostoli,
1551 1378 1652 1417 nec
1680 1377 1787 1417 non
1819 1368 1873 1416 et
1924 1368 2109 1416 sancta

507 1468 750 1523 doctrina
780 1483 843 1521 ex
873 1481 967 1521 ore
1015 1479 1200 1520 eorum
1232 1462 1459 1534 prolata.
1520 1461 1690 1515 Porta
1719 1474 1931 1529 quoque
1987 1474 2109 1512 san-

510 1565 609 1611 ctae
638 1554 916 1620 Ecclesiae,
962 1570 1082 1623 quae
1132 1552 1231 1607 Dei
1260 1548 1615 1622 omnipotenti
1670 1548 1939 1603 chariores
1984 1554 2108 1600 sunt

511 1642 768 1698 omnibus
824 1642 880 1696 in
946 1641 1124 1697 Veteri
1189 1642 1532 1696 Testamento
1579 1636 1953 1708 praeﬁguratis,
1985 1641 2109 1689 sunt

2211 466 2269 511 ut
2295 458 2503 512 beatius
2533 458 2762 512 veniatis
2808 457 2876 513 ad
2913 472 3223 527 supremum
3254 457 3403 510 diem
3477 454 3834 509 resumeba-

2211 545 2312 599 nis.
2347 546 2589 615 Denique
2619 553 2671 598 et
2698 546 2751 599 id
2800 546 3079 614 providete
3108 545 3164 599 in
3190 542 3764 614 frequentationibus
3786 544 3835 596 ab

2212 644 2344 698 hora
2373 643 2427 697 in
2457 628 2666 711 horam,
2719 643 2785 698 de
2814 643 2903 699 die
2932 643 2987 697 in
3017 642 3159 698 diem
3181 658 3351 712 usque
3382 641 3469 696 ad
3507 656 3734 695 cornua
3781 640 3837 694 al-

2212 732 2356 788 taris.
2390 733 2503 787 Hoc
2533 732 2696 787 altare
2720 740 2799 787 est
2829 733 2943 804 ipse
2992 732 3248 797 Christus,
3291 730 3386 800 qui
3423 731 3493 784 in
3532 746 3710 785 cruce
3759 745 3836 798 pm

2211 819 2368 875 nobis
2391 820 2585 875 obtulit
2636 821 2865 892 pretium
2894 820 2975 876 sui
3030 820 3167 875 sacri
3222 820 3472 875 cruoris.
3520 818 3758 873 Cornua
3794 817 3835 871 in

2212 909 2462 963 manibus
2489 908 2607 979 ejus
2634 910 2857 979 (Hebae.
2888 909 2993 980 ιιι),
3024 909 3205 964 clavos
3233 907 3439 978 quibus
3462 923 3692 961 manus
3710 915 3834 961 enat

2213 1004 2481 1062 transﬁxae
2530 1006 2814 1079 designant
2841 1006 2897 1061 in
2935 1007 3106 1061 crucis
3135 1005 3403 1078 patibulo.
3480 1004 3833 1061 Orationih

2213 1094 2410 1165 itaque,
2460 1094 2682 1165 jejuniis
2734 1103 2789 1151 et
2816 1096 3072 1162 castitate,
3132 1095 3362 1164 aliisque
3393 1093 3590 1151 bonis
3650 1094 3834 1149 actim

2212 1182 2267 1238 id
2295 1191 2605 1256 satagamus
2635 1183 2875 1254 quotidie
2902 1200 3033 1256 erga
3071 1184 3168 1239 Dei
3197 1182 3551 1251 bonitatem,
3618 1191 3683 1237 ut
3735 1198 3831 1236 cum

2210 1271 2334 1326 ﬁnis
2360 1272 2566 1327 venerit
2593 1273 2717 1329 vitae
2745 1273 2790 1326 si
2819 1288 2887 1327 ex
2915 1279 3024 1327 toto
3049 1287 3156 1326 non
3215 1272 3508 1343 possimus
3576 1271 3643 1325 in
3699 1288 3831 1326 cruce

2213 1360 2471 1433 pendere,
2503 1361 2693 1416 saltem
2732 1360 3071 1418 inveniamur
3121 1361 3369 1431 suspensi
3427 1361 3498 1415 in
3525 1377 3653 1416 uno
3702 1361 3831 1415 clave

2212 1450 2382 1505 crucis
2407 1456 2647 1505 sacratae.
2706 1450 2789 1506 De
2819 1452 2921 1505 hoc
2974 1450 3126 1505 altari
3166 1449 3382 1504 dixerat
3439 1450 3585 1521 ipse
3632 1451 3773 1505 Deus
3820 1469 3830 1503 :

2215 1562 2238 1586 α
2272 1539 2448 1594 Altare
2478 1539 2545 1593 (le
2600 1546 2739 1594 terra
2796 1538 2999 1594 facietis
3054 1539 3186 1593 mihi
3237 1539 3452 1608 (Exod.
3500 1540 3639 1609 xx).
3682 1562 3702 1585 ε
3737 1540 3832 1592 Hoc

2211 1635 2377 1682 attare
2407 1634 2486 1682 est
2507 1629 2670 1682 homo
2699 1627 2913 1682 divinus
2941 1635 3145 1683 erectus
3191 1644 3257 1681 ex
3288 1628 3470 1683 Maria
3506 1627 3744 1700 virgine
3790 1635 3834 1681 et

504 1743 724 1798 virtutes
755 1748 953 1797 sanetae
1011 1739 1168 1795 bonis
1187 1738 1439 1810 operibus
1459 1737 1720 1801 admistaz,
1750 1742 1934 1791 sancta
1987 1734 2098 1790 sci-
2126 1726 2180 1786 B
2211 1731 2278 1771 ex
2306 1716 2479 1789 regali
2506 1716 2785 1771 δυεοίίίιῑυδ
2810 1717 2994 1788 surpe-

504 1832 631 1887 licet
656 1830 809 1897 ﬁdes,
837 1846 979 1899 spes,
1013 1837 1067 1884 et
1096 1829 1327 1884 charitas
1359 1842 1373 1894 ;
1404 1834 1645 1881 sanctum
1700 1839 1911 1894 quoque
1967 1823 2101 1895 bap-

506 1921 683 1976 tisma.
718 1919 820 1989 Qui
852 1926 1210 1990 peccaverunt
1237 1924 1359 1986 post
1375 1915 1645 1986 baptisma
1671 1914 1739 1969 ad
1769 1916 1865 1968 has
1920 1921 2101 1984 portas

502 2010 687 2065 salutis
742 2008 1014 2076 festinent,
1063 2005 1312 2062 videlicet
1370 2003 1438 2058 ad
1466 2020 1648 2061 veram
1703 2003 2096 2072 pmnitentiam,

503 2114 695 2169 puram
752 2095 1169 2164 confessionem,
1229 2100 1661 2165 perseverantem
1717 2091 2098 2146 continentiam

504 2204 536 2241 a
564 2186 821 2258 peccatis.
853 2186 1027 2256 Super
1055 2186 1194 2239 hanc
1231 2183 1409 2252 itaque
1437 2181 1658 2236 domum
1696 2180 1857 2235 hodie
1886 2179 2099 2250 suppli-

501 2291 690 2330 camus
745 2271 1107 2344 omnipotenti
1166 2271 1303 2342 Deo,
1365 2277 1626 2339 quatenus
1679 2268 1938 2338 quidquid
1992 2268 2097 2322 ali-

502 2370 622 2440 quis
677 2370 959 2425 hominum
1015 2366 1364 2440 postulaverit
1401 2366 1490 2421 hic
1517 2382 1550 2420 a
1578 2365 1810 2420 Domino
1837 2364 1987 2432 boni,
2042 2364 2099 2418 id

504 2465 776 2513 mereatur
803 2457 1054 2529 adipisci.
1093 2455 1266 2510 Hodie
1297 2470 1510 2525 quoque
1543 2453 1713 2509 sancti
1740 2452 1920 2525 angeli
1962 2453 2098 2510 visi-

503 2562 616 2610 tant
662 2555 751 2610 hic
823 2569 948 2609 suos
1010 2551 1279 2621 concives,
1347 2551 1541 2621 quibus
1593 2549 1794 2605 dudum
1850 2550 2100 2623 indigna-

504 2646 719 2713 bantur,
752 2651 806 2700 et
834 2658 1029 2714 corpus
1062 2641 1291 2697 sumitur
1317 2642 1459 2696 Jesu.
1510 2639 1647 2695 Hinc
1669 2640 1923 2711 scriptum
1980 2647 2091 2695 est:

508 2756 531 2783 ιε
563 2731 757 2805 Angeli
786 2747 975 2787 eorum
1003 2746 1216 2802 semper
1243 2730 1429 2788 vident
1458 2729 1653 2784 faciem
1683 2728 1853 2783 Patris
1870 2729 2092 2799 (Matth.

511 2821 696 2891 xvin).
739 2843 762 2869 η
797 2819 895 2875 Hic
922 2820 1102 2890 itaque
1132 2819 1311 2890 angeli
1332 2817 1501 2873 sancti
1530 2834 1653 2873 cum
1690 2817 1876 2872 laetitia
1902 2818 2095 2889 grandi

500 2918 764 2975 hodierno
794 2918 1089 2974 ascendunt
1117 2925 1167 2973 et
1192 2916 1539 2983 descendunt,
1572 2914 1921 2970 adventantes
1971 2914 2093 2970 ani-

500 3025 628 3078 mae,
661 3024 783 3064 cum
816 3007 975 3062 fuerit
1002 3005 1177 3078 sopita
1198 3005 1253 3059 in
1282 3005 1488 3061 cunctis
1507 3020 1626 3074 quae
1656 3020 1753 3074 per
1770 3020 1984 3059 carnem
2003 3003 2096 3058 ad-

500 3104 796 3153 amaverat.
846 3097 975 3151 Haec
1003 3096 1186 3151 anima
1240 3093 1369 3149 dum
1401 3092 1661 3163 quieverit
1689 3108 1721 3147 a
1749 3092 1889 3147 curis
1939 3100 2095 3148 exte-

498 3194 731 3252 rioribus
784 3193 842 3248 in
889 3193 1001 3247 suis
1055 3190 1471 3264 cogitationibus
1536 3197 1589 3245 et
1644 3190 1796 3260 quasi
1849 3190 2095 3262 vigilanti

504 3283 670 3340 corde
728 3282 890 3338 fuerit
933 3281 989 3336 in
1044 3281 1144 3336 Dei
1191 3278 1663 3351 contemplatione,
1721 3279 1888 3334 sancti
1917 3280 2096 3351 angeli

500 3378 882 3452 proculdubio
911 3378 1208 3451 gaudentes
1254 3384 1537 3434 occurrunt
1586 3376 1688 3431 illi.
1728 3377 1863 3432 Cum
1916 3385 2095 3433 autem

498 3486 654 3524 mens
683 3471 921 3523 humana
951 3467 1111 3523 fuerit
1163 3482 1477 3539 repercussa
1503 3465 1657 3536 gravi
1684 3466 1925 3536 corporis
1976 3466 2095 3521 fra-

495 3557 723 3629 gilitate,
753 3556 1067 3612 obscuratur
1109 3555 1260 3625 quasi
1306 3556 1362 3609 in
1397 3555 1603 3622 nubilo,
1637 3555 1783 3625 quod
1835 3555 2094 3627 splendo-

495 3669 611 3708 rem
640 3661 914 3724 perpetuae
944 3652 1077 3707 lucis
1105 3667 1173 3707 ex
1193 3651 1285 3706 illa
1306 3651 1656 3721 perturbavit.
1713 3652 1917 3707 Etcum
1962 3652 2093 3708 item

497 3749 741 3811 tempore
771 3739 1080 3795 tentationis
1126 3739 1375 3794 reciderit
1410 3739 1463 3792 in
1491 3755 1616 3794 suos
1644 3741 1891 3810 antiquos
1944 3743 2095 3813 cogi-

499 3836 655 3896 tatus,
713 3846 776 3885 ac
828 3828 1246 3899 reciprocaverit
1299 3827 1572 3881 mirabiles
1629 3829 1869 3899 corporis
1924 3838 2089 3897 actus,

498 3918 665 3974 uestri
693 3918 944 3974 concives
963 3933 1063 3972 nos
1091 3916 1454 3989 aufugiunt,et
1472 3916 1651 3988 angeli
1679 3918 1736 3971 in
1788 3918 2094 3974 ccelestibus

502 4006 825 4063 erubescunt
841 4006 910 4062 de
939 4005 1135 4061 nostris
1183 4004 1488 4060 excessibus
1541 4005 1595 4059 in
1624 4004 1733 4059 suis
1786 4007 2094 4078 agminibus

568 4113 757 4186 Igitur,
788 4113 1109 4180 charissimi,
1175 4111 1537 4167 conciliamini
1611 4111 1767 4169 vobis
1846 4114 2091 4184 spiritum

497 4202 726 4271 consilii,
758 4202 835 4256 uti
856 4218 1071 4257 causam
1112 4207 1347 4256 vestram
1405 4200 1477 4254 ita
1532 4201 1764 4256 tractetis
1793 4202 1935 4272 quod
1976 4204 2092 4260 Deo

499 4298 777 4371 placeatis,
810 4298 953 4368 quod
974 4297 1267 4355 amicitiam
1298 4297 1613 4370 angelorum
1656 4299 1916 4367 habeatis,
1949 4302 2093 4372 quod

493 4388 583 4459 jus
604 4385 1002 4442 haereditarium
1059 4386 1291 4441 filiorum
1322 4386 1421 4440 Dei
1478 4386 1815 4457 possideatis.
1880 4389 2093 4445 Charis-

496 4475 622 4530 simi
656 4491 821 4531 :ecce
868 4474 925 4529 in
978 4474 1142 4530 domo
1196 4473 1342 4547 regis
1397 4474 1627 4531 cmlestis
1677 4478 1947 4545 constatis,
2006 4478 2094 4536 hic

496 4580 658 4633 vocat
685 4588 942 4645 sponsam
1004 4589 1178 4641 suam,
1208 4572 1447 4629 animam
1504 4571 1707 4629 scilicet
1759 4576 2094 4647 uniuscujus-

502 4691 607 4745 que
661 4688 824 4744 quam
857 4672 988 4728 emit
1013 4671 1233 4743 preprio
1263 4688 1472 4741 cruore,
1526 4688 1590 4728 ac
1641 4672 1783 4729 dicat
1825 4693 1837 4730 :
1897 4675 2089 4751 Surge,

499 4763 675 4820 amica
711 4779 854 4829 mea,
887 4769 1136 4817 excutere
1165 4760 1233 4815 de
1273 4761 1491 4831 pulvere
1520 4763 1714 4819 veteris
1742 4765 1943 4834 peccati
1986 4784 2093 4837 quo

495 4853 673 4925 sopita
696 4850 944 4923 jacebas.
984 4848 1240 4906 Andorna
1268 4849 1399 4903 mihi
1432 4851 1688 4919 templum
1705 4851 1762 4906 in
1788 4853 1950 4909 corde
1980 4863 2090 4924 tuo,

496 4942 623 5014 quia
650 4940 783 4996 illud
837 4938 1138 4995 inhabitare
1196 4937 1342 5009 volo,
1399 4939 1442 4992 si
1500 4948 1721 5009 peccata
1772 4941 2089 4999 deserueris.

494 5032 628 5088 Post
676 5045 866 5085 omnes
909 5027 1339 5084 abominationes
1394 5033 1509 5083 tuas
1561 5036 1828 5086 revertere
1856 5030 1926 5086 ad
1982 5049 2089 5104 me,

496 5136 550 5185 et
576 5144 680 5201 ego
706 5134 947 5183 revertar
1001 5124 1070 5179 ad
1131 5132 1180 5180 te
1208 5124 1647 5197 (AUGUSTINUS.)
1700 5127 1841 5198 Jam,
1879 5129 2090 5185 charis-

498 5227 643 5297 simi,
673 5235 816 5286 recte
846 5227 983 5283 festa
1011 5226 1264 5282 Ecclesiae
1303 5227 1488 5282 colunt
1513 5227 1605 5298 qui
1631 5244 1691 5283 se
1715 5226 1855 5285 filios
1911 5232 2092 5289 Eccle-

498 5323 593 5379 siae
633 5330 984 5396 cognoscunt.
1018 5323 1213 5380 Sancta
1263 5323 1502 5380 Ecclesia
1548 5332 1631 5381 est
1686 5335 1857 5384 mater
1889 5338 2086 5387 vestra.

497 5420 657 5491 Quod
685 5421 729 5474 si
758 5429 813 5475 et
836 5436 934 5478 vos
978 5420 1234 5475 Ecclesiae
1260 5419 1355 5474 ﬁlii
1413 5421 1636 5489 fueritis,
1687 5423 1823 5480 festa
1876 5426 2091 5484 dedica-

494 5518 656 5575 tionis
680 5524 824 5570 recte
852 5515 1212 5571 celebrabitis.
1272 5517 1504 5574 Proinde
1537 5542 1559 5569 «
1585 5521 1887 5579 constituite
1943 5525 2088 5582 diem

488 5616 788 5673 solemnem
872 5609 929 5662 in
981 5611 1265 5667 condensis
1332 5630 1502 5685 usque
1548 5617 1617 5671 ad
1688 5635 1854 5675 cornu
1908 5623 2089 5680 altaris

487 5713 667 5785 (Ρεαι.
706 5706 912 5777 cxvu).
954 5726 975 5754 ιι
1010 5705 1181 5763 Hodie
1211 5709 1389 5782 itaque
1426 5712 1708 5772 vobiscum
1765 5728 2085 5790 pertractate

2127 3084 2177 3148 C

2119 4439 2174 4501 D

2276 1860 2423 1931 Ergo
2460 1881 2482 1908 α
2515 1875 2639 1915 cum
2679 1859 2916 1915 medium
2972 1858 3240 1915 silentium
3298 1867 3569 1917 tenerent
3633 1859 3831 1926 omnia,

2206 1956 2261 2004 et
2285 1963 2394 2003 nox
2415 1947 2471 2002 in
2497 1964 2595 2009 suo
2623 1964 2779 2003 cursu
2809 1947 2910 2003 iter
2940 1947 3180 2017 haberet,
3239 1949 3617 2018 omnipotens
3663 1965 3832 2004 sermo

2209 2044 2345 2103 tuus,
2380 2037 2630 2103 Domine,
2653 2053 2686 2091 a
2713 2037 2987 2109 regalibus
3014 2036 3233 2093 sedibus
3247 2039 3400 2093 venit
3421 2039 3596 2110 (Sap.
3617 2044 3795 2101 πίτυι).
3810 2061 3829 2085 ο

2205 2126 2339 2180 Bina
2393 2125 2603 2180 silentia
2665 2126 3005 2197 contigerant
3058 2125 3115 2181 in
3156 2126 3359 2181 mundo
3433 2145 3448 2181 :
3512 2128 3601 2183 ita
3632 2127 3834 2182 scilicet

2204 2221 2263 2268 ut
2291 2213 2358 2268 de
2390 2214 2503 2268 Deo
2539 2213 2669 2267 nihil
2691 2229 2831 2283 pene
2886 2213 3158 2269 audiretur
3183 2213 3241 2269 in
3269 2216 3527 2271 humano
3593 2230 3822 2288 genere.

2204 2309 2395 2364 Adhuc
2423 2324 2639 2380 quoque
2692 2309 2940 2365 adveniet
2986 2327 3152 2365 unum
3203 2311 3485 2366 silentium
3510 2311 3577 2366 in
3634 2321 3829 2368 eterna

2206 2398 2403 2468 quiete,
2435 2398 2530 2453 ubi
2557 2398 2742 2453 siletur
2768 2398 2840 2454 ab
2867 2399 3018 2454 omni
3058 2399 3287 2454 tumultu
3314 2408 3371 2454 et
3400 2402 3707 2457 mundana
3756 2401 3827 2454 in-

2205 2486 2404 2556 quieto,
2435 2502 2541 2557 quo
2570 2493 2624 2542 et
2647 2487 2907 2559 gaudium
2936 2487 3209 2543 habebunt
3235 2486 3526 2545 ineffabile
3557 2490 3712 2545 inter
3736 2505 3823 2545 ce—

2203 2589 2476 2636 ruscantes
2502 2596 2853 2651 amoenosque
2910 2581 3143 2653 paradisi
3182 2582 3415 2653 lapides.
3449 2584 3583 2639 Hoc
3613 2592 3698 2640 est
3733 2592 3824 2639 ter—

2206 2670 2337 2725 tium
2366 2669 2656 2724 silentium.
2689 2670 2926 2725 Primum
2957 2670 3226 2725 silentium
3264 2678 3383 2727 erat
3411 2681 3549 2728 ante
3592 2674 3777 2746 legem
3806 2691 3821 2733 ς

2205 2756 2305 2813 tria
2333 2758 2505 2812 millia
2530 2765 2584 2813 et
2611 2766 2825 2813 centum
2855 2774 3121 2814 annorum
3166 2759 3819 2830 perdurans;secundum

2201 2845 2473 2901 silentium
2528 2855 2649 2917 post
2700 2847 2882 2919 legem
2910 2855 3037 2903 ante
3090 2848 3344 2920 gratiam,
3377 2849 3535 2919 quod
3581 2850 3817 2906 medium

2200 2942 2471 2999 silentium
2501 2951 2634 2998 erat.
2684 2945 2746 2999 In
2792 2944 2969 3015 primo
2996 2945 3208 3001 silentio
3260 2962 3363 3001 nec
3408 2956 3655 3016 peccata
3711 2963 3821 3017 qua

2204 3039 2500 3104 gesserant,
2531 3048 2631 3087 nec
2684 3032 2989 3088 diuturnam
3020 3042 3269 3101 mortem,
3301 3051 3427 3105 qua:
3460 3036 3544 3091 eis
3602 3037 3819 3111 ingrue-

2208 3129 2317 3193 bat,
2369 3145 2708 3199 nequaquam
2752 3140 3092 3203 agnoverunt
3129 3150 3142 3186 :
3174 3132 3286 3187 imo
3325 3132 3625 3190 siluerunt.
3689 3136 3821 3191 Dato

2208 3233 2334 3273 vero
2363 3218 2485 3290 lege
2516 3234 2614 3289 per
2641 3219 2880 3289 Moysen,
2913 3220 3246 3290 ostensisque
3299 3223 3567 3291 peccatis,
3631 3240 3818 3295 pecca-

2205 3313 2349 3361 tores
2373 3306 2601 3361 salutem
2623 3307 2955 3377 quaarebant,
3013 3316 3337 3379 ruptumque
3363 3310 3658 3367 silentium
3698 3329 3817 3385 pre-

2204 3396 2381 3467 phetze
2409 3395 2839 3464 praedicaverunt
2894 3397 3041 3452 nasci
3072 3397 3411 3453 Salvatorem
3470 3400 3542 3454 de
3606 3402 3814 3475 virgine

2202 3492 2390 3547 Maria.
2423 3493 2666 3562 Cumque
2693 3501 3030 3566 nonagentos
3058 3510 3228 3550 annos
3250 3496 3659 3554 vociferassent
3712 3515 3812 3570 op-

2204 3580 2365 3636 tando
2388 3580 2604 3635 Domini
2634 3582 2945 3650 adventum,
2979 3583 3127 3638 venit
3155 3583 3397 3639 Christus
3430 3604 3445 3639 :
3474 3587 3630 3643 unde
3660 3603 3811 3643 omne

2204 3668 2347 3738 quod
2374 3667 2429 3723 in
2458 3677 2598 3723 terra
2625 3678 2740 3725 erat
2766 3670 2929 3739 siluit,
2962 3671 3089 3740 quia
3143 3672 3382 3727 Christus
3407 3674 3666 3731 advenit.
3709 3677 3809 3730 Hoc

2202 3774 2283 3821 est
2309 3766 2451 3821 enim
2474 3767 2742 3822 silentium
2774 3767 2828 3821 in
2857 3784 2963 3838 quo
2994 3768 3231 3823 Christus
3262 3779 3419 3825 natus
3448 3788 3627 3828 omne
3675 3772 3810 3845 quod

2201 3854 2377 3911 fuerat
2406 3855 2630 3910 feliciter
2656 3863 2839 3910 natum
2863 3857 3189 3913 exclamavit
3212 3874 3224 3913 :
3250 3859 3532 3926 Miserere,
3554 3863 3803 3927 Domine,

2203 3943 2482 3999 miserere.
2520 3944 2700 3999 Medio
2746 3961 2979 4015 namque
3023 3946 3236 4002 silentio
3292 3949 3397 4003 hoc
3424 3949 3603 4005 modo
3660 3959 3805 4023 Πιρίο

2202 4048 2331 4103 pax,
2386 4032 2556 4102 quies,
2616 4032 2911 4101 miseratio,
2958 4043 3300 4105 peccatorum
3355 4036 3713 4111 indulgentia
3736 4047 3803 4094 est

2202 4120 2438 4176 humano
2466 4122 2654 4193 generi
2683 4139 2781 4193 per
2809 4122 3076 4178 Christum
3142 4124 3359 4180 collata.
3387 4126 3513 4182 Hoc
3540 4129 3648 4183 Dei
3677 4130 3795 4184 Ver-

2199 4208 2330 4263 bum
2350 4209 2525 4265 adhuc
2573 4210 2862 4281 alloquitur
2915 4211 3223 4268 mundum:
3258 4236 3282 4260 ι
3342 4214 3556 4272 Discite
3609 4234 3647 4272 a
3697 4234 3798 4283 me,

2201 4297 2327 4368 quia
2357 4298 2500 4353 mitis
2526 4315 2645 4353 sum
2674 4310 2726 4355 ct
2780 4300 2997 4355 humilis
3025 4301 3186 4357 corde
3215 4302 3437 4372 (Matth.
3471 4304 3581 4375 In).
3612 4330 3637 4353 ι-
3675 4306 3805 4362 Cum

2203 4395 2381 4441 autem
2412 4386 2481 4441 ad
2518 4387 2904 4444 beatitudinem
2959 4389 3216 4446 mortales
3267 4394 3645 4463 pervenerint,
3704 4411 3808 4451 non

2206 4484 2341 4540 ultra
2370 4484 2605 4541 clamare
2648 4502 2749 4542 nec
2796 4502 2950 4543 orare
2988 4488 3208 4554 habent,
3238 4487 3334 4543 sed
3362 4489 3529 4546 silent
3548 4500 3603 4547 et
3663 4495 3811 4564 quie-

2199 4588 2354 4636 scunt
2381 4598 2412 4637 a
2440 4581 2688 4652 pluribus
2735 4583 3098 4655 gemebundis
3123 4585 3450 4641 clamoribus
3471 4588 3685 4658 quibus
3710 4589 3812 4646 sibi

2201 4677 2397 4748 aperiri
2423 4679 2628 4734 coelum
2679 4680 3067 4747 vociferabant,
3096 4682 3252 4752 juxta
3278 4683 3411 4739 illud
3444 4703 3458 4739 :
3495 4708 3520 4734 ιι
3584 4688 3815 4745 Comici-

2201 4774 2326 4829 disti
2372 4792 2586 4832 saccum
2666 4793 2848 4834 meum
2902 4787 2956 4834 et
3010 4780 3409 4836 circumdedisti
3464 4799 3560 4839 me
3618 4786 3815 4845 latitia

2203 4864 2384 4933 (Ρδαι.
2414 4865 2602 4936 xxix).
2629 4888 2651 4914 »
2672 4867 2735 4920 In
2752 4867 3045 4937 illo.medio
3065 4869 3298 4939 silentio,
3318 4878 3376 4925 ut
3395 4872 3700 4943 praefatum
3713 4885 3812 4941 est.

2200 4952 2545 5024 omnipotens
2562 4969 2738 5010 sermo
2768 4970 2802 5010 a
2830 4956 3106 5029 regalibus
3138 4956 3358 5014 sedibus
3384 4961 3554 5016 venit.
3611 4961 3763 5033 Quis
3787 4967 3815 5019 ἵ

2198 5048 2298 5104 Dci
2319 5049 2576 5119 Verbum,
2638 5051 2804 5107 Filius
2838 5053 2959 5122 Dei,
2991 5054 3107 5110 Rex
3135 5055 3303 5111 Filius
3327 5055 3513 5130 Regis.
3564 5059 3735 5117 Unde
3786 5064 3817 5115 ἓ

2197 5140 2242 5192 Α
2270 5153 2528 5196 concessu
2583 5140 2664 5195 sui
2694 5141 2882 5197 Patris.
2922 5141 3080 5211 Quod
3108 5144 3136 5197 ?
3161 5146 3225 5199 In
3252 5145 3554 5216 patibulem
3602 5158 3814 5209 sancta

2196 5235 2389 5303 crucis,
2435 5253 2469 5291 a
2501 5237 2629 5294 sede
2656 5239 2829 5309 regali
2858 5238 2927 5295 ad
2953 5239 3239 5297 textrinam
3268 5242 3512 5299 mortalis
3568 5250 3811 5317 peccati,

2196 5346 2230 5388 a
2257 5331 2542 5404 splendore
2570 5334 2692 5389 coeli
2744 5334 2813 5390 ad
2869 5336 3115 5392 tenebras
3150 5337 3371 5393 inferni.
3392 5339 3458 5394 Et
3499 5339 3631 5397 ideo
3663 5359 3700 5398 a
3726 5361 3812 5401 m-

2194 5430 2409 5501 galibus
2436 5446 2543 5486 non
2566 5431 2635 5486 ab
2662 5448 2770 5487 una
2797 5432 2925 5488 sede
2952 5434 3141 5506 regali,
3179 5436 3305 5505 quia
3333 5437 3387 5491 hi
3418 5437 3509 5507 qui
3557 5441 3806 5497 caelestia

2196 5547 2318 5586 cum
2346 5532 2533 5588 labore
2560 5534 2831 5602 petierint,
2864 5536 3056 5590 horum
3104 5536 3327 5607 quisque
3356 5538 3586 5608 recipiet
3637 5557 3800 5598 coro-

2194 5643 2321 5683 nam
2350 5630 2475 5686 vitae
2527 5631 2755 5703 singulis
2782 5633 3080 5704 quibusque
3134 5634 3375 5706 singulas
3402 5651 3638 5693 coronas
3694 5641 3797 5696 ha-

2192 5726 2443 5785 bentibus
2497 5736 2550 5788 et
2593 5745 2716 5788 cum
2745 5731 2901 5789 Patre
2951 5747 3049 5789 suo
3103 5732 3454 5806 regnantibus
3507 5735 3569 5791 in
3622 5753 3793 5813 regno

3920 5512 3936 5695 J

3910 5714 3936 5966 ’1
