3972 6076
140 302 299 360 1233

1093 292 1679 352 DEFLORATIONES
1717 291 1820 350 SS.
1867 292 2171 352 PATRUM.
2203 326 2273 336 —
2301 295 2433 352 LIB.
2474 297 2550 352 Ιῐ.

3327 292 3465 350 123ι

146 429 308 500 quod
356 426 686 500 prieparavit
714 422 1065 496 diligentibus
1095 439 1153 478 se
1185 439 1216 476 a
1244 421 1432 476 mundi
1463 420 1751 491 principio,
1784 418 1836 477 A
1867 421 1996 491 quid
2028 421 2238 492 lapides
2267 421 2584 491 angulares,
2617 422 2749 495 quid
2792 421 3185 495 pavimentum,
3219 418 3345 491 quid
3377 419 3457 474 fe-

142 518 297 571 sicut
329 518 399 571 ibi
436 534 447 571 :
489 541 510 564 σι
558 516 840 585 Quotquot
869 521 1044 566 autem
1081 520 1404 576 receperunt
1435 527 1577 572 cum,
1609 509 1759 563 dedit

144 606 235 660 eis
280 613 609 676 potestatem
659 604 803 657 filios
854 601 951 656 Dei
1001 601 1138 666 ﬁeri,
1188 601 1274 654 his
1328 601 1415 672 qui
1448 599 1673 653 credunt
1703 598 1757 652 in

144 704 382 757 nomine
412 703 531 770 ejus
563 703 756 770 (Joan.
796 701 856 767 ι).
892 722 911 745 ιι
949 698 1003 753 Si
1035 696 1123 752 filii
1158 698 1276 764 ejus
1308 695 1504 750 fuerint
1543 703 1594 748 et
1623 711 1757 749 con-

146 805 401 861 sequens
432 791 530 845 erit
559 798 616 843 ut
647 797 700 844 et
729 805 892 859 reges
923 787 1051 841 sint.
1096 785 1255 853 Quod
1288 785 1333 838 si
1375 801 1536 851 reges
1566 782 1755 852 sequi-

149 895 248 942 tur
280 897 337 942 ut
369 887 744 958 unusquisque
765 885 1007 954 regalem
1041 883 1315 954 possideat
1346 881 1555 950 sedem,
1588 897 1758 935 unus-

152 978 396 1047 quisque
451 975 732 1046 proprium
788 974 988 1028 habeat
1046 988 1292 1043 regnum.
1344 973 1455 1026 Rex
1487 979 1753 1034 terrenus,

152 1064 352 1135 plures
382 1066 591 1118 habens
622 1063 764 1116 ﬁlios
796 1078 905 1116 non
956 1063 1060 1115 nisi
1107 1077 1269 1115 unum
1301 1059 1499 1130 poterit
1529 1059 1757 1128 imperio

152 1163 464 1218 sublimare
497 1179 510 1214 :
547 1177 646 1214 rex
677 1167 856 1212 autem
888 1174 1120 1228 regnum
1169 1165 1300 1228 quot
1340 1156 1480 1210 filios
1510 1157 1759 1210 habuerit

153 1257 240 1306 tot
297 1266 532 1304 coronas
579 1249 874 1318 unicuique
927 1249 978 1299 iu
1013 1262 1187 1317 regno
1219 1261 1321 1298 suo
1353 1245 1562 1298 tribuit.
1603 1244 1759 1312 Quod

154 1339 489 1409 promissum
524 1353 628 1390 non
669 1345 752 1391 est
796 1342 1062 1396 nostrum,
1117 1335 1216 1388 sed
1264 1333 1458 1387 Christi
1509 1334 1597 1402 qui
1629 1332 1763 1397 dixit

156 1443 264 1483 suo
297 1425 707 1480 l’atricmlesti:
744 1447 764 1472 α
802 1425 922 1478 Non
955 1439 1052 1494 pro
1083 1423 1166 1476 his
1196 1431 1402 1475 tantum
1453 1437 1616 1492 rogo,
1663 1421 1760 1475 sed

155 1542 263 1595 pro
296 1525 375 1579 eis
407 1523 494 1594 qui
521 1521 782 1577 credituri
810 1529 931 1574 sunt
961 1537 1058 1589 per
1092 1520 1323 1572 verbum
1355 1535 1541 1572 eorum
1570 1518 1618 1570 in
1655 1534 1758 1583 me,

156 1620 217 1668 ut
257 1629 460 1667 omnes
505 1628 665 1665 unum
703 1609 830 1673 sint,
883 1609 1019 1663 sicut
1052 1617 1110 1661 tu
1146 1609 1306 1662 Pater
1345 1608 1399 1660 in
1433 1623 1538 1672 me,
1575 1614 1626 1660 et
1656 1621 1762 1677 ego

158 1701 217 1756 in
248 1710 322 1767 te,
355 1709 410 1754 ut
437 1709 488 1754 et
519 1700 619 1770 ipsi
653 1699 706 1752 in
737 1699 892 1752 nobis
939 1714 1104 1751 unum
1165 1697 1294 1757 sint,
1327 1703 1382 1749 et
1413 1704 1469 1749 ut
1527 1695 1762 1748 mundus

161 1801 354 1856 credat
385 1799 511 1870 quia
569 1807 624 1852 tu
685 1813 772 1851 me
828 1795 1020 1849 misisti
1079 1796 1262 1860 (Joan.
1293 1797 1456 1848 xvul.
1501 1817 1520 1840 υ
1558 1795 1757 1849 Unde:

167 1914 190 1938 ι(
238 1890 422 1943 Nolite
445 1888 686 1959 dilegere
711 1886 996 1951 mundum,
1020 1900 1205 1954 neque
1235 1899 1300 1938 ea
1330 1900 1450 1955 qua:
1483 1883 1537 1936 in
1561 1882 1764 1937 mundo

161 1987 290 2033 sunt
320 1979 373 2043 (Ῑ
397 1979 558 2033 Joan.
593 1978 674 2044 ιι).
716 1997 736 2022 n

233 2074 389 2128 Dixit
416 2073 556 2127 enim
593 2071 964 2127 Ecclesiastes
1001 2087 1012 2125 :
1053 2093 1074 2117 α
1115 2069 1352 2123 Υειιιὶιιιε
1384 2069 1679 2124 vanitatum
1712 2076 1762 2122 et

162 2164 350 2219 omnia
380 2162 589 2216 vanitas
621 2163 828 2228 (Eecle.
862 2167 948 2228 ιι).
1002 2183 1022 2207 υ
1071 2159 1269 2214 Omnia
1299 2175 1422 2230 qua:
1461 2159 1516 2211 in
1560 2158 1764 2211 mundo

165 2262 312 2316 sunt,
345 2249 710 2319 corruptibilia
734 2257 786 2303 et
817 2264 957 2303 vana
985 2257 1188 2302 tamen.
1239 2248 1305 2300 Et
1350 2250 1453 2302 hoc
1494 2246 1762 2301 describi-

166 2357 255 2404 tur
296 2364 308 2404 :
348 2372 369 2395 u
406 2348 548 2404 Vidit
570 2350 718 2402 Deus
741 2355 937 2402 cuncta
959 2363 1080 2416 quae
1119 2344 1340 2410 fecerat,
1367 2352 1586 2399 eterant
1607 2343 1764 2399 valde

168 2441 312 2492 bona
341 2438 499 2506 (Gen.
531 2440 572 2507 ι)
599 2461 621 2484 ι»
659 2435 818 2504 Quod
849 2435 893 2488 si
927 2437 1088 2502 bona,
1126 2435 1268 2488 unde
1305 2450 1446 2487 vana
1468 2434 1495 2488 ?
1530 2433 1760 2496 Ctelum,

170 2536 336 2590 terra,
385 2525 486 2591 sol,
537 2525 683 2589 luna,
746 2533 894 2579 astra
955 2524 1182 2588 nobilia,
1245 2523 1533 2592 splendida
1595 2521 1764 2576 faeies

169 2615 345 2686 Moysi
374 2632 386 2677 ;
423 2616 544 2668 haec
575 2612 756 2668 omnia
804 2611 1051 2682 prodiere
1084 2627 1116 2665 a
1147 2612 1288 2665 bono
1332 2611 1608 2673 Creatore,
1641 2610 1762 2665 ideo

171 2712 340 2767 bona.
387 2712 587 2766 Tamen
631 2710 675 2764 si
715 2712 831 2766 haec
886 2709 955 2764 ad
1013 2711 1186 2764 Deum
1225 2711 1588 2773 conterantur,
1634 2707 1764 2761 nihil

175 2808 321 2869 sunt,
375 2809 428 2856 et
473 2800 644 2854 multo
676 2799 856 2853 minus
913 2799 968 2852 in
1019 2799 1426 2868 comparatione
1459 2796 1557 2850 Dei
1583 2805 1762 2864 erunt,

172 2906 334 2960 quam
387 2889 660 2961 igniculus
691 2887 934 2942 candela:
985 2887 1146 2941 totius
1192 2888 1322 2940 solis
1362 2885 1756 2957 magnitudine.

173 2987 375 3041 Omnes
408 2993 679 3041 torrentes
713 2985 914 3039 vadunt
935 2985 989 3038 in
1011 3000 1156 3038 mare
1172 2993 1224 3038 et
1251 2993 1397 3038 mare
1433 2999 1541 3038 non
1568 2983 1766 3052 imple-

174 3085 274 3130 tur.
305 3077 388 3130 Ad
420 3074 597 3130 locum
636 3074 784 3128 illum
815 3075 882 3129 de
915 3091 1020 3145 quo
1070 3082 1338 3127 torrentes
1370 3080 1586 3140 exeunt,
1638 3073 1766 3125 illuc

172 3164 276 3234 ipsi
306 3172 674 3227 revertentur,
705 3171 762 3216 ut
792 3162 986 3215 iterum
1016 3163 1202 3215 ﬂuant.
1256 3162 1499 3230 Idipsum
1532 3169 1584 3214 et
1621 3161 1762 3213 Pau-

173 3255 258 3308 lus
288 3269 425 3322 peue
457 3253 628 3323 tangit
660 3253 763 3307 hoc
795 3251 960 3305 modo
995 3268 1007 3304 :
1048 3273 1070 3296 α
1122 3251 1372 3304 Praeterit
1417 3250 1556 3304 enim
1591 3248 1767 3320 ﬁgura

173 3351 331 3419 hujus
372 3350 557 3404 mundi
615 3352 665 3420 (I
720 3352 842 3406 Cor.
880 3358 996 3414 vn).
1044 3373 1066 3396 η
1111 3349 1284 3403 Nobis
1325 3348 1510 3419 itaque
1548 3347 1769 3402 miseris

175 3441 291 3510 pari
331 3440 493 3494 modo
531 3439 813 3508 contingit,
856 3439 948 3510 qui
1007 3438 1074 3493 de
1116 3448 1262 3492 terra
1324 3438 1443 3491 lacti
1483 3437 1673 3490 iterum
1715 3436 1768 3489 in

176 3533 379 3582 terram
410 3527 674 3581 redimus.
700 3529 806 3582 Sed
827 3527 881 3580 hi
911 3543 1055 3581 nunc
1087 3535 1388 3581 nascuntur
1416 3525 1643 3590 beatius,
1679 3525 1772 3596 qui

177 3633 298 3696 post
328 3625 396 3680 de
429 3634 570 3680 terra
602 3625 1028 3689 resurrcxerint,
1083 3624 1247 3678 multo
1299 3623 1588 3678 feliciores.
1624 3623 1769 3677 Cha-

179 3714 396 3770 rissimi.
428 3715 758 3785 quandoque
793 3728 1153 3768 renascamur
1172 3713 1240 3766 ad
1267 3713 1530 3777 laborem,
1552 3710 1624 3764 uti
1654 3711 1770 3765 avis

178 3803 246 3857 ad
277 3803 536 3858 volatum.
576 3805 766 3873 Itaque
801 3818 924 3856 cum
969 3816 1348 3861 nasceremur,
1379 3801 1634 3855 continuo
1666 3816 1770 3854 au-

183 3901 424 3955 diebatur
453 3917 484 3954 a
515 3899 672 3955 nobis
702 3904 766 3962 A,
799 3915 848 3966 a,
877 3914 909 3953 a
942 3917 957 3966 ;
1007 3899 1106 3954 sed
1155 3915 1262 3954 non
1313 3904 1480 3952 multo
1512 3907 1631 3968 post
1661 3915 1770 3968 prae

182 3991 471 4045 acerbitate
501 3989 690 4044 mortis
715 3989 948 4060 idipsum
980 3990 1048 4056 A,
1103 4005 1152 4054 a,
1209 4004 1240 4041 a
1273 3988 1561 4058 repetitur.
1595 3987 1769 4056 Quam

184 4078 406 4150 elegans
437 4094 566 4132 caro
596 4077 759 4132 fuerit
793 4095 806 4132 :
857 4086 1037 4132 tamen
1070 4078 1308 4132 cadaver
1358 4077 1595 4132 futurum
1643 4076 1767 4146 erit,

184 4193 247 4232 ac
301 4177 495 4231 deinde
561 4176 766 4248 pulvis.
831 4177 970 4231 Hinc
1021 4185 1205 4232 notate
1245 4177 1391 4248 quod
1432 4178 1534 4231 Job
1573 4177 1712 4230 dicat
1755 4177 1768 4213 ε

189 4288 210 4311 υ
256 4265 498 4319 Paucitas
535 4265 756 4319 dierum
796 4281 1044 4319 meorum
1082 4263 1266 4318 finitur
1308 4264 1494 4329 brevi;
1537 4264 1768 4327 dimitte,

187 4367 288 4415 me,
314 4353 558 4415 Domino,
586 4355 704 4408 sine
723 4354 975 4423 plangam
1000 4354 1276 4422 paululum
1299 4352 1544 4407 dolorem
1569 4367 1769 4414 meum,

187 4462 474 4524 antequam
507 4454 696 4507 vadam
727 4454 795 4508 ad
826 4463 1028 4508 terram
1061 4454 1404 4508 tenebrosam
1435 4461 1487 4506 et
1518 4463 1760 4522 opertam
1793 4471 1851 4533 D

190 4543 373 4597 mortis
400 4542 635 4611 caligine
661 4542 798 4612 (Job.
835 4547 911 4611 χ).
950 4565 970 4588 n
1015 4542 1151 4610 Quis
1193 4542 1372 4612 itaque
1424 4543 1613 4594 horum
1647 4559 1766 4595 me-

188 4632 414 4687 moriam
450 4631 660 4702 liis,qui
691 4631 898 4683 dudum
931 4639 1054 4685 ante
1080 4646 1176 4684 nos
1199 4630 1436 4683 fuerunt.
1466 4630 1586 4684 Pari
1606 4629 1770 4685 modo

193 4739 242 4785 et
269 4746 366 4783 nos
394 4728 787 4792 obliviscimur,
825 4737 944 4796 post
975 4744 1154 4782 annos
1186 4738 1446 4783 centenos
1479 4737 1567 4783 aut
1598 4729 1766 4799 prius.

195 4819 396 4873 Primus
427 4828 602 4872 autem
634 4827 686 4872 ct
717 4817 1044 4872 novissimus
1078 4818 1247 4872 nostri
1292 4827 1646 4872 memorctur.
1682 4819 1772 4871 Ad

195 4925 343 4979 quem
368 4915 480 4962 toto
510 4907 673 4962 corde
704 4907 773 4960 sit
821 4915 1008 4959 nostra
1046 4906 1337 4961 conversio
1381 4906 1432 4958 in
1481 4909 1621 4960 hunc
1660 4907 1774 4960 haec

197 5007 368 5051 nostra
425 4996 695 5050 dedicatio
752 4997 1132 5058 transferatur,
1195 5004 1250 5048 ut
1307 5011 1369 5049 ea
1427 5011 1546 5066 qua:
1590 4994 1644 5048 in
1675 4995 1775 5048 hoc

198 5098 395 5168 templo
445 5107 866 5168 componuntur,
921 5097 972 5150 in
1005 5098 1158 5151 nobis
1202 5097 1332 5167 ipsis
1374 5096 1776 5151 transformen-

203 5195 299 5241 tur.
327 5187 594 5257 Scriptum
610 5195 691 5241 est
716 5187 894 5240 enim:
921 5209 942 5232 υ
969 5185 1252 5256 Templum
1269 5185 1777 5254 Domini,templuvn

205 5275 427 5338 Domini,
456 5275 715 5344 templum
760 5274 975 5329 Domini
1010 5285 1258 5329 sanctum
1299 5283 1379 5327 est
1418 5276 1552 5341 (Jer.
1585 5277 1704 5342 vu).
1753 5296 1774 5320 ι

206 5371 312 5425 Hoc
339 5381 390 5425 et
429 5372 628 5425 Paulus
670 5372 751 5424 bis
783 5373 962 5424 verbis
1003 5372 1203 5426 indicat
1238 5388 1249 5423 :
1289 5395 1310 5418 α
1364 5371 1650 5441 Templum
1683 5370 1781 5425 Dei

209 5467 440 5514 sanctum
470 5468 571 5524 est,
602 5461 748 5531 quod
784 5461 912 5513 estis
946 5477 1041 5514 vos
1080 5461 1132 5528 (Ι
1164 5462 1291 5515 Cor.
1332 5462 1428 5528 ιιι).
1467 5483 1489 5508 η

271 5563 421 5617 Nunc
450 5562 613 5632 igitur
641 5561 766 5632 quia!
791 5562 1183 5625 cmmeterium,
1205 5563 1349 5631 quod
1370 5571 1452 5616 est
1481 5569 1606 5615 ante
1644 5571 1784 5616 tem-

213 5650 369 5722 plum,
403 5651 531 5721 quid
559 5652 741 5718 janua,
774 5651 904 5720 quid
936 5652 1122 5714 limen,
1168 5652 1298 5721 quid
1319 5659 1494 5714 antes,
1515 5651 1646 5721 quid
1680 5668 1784 5720 po-

215 5747 336 5807 stea,
369 5739 499 5809 quid
539 5737 711 5808 janua
741 5753 864 5794 cum
913 5741 995 5794 bis
1052 5742 1325 5808 omnibus,
1360 5739 1487 5811 quid
1533 5739 1783 5808 muralia,

1868 519 2081 575 uestrae,
2102 511 2230 580 quid
2252 511 2444 576 altare,
2470 513 2598 583 quid
2621 529 2899 582 campanae
2940 511 3228 581 designent
3259 507 3455 562 viden—

1865 599 1992 652 dum
2026 601 2179 654 vobis
2211 601 2332 654 erit.
2358 601 2741 656 Cnemeterium
2769 602 2946 671 itaque
2976 596 3454 669 denotatrequiem

1867 718 2024 771 quam
2058 703 2109 756 in
2133 711 2276 757 terra
2305 712 2433 772 post
2459 713 2691 758 mortem
2730 703 2993 757 habemus
3029 717 3198 772 usque
3228 699 3283 754 in
3311 700 3456 754 diem

1866 790 2191 844 universalis
2223 792 2661 854 resurrectionis,
2691 808 2814 846 cum
2845 791 2898 844 in
2929 789 3162 861 patriam
3193 788 3338 843 illam
3367 788 3456 842 in-

1866 879 2208 933 traverimus.
2255 880 2408 935 Unde
2466 881 2722 950 scriptum
2757 887 2839 934 est
2873 897 2884 933 :
2924 903 2946 927 α
2977 881 3039 932 ln
3068 879 3290 932 domum
3340 879 3459 933 Do-

1867 977 2005 1030 mini
2038 975 2703 1046 lzetantesibimus(Psal.
2735 979 2901 1046 cxxx).
2934 1000 2955 1024 ιι
2991 976 3174 1030 Limen
3192 991 3342 1038 vero,
3369 974 3462 1028 ubi

1868 1065 2095 1134 primum
2127 1065 2387 1134 templum
2420 1067 2707 1132 intramus,
2755 1074 2906 1120 notat
2955 1072 3196 1119 veterem
3229 1063 3406 1134 legem
3442 1077 3456 1131 ;

1868 1163 2022 1208 antes
2054 1162 2230 1208 autem
2263 1155 2620 1224 apostolicam
2651 1155 2952 1210 doctrinam
2977 1163 3027 1208 et
3055 1152 3460 1224 evangelicam;

1868 1265 2052 1326 postes
2082 1273 2217 1326 quos
2249 1257 2333 1310 vel
2364 1274 2530 1327 super
2561 1257 2828 1321 liminarc,
2855 1257 2998 1328 quod
3026 1264 3308 1326 utrumque
3338 1271 3467 1310 con-

1867 1344 2019 1408 tinet,
2054 1344 2323 1415 signiﬁcat
2359 1346 2527 1399 sancti
2559 1345 2790 1414 Spiritus
2821 1345 3088 1416 gratiam;
3126 1343 3295 1413 janua
3334 1358 3465 1399 vero

1869 1446 2107 1500 totaliter
2136 1462 2259 1500 cum
2282 1447 2399 1500 istis
2433 1447 2784 1500 dinumeratis
2809 1447 3054 1516 partibus
3084 1445 3247 1500 ﬁdem
3269 1447 3464 1501 catho—

1869 1533 2048 1600 licam,
2097 1551 2196 1604 per
2225 1551 2390 1605 quam
2436 1536 2749 1590 Ecclesiam
2798 1536 3092 1589 intramus.
3133 1535 3376 1599 Muralia,
3409 1535 3463 1588 in

1869 1622 2062 1694 quibus
2093 1622 2228 1691 lapis
2261 1640 2428 1694 super
2459 1624 2697 1694 lapidem
2746 1631 2830 1678 est
2874 1623 3107 1694 positus,
3142 1631 3291 1676 notat
3323 1622 3467 1692 quod

1874 1724 2248 1796 unusquisque
2278 1733 2524 1780 nostrum
2549 1726 2804 1779 damnum
2838 1734 3016 1794 portet
3048 1724 3292 1788 alterius,
3328 1724 3468 1778 sicut

1875 1814 2140 1881 scriptum
2176 1823 2258 1867 est
2293 1831 2305 1867 :
2343 1837 2364 1860 -
2399 1814 2551 1868 Alter
2608 1813 2836 1868 alterius
2886 1829 3054 1868 onera
3086 1820 3320 1882 portate,
3351 1820 3461 1866 etc.

1871 1901 2017 1972 (Gal.
2053 1909 2150 1968 γι.)
2191 1926 2210 1949 ο
2268 1902 2504 1972 Lapides
2550 1917 2766 1972 quoque
2810 1901 3100 1973 angulares
3147 1908 3269 1954 sunt
3297 1901 3471 1955 sancti

1874 1998 2110 2067 Spiritus
2159 1999 2296 2052 dona
2339 2015 2459 2069 quae
2504 1999 2782 2054 continent
2813 1998 2864 2052 in
2899 2006 3104 2052 aeterno
3134 1997 3336 2066 templo
3365 1997 3472 2052 duo

1873 2103 2076 2156 genera
2133 2087 2435 2153 hominum,
2487 2088 2800 2142 Judzeorum
2860 2085 3066 2140 scilicet
3103 2093 3155 2140 et
3193 2085 3464 2156 gentium.

1874 2174 2259 2229 Pavimentum
2291 2177 2430 2247 quod
2464 2176 2692 2246 pedibus
2721 2175 2998 2230 teriturab
3028 2175 3279 2229 omnibus
3300 2173 3473 2228 eccle-

1874 2273 2010 2326 siam
2063 2274 2405 2336 intranttbus,
2466 2273 2719 2344 designat
2771 2271 3150 2336 humilitatem,
3185 2270 3324 2325 sicut
3354 2271 3474 2341 ipse

1873 2362 2116 2417 Christus
2149 2363 2224 2416 ait
2259 2380 2270 2415 :
2311 2387 2332 2410 α
2369 2361 2473 2430 Qui
2506 2379 2564 2416 se
2597 2360 2795 2414 exaltat
2833 2360 3201 2414 humiliabitur
3231 2360 3462 2428 (Matth.

1872 2453 2046 2521 xvm).
2087 2475 2107 2497 ιι
2146 2450 2267 2504 Alta
2297 2467 2429 2505 vero
2463 2450 2700 2504 fenestra
2736 2449 2975 2520 quinque
3005 2453 3226 2502 nostros
3259 2463 3474 2513 sensus,

1874 2568 2008 2622 quos
2038 2568 2068 2606 a
2099 2561 2244 2606 terra
2269 2560 2377 2606 tam
2410 2552 2640 2606 sublime
2662 2559 2880 2622 portare
2903 2551 3189 2614 debemus,
3218 2559 3274 2604 ut
3296 2549 3478 2605 lumen

1874 2641 2096 2697 caeleste
2132 2641 2408 2710 possimus
2437 2656 2648 2710 capere,
2685 2654 2786 2693 nec
2832 2638 2918 2693 fur
2945 2639 3226 2708 antiquus,
3266 2638 3479 2693 scilicet

1875 2729 2152 2794 diabolus,
2216 2729 2446 2783 minime
2515 2735 2680 2799 queat
2745 2726 2868 2781 illos
2909 2726 3244 2797 irrumpere.
3291 2725 3477 2781 Altare

1874 2845 2006 2885 vero
2039 2838 2120 2884 est
2143 2829 2259 2900 ipse
2284 2831 2447 2893 Deus,
2473 2845 2631 2900 quem
2656 2828 2708 2882 in
2742 2837 2926 2882 nostro
2947 2828 3280 2884 inconcusso
3312 2827 3480 2884 corde

1875 2919 2204 2973 habeamus.
2246 2920 2325 2973 De
2376 2934 2482 2989 quo
2531 2917 2796 2987 scriptum
2837 2924 2919 2971 est
2965 2935 2978 2972 :
3023 2940 3044 2964 α
3092 2916 3279 2971 Erexit
3307 2916 3480 2970 Jacob

1876 3007 2113 3077 lapidem
2159 3007 2210 3060 in
2252 3006 2486 3073 titulum,
2539 3005 2773 3061 fundens
2802 3005 2985 3060 oleum
3029 3006 3270 3075 desuper
3299 3005 3466 3074 (Gen.

1877 3102 2084 3170 xxviii).
2117 3127 2137 3149 υ
2164 3104 2454 3173 Campana:
2477 3119 2693 3174 quoque
2715 3102 3287 3172 signiﬁcantnostram
3304 3101 3482 3170 quoti-

1873 3193 2093 3246 dianam
2125 3192 2468 3246 vocationem
2509 3192 2565 3245 in
2610 3191 2933 3256 Ecclesiam,
2971 3200 3026 3244 ut
3047 3191 3119 3244 ibi
3147 3205 3160 3245 :
3190 3215 3211 3239 ιι
3239 3191 3476 3257 Currite,

1875 3282 2004 3336 dum
2037 3279 2214 3335 lucem
2249 3281 2458 3335 habetis
2491 3279 2682 3352 (Joan.
2735 3282 2858 3349 xu).
2906 3303 2926 3327 «
2963 3281 3029 3334 Et
3061 3280 3228 3334 item:
3270 3303 3293 3327 «ι
3327 3279 3478 3336 Con-

1875 3379 2147 3434 vertimini
2181 3379 2249 3431 ad
2281 3392 2366 3431 me
2398 3376 2449 3429 in
2480 3384 2591 3432 toto
2622 3377 2790 3432 corde
2829 3384 3013 3430 vestro
3043 3377 3204 3443 (laet.
3235 3376 3313 3445 ιι).
3344 3397 3364 3422 υ
3403 3377 3481 3430 Ac

1874 3468 2072 3523 deinde
2106 3485 2118 3521 :
2158 3489 2178 3513 α
2213 3467 2351 3522 Nolo
2383 3473 2618 3520 mortem
2640 3466 2944 3535 peccatoris
2967 3465 3192 3535 (Ezech.
3231 3465 3413 3534 xvut).
3450 3488 3472 3512 ιο

1877 3569 2122 3637 Itemque
2172 3583 2185 3618 :
2245 3587 2266 3611 ‹‹
2330 3564 2703 3617 Pmnitentiam
2762 3563 2955 3633 agite;
3015 3561 3482 3634 appropinquabit

1878 3655 2021 3709 enim
2056 3669 2285 3723 regnum
2345 3652 2610 3707 caelorum
2659 3653 2878 3722 (Matth.
2915 3651 3021 3722 ιιι).
3060 3675 3082 3701 ιι
3117 3652 3272 3707 Hanc
3319 3666 3474 3706 voca-

1876 3744 2098 3804 tionem,
2136 3741 2462 3808 charissimi,
2504 3741 2741 3812 Spiritus
2780 3749 3002 3796 sanctus
3031 3740 3192 3796 vobis
3225 3740 3483 3811 dignetur

1876 3842 2096 3905 donare,
2125 3850 2391 3910 quatenus
2413 3840 2566 3894 illam
2601 3839 2680 3895 sic
2709 3839 3047 3910 intelligatis,
3083 3843 3143 3892 ut
3172 3853 3363 3893 omnes
3390 3853 3481 3908 pa-

1878 3930 2008 3984 riter
2035 3930 2091 3983 in
2126 3929 2312 3982 aulam
2360 3928 2711 3998 pervenistis,
2763 3945 2884 3999 qua:
2918 3943 3027 3982 non
3058 3926 3254 3996 recipit
3309 3926 3478 3981 ullam

1878 4019 2174 4072 maculam.
2217 4016 2380 4084 Quod
2409 4017 2526 4087 ipse.
2578 4016 2740 4071 vobis
2771 4023 3040 4085 praestare
3087 4014 3345 4085 dignetur
3373 4013 3474 4086 qui

1877 4131 1980 4187 pro
2010 4115 2170 4170 vobis
2196 4121 2440 4168 mortuus
2471 4112 2601 4167 vivit
2648 4119 2702 4167 et
2749 4119 2939 4184 regnat
2982 4112 3132 4167 Deus
3159 4127 3260 4184 per
3289 4111 3474 4168 omnia

1879 4203 2082 4260 siccula
2113 4202 2472 4258 saeculorum.
2503 4204 2704 4256 Amen.

2363 4299 2502 4354 Item
2531 4298 2599 4354 de
2629 4299 2982 4356 dedicatione
2995 4339 3010 4353 .

1952 4406 2100 4461 Sicut
2130 4404 2332 4476 optime
2364 4405 2512 4459 novit
2542 4405 2798 4460 sanctitas
2828 4413 3032 4471 vestra,
3067 4403 3270 4461 fratres
3301 4412 3354 4461 et
3381 4404 3480 4462 do-

1884 4495 2009 4549 mini
2041 4495 2164 4558 mei,
2199 4493 2356 4548 hodie
2402 4493 2746 4548 celebramus
2790 4493 3143 4549 festivitatem
3175 4493 3476 4550 dedicatio-

1879 4585 1964 4638 nis
1993 4583 2201 4652 templi,
2233 4582 2286 4635 in
2320 4597 2428 4652 qua
2462 4582 2544 4636 vel
2576 4582 2894 4638 benedictus
2925 4582 3013 4637 vel
3043 4591 3239 4638 unctus
3275 4591 3359 4638 est
3389 4583 3477 4638 la-

1878 4673 1984 4744 pis,
2021 4672 2072 4725 in
2106 4686 2213 4742 quo
2245 4671 2405 4724 nobis
2435 4678 2488 4725 et
2519 4671 2702 4725 divina
2762 4670 3028 4727 sacriﬁcia
3058 4680 3476 4727 consecrantur.

1883 4768 2115 4838 Quando
2145 4776 2324 4822 autem
2355 4768 2486 4822 istas
2519 4768 2838 4824 festivitates
2885 4769 3134 4834 colimus,
3186 4769 3480 4840 diligenter

1883 4858 2246 4920 attendamus,
2273 4866 2327 4910 ut
2366 4856 2518 4927 quod
2575 4857 2629 4910 in
2687 4857 3012 4912 manufactis
3043 4857 3258 4926 templis
3283 4857 3475 4912 visibi-

1883 4947 2012 5002 liter
2039 4945 2272 5008 collitur,
2309 4944 2439 4999 totis
2462 4945 2666 4999 viribus
2697 4946 3132 5009 elaboremus,ut
3155 4953 3208 5000 et
3234 4945 3289 5000 in
3321 4945 3481 5000 nobis

1882 5034 2234 5090 invisibiliter
2261 5032 2623 5102 compleatur.
2677 5033 2938 5103 Quamvis
2981 5034 3125 5088 enim
3157 5043 3346 5088 sancta
3375 5035 3484 5088 sint

1885 5121 2103 5193 templa,
2129 5138 2250 5191 qua}
2281 5121 2526 5176 videmus
2556 5122 2624 5176 de
2651 5122 2818 5193 lignis
2837 5131 2888 5177 et
2909 5122 3182 5192 lapidibus
3203 5121 3481 5191 fabricari,

1887 5219 2070 5266 tamen
2099 5209 2371 5264 sanctiora
2400 5225 2588 5265 coram
2645 5212 2761 5265 Deo
2820 5218 2946 5264 sunt
2989 5210 3192 5282 templa
3221 5211 3403 5266 cordis
3430 5221 3482 5266 et

1889 5298 2140 5368 corporis
2169 5299 2360 5353 nostri.
2393 5299 2626 5368 Templa
2654 5299 2724 5353 de
2768 5298 2932 5369 lignis
2976 5306 3028 5353 et
3075 5298 3344 5369 lapidibus
3375 5301 3483 5356 bu-

1889 5402 2052 5442 mano
2082 5386 2302 5456 ingenio
2335 5396 2778 5457 componuntur;
2803 5387 3002 5457 templa
3037 5402 3166 5442 vero
3195 5403 3484 5460 corporum

1893 5483 1946 5532 et
1984 5475 2176 5530 cordiu
2203 5492 2237 5527 n
2272 5491 2587 5530 nostrorum
2610 5491 2779 5530 manu
2804 5476 3009 5531 ccelesti
3028 5476 3381 5534 fabricantur.
3406 5479 3487 5532 De

1893 5580 1997 5635 qua
2010 5563 2215 5618 fabrica
2239 5565 2404 5620 domo
2432 5565 2681 5619 videlicet
2704 5564 2952 5636 spiritali,
2985 5565 3206 5635 sapiens
3231 5565 3491 5621 Salomon

1895 5653 2007 5708 ait:
2043 5674 2065 5701 α
2100 5651 2374 5722 Sapientia
2403 5653 2696 5710 aediﬁcavit
2727 5653 2830 5708 sibi
2860 5654 3114 5720 domum,
3147 5653 3360 5710 exciiit
3387 5667 3488 5708 co-

1894 5738 2106 5798 lumnas
2132 5749 2343 5814 septem
2375 5741 2563 5810 (Prov.
2594 5741 2697 5812 tit).
2737 5762 2759 5793 ο
2796 5740 2932 5813 Qum
2974 5742 3233 5799 nimirum
3273 5738 3492 5809 dzmus,
