3972 6076
487 294 628 350 1235

1624 286 1967 344 WERNERI
2004 284 2289 342 ABBATIS
2330 286 2392 341 S.
2428 286 2651 343 BLASII

3704 294 3815 347 1235

487 434 647 491 quam
681 418 783 472 sibi
812 417 1079 488 sapientia
1124 414 1439 479 aediﬁcavit,
1488 428 1595 467 non
1652 414 1832 467 solum
1863 427 1893 465 a
1922 411 2083 466 nobis
2111 410 2163 474 Α
2199 412 2387 482 patriae
2417 413 2651 469 dulciter
2669 424 3046 483 narraverunt,
3071 417 3230 488 quasi
3250 414 3435 471 dulcia
3456 416 3686 486 pocula
3708 432 3823 484 epu-

488 506 724 580 exigitur
754 514 810 561 ut
833 506 1133 571 dedicatur,
1168 504 1266 559 sed
1294 511 1353 559 ut
1379 501 1610 557 interius
1658 517 1691 556 a
1724 500 1883 555 nobis
1912 497 2085 555 rediti-

490 604 662 652 cetar.
694 596 932 666 Tempus
960 595 1103 649 enim
1134 608 1279 649 nunc
1323 600 1407 647 est
1464 606 1587 645 eam
1618 591 1672 644 in
1722 589 1882 645 nobis
1914 586 2089 645 aedifi-

490 693 670 758 candi,
702 708 810 748 non
842 700 1025 747 autem
1055 689 1367 747 dedicandi.
1420 688 1707 744 Dedicatio
1736 702 1868 742 vero
1897 686 2091 740 domus

490 797 601 836 non
631 787 832 850 potest,
865 795 969 836 nec
1001 778 1165 834 debet
1196 777 1341 844 fleri,
1373 791 1498 833 cum
1526 775 1612 829 vel
1639 772 1974 830 constructio
2003 772 2091 842 ip-

491 866 605 919 sius
636 864 920 920 inchoatur
950 863 1036 918 vel
1068 878 1198 932 pars
1227 860 1402 917 media
1432 858 1749 922 exstruitur,
1786 856 1881 912 sed
1914 855 2092 927 potius

491 979 611 1018 cum
644 969 1075 1018 consummatur.
1115 959 1272 1016 Unde
1312 973 1518 1029 magna
1548 954 1795 1026 qumdam
1837 952 2093 1008 distantia

492 1053 633 1107 inter
659 1049 1075 1106 aedificationem
1091 1056 1145 1105 et
1165 1047 1569 1103 dedicationem
1585 1043 1882 1114 reperitur.
1910 1041 2095 1096 Distat

494 1141 638 1196 enim
670 1140 792 1196 loco
821 1147 1083 1208 tempore,
1114 1136 1375 1209 qualitate
1417 1149 1630 1198 rerum,
1675 1132 1935 1203 qualitate
1964 1146 2094 1201 per-

494 1252 757 1293 sonarum
784 1251 796 1290 :
828 1237 972 1302 loco,
1004 1235 1148 1307 quod
1179 1236 1295 1288 haec
1324 1232 1519 1286 domus
1548 1227 1864 1285 aedificanda
1894 1235 1976 1282 est
2004 1227 2095 1282 in-

496 1326 680 1391 terris,
714 1326 812 1381 sed
843 1324 1149 1380 dedicanda
1178 1322 1231 1376 in
1257 1321 1446 1385 caelis;
1470 1328 1733 1389 tempore,
1758 1317 1901 1389 quod
1924 1313 2099 1371 (edifi-

498 1415 681 1471 canda
709 1421 794 1469 est
826 1413 882 1466 in
912 1421 1174 1482 tempore,
1209 1409 1263 1464 id
1296 1417 1377 1463 est
1408 1409 1461 1461 in
1492 1408 1595 1463 hac
1636 1407 1768 1475 vita,
1808 1406 1907 1460 sed
1938 1404 2098 1459 dedi-

498 1511 674 1568 canda
702 1510 802 1565 erit
829 1510 882 1563 in
905 1509 1233 1572 aeternitate,
1264 1508 1370 1562 hoc
1391 1513 1476 1561 est
1507 1505 1559 1558 in
1594 1489 1702 1559 alia
1732 1503 1843 1558 vita
1868 1528 1881 1566 ;
1908 1500 2093 1575 quali-

501 1607 610 1654 tatc
641 1614 839 1665 rerum,
873 1597 1019 1669 quod
1048 1594 1336 1652 aediﬁcatio
1366 1608 1513 1649 nunc
1544 1591 1662 1648 fieri
1691 1592 1856 1647 debet
1886 1590 1943 1644 in
1981 1591 2101 1661 ipsa

503 1704 586 1754 re,
617 1687 785 1741 corde
820 1685 1027 1742 scilicet
1058 1693 1112 1740 et
1140 1700 1371 1754 corpore
1397 1688 1613 1749 nostro,
1645 1680 1741 1735 sed
1769 1679 1911 1734 infra
1958 1680 2102 1734 hanc

504 1782 917 1840 aedificationem
945 1781 1218 1837 dedicatio
1248 1796 1355 1835 non
1386 1787 1561 1850 potest
1590 1794 1732 1842 esse,
1766 1777 1869 1831 nisi
1898 1776 1952 1831 in
1982 1775 2103 1832 sola

505 1889 629 1945 spe.
665 1872 830 1927 Verbi
859 1871 1056 1944 gratia,
1088 1878 1146 1925 ut
1176 1886 1299 1925 cum
1324 1870 1465 1924 hanc
1482 1867 1781 1939 spiritalem
1802 1866 2026 1920 domum
2047 1864 2105 1919 in

507 1962 671 2019 nobis
700 1962 869 2017 sacris
900 1959 1195 2015 vtrtutibus
1226 1957 1585 2021 aedificamus,
1638 1954 1853 2010 interim
1884 1968 2104 2026 quoque

507 2074 792 2129 speremus
825 2056 971 2129 quod
1001 2065 1053 2111 et
1083 2057 1135 2111 in
1175 2062 1376 2110 aeterna
1423 2052 1757 2108 beatitudine
1793 2050 2101 2107 dedicatur.

508 2148 636 2202 Haec
664 2154 843 2200 autem
900 2143 1189 2199 tediﬁcatio
1234 2141 1401 2197 debet
1460 2139 1573 2196 fieri
1606 2156 1701 2210 per
1754 2139 2101 2210 sapientiam,

505 2250 626 2307 quae
656 2232 947 2288 mdiﬁcavit
974 2232 1079 2286 sibi
1102 2231 1346 2297 domum,
1398 2228 1599 2284 excidit
1642 2227 1924 2283 columnas
1971 2242 2105 2296 sep-

505 2337 635 2394 tem,
668 2328 850 2401 posuit
879 2342 1147 2394 mensam,
1206 2325 1505 2381 immolavit
1553 2324 1832 2391 victimas,
1888 2321 2107 2378 miscuit

509 2418 717 2483 viuum,
751 2415 897 2471 misit
924 2415 1153 2471 ancillas
1180 2413 1416 2469 invitare
1444 2413 1511 2467 ad
1541 2412 1874 2468 convivium.

581 2521 881 2593 Sapientia,
906 2519 1234 2597 charissimi,
1262 2536 1385 2591 qua)
1416 2518 1521 2573 sibi
1550 2518 1771 2573 domum
1800 2516 2105 2584 aediﬁcavit,

511 2617 595 2668 est
616 2610 863 2666 Christus
878 2609 978 2665 Dei
998 2609 1176 2666 virtus
1193 2617 1247 2663 et
1265 2608 1360 2662 Dei
1374 2607 1660 2678 sapientia,
1685 2605 1783 2678 qui
1803 2605 2111 2662 Ecclesium

511 2700 582 2757 de
599 2699 735 2755 vivis
766 2706 819 2755 et
850 2698 1038 2754 electis
1067 2697 1137 2752 ad
1167 2696 1521 2752 habitandum
1573 2694 1679 2750 sibi
1719 2694 1993 2751 fundavit.
2030 2693 2113 2749 Ad

509 2798 654 2853 hanc
682 2796 904 2852 domum
931 2794 1262 2851 fulciendam
1302 2803 1516 2863 septem
1562 2792 1843 2849 columnas
1889 2790 2110 2847 excidit.

512 2886 640 2960 quia
668 2894 876 2956 septem
898 2884 1068 2939 libros
1097 2883 1189 2956 qui
1214 2882 1577 2954 agiographa,
1608 2881 1660 2935 id
1683 2889 1763 2935 est
1783 2895 1940 2937 sacra
1969 2879 2114 2936 Scri-

513 2982 672 3046 ptura
700 2973 1062 3045 appellantur,
1088 2971 1235 3027 omni
1265 2970 1534 3042 sapientia
1557 2979 1608 3024 et
1631 2970 1863 3026 scientia
1879 2969 2114 3040 perpoli-

2197 500 2434 555 lantibus
2449 502 2963 572 propinaverunt.ln
2978 506 3079 559 hac
3097 507 3261 560 domo
3275 505 3555 559 victimas
3576 505 3825 558 immola-

2199 590 2292 657 vit,
2318 589 2446 644 dum
2466 605 2665 661 corpus
2687 608 2843 646 suum
2866 609 2969 663 pro
2992 594 3228 649 humano
3270 610 3504 666 genere
3536 594 3670 648 Deo
3692 594 3825 647 Patri

2200 686 2531 745 sacriﬁcavit
2554 711 2575 735 «
2601 690 2791 744 Vinum
2821 690 3038 746 miscuit
3059 693 3239 760 (Prov.
3258 695 3369 757 ix),
3392 715 3415 738 -
3443 692 3597 746 dum
3618 692 3832 761 sangui-

2198 792 2323 833 nem
2346 794 2501 832 suum
2524 793 2621 847 pro
2639 787 2824 833 nostra
2844 779 3220 851 redemptione
3236 780 3476 836 fudit.ln
3497 780 3831 851 quibusdam

2200 866 2337 923 locis
2359 867 2542 921 vinum
2565 876 2789 939 propter
2819 868 3189 924 fortitudinem
3213 884 3341 927 cum
3374 885 3543 941 aqua
3571 871 3828 924 miscent:

2201 966 2328 1025 ideo
2350 964 2499 1030 dicit,
2528 985 2550 1015 ι
2577 965 2759 1020 vinum
2780 966 3014 1029 miscuit,
3058 988 3080 1013 σε
3113 966 3238 1036 quia
3274 968 3345 1022 de
3376 966 3572 1021 latere
3626 967 3816 1021 Christi

2202 1069 2351 1127 aqua
2382 1054 2647 1125 sanguine
2676 1054 2831 1109 mista
2864 1054 3035 1109 ﬂuxit.
3069 1055 3151 1109 Ad
3192 1056 3295 1110 has
3340 1055 3564 1126 epulas
3592 1055 3827 1109 invitan-

2203 1143 2351 1208 dum,
2376 1157 2483 1198 non
2503 1158 2714 1211 servos,
2744 1143 2839 1197 sed
2875 1142 3102 1198 ancillas
3132 1143 3301 1209 misit,
3338 1145 3483 1215 quia
3525 1160 3647 1199 non
3684 1144 3825 1197 nobi.

2205 1242 2306 1306 les,
2341 1240 2439 1296 sed
2486 1241 2785 1311 apostolos,
2833 1241 3139 1296 rusticanos
3169 1240 3388 1298 scilicet
3442 1242 3742 1306 homines,
3781 1252 3827 1294 ut

2205 1339 2335 1401 puta
2365 1331 2667 1401 piscatores
2698 1330 2932 1385 invitare
2963 1329 3194 1401 populos
3249 1331 3321 1385 ad
3359 1331 3615 1386 cmleste
3648 1332 3823 1386 convi-

2207 1420 2352 1475 vium
2384 1418 2557 1473 misit.

2278 1526 2447 1594 Hujus
2475 1524 2671 1581 domus
2699 1540 2917 1597 quoque
2944 1525 3227 1582 aedificatio
3275 1526 3452 1581 debet
3492 1524 3627 1581 ﬁeri
3660 1534 3715 1581 et
3740 1542 3823 1596 per

2203 1612 2488 1683 justitiam,
2510 1613 2566 1668 id
2595 1621 2683 1669 est
2705 1630 2804 1684 per
2830 1622 3047 1670 sanctas
3076 1616 3303 1669 virtutes
3329 1634 3340 1669 :
3400 1632 3540 1686 quae
3574 1614 3743 1670 nobis
3771 1630 3822 1668 ex

2130 1737 2185 1797 Β
2214 1702 2387 1776 gratia
2408 1703 2593 1758 divina
2629 1701 3018 1769 conferuntur;
3076 1703 3349 1759 dedicatio
3413 1719 3563 1759 vero
3623 1702 3749 1766 erit,
3777 1702 3820 1756 in

2213 1802 2419 1859 caelesti
2443 1801 2637 1874 gloria,
2672 1818 2796 1857 cum
2826 1801 3085 1857 virtutum
3115 1818 3280 1873 opera
3313 1802 3526 1858 fuerint
3562 1818 3827 1857 consum-

2209 1900 2374 1946 mata.
2410 1892 2468 1945 In
2500 1891 2757 1963 qualitate
2785 1907 3139 1962 personarum
3162 1890 3564 1948 aedificandum
3607 1902 3663 1947 et
3686 1892 3830 1946 dedi-

2212 1981 2454 2037 cantium
2510 1981 2648 2035 hanc
2707 1980 2928 2034 domum
2982 1981 3145 2035 distat
3192 1980 3454 2045 multum,
3499 1981 3642 2051 quia
3677 1982 3827 2034 homo

2214 2080 2330 2135 Deo
2361 2087 2688 2150 cooperatur
2715 2078 2767 2133 in
2801 2078 3178 2143 mdiﬁcatione,
3212 2080 3307 2134 sed
3335 2080 3498 2134 solus
3526 2078 3697 2134 Deus
3717 2095 3830 2150 epe-

2214 2168 2425 2223 rabitur
2457 2168 2510 2221 in
2541 2166 2905 2223 dedicatione.
2948 2168 3108 2223 Nunc
3143 2168 3315 2241 igitur
3343 2167 3670 2222 videndum
3704 2184 3831 2239 quo-

2216 2259 2377 2313 modo
2399 2264 2721 2327 cooperatur
2746 2258 2907 2312 homo
2945 2258 3059 2311 Dro
3107 2257 3164 2311 in
3196 2255 3608 2319 mdificatione,
3654 2260 3828 2328 sicque

2214 2356 2467 2412 videatur
2495 2355 2767 2427 quomodo
2798 2363 2851 2411 et
2881 2356 3027 2411 Deus
3057 2364 3319 2427 operetur
3345 2355 3407 2409 in
3442 2356 3828 2411 dedicatione.

2218 2445 2483 2500 Dominus
2514 2444 2764 2499 Christus
2797 2445 2894 2499 Dei
2925 2444 3095 2499 virtus
3144 2454 3247 2511 est,
3300 2453 3356 2501 et
3386 2446 3497 2500 Dei
3529 2445 3825 2516 sapientia.

2218 2534 2339 2605 Ipsa
2370 2534 2467 2589 Dei
2500 2534 2672 2587 virtus
2721 2542 2774 2588 et
2820 2534 2919 2589 Dei
2976 2532 3243 2605 sapientia
3300 2533 3574 2589 Christus
3630 2535 3833 2593 dicitur.

2220 2631 2275 2685 id
2307 2639 2388 2685 est
2415 2638 2627 2692 unctus,
2675 2645 2741 2685 eo
2789 2630 2936 2702 quod
2995 2630 3222 2702 Spiritus
3268 2638 3508 2686 sanctus
3570 2648 3836 2703 superve-
3930 2640 3931 2645 ‘

2221 2719 2378 2773 niens
2408 2717 2726 2773 innunxerit
2756 2735 2900 2787 eum,
2934 2720 3071 2773 dans
3101 2718 3151 2773 ei
3182 2720 3327 2773 dona
3348 2720 3617 2774 omnium
3651 2722 3837 2791 gratia-

2224 2824 2342 2862 rum
2372 2806 2512 2861 ultra
2541 2823 2851 2861 mensuram
2875 2824 2987 2878 pra:
3015 2807 3223 2863 cunctis
3237 2808 3457 2863 caeteris
3478 2808 3836 2863 hominibus:

2224 2921 2361 2978 quos
2392 2913 2443 2960 et
2471 2904 2613 2959 idem
2658 2903 2970 2975 repleverat
3026 2904 3255 2975 Spiritus
3308 2913 3568 2960 sanctus.
3608 2906 3701 2960 Ex
3745 2908 3833 2960 hac

2226 2993 2491 3049 unctione
2523 2992 2609 3048 vel
2640 3009 2703 3047 ex
2738 2993 2836 3047 hac
2875 2992 3156 3048 affluentia
3202 2995 3461 3048 omnium
3499 2995 3837 3066 gentiamm,

516 3072 610 3138 vit,
636 3087 865 3144 quorum
899 3070 1142 3127 doctrina
1169 3069 1335 3125 totius
1355 3068 1619 3124 Ecclesia:
1652 3076 1923 3123 structura
1946 3068 2021 3122 ita
2047 3066 2107 3121 ad

2227 3083 2403 3155 placet
2470 3081 2519 3137 ei
2584 3097 2684 3137 nos
2740 3081 3029 3153 inungere,
3089 3090 3143 3136 et
3197 3098 3299 3153 per
3354 3082 3536 3151 ipsam
3594 3092 3839 3138 nostram

516 3160 763 3219 ccelestia
791 3167 1147 3226 sustentatur,
1172 3166 1230 3212 ut
1254 3157 1435 3230 aliqua
1481 3156 1726 3212 machina
1769 3156 1823 3210 in
1852 3170 1983 3211 aera
2011 3171 2111 3211 co-

518 3257 721 3313 lumnis
771 3255 1017 3312 libratur.
1103 3254 1280 3310 Prima
1326 3254 1494 3325 igitur
1543 3253 1796 3309 columna
1853 3260 1938 3309 est
1974 3253 2117 3308 liber

520 3345 748 3401 Joannis
777 3343 1141 3416 Apocalypsi;
1169 3343 1428 3412 secunda,
1448 3343 1587 3399 liber
1605 3343 1951 3398 Psalmorum
1972 3356 1986 3412 ;
2010 3349 2118 3398 ter-

520 3434 771 3501 tia,liber
802 3433 1254 3499 Proverbiorum;
1287 3440 1496 3504 quarta.
1528 3431 1663 3486 liber
1697 3430 2064 3487 Ecclesiastes
2100 3446 2113 3493 ;

525 3530 734 3600 quinta,
766 3530 994 3586 Cantica
1012 3530 1381 3594 canticorum;
1410 3536 1582 3596 sexta,
1606 3528 1744 3583 liber
1776 3527 2065 3596 Sapientia
2101 3545 2115 3591 ;

531 3618 783 3688 septima,
817 3618 958 3673 liber
991 3618 1437 3673 Ecclesiasticus.
1475 3617 1584 3671 Has
1607 3624 1814 3686 septem
1838 3616 2119 3671 columnas

525 3705 711 3761 domui
742 3705 841 3760 Dei
871 3705 1181 3776 suppositas
1226 3704 1439 3759 nobiles
1480 3706 1742 3774 pictares,
1792 3703 2116 3774 Gregorius,

528 3801 889 3874 Augustinus,
922 3801 1013 3856 alii
1043 3818 1259 3873 quoque
1290 3810 1343 3857 et
1371 3801 1482 3867 alii,
1516 3802 1606 3871 qui
1634 3801 1893 3856 decorem
1924 3801 2120 3856 domus

527 3891 630 3948 Dei
660 3891 987 3957 dilexerunt,
1020 3891 1371 3961 postmodum
1402 3890 1728 3961 exponendo
1755 3889 2121 3959 depinxerunt

526 3998 578 4046 et
608 3991 763 4062 quasi
794 3989 1076 4061 praestanti
1105 3988 1312 4058 pictura
1356 3988 1604 4061 insignes
1652 3987 2026 4043 reddiderunt.
2060 3989 2121 4042 In

526 4080 620 4135 tali
641 4080 804 4135 domo
823 4078 1072 4151 sapentia
1094 4094 1349 4134 mensam
1372 4077 1572 4149 posuit,
1603 4092 1723 4132 cum
1756 4092 1967 4132 sacram
1989 4075 2121 4132 ﬁde-

524 4168 608 4224 les
639 4168 838 4238 ubique
862 4168 1196 4239 Scripturam
1219 4167 1485 4243 docuerit.
1511 4167 1640 4221 llmc
1656 4181 1842 4220 mensa
1864 4182 1986 4236 quae
2006 4173 2123 4222 tuo-

525 4280 643 4319 rum
673 4266 902 4335 pedibus
932 4263 1166 4329 fulcitur,
1209 4263 1337 4336 quia
1384 4279 1545 4319 sacra
1577 4264 1860 4333 Scriptura
1889 4270 2122 4334 quatuor

524 4352 703 4407 modis
758 4352 1106 4423 intelligitur.
1170 4351 1381 4406 Primus
1438 4369 1533 4421 pes
1572 4360 1653 4406 est
1699 4351 1940 4416 historia,
1994 4367 2116 4406 cum

527 4440 597 4494 ita
663 4448 717 4495 ut
773 4440 951 4495 littera
1021 4449 1200 4495 narrat
1271 4439 1586 4511 accipitur;
1653 4439 1931 4496 secundus
1984 4439 2200 4503 alle-D

525 4537 706 4609 goria,
783 4553 906 4594 cum
981 4537 1130 4593 aliud
1223 4537 1438 4605 dicitur,
1528 4536 1675 4593 aliud
1751 4536 2119 4609 intelligitur;

523 4627 713 4681 tertius
789 4626 1089 4694 moralitas,
1166 4643 1289 4684 cum
1345 4644 1447 4698 per
1519 4641 1584 4681 ea
1640 4642 1768 4698 quer
1843 4625 2117 4698 leguntur,

522 4739 706 4779 mores
735 4724 1104 4790 instruuntur;
1167 4731 1412 4796 quartus,
1473 4738 1749 4796 anagoge,
1802 4722 1855 4776 id
1904 4731 1992 4778 est
2021 4739 2118 4778 su-

521 4814 708 4883 perior
737 4830 954 4879 sensus,
986 4830 1106 4868 cum
1167 4812 1411 4868 cmicstia
1468 4821 1520 4867 et
1567 4822 1765 4867 wtcrna
1814 4813 2108 4867 docentur.

521 4902 699 4973 Super
739 4903 883 4959 hanc
933 4918 1183 4956 mensam
1216 4902 1418 4956 diversi
1475 4902 1685 4956 diversa
1720 4901 1919 4955 fercula
1950 4900 2116 4955 mini-

515 5008 846 5066 straverunt,
880 5008 933 5056 et
965 5000 1128 5055 variis
1171 5001 1455 5055 sententiis
1503 5000 1658 5071 quasi
1706 4999 1880 5052 variis
1927 5000 2108 5069 epulis

515 5088 781 5145 convivas
821 5088 1177 5143 satiaverunt.
1225 5090 1442 5160 Moyses
1489 5087 1689 5142 ctenitn
1734 5087 1859 5141 dum
1922 5087 2114 5142 mundi

510 5177 859 5243 creationem,
885 5177 1127 5248 paradisi
1157 5177 1595 5247 dispositionem,
1630 5175 1820 5230 diluvii
1867 5176 2111 5230 inunda-

509 5275 730 5342 tionem,
756 5279 994 5333 Abrahte
1018 5277 1407 5342 obedientiam,
1458 5278 1658 5345 Ioseph
1709 5277 2106 5345 castimoniam,

513 5362 746 5418 filiorum
773 5364 947 5420 Israel
979 5366 1373 5430 liberationem,
1405 5374 1455 5421 et
1501 5382 1600 5435 per
1648 5365 1816 5420 maris
1847 5365 2018 5420 Rubri
2046 5382 2111 5422 ac

512 5451 679 5506 eremi
710 5453 1209 5508 deambulationem
1240 5455 1447 5509 eisdem
1481 5470 1676 5509 manna
1707 5454 1777 5509 de
1807 5454 1945 5510 caelo
1992 5455 2108 5524 plu-

508 5547 676 5614 visse,
708 5554 762 5601 et
794 5562 994 5616 aquam
1024 5550 1092 5604 de
1122 5558 1278 5619 petra
1294 5550 1524 5606 ﬂuxisse
1551 5550 1904 5621 retnlitquasi
1921 5550 2104 5605 suavia

504 5644 559 5691 et
587 5633 789 5690 diversi
811 5634 1032 5703 generis
1050 5635 1249 5691 fercula
1267 5639 1677 5693 convivantibus
1705 5637 1901 5692 intulit.
1925 5639 2101 5695 David

507 5732 685 5779 autem
713 5729 768 5778 et
781 5720 967 5778 caeteri
985 5721 1278 5791 prophetae,
1301 5724 1429 5779 dum
1447 5725 1517 5781 de
1541 5725 1829 5783 dulcedine
1850 5741 2101 5797 superum

2221 3182 2530 3238 unctionem
2556 3180 2786 3235 domum
2835 3197 2991 3235 suam
3050 3182 3103 3234 in
3127 3179 3284 3235 nobis
3336 3178 3656 3237 aliﬁcare.
3713 3181 3841 3249 Qua:

2223 3271 2440 3335 domus,
2463 3269 2591 3324 licet
2622 3268 2791 3340 ipsius
2821 3268 2911 3333 sit,
2939 3268 3066 3324 licet
3121 3284 3243 3323 eam
3291 3266 3559 3333 tedificet,
3626 3277 3693 3324 ut
3731 3286 3839 3324 eam

2226 3358 2505 3423 inhabitet,
2539 3356 2613 3412 ibi
2641 3364 2824 3412 tamen
2852 3365 2904 3412 et
2926 3372 3026 3413 nos
3056 3357 3105 3412 ei
3137 3357 3551 3425 cohabitamus,
3588 3373 3705 3414 nee
3737 3359 3842 3429 ipse

2228 3455 2447 3528 quidem
2477 3471 2543 3509 ea
2574 3454 2853 3527 indignum
2883 3455 2983 3510 sed
3013 3454 3115 3510 soli
3146 3470 3244 3509 nos
3274 3453 3633 3526 indigemus.
3679 3456 3842 3527 Igitur

2228 3561 2290 3599 ex
2319 3543 2436 3600 sola
2465 3543 2641 3617 gratia
2670 3561 2775 3616 qua
2814 3543 2936 3614 ipse
2988 3541 3343 3613 superatiluit,
3379 3551 3433 3597 et
3468 3560 3542 3598 ex
3586 3546 3842 3599 unctione

2230 3643 2459 3713 Spiritus
2486 3644 2689 3708 sancti,
2723 3658 2842 3715 quae
2874 3642 2990 3712 ipse
3019 3659 3133 3713 pra:
3182 3641 3398 3697 cunctis
3447 3642 3794 3697 mortalibus
3817 3658 3840 3693 ι

2230 3733 2344 3786 Deo
2377 3740 2459 3786 est
2489 3738 2707 3799 unctus,
2740 3730 2962 3785 domum
3009 3746 3165 3785 suam
3223 3730 3277 3784 in
3308 3729 3476 3784 nobis
3529 3730 3659 3786 vult
3700 3731 3840 3785 iuun-

2229 3837 2380 3891 gere,
2425 3820 2479 3874 id
2520 3828 2600 3874 est
2640 3819 2926 3874 dedicare.
2974 3817 3110 3889 Quia
3150 3835 3288 3873 vero
3327 3818 3451 3889 ipse
3508 3820 3704 3875 virtus
3750 3828 3838 3881 est,

2229 3918 2389 3981 prout
2418 3907 2552 3973 vult,
2585 3916 2760 3979 potest
2782 3908 2943 3962 etiam
2975 3923 3089 3962 eam
3122 3906 3426 3963 aediﬁcare.

2302 4014 2564 4084 Quamvis
2620 4023 2803 4070 autem
2856 4015 2976 4070 hac
3025 4013 3152 4080 tria,
3212 4013 3427 4070 scilicet
3460 4014 3644 4081 velle,
3691 4016 3833 4076 scire,

2230 4121 2413 4176 posse,
2450 4103 2553 4159 sibi
2583 4113 2948 4174 cooperantur
2989 4102 3040 4156 in
3085 4101 3449 4157 aadificatione
3482 4101 3704 4159 domus
3728 4103 3831 4159 Dei.

2230 4202 2411 4248 tamen
2460 4193 2711 4265 quardam
2759 4192 2956 4247 domus
3003 4200 3086 4247 est
3147 4207 3309 4263 quam
3370 4190 3562 4246 virtus
3616 4193 3837 4249 aediﬁcat

2230 4291 2354 4357 sibi,
2378 4298 2430 4347 et
2451 4298 2534 4346 est
2550 4291 2799 4365 quaedam
2822 4306 2984 4362 quam
3004 4289 3271 4355 Christus,
3298 4287 3351 4343 id
3370 4299 3449 4343 est
3474 4300 3712 4357 unctus,
3730 4289 3843 4345 rdi-

2232 4380 2357 4436 ficat
2404 4380 2527 4444 sibi,
2591 4389 2642 4434 et
2673 4387 2755 4434 est
2807 4379 3001 4434 domus
3057 4394 3221 4450 quam
3270 4377 3563 4448 sapientia
3622 4378 3848 4436 :cdiﬁcat

2233 4469 2356 4524 sibi.
2382 4469 2606 4535 Domus,
2641 4484 2804 4541 quam
2860 4468 3031 4524 virtus
3078 4464 3311 4522 aedificat
3354 4466 3461 4520 sibi
3516 4468 3695 4524 nobis
3726 4467 3852 4522 etin

2232 4566 2409 4629 nobis,
2443 4575 2685 4635 tempore
2716 4566 2893 4636 prima
2922 4573 3022 4631 est,
3060 4571 3111 4619 et
3142 4564 3340 4619 dicitur
3374 4563 3592 4620 domus
3639 4565 3849 4620 virtutis

2232 4655 2317 4711 vel
2346 4654 2672 4720 dilectionis,
2706 4654 2840 4725 quia
2868 4654 3038 4708 virtus
3069 4654 3122 4706 in
3153 4652 3444 4707 dilectione
3483 4659 3602 4707 est.
3644 4655 3851 4709 Domus

2230 4761 2382 4806 vero,
2416 4760 2577 4815 quam
2608 4742 2876 4809 Christus,
2923 4742 2977 4796 id
3035 4751 3117 4797 est
3171 4741 3375 4805 unctio,
3429 4741 3696 4798 aediﬁcat
3731 4742 3849 4801 sibi,

2230 4832 2471 4887 secunda
2503 4835 2606 4897 est,
2640 4839 2691 4886 et
2715 4831 2911 4886 dicitur
2942 4831 3135 4886 domus
3164 4830 3437 4885 unctionis
3459 4831 3558 4885 vel
3593 4832 3851 4887 delecta-

2226 4921 2406 4985 tionis,
2468 4920 2590 4992 quia
2640 4920 2821 4975 unctio
2852 4936 2953 4990 qna
3003 4919 3231 4990 quisque
3280 4917 3627 4986 delectatur,
3680 4931 3769 4975 est
3799 4919 3847 4972 in

2225 5009 2607 5064 delectatione.
2646 5009 2851 5063 Domus
2880 5023 3027 5072 vero,
3073 5023 3233 5079 quam
3282 5006 3563 5077 sapientia
3610 5008 3851 5065 aediﬁcat

2223 5098 2346 5163 sibi,
2381 5099 2540 5152 tertia
2571 5106 2671 5162 cst,
2707 5105 2758 5151 et
2788 5096 2985 5151 dicitur
3016 5096 3210 5150 domus
3240 5095 3535 5166 sapientiae
3576 5099 3683 5153 vel
3719 5113 3850 5155 con-

2222 5186 2611 5257 templationis,
2646 5186 2768 5256 quia
2800 5184 3061 5254 sapientia
3091 5192 3173 5238 est
3221 5184 3272 5237 in
3324 5186 3845 5256 contemplatione.

2220 5274 2363 5329 Cum
2420 5284 2603 5329 autem
2653 5275 2770 5328 hare
2824 5281 2934 5326 tres
2984 5273 3177 5327 domus
3236 5273 3290 5326 in
3338 5288 3451 5326 uno
3480 5275 3854 5330 aediﬁcantur

2218 5365 2408 5429 corde,
2442 5363 2514 5416 ibi
2547 5362 2689 5417 velut
2738 5362 2789 5415 in
2822 5377 2981 5415 unam
3016 5361 3321 5431 junguntur
3365 5361 3639 5429 domum,
3699 5370 3762 5418 ut
3793 5362 3851 5415 sit

2217 5461 2623 5533 quodammodo
2654 5460 2849 5515 domus
2880 5475 2986 5513 una
3015 5468 3065 5513 et
3099 5458 3230 5512 trina
3258 5476 3270 5511 :
3322 5459 3522 5511 domus
3582 5460 3853 5515 videlicet

2214 5550 2375 5604 unius
2410 5549 2527 5615 Dei,
2589 5556 2641 5603 et
2681 5556 2887 5603 sanctae
2940 5547 3216 5602 Trinitatis
3275 5548 3453 5600 Patris
3503 5556 3569 5601 et
3647 5549 3777 5603 Filii
3806 5557 3853 5603 et

2213 5638 2440 5709 Spiritus
2466 5637 2884 5693 sancti.Domus
2907 5637 3032 5699 ista,
3060 5652 3189 5690 cum
3237 5634 3547 5691 addicatur
3567 5636 3632 5691 in
3660 5637 3849 5699 nobis,

2210 5742 2321 5783 non
2375 5724 2675 5783 addicatur
2730 5725 2852 5781 sine
2900 5724 3084 5781 nobis.
3116 5723 3527 5793 Coeperatores
3585 5740 3849 5795 namque
