3972 6076
184 300 341 353 1237

191 422 305 476 Dei
337 438 453 477 esse
494 422 754 478 debemus
784 425 851 479 ad
895 425 1117 480 domum
1163 443 1314 482 suam
1344 428 1400 481 in
1431 428 1587 482 nobis
1628 427 1793 484 adiﬁ-
1822 424 1877 485 A
1907 441 2297 486 sacramentum
2392 431 2831 489 conﬁrmationis.

185 510 453 566 caudam.
495 511 825 568 rEdiﬁcanda
856 523 935 569 est
980 523 1158 569 autem
1190 532 1221 571 a
1253 516 1450 571 talibus
1481 518 1651 587 qualis
1698 516 1797 571 fuit

195 600 488 665 Salomon,
519 601 610 670 qui
651 602 871 656 domum
928 604 1027 658 Dei
1057 604 1340 660 aediﬁcavit
1369 605 1474 676 (III
1503 608 1629 677 Reg.
1692 606 1791 675 vr).

195 696 468 752 Salomon
496 699 696 769 quippe
721 698 1099 771 interpretatur
1123 702 1425 774 paciﬁcus.
1466 702 1610 757 Talis
1638 701 1794 771 paci~

194 783 338 839 ﬁcus
357 784 600 856 profecto
622 787 730 841 illle
772 788 872 843 fuit
901 790 992 859 qui
1050 791 1196 845 venit
1223 790 1292 845 ad
1313 807 1431 857 nos,
1460 797 1521 845 ut
1572 791 1794 845 domum

194 879 497 936 aediﬁcaret
540 881 596 936 in
624 883 798 952 nobis,
829 892 886 939 ut
925 892 1067 940 esset
1095 885 1496 941 tabernaculum
1529 886 1627 942 Dei
1672 900 1796 941 cum

196 970 533 1039 hominibus,
566 979 618 1026 et
654 973 918 1028 habitaret
959 991 1080 1029 cum
1111 975 1234 1039 illis,
1266 976 1417 1029 idest
1445 975 1582 1030 inter
1625 975 1745 1029 illos
1778 993 1791 1029 :

197 1066 256 1112 et
304 1059 566 1113 habitaret
611 1060 668 1114 in
712 1061 834 1128 illis,
885 1062 940 1116 id
987 1072 1064 1117 est
1109 1063 1247 1118 intra
1293 1064 1431 1118 illos.
1489 1065 1622 1118 Cum
1670 1063 1793 1129 illis,

197 1147 333 1217 quia
362 1148 546 1203 habitu
584 1150 832 1205 inventus
852 1158 932 1205 est
957 1158 1016 1205 ut
1036 1154 1198 1207 homo
1220 1153 1495 1225 (Philipp.
1515 1153 1578 1218 ιι)
1612 1166 1625 1219 ;
1657 1152 1795 1206 intra

201 1235 350 1305 illos,
384 1237 509 1305 quia
538 1254 647 1294 non
675 1239 921 1310 rapinam
960 1239 1245 1295 arbitratus
1274 1248 1348 1295 est
1380 1257 1439 1295 se
1468 1257 1582 1296 esse
1617 1256 1798 1311 aequa-

198 1323 315 1378 lem
367 1325 482 1380 Deo
534 1326 736 1396 (ibid.).
794 1326 1054 1396 Quisnam
1112 1343 1238 1383 vero
1283 1328 1378 1382 iste
1435 1337 1514 1383 est
1567 1328 1799 1383 caelestis

201 1412 402 1467 domus
430 1413 527 1468 Dei
551 1414 838 1469 fabricator
864 1416 1257 1471 etinhabitator
1273 1420 1301 1471 ‘I
1325 1418 1536 1487 Nempe
1558 1416 1797 1471 aediﬁca-

203 1501 315 1554 trix
343 1502 623 1572 sapientia,
655 1503 711 1556 id
740 1511 820 1559 est
845 1504 990 1559 Deus
1021 1513 1073 1560 et
1099 1505 1199 1559 Dei
1229 1505 1411 1560 Filius.
1456 1504 1559 1573 Qui
1592 1521 1713 1559 cum
1743 1505 1799 1559 in

206 1598 388 1654 forma
422 1600 521 1655 Dei
577 1601 801 1657 domum
857 1602 1174 1658 aediﬁcasset
1229 1603 1283 1657 in
1339 1604 1509 1672 cmlis,
1559 1603 1615 1657 id
1644 1602 1801 1658 estin

203 1689 436 1760 angelis,
486 1690 719 1745 formam
774 1692 913 1745 servi
979 1692 1185 1762 accepit
1238 1699 1295 1747 ut
1343 1692 1586 1757 domum,
1636 1692 1690 1745 id
1719 1699 1801 1747 est

1101 301 1686 357 DEFLORATIONES
1725 300 1819 356 SS.
1863 299 2162 361 PATRUM.
2199 337 2271 347 —-
2306 305 2433 361 LIB.
2474 309 2543 362 II.

3359 313 3493 367 1238

2920 434 3195 506 Sapientia
3284 450 3496 504 quoque

1909 516 2078 573 factus
2107 527 2185 574 est
2214 537 2310 592 per
2336 522 2843 594 contemplationem
2876 523 2931 577 in
2973 525 3204 593 quadam
3249 522 3499 594 prasenti

1905 610 2336 665 remuneratione
2380 610 2689 666 meritorum
2737 629 2832 683 per
2860 620 3251 669 sacramentum
3296 613 3497 667 altaris.

1906 704 2039 759 Ecce
2066 707 2292 776 qualiter
2322 709 2648 779 quadrantur
2664 716 2717 765 et
2746 710 3061 779 formantur,
3086 710 3140 764 id
3166 717 3243 765 est
3283 709 3500 764 ﬁrman-

1906 800 1986 848 tur
2042 804 2093 849 et
2147 796 2486 851 stabiliuntur
2524 798 2734 869 lapides
2784 799 2894 855 vivi
2934 816 2948 853 :
3012 816 3045 854 a
3100 798 3307 854 Christo
3348 806 3402 853 et
3436 797 3496 852 in

1907 882 2221 939 Christo.At
2247 901 2375 940 vero
2405 884 2459 939 hi
2490 887 2695 955 lapides
2724 886 2832 943 vivi
2871 888 2959 942 hic
2999 888 3196 943 malleo
3239 896 3290 943 et
3335 903 3493 943 secu-

1906 981 1970 1048 ri,
2006 981 2058 1035 id
2085 990 2162 1037 est
2190 990 2390 1039 terrore
2437 986 2579 1057 ignis
2634 987 2817 1042 aeterni
2850 994 2903 1041 et
2929 994 3131 1042 terrore
3188 987 3328 1058 ignis
3360 982 3493 1059 pur-L

1904 1070 2118 1141 gatorii,
2153 1071 2237 1125 vel
2266 1073 2684 1130 comminatione
2710 1075 3046 1130 miseriarum
3095 1076 3219 1130 vita:
3263 1092 3499 1146 praesen-

1906 1159 1971 1212 tis
1989 1159 2230 1214 caedendi
2283 1168 2335 1214 et
2386 1161 2624 1230 poliendi
2655 1179 2686 1217 a
2715 1164 2824 1218 suis
2875 1163 3139 1235 perversis
3166 1172 3289 1219 sunt
3322 1164 3494 1220 actio-4

1904 1256 2081 1323 nibus,
2126 1266 2182 1311 ut
2225 1256 2277 1311 in
2326 1265 2640 1313 structuram
2700 1261 2929 1316 caelestis
2963 1262 3155 1315 domus
3196 1262 3493 1317 mittantur.

1977 1346 2105 1401 Hzec
2143 1354 2319 1401 autem
2377 1347 2553 1418 prima
2608 1348 2801 1403 domus
2857 1349 3065 1403 virtutis
3112 1356 3164 1405 et
3204 1349 3502 1405 dilectionis

1907 1442 2258 1507 nuncupatur,
2293 1435 2418 1505 quia
2463 1435 2752 1492 dilectione
2780 1437 2879 1491 Dei
2919 1445 2971 1492 et
2996 1437 3228 1508 proximi
3272 1439 3503 1494 caeteris-

1908 1540 2011 1594 que
2075 1523 2357 1580 virtutibus
2415 1524 2717 1580 exstruitur.
2780 1526 2902 1580 Post
2958 1526 3179 1580 domum
3227 1527 3502 1599 lapideam

1909 1620 2231 1677 exteriorem
2267 1622 2509 1691 sequitur
2534 1621 2769 1687 cedrina,
2820 1639 2941 1693 quae
2988 1624 3254 1678 unctionis
3283 1624 3366 1679 vel
3398 1624 3503 1679 de-

1911 1710 2210 1765 lectationis
2266 1727 2357 1764 seu
2410 1710 2598 1782 gaudii
2636 1711 2829 1765 domus
2885 1711 3098 1766 dicitur.
3131 1711 3211 1766 Ad
3248 1714 3386 1767 hanc
3414 1728 3506 1767 se-

205 1776 514 1834 Ecclesiam
544 1779 647 1833 sibi
676 1779 972 1836 aediﬁcaret
999 1788 1051 1835 et
1080 1781 1135 1835 in
1164 1781 1334 1846 terris,
1368 1783 1471 1836 hoc
1508 1788 1588 1836 est
1614 1781 1671 1834 in
1700 1782 1799 1835 ho-
1827 1781 1883 1843 Β
1915 1798 2148 1855 cundam
2180 1799 2223 1853 si
2284 1776 2439 1868 φής’
2459 1799 2775 1871 ingreditur,
2818 1800 2943 1855 huic
2988 1800 3221 1871 primum
3252 1801 3305 1854 ίη
3329 1800 3496 1870 priori

204 1874 464 1929 minibus.
496 1878 601 1931 Iste
645 1876 939 1932 aediﬁcator
959 1878 1232 1947 utriusque
1273 1877 1467 1933 domus
1506 1894 1664 1935 verus
1694 1877 1798 1933 Sa-

206 1963 396 2018 lomon
424 1972 521 2031 est,
556 1965 647 2034 qui
676 1964 920 2037 paciﬁcat
973 1968 1156 2021 omnia
1211 1983 1305 2021 seu
1362 1983 1482 2037 qua:
1538 1967 1592 2020 in
1633 1967 1802 2033 ccehs,

207 2061 324 2117 sive
353 2076 472 2131 quae
519 2061 576 2116 in
630 2063 788 2117 terris
841 2070 964 2117 sunt
1014 2064 1246 2129 (t'oloss.
1298 2064 1360 2131 ι).
1405 2064 1563 2118 Tales
1600 2061 1806 2134 paciﬁci

208 2149 411 2204 debent
438 2166 553 2205 esse
591 2166 688 2221 pro
717 2151 881 2206 modo
909 2168 1010 2207 suo
1041 2151 1288 2216 artiﬁces,
1344 2152 1399 2206 id
1449 2160 1527 2207 est
1551 2151 1806 2207 Ecclesiae

209 2237 462 2305 ministri,
494 2240 584 2308 qui
603 2240 882 2311 coeperari
911 2240 1098 2296 volunt
1126 2241 1250 2296 huic
1279 2240 1559 2296 Salomoni
1587 2240 1644 2294 in
1672 2255 1807 2295 con-

210 2327 466 2382 struenda
495 2327 658 2383 domo
689 2328 807 2384 Dei.

900 2444 1127 2488 DIVISIO.

286 2536 490 2591 Domus
520 2552 679 2606 quam
705 2552 800 2592 rex
826 2536 1084 2593 Salomon
1132 2536 1417 2594 aediﬁcavit
1461 2539 1637 2610 primo
1694 2546 1807 2595 erat

214 2624 282 2680 de
311 2624 579 2696 lapidibus
637 2626 942 2697 quadratis;
1004 2626 1511 2694 secundo‘idomum
1571 2627 1703 2682 texit
1734 2627 1804 2683 ab

213 2713 449 2768 interiori
489 2714 651 2787 lignis
674 2715 924 2783 cedrinis,
957 2715 1131 2770 aureis
1160 2716 1326 2769 clavis
1355 2715 1599 2788 aﬁiigens
1637 2716 1800 2771 lami—

213 2827 310 2865 nas
339 2827 548 2877 aureas,
577 2819 630 2866 et
684 2812 810 2867 fecit
839 2812 985 2869 velut
1040 2814 1260 2867 domum
1301 2829 1516 2868 auream
1543 2814 1681 2869 intra
1711 2831 1804 2869 ce-

214 2897 424 2954 drinam
470 2900 569 2971 (II!
599 2902 722 2973 Reg.
752 2900 848 2974 vi).
884 2902 1218 2957 Exteriorem
1262 2902 1551 2973 lapideam,
1583 2903 1807 2958 interioc

212 3004 327 3043 rem
358 2988 655 3055 cedrinam,
690 2990 933 3044 intimam
965 2997 1143 3044 autem
1176 2990 1374 3045 locavit
1401 3008 1617 3046 auream
1645 3010 1657 3047 :
1686 3007 1806 3061 quae

213 3102 331 3141 cum
380 3085 749 3155 aediﬁcaretur,
794 3088 1018 3143 malleus
1057 3096 1111 3143 et
1152 3089 1353 3143 securis
1394 3105 1501 3143 non
1539 3096 1661 3145 sunt
1728 3089 1803 3144 ibi

215 3170 377 3225 auditi
409 3169 595 3244 (ibid.)
628 3173 830 3227 Domus
862 3173 1055 3244 prima,
1094 3172 1151 3226 id
1197 3181 1276 3227 est
1322 3189 1446 3244 pars
1484 3173 1657 3245 prima
1697 3174 1804 3228 do-

212 3276 350 3326 mus,
383 3261 557 3331 primo
588 3261 745 3316 nobis
772 3261 999 3316 occurrit
1030 3263 1386 3317 construenda
1432 3279 1500 3317 ex
1536 3262 1807 3333 quadratis

213 3347 498 3419 lapidibus.
563 3349 756 3404 Forma
813 3351 915 3404 ista
971 3350 1309 3419 quadratum
1367 3356 1421 3405 et
1470 3352 1567 3406 Dei
1616 3359 1694 3407 est
1752 3359 1804 3406 et

213 3446 395 3491 nostra
424 3445 503 3492 est
535 3457 546 3491 :
581 3438 679 3491 Dei
709 3445 807 3502 est,
841 3437 966 3508 quia
993 3454 1025 3493 a
1055 3439 1171 3495 Deo
1194 3446 1304 3507 est;
1338 3444 1521 3493 nostra
1548 3446 1645 3507 est,
1681 3439 1808 3509 quia

213 3534 267 3587 in
295 3534 450 3589 nobis
486 3543 584 3589 est.
616 3537 661 3589 A
690 3536 803 3591 Deo
834 3543 914 3590 est
942 3550 1218 3606 eXpressa,
1247 3543 1301 3591 et
1320 3535 1388 3590 ab
1420 3536 1536 3605 ipso
1565 3536 1621 3590 in
1642 3535 1804 3591 nobis

210 3623 487 3694 impressa.
522 3626 645 3693 Ipsa
672 3624 1016 3695 quadratura,
1074 3624 1127 3677 id
1174 3632 1255 3681 est
1301 3624 1455 3679 ﬁrma
1512 3632 1566 3680 et
1592 3625 1803 3680 stabilis

214 3713 388 3767 forma
416 3720 497 3768 est
521 3714 576 3766 in
602 3713 796 3768 Christi
843 3713 1120 3767 divinitate
1161 3721 1216 3767 et
1246 3713 1302 3767 in
1332 3714 1524 3768 Christi
1564 3715 1804 3770 humani-

214 3815 349 3864 tate:
384 3818 464 3864 est
492 3817 544 3864 et
573 3810 630 3864 in
658 3810 870 3883 angelis
900 3817 953 3864 et
992 3809 1046 3864 in
1076 3809 1405 3865 hominibus:
1440 3810 1494 3864 in
1522 3811 1803 3869 divinitate

215 3908 293 3953 est
366 3900 481 3954 haec
546 3899 724 3954 forma
794 3899 1133 3969 quadraturae
1205 3914 1311 3968 qua
1378 3900 1495 3970 ipsa
1550 3900 1804 3957 divinitas

213 3996 400 4059 sponte
430 3988 576 4043 venit
632 3987 697 4043 ad
756 3988 1053 4056 hominem,
1113 3995 1302 4059 sponte
1359 3988 1501 4043 vitiis
1529 3989 1801 4046 deforma-

215 4097 362 4159 tum;
417 4091 678 4161 sapientia
721 4090 789 4145 ad
842 4092 1080 4159 stultum,
1128 4090 1359 4146 charitas
1401 4090 1467 4147 ad
1498 4092 1800 4161 inimicum,

209 4179 408 4246 justitia
471 4180 539 4234 ad
597 4179 875 4248 injustum,
936 4189 992 4234 ut
1051 4179 1338 4235 formatum
1391 4181 1687 4236 secundum
1745 4199 1802 4236 se

216 4268 429 4322 tandem
456 4267 781 4339 gloriﬁcaret
833 4270 886 4322 in
917 4285 996 4325 se.
1046 4271 1108 4323 In
1149 4270 1477 4324 humanitate
1521 4278 1599 4325 est
1629 4272 1803 4325 forma

217 4364 549 4434 quadratum:
578 4382 681 4434 qua
716 4367 812 4421 Dei
871 4366 1034 4420 Filius
1089 4366 1235 4421 venit
1264 4366 1318 4419 in
1347 4382 1563 4420 carnem
1590 4375 1644 4421 et
1671 4383 1805 4436 quos

218 4452 315 4507 sibi
346 4453 493 4523 prius
541 4453 593 4505 in
644 4455 832 4523 spiritu
879 4455 964 4510 vel
1023 4454 1205 4509 anima
1259 4454 1641 4521 conformaret,
1683 4463 1805 4524 post

217 4543 370 4597 etiam
404 4548 457 4596 et
481 4541 532 4595 in
562 4557 741 4608 carne,
786 4543 840 4596 id
886 4549 964 4596 est
1004 4542 1352 4611 humanitate,
1387 4543 1506 4597 illos
1535 4543 1635 4597 sibi
1666 4560 1801 4599 con-

222 4641 493 4706 formaret,
524 4640 692 4708 utqui
724 4639 1011 4711 portabant
1066 4640 1359 4711 imaginem
1407 4641 1617 4708 terreni,
1652 4641 1802 4695 scili-

216 4737 296 4784 cet
323 4729 512 4794 Adam,
548 4736 818 4799 portarent
876 4736 929 4783 et
983 4728 1279 4801 imaginem
1323 4729 1569 4795 cazlcstis,
1603 4730 1807 4786 scilicet

217 4818 422 4873 Christi.
482 4820 543 4871 In
586 4818 796 4891 angelis
853 4817 1027 4873 forma
1078 4819 1415 4888 quadratum
1471 4827 1569 4885 est,
1632 4818 1686 4872 id
1725 4826 1805 4874 est

218 4912 363 4969 ﬁrma
391 4914 669 4968 etstabilis
698 4914 873 4969 forma
928 4930 1035 4984 qua
1091 4915 1474 4986 perpetualiter
1506 4917 1623 4971 Deo
1655 4916 1801 4970 assi-

218 5019 370 5076 stunt,
410 5011 568 5081 eique
595 5012 683 5066 die
711 5027 774 5066 ac
822 5019 977 5068 nocte
1022 5011 1351 5068 deserviunt.
1391 5014 1452 5067 In
1492 5012 1803 5068 hominibus

217 5099 384 5154 forma
413 5100 748 5169 quadratum:
804 5108 901 5166 est,
961 5116 1065 5170 qua
1108 5102 1346 5156 Christus
1390 5101 1561 5157 factus
1591 5108 1669 5156 est
1697 5103 1801 5157 ho-

221 5196 447 5249 minibus
480 5196 800 5266 redemptio,
835 5196 1202 5261 sanctiﬁcatio,
1230 5198 1438 5267 justitia
1494 5207 1545 5253 et
1582 5199 1802 5270 sapien-

218 5291 282 5346 tia
336 5292 392 5363 (Ι
423 5293 544 5349 Cor.
579 5296 637 5365 ι).
698 5293 1039 5365 Redemptio,
1099 5312 1220 5351 cum
1276 5296 1512 5368 seipsum
1568 5298 1799 5367 pretium

216 5379 354 5435 dedit
382 5398 479 5451 pro
509 5381 666 5437 nobis
722 5400 819 5453 per
871 5393 1262 5439 sacramentum
1309 5402 1418 5441 suae
1450 5386 1715 5458 passionis
1748 5394 1802 5441 et

218 5480 393 5533 mortis
426 5478 828 5547 ;sanetiﬁcatio,
861 5497 981 5535 cum
1034 5498 1132 5551 per
1179 5499 1300 5537 eum
1333 5483 1386 5536 in
1429 5484 1798 5538 remissionem

218 5585 545 5649 peccatorum
594 5594 776 5631 sumus
806 5566 1141 5634 'sanctiﬁcati
1175 5596 1271 5651 per
1325 5582 1578 5651 baptismi
1612 5599 1797 5637 sacra-

220 5681 467 5729 mentum.
527 5673 735 5729 Justitia
810 5674 978 5730 factus
1036 5683 1114 5730 est
1163 5677 1319 5731 nobis
1366 5677 1629 5739 Christus,
1676 5695 1796 5733 cum

218 5771 307 5828 per
333 5772 455 5813 eum
486 5753 628 5813 dona
656 5758 825 5815 sancti
855 5756 1083 5833 Spiritus
1129 5760 1477 5818 conferuntur
1513 5762 1669 5820 nobis
1699 5776 1796 5835 per

1836 3131 1887 3196 C

1915 1896 2081 1951 domo
2105 1895 2301 1967 jugum
2329 1896 2521 1950 Christi
2552 1894 2799 1950 effectum
2832 1902 2911 1950 est
2943 1912 3106 1951 suave
3142 1902 3194 1951 et
3230 1906 3365 1951 onus
3394 1896 3511 1965 ejus

1916 1985 2279 2057 leve(l|iatth.
2305 1984 2408 2056 xt),
2431 2002 2498 2039 ex
2527 1986 2764 2054 perfecta
2793 1985 2891 2039 Dei
2922 1993 2974 2040 et
3010 1985 3240 2056 proximi
3271 1985 3516 2040 dilectio-

1916 2091 2009 2129 ne.
2041 2076 2093 2129 Is
2128 2089 2236 2144 quo
2266 2072 2443 2129 minus
2473 2073 2649 2146 diligit
2678 2072 2959 2138 mundum,
2992 2088 3055 2128 eo
3085 2072 3261 2145 magis
3283 2073 3514 2128 delecta-

1918 2171 2002 2219 tur
2022 2164 2080 2217 in
2102 2163 2329 2227 Christo,
2380 2178 2707 2232 aversusque
2755 2179 2787 2216 a
2833 2161 3035 2217 carnali
3065 2161 3265 2234 gaudio
3313 2156 3515 2234 gaudet

1916 2252 1972 2307 in
2001 2252 2201 2321 Spiritu
2231 2258 2433 2306 sancto.
2494 2252 2650 2305 Istius
2704 2249 2851 2305 modi
2882 2249 3082 2322 gaudia
3111 2250 3167 2304 in
3217 2250 3379 2306 domo
3419 2267 3512 2305 se-

1917 2340 2091 2397 cunda
2122 2340 2271 2412 ligna
2298 2347 2422 2394 sunt
2447 2339 2684 2404 cedrina,
2733 2339 2858 2409 quia
2896 2339 3034 2394 sicut
3079 2339 3248 2394 multa
3294 2339 3515 2394 durities

1918 2445 1971 2493 et
1999 2438 2259 2509 asperitas
2297 2436 2395 2491 fult
2451 2436 2507 2490 in
2564 2435 2847 2491 virtutibus
2901 2436 3300 2508 comparandis,
3352 2452 3513 2492 exer-

1919 2527 2103 2582 cendis
2130 2533 2185 2580 et
2201 2524 2643 2581 consummandis
2669 2524 2723 2579 in
2775 2523 3129 2580 aediﬁcatione
3173 2526 3362 2596 prima;
3408 2525 3516 2581 do-

1917 2631 2055 2681 mus,
2106 2615 2181 2668 ita
2237 2613 2324 2668 hic
2377 2613 2493 2668 sola
2548 2612 2803 2668 mollities
2856 2621 2912 2667 et
2954 2612 3165 2681 lenitas,
3205 2613 3259 2667 id
3290 2621 3370 2668 est
3398 2613 3515 2670 sola

1916 2711 2143 2768 dulcedo
2173 2718 2225 2766 et
2250 2709 2553 2780 iucunditas
2570 2711 2787 2765 exstitit.
2848 2711 2916 2765 Et
2939 2710 3075 2765 sicut
3103 2711 3246 2766 cedri
3274 2727 3516 2782 procera

1917 2800 2209 2857 altitudinis
2262 2807 2384 2854 sunt
2433 2805 2486 2853 et
2538 2808 2743 2853 naturae
2797 2798 3234 2870 incorruptibilis,
3288 2801 3364 2855 sic
3425 2802 3516 2870 qui

1913 2891 1968 2945 in
1996 2891 2140 2945 bono
2171 2889 2486 2953 delectatur,
2523 2895 2577 2941 et
2613 2887 2668 2941 in
2715 2886 2919 2959 Spiritu
2975 2895 3162 2943 sancto
3208 2888 3427 2961 gaudet,
3450 2900 3509 2945 et

1914 3002 2008 3042 cor
2033 3002 2243 3042 sursum
2273 2985 2532 3051 extendit,
2559 2991 2663 3039 eta
2682 2984 2935 3040 vitiorum
2976 2985 3257 3057 putredine
3286 2986 3513 3041 illaesum

1915 3084 2166 3139 custodit.
2208 3085 2336 3140 Post
2358 3082 2578 3137 domum
2618 3081 2848 3153 primam
2894 3088 2946 3136 et
2991 3082 3302 3149 secundam,
3353 3083 3409 3137 id
3437 3090 3517 3140 est

1918 3174 2187 3243 lapideam
2218 3179 2270 3227 et
2297 3171 2572 3226 cedrinam
2601 3170 2840 3241 sequitur
2866 3170 3056 3239 tertia;
3091 3172 3196 3227 hoc
3233 3178 3313 3226 est
3351 3184 3515 3228 aurea

1917 3263 2136 3318 domus.
2190 3261 2325 3317 Haec
2369 3276 2437 3316 ex
2473 3259 2650 3315 aureis
2694 3259 2928 3314 ﬂammis
2959 3259 3138 3327 aﬁixa,
3189 3268 3304 3316 erat
3351 3260 3516 3333 lignis

1917 3351 2151 3408 cedrinis
2177 3366 2275 3421 per
2310 3350 2492 3405 clavos
2538 3363 2747 3404 aureos.
2805 3350 3161 3420 Nuncupatur
3188 3356 3368 3404 autem
3398 3350 3515 3405 haec

1917 3450 2110 3504 domus
2136 3462 2299 3503 aurea
2353 3445 2823 3517 contemplationis
2871 3453 2925 3501 et
2970 3445 3228 3501 veritatis.
3262 3447 3515 3501 Contem-

1921 3538 2087 3610 platio
2115 3552 2243 3592 vero
2272 3535 2509 3591 veritatis
2537 3550 2726 3589 aurum
2747 3541 2845 3589 est.
2869 3534 2967 3589 Cui
2994 3535 3208 3590 veritati
3237 3551 3282 3590 SI
3307 3535 3511 3606 aliquid

1919 3639 2164 3696 falsitatis
2211 3637 2497 3694 admistum
2546 3636 2721 3704 fuerit,
2770 3651 2957 3691 aurum
3001 3643 3079 3691 est
3134 3635 3500 3693 immundum.

1921 3728 2314 3799 Contemplatio
2344 3734 2522 3782 autem
2550 3725 2789 3780 veritatis
2811 3725 3013 3796 absque
3042 3726 3189 3781 omni
3220 3726 3512 3782 admistura

1918 3820 2162 3877 falsitatis
2187 3830 2374 3873 aurum
2424 3824 2504 3871 est
2558 3815 2845 3870 mundum.
2903 3814 3045 3884 Quid
3074 3822 3154 3870 est
3180 3816 3511 3886 contempla-

1920 3925 1990 3979 tio
2037 3920 2274 3978 veritatis
2302 3921 2331 3974 ‘?
2385 3919 2501 3973 Hoc
2551 3925 2631 3972 est
2685 3916 3065 3987 contemplatio
3114 3917 3397 3971 Creatoris.
3444 3918 3510 3971 Et

1919 4011 2046 4083 quid
2076 4017 2153 4066 est
2182 4006 2563 4078 contemplatio
2583 4004 2851 4060 Creatoris
2877 4005 2906 4056 ?
2933 4002 3329 4074 Contemplatio
3348 4004 3510 4059 Crea-

1920 4102 2049 4159 toris
2104 4107 2184 4153 est
2238 4092 2619 4166 contemplatio
2675 4091 2871 4146 summi
2926 4091 3057 4145 boni
3111 4091 3312 4161 absque
3355 4092 3508 4161 cujus

1918 4195 2295 4255 communione
2325 4207 2431 4247 non
2462 4198 2541 4245 est
2566 4190 2769 4244 bonum
2829 4188 3087 4259 quidquid
3133 4189 3351 4243 nomine
3375 4188 3505 4245 boni

1919 4291 2269 4355 nuncupatur.
2321 4281 2437 4335 Hoc
2492 4294 2762 4333 summum
2809 4277 3011 4332 bonum
3068 4275 3299 4332 mundus
3345 4276 3506 4333 corde

1916 4372 2329 4443 contemplatur,
2380 4370 2469 4439 qui
2500 4384 2595 4439 per
2639 4366 2906 4438 lapideam
2938 4367 3180 4431 domum,
3212 4366 3267 4420 id
3296 4374 3375 4421 est
3412 4382 3509 4438 per

1832 4482 1886 4545 D
1919 4471 2259 4528 dilectionem
2290 4467 2407 4532 Dei,
2441 4474 2493 4521 et
2521 4466 2777 4537 proximi,
2831 4473 2883 4519 et
2925 4480 3020 4534 per
3068 4464 3505 4520 exercitationem

1914 4562 2166 4619 virtutum
2198 4557 2460 4612 transiens
2517 4556 2570 4608 in
2617 4553 2890 4609 cedrinam
2936 4552 3177 4621 domum,
3210 4554 3313 4610 hoc
3342 4560 3421 4608 est
3448 4555 3503 4609 in

1912 4648 2168 4723 gaudium
2200 4642 2717 4716 spiritalc,pervenit
2744 4643 2797 4696 in
2825 4657 3043 4697 auream
3081 4641 3324 4711 domum,
3347 4642 3401 4696 id
3426 4650 3505 4697 est

1914 4748 1981 4803 ad
2010 4746 2188 4802 cordis
2217 4742 2553 4798 munditiam.
2599 4740 2703 4797 Ubi
2732 4739 3127 4809 contemplatur
3158 4739 3498 4811 sapientiam,

1912 4845 1967 4892 et
1992 4834 2270 4892 veritatem
2319 4847 2438 4901 quae
2485 4838 2565 4885 est
2616 4830 2671 4883 in
2718 4828 2984 4899 corporali
3012 4837 3273 4896 creatura,
3304 4844 3502 4883 secun-

1912 4927 2041 4982 dum
2098 4937 2259 4993 quam
2324 4921 2522 4975 dictum
2581 4925 2677 4984 est,
2737 4918 2863 4987 quia
2914 4923 3105 4972 cuncta
3133 4933 3254 4986 quae
3302 4915 3502 4972 fecerat

1912 5026 2055 5080 Deus
2084 5026 2235 5076 erant
2262 5017 2421 5073 valde
2449 5017 2593 5072 bona
2642 5015 2802 5084 (Gen.
2833 5015 2893 5086 ι).
2935 5014 3340 5083 Contemplatur
3368 5029 3502 5083 quo-

1912 5128 2015 5182 que
2037 5105 2355 5181 sapientiam
2387 5113 2440 5161 et
2494 5106 2775 5160 veritatem
2828 5103 3059 5157 mundus
3105 5101 3269 5158 corde
3324 5103 3379 5155 in
3412 5103 3503 5158 illa

1911 5202 2132 5275 spiritali
2160 5207 2420 5265 creatura,
2451 5198 2518 5253 de
2557 5214 2661 5267 qua
2716 5196 2916 5251 dictum
2969 5202 3065 5260 est,
3100 5195 3225 5265 quia
3256 5194 3398 5250 facta
3426 5202 3505 5250 est

1910 5300 1977 5356 ad
1991 5298 2284 5371 imaginem
2300 5304 2351 5352 et
2361 5295 2761 5351 similitudinem
2776 5294 2867 5349 Dei
2883 5293 3083 5365 (ibid.).
3103 5292 3506 5363 Contemplatur

1910 5391 2069 5446 etiam
2109 5388 2387 5444 veritatem
2420 5392 2471 5439 et
2498 5383 2815 5455 sapientiam
2848 5382 2917 5443 in.
2950 5383 3065 5454 ipso
3095 5398 3306 5438 summo
3335 5382 3500 5447 bono,

1910 5488 1963 5542 id
1994 5495 2073 5541 est
2101 5494 2336 5541 creatore
2370 5484 2500 5549 Deo,
2552 5499 2583 5536 a
2641 5498 2745 5552 quo
2802 5480 3052 5551 spiritalis
3107 5488 3366 5547 creatura,
3402 5482 3505 5534 hoc

1910 5584 1987 5632 est
2014 5577 2178 5631 homo
2234 5574 2452 5628 interior
2506 5579 2732 5636 creatus,
2773 5568 3089 5639 justiﬁcatus
3133 5578 3185 5624 et
3219 5566 3500 5624 beatiﬁca-

1909 5681 1992 5729 tus
2037 5680 2134 5727 est.
2193 5669 2429 5727 Lamina:
2475 5676 2653 5724 autem
2685 5685 2860 5724 aureae
2888 5667 3079 5723 domus
3127 5663 3502 5735 :ontemplatio

1909 5761 2010 5820 Dei
2043 5765 2123 5819 est
2149 5758 2204 5817 in
2231 5759 2342 5818 vita
2369 5755 2629 5832 spiritali;
2660 5756 2800 5815 clavi
2828 5769 2956 5817 vero
2989 5754 3135 5812 aurei
3174 5750 3369 5825 quibus
3415 5748 3505 5805 ια.
