4008 6092
447 212 584 266 1239

1550 207 1880 261 ἫΕΒΝΒΒΙ
1922 206 2210 261 ΑΒΒΛΤΙδ
2249 208 2310 262 S.
2359 208 2577 264 BLASH

3621 213 3767 265 12le

451 332 614 387 mina:
644 345 824 385 aurem
853 329 1025 384 aﬂixae
1074 330 1308 396 fuorant,
1345 329 1592 402 qumdam
1647 329 2044 384 delectationes
2076 329 2130 390 A
2161 331 2357 385 ostium
2389 331 2671 386 fabricavit
2698 333 2860 401 (Gen.
2894 334 2966 401 νι)
3003 351 3014 386 :
3058 333 3180 403 quia
3235 348 3380 395 arca,
3431 332 3484 386 id
3530 341 3615 387 est
3649 335 3767 388 Ec-

455 427 601 485 sunt,
634 419 832 489 quibus
863 419 1094 489 quisque
1124 420 1452 482 delectatur,
1483 433 1608 474 cum
1643 418 1800 471 fuerit
1826 418 1880 471 in
1912 433 2051 473 con-

456 507 827 578 templatione.
853 505 1050 561 Aﬂixio
1081 515 1262 562 autem
1293 507 1568 562 clavorum
1600 508 1776 572 major
1804 506 2050 560 delecta-

458 606 534 661 tio
557 613 641 661 est
671 605 952 672 virtutum,
1001 621 1160 678 quam
1220 605 1451 677 quisque
1509 604 1770 678 spiritalis
1809 604 2051 670 habebit,

459 694 553 768 qui
583 694 744 749 vitam
776 694 1246 764 contemplativam
1270 694 1514 749 duxerit.

533 792 670 846 Cum
701 791 864 862 igitur
891 793 1010 848 haec
1031 791 1228 847 domus
1257 800 1370 845 tres
1397 791 1452 844 in
1496 791 1653 844 nobis
1689 789 2050 856 aedificantur,

461 889 516 936 et
545 897 646 936 nos
679 881 772 936 toti
801 880 1067 936 efficimur
1099 882 1296 934 domus
1343 879 1468 934 Dei.
1523 882 1733 949 Corpus
1775 879 1918 933 enim
1949 894 2054 931 no-

461 978 636 1024 strqu
662 971 854 1024 domus
880 969 978 1024 Dei
1008 968 1236 1024 efficitur
1276 976 1501 1038 prepter
1532 968 1784 1038 primam,
1835 967 2056 1037 spiritus

459 1073 653 1122 noster
680 1074 904 1137 propter
933 1067 1250 1132 secundam,
1283 1082 1438 1120 mens
1466 1075 1654 1121 nostra
1685 1073 1908 1136 propter
1946 1073 2057 1119 ter-

462 1155 609 1210 tiam.
643 1156 773 1209 Ilmc
806 1156 1000 1210 domus
1017 1155 1290 1225 spiritalis,
1315 1155 1369 1209 id
1397 1162 1477 1208 est
1500 1153 1763 1224 templum
1797 1153 2055 1209 Ecclesiae

459 1244 580 1308 Dei,
615 1260 686 1298 vn
718 1245 876 1297 annis
931 1259 964 1297 a
1019 1243 1310 1297 Salomone
1359 1243 1735 1304 tndilicabitur,
1799 1242 1926 1312 quia
1958 1259 2056 1312 per

462 1341 634 1387 totum
667 1341 880 1402 tempus
912 1331 1070 1399 hujus
1117 1331 1308 1385 saeculi
1367 1331 1510 1402 quod
1542 1346 1638 1385 vut
1676 1331 1868 1384 diebus
1899 1330 2053 1385 evol-

462 1430 628 1495 vitur,
653 1437 928 1485 structura
957 1428 1100 1482 illius
1141 1445 1360 1499 semper
1400 1437 1806 1501 augmentatur.
1847 1427 2054 1483 Octavo

462 1526 644 1572 autem
702 1533 852 1572 anno
901 1517 1044 1571 idem
1104 1517 1367 1572 Salomon
1418 1519 1561 1572 hanc
1617 1518 1792 1587 ipsam
1825 1517 2052 1570 domum

463 1606 697 1662 Domino
727 1605 1018 1670 dedicavit,
1051 1614 1104 1660 et
1133 1607 1342 1660 cunctis
1397 1607 1518 1660 filiis
1563 1605 1728 1659 Israel
1759 1604 2056 1660 celeberri-

463 1718 612 1758 mam
640 1717 704 1757 ac
734 1702 1018 1756 maximam
1067 1703 1465 1757 solemnitatem
1508 1701 1867 1757 dedicationis
1897 1701 2054 1756 exhi-
2086 1680 2140 1739 B

469 1791 609 1846 buit.
677 1791 813 1859 Quae
862 1791 1103 1862 profecto
1161 1792 1432 1846 dedicatio
1477 1791 1731 1862 designat
1773 1799 2056 1843 venturam

464 1881 814 1936 festivitatem
848 1880 1166 1935 universalis
1198 1879 1641 1934 resurrectionis.
1678 1880 1819 1934 Nam
1850 1894 1970 1933 cum
2002 1878 2053 1931 in

467 1975 580 2032 fine
607 1977 794 2030 mundi
851 1976 1151 2047 completus
1211 1976 1370 2031 fuerit
1425 1992 1685 2032 numerus
1733 1977 2052 2039 electorum,

461 2081 589 2121 mox
619 2072 876 2121 secutura
903 2074 983 2120 est
1013 2065 1328 2120 solemnitas
1354 2065 1445 2120 diu
1474 2065 1806 2120 desiderata:
1835 2065 2056 2118 immor-

465 2154 711 2208 talitatis.
741 2155 1077 2224 Peractaque
1105 2155 1378 2208 communi
1414 2154 1815 2209 resurrectione
1863 2168 2055 2207 omnes

467 2243 562 2314 qui
579 2242 648 2296 ad
667 2241 876 2313 pacifici
897 2242 1065 2313 regis,
1087 2241 1200 2296 veri
1232 2243 1438 2297 scilicet
1461 2242 1789 2306 Salomonis,
1817 2257 2053 2312 regnum

427 2339 761 2439 «pertinent,
794 2346 994 2393 aeterna
1050 2340 1251 2410 gaudia
1306 2340 1496 2410 patriae
1549 2339 1787 2394 caelestis
1835 2354 1957 2393 cum
1990 2354 2054 2394 eo

462 2427 765 2482 intrabunt.
805 2427 890 2480 Ad
928 2442 1085 2498 quam
1117 2428 1346 2497 patriam
1379 2444 1490 2482 sum
1528 2436 1802 2499 perpetua:
1832 2427 2056 2482 visionis

462 2531 566 2572 nos
595 2531 787 2570 omnes
815 2516 1022 2586 pariter
1064 2517 1228 2570 Jesus
1279 2517 1523 2571 Christus
1571 2516 1836 2570 Dominus
1872 2525 2058 2571 noster

462 2613 794 2680 introducat,
828 2615 921 2687 qui
955 2613 1082 2669 vivit
1138 2625 1195 2668 et
1253 2621 1448 2685 regnat
1500 2613 1554 2667 in
1583 2613 1788 2668 unitate
1820 2612 2054 2684 Spiritus

463 2703 634 2758 sancti
666 2719 766 2775 per
795 2705 980 2759 omnia
1011 2703 1211 2759 saecula
1242 2703 1589 2758 sa'culorum.
1623 2705 1820 2756 Amen.

801 2809 1037 2866 SERMO
1079 2811 1172 2865 DE
1213 2809 1692 2865 DEDICATIONE
1705 2851 1718 2863 .

541 2941 564 2970 c
607 2916 854 2972 Christus
884 2917 1071 2972 dilexit
1096 2917 1417 2983 Ecclesium,
1461 2925 1513 2971 ct
1544 2917 1781 2986 seipsum
1827 2914 2053 2969 tradidit

455 3022 558 3079 pro
606 3021 693 3072 ea,
751 3013 809 3060 ut
855 3005 1002 3060 illam
1065 3004 1444 3072 sanctificaret,
1516 3005 1788 3059 mundans
1831 3004 2049 3058 lavacro
2080 3029 2131 3093 α

463 3111 620 3168 aqua).
650 3095 706 3150 in
737 3095 907 3150 verbo
941 3094 1080 3161 vitas,
1139 3101 1197 3148 ut
1253 3094 1533 3149 exhiberet
1569 3095 1687 3164 ipse
1717 3093 1821 3147 sibi
1846 3093 2050 3162 glorio-

459 3211 576 3250 sam
596 3193 918 3255 Ecclesiam.
944 3209 1053 3248 non
1089 3193 1378 3248 habentem
1419 3192 1714 3257 maculam,
1743 3208 1922 3263 neque
1954 3209 2052 3246 ru-

460 3299 611 3356 gam,
645 3285 741 3338 sed
782 3290 839 3336 ut
879 3282 946 3336 sit
977 3289 1171 3337 sancta
1200 3290 1253 3336 et
1283 3280 1632 3336 immaculata
1661 3282 1886 3352 (Ephes.
1913 3281 1986 3349 v).
2028 3302 2049 3327 ι

457 3373 676 3438 Audite,
771 3371 962 3426 fratres
1032 3370 1361 3434 charissimi,
1438 3370 1743 3440 apostolum
1824 3369 2054 3422 Paulum

466 3467 714 3520 nuntium
770 3474 971 3520 nostrae
1037 3464 1401 3529 exaltationis,
1469 3480 1780 3534 praeconem
1853 3472 2054 3519 nostra:

461 3553 760 3625 dignitatis.
790 3553 986 3608 Audite
1039 3561 1243 3623 quanto
1299 3553 1383 3607 vel
1417 3553 1562 3622 quali
1593 3568 1780 3607 amore
1810 3553 2055 3606 Christus

463 3643 784 3710 conjunctus
810 3647 894 3696 est
921 3640 1226 3706 Ecclesite;
1261 3651 1520 3712 quantam
1552 3641 1786 3712 gratiam
1821 3641 2056 3696 ostendit

461 3739 518 3794 in
549 3736 706 3792 vobis
737 3753 848 3792 sua:
880 3735 1297 3791 misericordiae.
1362 3737 1455 3790 Ait
1512 3737 1655 3791 enim
1686 3752 1698 3791 ε
1738 3759 1759 3782 ιι
1797 3736 2055 3791 Christus

462 3824 655 3882 dilexit
690 3824 1039 3893 Ecclesia'nf»
1075 3840 1138 3878 ex
1171 3824 1407 3896 gratuita
1445 3824 1706 3889 bonitate,
1739 3840 1846 3878 non
1864 3840 1926 3878 ex
1947 3841 2058 3878 me-

463 3916 693 3972 ritorum
751 3914 1125 3985 processione,
1184 3912 1311 3984 quia
1367 3911 1516 3983 prior
1561 3912 1749 3966 dilexit
1777 3927 1902 3966 nos.
1950 3912 2057 3967 Sed

465 4009 728 4074 quantum
759 4002 1016 4057 dilexerit
1059 4002 1261 4056 audite.
1300 4024 1322 4048 α
1382 4002 1632 4070 Seipsum
1691 3999 1905 4054 tradidit
1959 4016 2059 4072 pro

471 4106 558 4158 ea,
595 4114 616 4139 υ
651 4099 702 4146 et
733 4106 829 4162 pro
860 4090 980 4160 ejus
1007 4090 1410 4161 redemptione.
1457 4090 1578 4144 Non
1629 4091 1772 4144 misit
1818 4094 2058 4162 prophe-

471 4196 579 4242 tam
614 4205 628 4250 ;
659 4202 768 4242 non
798 4187 1075 4256 angelum,
1110 4202 1221 4240 non
1252 4187 1664 4258 archangelum,
1687 4187 1783 4241 sed
1803 4196 1859 4241 ut
1882 4189 2060 4243 bonus

467 4285 658 4348 pastor
685 4276 864 4348 posuit
892 4275 1129 4329 animam
1155 4291 1303 4328 suam
1337 4291 1437 4344 pro
1481 4275 1677 4329 ovibus
1728 4277 1842 4330 suis
1873 4279 2057 4345 (Joan.

2158 420 2328 476 clesia
2349 421 2554 474 ostium
2588 420 2712 475 fidei
2743 431 2790 475 et
2823 421 3012 476 salutis
3041 422 3108 476 de
3133 422 3299 476 latere
3322 422 3520 476 Christi
3542 422 3766 476 habuit.

2160 511 2317 567 Unde
2348 510 2611 565 Dominus
2643 511 2694 564 in
2727 510 2950 565 canticis
2987 525 2998 564 :
3037 535 3058 557 υ
3095 511 3289 581 Surge,
3324 511 3499 565 amica
3526 527 3676 574 mea,
3715 518 3770 566 et

2163 609 2306 675 veni,
2348 609 2602 663 columba
2632 624 2770 673 mea,
2803 609 2855 662 in
2909 607 3266 664 foraminibus
3297 617 3464 679 petrae
3508 609 3764 677 (Cantia.

2163 697 2250 765 ιι).
2292 721 2314 744 η
2340 697 2512 769 Surge
2541 713 2573 751 a
2602 698 2944 768 corruptione
2972 698 3248 762 vitiorum,
3268 705 3320 750 et
3353 697 3474 752 veni
3499 715 3598 768 per
3619 714 3767 767 ope-

2159 786 2426 841 rationem
2461 787 2680 850 bonam,
2713 785 3008 842 considens
3063 787 3117 840 in
3161 785 3522 840 foraminibus
3551 796 3756 856 petras.

2166 882 2447 938 Foramina
2478 891 2646 952 petrae
2670 882 2896 938 vulnera
2927 883 3132 936 Christi
3161 889 3306 947 sunt,
3341 883 3430 952 qui
3465 891 3547 937 est
3576 891 3761 952 petra.

2163 971 2217 1026 id
2247 979 2326 1026 est
2365 972 2592 1026 firmitas
2625 971 2902 1027 Ecclesiae.
2935 972 3088 1028 Unde
3148 971 3436 1042 Apostolus
3464 989 3478 1025 :
3509 995 3528 1016 -
3598 971 3764 1026 Petra

2164 1068 2344 1115 autem
2375 1068 2485 1114 erat
2530 1060 2772 1114 Christus
2828 1060 2883 1128 (Ῑ
2933 1062 3054 1116 Cor.
3087 1062 3164 1128 x).
3200 1083 3222 1108 ι»
3271 1059 3401 1114 Ideo
3428 1059 3593 1131 igitur
3623 1076 3766 1131 prae-

2162 1157 2307 1210 misit
2357 1157 2648 1226 Apostolus
2697 1157 2840 1227 quod
2904 1157 3047 1210 Deus
3094 1156 3312 1210 tradidit
3359 1171 3420 1210 se
3466 1164 3522 1210 et
3560 1164 3762 1226 postea

2164 1246 2464 1312 subjunxit,
2503 1268 2525 1294 (ι
2587 1254 2643 1299 ut
2673 1245 3037 1300 sanctificaret
3065 1245 3282 1298 lavacro
3319 1268 3339 1292 υ
3379 1245 3751 1316 baptismatis.

2164 1335 2418 1405 Sequitur
2449 1351 2462 1388 :
2500 1355 2520 1380 ι
2560 1332 2620 1387 In
2651 1333 2819 1387 verbo
2874 1333 3016 1400 vitae,
3071 1332 3197 1403 quia
3258 1333 3417 1386 nobis
3455 1333 3765 1404 redemptis

2163 1431 2450 1502 baptizatis
2489 1431 2734 1496 verbum,
2764 1431 2817 1485 id
2848 1438 2930 1485 est
2963 1439 3234 1499 praecepta
3266 1430 3767 1486 Domininecessa-

2163 1520 2263 1585 ria,
2299 1537 2419 1591 qua:
2449 1527 2573 1573 sunt
2619 1520 2759 1585 vitm,
2819 1519 2940 1590 quia
2997 1535 3105 1573 non
3164 1519 3216 1572 in
3278 1519 3399 1574 solo
3444 1534 3584 1587 pane
3629 1519 3766 1572 vivit

2165 1609 2348 1671 homo,
2374 1607 2472 1662 sed
2494 1608 2544 1661 in
2568 1607 2714 1662 omni
2749 1607 2920 1662 verbo
2955 1607 3167 1662 Domini
3209 1608 3427 1675 (Matth.
3456 1607 3551 1676 tv).
3577 1630 3599 1653 ιο
3630 1605 3769 1661 Ideo

2165 1706 2235 1760 ad
2264 1706 2462 1760 ostium
2495 1704 2831 1760 tabernaculi
2885 1713 3002 1759 erat
3057 1704 3230 1774 posita
3273 1719 3464 1758 mensa
3494 1704 3766 1774 proposi-

2165 1794 2347 1856 tionis,
2382 1810 2546 1863 super
2577 1810 2736 1863 quam
2790 1801 2944 1848 erant
3002 1807 3081 1846 xu
3127 1807 3300 1862 panes
3348 1795 3550 1864 (Leuit.
3581 1793 3766 1860 xxiv),

2166 1883 2288 1953 quia
2318 1881 2748 1953 ingredientibus
2805 1881 3106 1937 Ecclesium
3157 1881 3470 1936 necessaria
3518 1889 3601 1936 est
3631 1897 3770 1936 esca.

2163 1979 2421 2035 doctrinae
2449 1989 2499 2034 et
2530 1995 2720 2035 mensa
2748 1978 3051 2032 divinarum
3093 1977 3516 2048 Scripturarum,
3549 1978 3603 2031 in
3636 1979 3766 2049 qui-

2163 2067 2264 2123 bus
2291 2069 2576 2123 sententiaa
2607 2084 2682 2121 χιι
2712 2067 3080 2136 apostolorum
3109 2066 3473 2129 continentur,
3525 2065 3618 2136 qui
3662 2081 3769 2135 per

2162 2173 2237 2211 xu
2269 2173 2442 2225 panes
2477 2154 2876 2225 significantur.
2919 2156 2982 2208 Et
3037 2154 3160 2209 ideo
3208 2154 3588 2215 sanctificavit,
3633 2177 3656 2200 ει
3711 2159 3767 2206 ιιι

2162 2245 2442 2300 exhiberet
2472 2245 2574 2298 sibi
2605 2244 2910 2316 gloriosam
2944 2243 3267 2300 Ecclesiam.
3303 2266 3325 2291 υ
3362 2243 3764 2312 perimmorta-

2164 2343 2388 2404 litatem,
2417 2365 2438 2388 α
2469 2355 2575 2393 non
2607 2340 2893 2394 habentem
2926 2339 3199 2394 maculam
3238 2361 3259 2386 υ
3296 2339 3481 2410 magni
3526 2338 3761 2408 peccati,

2167 2454 2188 2478 α
2225 2445 2401 2500 neque
2432 2445 2626 2498 rugam
2665 2449 2686 2478 ν
2722 2428 2952 2496 alicujus
2984 2427 3170 2481 livoris
3197 2449 3218 2473 ει
3251 2427 3347 2481 sed
3379 2431 3569 2482 sancta
3607 2449 3628 2469 ο
3659 2426 3765 2479 vir-

2162 2518 2363 2574 tutibus
2398 2541 2419 2564 u
2455 2525 2508 2570 et
2541 2517 2889 2571 immaculata
2915 2540 2936 2563 η
2972 2531 3004 2570 a
3044 2515 3206 2570 vitiis.
3239 2515 3358 2569 Vult
3392 2515 3532 2569 enim
3569 2515 3763 2569 Domi-

2161 2633 2263 2671 nus
2293 2617 2346 2670 in
2379 2616 2582 2670 munda
2615 2617 2734 2668 aula
2783 2615 3023 2670 habitare
3057 2634 3069 2669 :
3107 2614 3306 2668 decore
3354 2613 3615 2666 virtutum
3658 2629 3760 2666 or-

2161 2714 2317 2760 nata.
2357 2706 2510 2760 Unde
2543 2704 2833 2758 l’saltnista
2869 2723 2929 2758 :u
2993 2702 3243 2767 Domine,
3303 2701 3472 2754 dilexi
3500 2701 3761 2756 decorem

2162 2796 2358 2849 domus
2397 2794 2695 2860 tuaa(Psal.
2731 2794 2884 2861 xxv).
2928 2815 2948 2840 υ
2988 2792 3052 2845 Et
3084 2791 3214 2846 alibi
3236 2791 3308 2844 ait
3339 2789 3513 2844 David
3549 2788 3618 2842 ad
3659 2789 3763 2843 Ec-

2161 2889 2384 2945 clesiam
2421 2909 2432 2944 :
2472 2910 2493 2939 ι
2531 2891 2595 2943 Et
2617 2889 2969 2958 concupiscet
3000 2903 3091 2941 rex
3125 2887 3382 2942 decorem
3411 2894 3558 2939 tuum
3579 2886 3762 2952 (Psal.

2161 2979 2322 3042 χιιι).
2368 2999 2389 3028 ν
2427 2977 2561 3034 Huic
2593 2983 2774 3031 autem
2808 2977 3066 3032 Ecclesiae
3098 2975 3171 3031 ita
3201 2975 3415 3030 dilectae
3445 2984 3495 3028 et
3527 2973 3765 3028 Domino

2162 3069 2508 3138 desponsata:
2545 3066 2841 3122 thalamum
2872 3073 2925 3120 et
2955 3066 3176 3121 domum
3200 3063 3482 3121 constituit
3502 3063 3674 3127 Deus,
3708 3063 3765 3116 in

2163 3182 2268 3237 qua
2299 3181 2420 3219 cum
2438 3165 2652 3236 Sponso
2675 3178 2774 3218 suo
2805 3161 3103 3218 delectetur
3123 3179 3221 3233 per
3241 3159 3652 3233 praedicationis
3665 3160 3766 3213 do-

2163 3255 2410 3319 ctrinam,
2446 3262 2498 3307 et
2529 3253 2685 3322 lapsa
2714 3250 3097 3307 reconcilietur
3141 3266 3242 3321 per
3276 3248 3678 3304 confessionem
3710 3255 3763 3302 et

2161 3341 2550 3414 ptenitentiam.

2235 3448 2334 3503 llic
2363 3447 2536 3514 locus,
2592 3447 2790 3502 fratres
2837 3445 3164 3510 charissimi,
3210 3445 3305 3500 ubi
3350 3443 3510 3499 modo
3551 3457 3762 3499 conve-

2161 3536 2342 3601 nistis,
2376 3545 2600 3590 vocatur
2629 3535 2863 3591 ecclesia
2903 3535 3025 3590 sive
3059 3535 3311 3590 basilica.
3349 3533 3594 3589 Ecclesia
3625 3548 3764 3587 con-

2167 3627 2379 3681 vocatio
2418 3626 2820 3695 interpretatur,
2889 3625 3015 3696 quia
3064 3625 3153 3679 hic
3208 3639 3400 3678 omnes
3433 3621 3597 3676 simul
3627 3636 3762 3676 cono

2165 3730 2442 3788 vocantur,
2470 3728 2527 3774 ut
2567 3721 2855 3792 designent
2888 3721 3010 3789 quia
3041 3736 3232 3775 omnes
3259 3721 3313 3774 in
3345 3720 3535 3775 eadem
3569 3719 3678 3774 fide
3713 3724 3764 3772 et

2165 3811 2454 3865 dilectione
2484 3809 2618 3863 uniti
2650 3826 2812 3863 unum
2852 3824 3053 3878 corpus
3113 3807 3248 3863 riunt
3282 3826 3296 3862 :
3350 3808 3605 3868 Basilica,
3639 3806 3762 3876 quia

2166 3899 2366 3970 regalis
2395 3898 2589 3952 domus
2622 3906 2724 3961 est,
2751 3897 2987 3951 basileus
3017 3898 3160 3951 enim
3199 3912 3298 3951 rex
3331 3897 3527 3951 dicitur
3548 3895 3757 3961 Graece,

2169 3995 2294 4067 quia
2326 3995 2414 4050 hic
2443 4002 2524 4050 est
2551 3994 2866 4048 inhabitatio
2917 3993 3030 4048 veri
3057 3994 3240 4064 Regis.
3275 3995 3396 4064 Ipsa
3441 3991 3760 4064 compositio

2167 4085 2362 4139 domus
2391 4099 2488 4138 vos
2513 4082 2582 4137 ad
2616 4083 2741 4137 vita:
2789 4089 2980 4138 vestrae
3017 4081 3414 4136 institutionem
3455 4087 3760 4137 commovet

2168 4173 2586 4228 recordandam.
2621 4173 2756 4226 Sunt
2805 4172 2948 4226 enim
3009 4170 3236 4226 tedificio
3289 4172 3451 4238 huius
3508 4169 3758 4224 materia-

2170 4271 2236 4324 lis
2265 4271 2514 4326 ecclesiae
2541 4270 2763 4325 diversa
2811 4270 3075 4334 membra,
3134 4286 3252 4340 qua:
3282 4269 3496 4340 aliquid
3528 4268 3580 4322 in
3607 4267 3758 4323 nobis

469 4373 546 4444 χ),
577 4380 636 4427 ut
657 4388 717 4427 se
747 4372 1077 4426 humiliando
1107 4387 1208 4426 nos
1251 4372 1321 4425 ad
1380 4373 1731 4427 humilitatem
1784 4389 1946 4428 suam
1973 4375 2056 4428 in-
2087 4381 2143 4442 D
2172 4368 2359 4437 “Olare
2413 4361 2681 4414 νῖάοηιυτ·
2744 4360 2840 4412 ES‘
2899 4359 3043 4412 enim
3092 4358 3147 4412 ίῐι
3187 4358 3284 4412 hac
3315 4357 3547 4412 €00l05i8
3578 4362 3758 4426 caput,

465 4463 660 4516 vitaret
691 4479 705 4527 ;
741 4460 1039 4515 humiliavit
1067 4459 1209 4515 enim
1242 4476 1302 4515 se
1331 4477 1503 4532 usque
1533 4461 1602 4514 ad
1651 4471 1902 4527 mortem,
1937 4473 2046 4518 etc.

469 4547 750 4620 (Philipp.
787 4548 868 4616 ιι),
903 4549 1005 4603 hoc
1034 4555 1115 4602 est
1136 4549 1204 4602 ad
1236 4557 1464 4602 mortem
1487 4548 1728 4610 latronis.
1761 4549 1885 4604 ideo
1908 4551 2058 4620 prius

468 4653 533 4694 se
561 4637 798 4701 tradidit,
832 4645 882 4690 ut
933 4645 1122 4707 postea
1171 4636 1318 4690 illam
1372 4635 1756 4703 sanctiﬁcaret,
1789 4639 2058 4692 mundans

467 4737 685 4794 lavacro
707 4753 861 4808 aquae
893 4737 1257 4807 baptismatis.
1290 4737 1437 4792 Nihil
1468 4739 1612 4793 enim
1658 4739 1938 4809 potestatis
1967 4755 2058 4794 ac-

467 4827 676 4898 ciperet
707 4827 850 4882 unda
882 4827 1238 4896 baptismatis,
1264 4826 1367 4880 nisi
1417 4843 1483 4881 ex
1542 4826 1806 4883 eﬂ‘usioue
1831 4829 2056 4901 sangui-

467 4925 552 4980 nis
575 4941 718 4996 aqua
748 4923 1179 4980 sanctiﬁcaretur
1208 4924 1259 4978 in
1282 4923 1518 4980 officium
1547 4926 1906 4996 purgationis.
1957 4927 2056 4981 Di-

473 5016 618 5071 citur
645 5015 810 5084 igitur
840 5021 965 5067 nata
995 5013 1240 5068 Ecclesia
1293 5013 1361 5068 de
1419 5012 1589 5068 latere
1635 5014 1860 5069 Christi.
1900 5014 2058 5082 Quod

473 5111 788 5181 mysterium
819 5111 887 5164 ab
918 5110 1070 5165 initio
1099 5110 1282 5164 mundi
1305 5109 1402 5165 fuit
1435 5110 1488 5164 in
1520 5111 1693 5164 Adam
1727 5110 2056 5182 praefigura-

468 5209 604 5253 tum.
637 5199 867 5253 Immisit
900 5200 1042 5254 enim
1092 5198 1362 5254 Dominus
1410 5214 1661 5268 soporem
1688 5199 1740 5253 in
1772 5200 1969 5264 Adam,
2005 5208 2058 5254 et

469 5287 591 5342 tulit
613 5303 771 5342 unam
804 5288 873 5342 de
902 5289 1074 5344 costis
1096 5289 1232 5358 ejus,
1257 5297 1314 5342 et
1330 5288 1452 5342 fecit
1475 5287 1752 5342 mulierem
1787 5291 1947 5357 (Gen.
1973 5293 2053 5358 ιι).

466 5383 734 5438 Dormilio
767 5384 898 5438 Adae
935 5393 1165 5440 mortem
1215 5384 1416 5439 Christi
1457 5383 1753 5457 signiﬁcat.
1808 5385 1965 5452 Quod
1999 5386 2055 5440 in

463 5487 628 5527 cruce
683 5471 974 5540 pendente,
1038 5473 1264 5543 sanguis
1312 5481 1366 5527 et
1418 5489 1560 5544 aqua
1615 5473 1683 5528 de
1731 5474 1898 5528 latere
1939 5474 2055 5541 ejus

463 5560 760 5615 fluxerunt.
802 5557 936 5626 Qum
967 5560 1073 5613 duo
1101 5570 1436 5616 sacramenta
1459 5569 1584 5615 sunt
1604 5570 1752 5616 ortus
1767 5563 2046 5618 Ecclesiae.

452 5648 574 5708 Noe
619 5648 779 5704 etiam
837 5661 1024 5703 arcam
1079 5646 1288 5703 faciens
1365 5651 1418 5704 in
1494 5649 1716 5720 diluvio,
1769 5649 1823 5704 in
1881 5649 2048 5705 latere

2173 4450 2332 4502 turris
2381 4464 2504 4503 cum
2561 4447 2867 4517 campanis,
2917 4447 3186 4501 columnae
3241 4455 3634 4506 sustentantes,
3691 4444 3762 4498 fe-

2165 4555 2385 4609 nestrae,
2411 4546 2630 4611 ostium,
2656 4547 2764 4599 duo
2808 4544 3066 4615 parietes,
3121 4544 3332 4614 lapides
3373 4543 3572 4614 singuli
3604 4543 3762 4598 colli-

2165 4635 2275 4705 gati
2306 4651 2427 4690 cum
2459 4643 2750 4696 cazmento,
2785 4650 2906 4704 qua:
2962 4648 3148 4687 omnia
3191 4633 3424 4704 mystice
3471 4631 3682 4701 aliquid
3713 4632 3762 4684 in

2164 4723 2323 4778 nobis
2352 4723 2655 4793 designant.
2697 4722 2868 4792 Caput
2921 4721 3067 4775 enim
3130 4720 3399 4774 Christum
3459 4718 3762 4792 significat,

2167 4821 2258 4893 qui
2286 4830 2368 4875 est
2395 4828 2556 4890 caput
2586 4820 2868 4884 Ecclesiae,
2901 4827 2958 4872 ut
2986 4820 3057 4872 ait
3092 4817 3420 4888 Apostolus:
3456 4817 3508 4870 in
3545 4833 3658 4884 quo
3689 4823 3767 4871 est

2165 4921 2455 4974 thesaurus
2481 4917 2794 4970 divinorum
2829 4924 3170 4971 secretorum
3201 4915 3514 4970 reconditus
3535 4916 3765 4977 (Colon.

2165 5009 2248 5080 ιι).
2310 5009 2483 5076 Caput
2526 5005 2670 5060 enim
2729 5005 2856 5059 ideo
2923 5003 3182 5057 humilius
3231 5012 3315 5058 est
3363 5018 3593 5074 corpore
3636 5004 3766 5074 quia

2166 5103 2466 5159 humiliavit
2525 5119 2584 5157 se
2659 5101 2905 5156 Christus
2986 5116 3208 5156 carnem
3269 5100 3416 5154 servi
3485 5099 3766 5170 accipiens

2167 5194 2436 5264 (Philipp.
2472 5196 2531 5254 ιι)
2559 5208 2586 5243 a
2618 5191 2752 5254 Deo,
2805 5190 2950 5260 quod
3007 5189 3187 5244 minor
3243 5187 3396 5243 fieret
3438 5189 3656 5258 angelis
3689 5205 3764 5244 se-

2167 5281 2413 5351 cundum:
2445 5280 2846 5334 humanitatem.
2907 5278 3165 5345 Quandiu
3212 5276 3392 5331 minor
3424 5277 3637 5348 angelis
3669 5277 3767 5331 fuit

2164 5377 2438 5446 passibilis
2467 5373 2691 5430 effectus
2721 5383 2822 5439 est,
2857 5373 2953 5428 scd
2983 5381 3108 5442 post
3159 5374 3608 5428 resurrectionem
3644 5375 3766 5428 ele-

2164 5473 2318 5520 vatus
2349 5474 2432 5520 est
2459 5480 2625 5531 super
2651 5463 2904 5535 angelos.
2943 5461 3076 5529 Quae
3102 5469 3326 5532 utraque
3358 5462 3609 5533 designat
3644 5463 3760 5516 Da-

2163 5563 2253 5617 vid
2285 5561 2472 5616 dicens
2507 5579 2519 5614 :
2553 5584 2574 5607 ιι
2607 5560 2846 5615 Minuisti
2877 5575 3000 5614 eum
3048 5559 3211 5628 paulo
3240 5558 3420 5612 minus
3450 5560 3518 5612 ab
3548 5560 3764 5630 angelis

2165 5651 2317 5706 Psal.
2358 5652 2500 5719 vui),
2542 5673 2561 5697 -
2602 5647 2726 5719 quia
2782 5654 2971 5703 natura
3027 5645 3264 5703 humana
3292 5646 3590 5718 passibilis,
3629 5663 3762 5702 cor-
