4008 6092
296 156 428 212 1241

1197 154 1776 214 DEFLORATIONES
1818 153 1921 210 SS.
1973 153 2281 211 PATRUM.
2326 185 2395 197 —
2432 155 2567 211 LIB.
2615 155 2688 210 ll.

3437 156 3575 212 1242

293 278 580 352 ruptibilis,
621 279 863 335 mortalis
916 279 1162 350 angelica
1205 281 1388 334 minor
1430 287 1541 334 erat
1573 293 1586 347 ;
1621 277 1716 331 sed
1758 285 1884 347 post
1913 279 1968 339 A
1999 278 2398 333 excitat.Unde
2428 287 2478 332 et
2509 279 2698 350 qumrit
2731 286 2922 343 mater,
2973 278 3161 334 dicens
3198 279 3250 333 in
3301 279 3579 336 Canticis:

294 378 776 443 resurrectionem,
833 378 958 448 quia
1003 378 1420 432 immortalitatis
1465 377 1675 430 honore
1715 391 1884 431 coro-

293 477 432 532 nasti
460 491 583 531 eum
614 484 665 530 et
698 475 1021 532 constituisti
1051 492 1173 530 eum
1205 491 1374 546 super
1418 489 1583 544 Opera
1625 489 1883 527 manuum

292 573 498 623 tuarum
526 570 731 640 (ibid.),
764 567 919 622 idest
950 581 1116 634 super
1146 563 1375 636 angelos
1405 572 1457 618 et
1485 563 1752 624 homines.
1793 563 1883 635 qui

289 658 512 727 proprie
540 673 706 729 opera
737 655 834 711 Dei
852 655 1103 710 videntur
1123 662 1348 724 propter
1364 653 1678 724 dignitatem
1704 669 1880 718 suam,

290 752 414 823 quia
447 755 736 809 rationales
759 761 900 817 sunt,
954 752 1108 824 quasi
1156 753 1303 807 Deus
1345 751 1582 822 propriis
1629 753 1882 805 manibus

288 855 387 895 eos
417 851 687 897 creasset.
725 841 921 896 Turris
952 849 1034 896 est
1063 840 1336 895 confessio
1366 848 1418 894 et
1448 839 1785 910 pcenitentia,
1814 840 1881 894 ad

286 944 450 999 quam
471 931 668 1000 captivi
701 929 971 1002 refugium
1002 930 1223 984 habent.
1266 928 1526 999 Cymbala
1565 937 1688 983 sunt
1707 945 1884 984 sacer-

283 1025 461 1092 dotes,
495 1026 586 1097 qui
615 1035 1038 1096 suntprzecones
1075 1025 1338 1080 Ecclesiae
1367 1033 1422 1080 et
1461 1025 1531 1080 ad
1573 1025 1880 1082 confessio-

284 1130 410 1171 nem
442 1116 698 1170 homines
729 1116 982 1170 invitant.
1025 1115 1180 1171 Unde
1213 1115 1466 1170 admonet
1497 1131 1596 1185 per
1636 1115 1826 1169 Isaiam
1862 1132 1876 1173 :

289 1227 312 1252 α
347 1204 557 1268 Clama,
590 1221 659 1259 ne
691 1220 896 1268 cesses,
929 1203 1085 1275 quasi
1125 1204 1252 1257 tuba
1283 1203 1463 1258 exalta
1495 1220 1680 1258 vocem
1729 1212 1878 1259 tuam

284 1293 426 1362 (lsa.
467 1294 649 1362 Lvui).
687 1315 708 1344 ι
745 1295 811 1347 Ει
831 1292 1025 1348 iterum
1053 1307 1066 1346 :
1103 1317 1125 1341 α
1151 1293 1355 1347 Audies
1377 1293 1445 1348 de
1463 1309 1560 1348 ore
1579 1308 1699 1348 meo
1719 1295 1874 1348 verba

283 1404 426 1455 mea,
456 1399 509 1444 at
549 1391 898 1444 annuntiabis
941 1391 1017 1445 eis
1067 1407 1131 1444 ex
1177 1406 1262 1444 me
1309 1391 1529 1460 (Ezech.
1571 1395 1806 1460 xxxvii).
1850 1413 1872 1439 ιι

284 1478 562 1532 Columnae
593 1479 856 1534 Ecclesiae
886 1487 1010 1533 sunt
1040 1480 1456 1548 przedicatores,
1491 1479 1581 1550 qui
1613 1479 1876 1549 praedica-

281 1566 428 1621 tione
458 1583 557 1621 sua
603 1567 824 1622 domum
869 1568 968 1623 Dei
1011 1576 1360 1623 sustentant:
1395 1571 1698 1638 Argenteze,
1752 1569 1876 1640 quia

277 1663 679 1733 praedicationis
709 1665 878 1720 verbo
917 1665 1176 1720 renitent.
1226 1668 1524 1736 Argentum
1555 1673 1637 1719 est
1676 1667 1870 1720 metal-

273 1758 387 1814 lum
437 1760 664 1816 nitidum
726 1770 780 1816 et
840 1778 1134 1816 sonorum.
1209 1762 1365 1819 Unde
1422 1779 1522 1832 per
1585 1772 1870 1832 argentum

275 1847 554 1919 eloquium
606 1850 831 1904 nitidum
874 1859 927 1905 et
965 1866 1218 1904 sonorum
1274 1850 1612 1918 intelligitur,
1655 1851 1872 1908 dicente

271 1936 451 1991 David
485 1952 497 1991 :
535 1959 556 1989 ι
591 1939 822 2010 Eloquia
843 1939 1082 2003 Domini,
1107 1939 1321 2010 eloquia
1343 1948 1510 2004 casta,
1529 1948 1658 2004 etc.,
1683 1943 1861 2008 (Psat.

279 2041 374 2106 xi).
415 2057 437 2082 ι
468 2037 746 2092 Fenestrte
776 2037 974 2091 divinae
1021 2037 1309 2108 Scripturae
1353 2038 1713 2108 accipiuntur,
1772 2056 1873 2110 per

286 2138 426 2194 quas
454 2124 534 2179 sol
558 2125 802 2194 justitiae,
844 2125 895 2180 id
929 2133 1010 2181 est
1055 2126 1298 2181 Christus
1343 2127 1500 2181 nobis
1539 2126 1682 2183 lucet
1714 2143 1726 2182 :
1770 2144 1873 2186 nec

277 2227 456 2275 tamen
487 2220 541 2275 in
573 2223 826 2292 praesenti
857 2232 1045 2292 aperte
1076 2240 1200 2278 eum
1230 2224 1501 2279 videmus.
1543 2225 1695 2280 Unde
1733 2229 1874 2297 Apo-

275 2308 452 2363 stolus
485 2327 498 2363 :
529 2331 551 2358 ι
585 2311 742 2366 Nunc
775 2311 1021 2366 videmus
1053 2329 1150 2381 per
1177 2313 1465 2382 speculum
1486 2314 1540 2367 in
1574 2315 1871 2386 aenigmate

274 2397 330 2466 (Ι
363 2398 486 2453 Cor.
546 2401 693 2468 xm),
749 2423 770 2446 η
825 2400 879 2454 in
931 2401 1281 2457 obscuritate.
1330 2402 1484 2458 Unde
1525 2403 1769 2458 Ecclesia
1816 2405 1869 2460 in

273 2486 501 2543 canticis
533 2509 555 2533 α
590 2488 829 2543 Dilectus
858 2505 1012 2544 meus
1040 2491 1340 2560 respiciens
1369 2507 1455 2546 me
1487 2507 1582 2561 per
1610 2491 1872 2548 fenestras

278 2585 474 2650 (Cant.
504 2587 566 2654 ιι)
600 2604 613 2640 :
649 2611 669 2634 ιι
695 2587 749 2642 id
772 2596 856 2641 est
872 2605 968 2658 per
986 2598 1198 2658 apertas
1218 2591 1536 2644 sententias.
1561 2591 1772 2645 Ostium
1790 2600 1873 2646 est

272 2671 430 2738 ﬁdes,
463 2675 590 2744 quia
619 2692 716 2745 per
742 2691 860 2731 eam
895 2677 1275 2748 ingrediuntur
1304 2679 1551 2734 homines
1580 2679 1648 2734 ad
1681 2681 1872 2736 Eccle-

279 2761 448 2816 siam.
486 2763 604 2818 Duo
633 2765 895 2835 parietes,
922 2767 1028 2820 duo
1058 2766 1265 2836 pOpuli.
1311 2766 1364 2820 id
1395 2776 1479 2821 est
1520 2768 1778 2824 Judaicus
1820 2779 1873 2824 et

269 2851 519 2922 gentilis:
551 2852 618 2906 de
649 2854 843 2924 quibus
863 2855 1142 2909 conversis
1173 2856 1460 2909 constituta
1490 2864 1572 2911 est
1602 2858 1866 2912 Ecclesia.

1977 391 1998 416 «
2038 367 2155 421 Filii
2187 369 2371 421 matris
2403 384 2537 423 meae
2566 377 2948 438 pugnaverunt
2990 377 3178 424 contra
3227 385 3332 425 me.
3387 371 3578 437 (Cant.

1985 458 2070 527 1);
2127 466 2180 510 et
2227 457 2354 511 alibi
2401 475 2414 510 :
2467 481 2488 504 ει
2546 458 2714 512 Filios
2768 457 2999 512 euutrivi
3049 467 3102 511 et
3149 458 3400 522 exaltavi,
3451 468 3579 526 etc.,

1993 546 2127 613 (lsa.
2166 546 2228 614 ι).
2265 568 2286 593 π
2322 544 2456 614 Quae
2487 546 2662 614 major
2694 546 2993 616 despectio,
3021 563 3143 618 quae
3184 546 3356 616 major
3402 546 3584 602 viola-

1990 643 2083 708 tio,
2116 659 2237 714 quze
2262 644 2432 711 major
2459 642 2734 698 temeritas
2771 659 2932 714 quam
2991 643 3044 697 in
3096 643 3216 698 loco
3261 651 3470 710 sancto,
3530 644 3586 698 in

1989 731 2115 785 aula
2149 732 2264 795 Dei,
2296 732 2349 785 in
2380 731 2581 801 templo
2609 740 2797 786 sancto
2840 731 3044 786 sanctis
3085 731 3348 786 ministris
3396 732 3587 788 Eccle-

1990 821 2085 875 siae
2105 820 2347 874 insidiari
2380 822 2408 874 ?
2439 822 2516 875 De
2547 821 2633 875 his
2665 821 3206 891 clamatApostolus:
3236 845 3258 868 α
3283 820 3389 892 Qui
3411 821 3585 876 viola-

1989 917 2127 972 verit
2173 918 2428 988 templum
2493 916 2614 982 Dei,
2656 917 2938 989 disperdet
2984 917 3136 972 illurn
3183 919 3327 974 Deus
3379 919 3432 988 (Ι
3461 919 3580 975 Cor.

1989 1007 2096 1076 tu).
2141 1030 2162 1054 ιι

2319 1111 2551 1168 SERMO
2590 1113 2666 1167 IN
2718 1113 3224 1170 DEDICATIONE.

2058 1245 2345 1301 Hodierna:
2373 1247 2480 1301 diei
2495 1246 2781 1314 festivitas,
2803 1247 3056 1303 videlicet
3079 1247 3249 1302 sancti
3266 1246 3452 1319 templi
3487 1247 3579 1303 de-

1984 1342 2206 1410 dicatio,
2242 1344 2403 1413 longe
2432 1351 2717 1414 antequam
2731 1341 2898 1406 fieret,
2917 1343 2987 1397 ab
3012 1343 3298 1399 Ezechiele
3322 1344 3581 1414 propheta

1985 1448 2084 1503 per
2113 1433 2373 1503 Spiritum
2405 1441 2649 1487 sanctum
2674 1432 2900 1502 praevisa
2929 1441 2981 1486 et
3023 1433 3379 1503 praenuntiata
3437 1448 3581 1497 esse,

1985 1531 2161 1584 verbis
2207 1530 2378 1597 ipsius
2435 1529 2763 1584 declaratur.
2833 1529 2922 1584 Ait
2977 1528 3121 1584 enim
3167 1529 3222 1582 in
3259 1528 3450 1582 ultima
3494 1529 3578 1583 sui

1903 1629 1958 1689 Β
1987 1618 2111 1673 libri
2142 1619 2349 1673 visione
2404 1619 2528 1690 quia
2575 1626 2890 1688 assumptus
2944 1634 2974 1670 a
3029 1617 3221 1688 spiritu
3268 1617 3460 1673 ductus
3500 1624 3582 1671 est

1977 1713 2032 1767 in
2063 1715 2300 1762 montem
2327 1706 2604 1762 excelsum
2644 1706 2822 1771 valde,
2851 1715 2904 1760 et
2933 1706 3320 1760 ostendebatur
3349 1704 3398 1759 ei
3420 1705 3578 1776 quasi

1971 1794 2257 1850 aedificium
2285 1795 2515 1851 civitatis
2546 1794 2822 1865 vergentis
2843 1794 2908 1847 ad
2941 1803 3205 1848 austrum.
3247 1795 3314 1848 Et
3360 1801 3471 1848 erat
3510 1792 3583 1847 ibi

1971 1883 2052 1938 vir
2081 1894 2232 1938 stans
2261 1883 2312 1937 in
2352 1891 2508 1954 porta
2537 1883 2747 1936 habens
2779 1882 3017 1952 speciem
3050 1881 3206 1954 quasi
3242 1881 3387 1945 aeris,
3433 1889 3488 1936 et
3525 1881 3580 1935 in

1973 1988 2130 2026 manu
2170 1973 2284 2037 ejus
2333 1971 2487 2042 quasi
2526 1971 2769 2027 calamus
2817 1987 3115 2036 mensurae,
3166 1978 3216 2025 et
3246 1969 3456 2024 locutus
3501 1977 3583 2024 est

1972 2061 2021 2114 ei
2050 2061 2238 2114 dicens
2271 2077 2284 2113 :
2321 2083 2340 2105 ιι
2381 2059 2514 2113 Vide
2546 2067 2599 2114 et
2633 2059 2874 2130 intellige
2923 2060 3148 2128 (Ezech.
3206 2060 3320 2120 XL).
3371 2080 3393 2104 ιι
3446 2057 3563 2111 Alib

1972 2164 2190 2221 quoque
2221 2148 2364 2202 idem
2398 2147 2649 2202 Ezechiel
2680 2149 2747 2203 de
2779 2149 3194 2203 consecratione
3243 2145 3581 2201 tabernaculi

1972 2246 2074 2300 sub
2105 2245 2286 2317 specie
2317 2245 2559 2300 mulieris
2587 2245 2787 2301 Judzeae
2817 2246 3053 2316 loquitur
3096 2245 3286 2300 dicens
3334 2263 3346 2299 :
3395 2267 3416 2290 ιι
3455 2242 3584 2297 Lavi

1972 2343 2024 2390 te
2053 2350 2214 2406 aqua,
2260 2335 2388 2388 unxi
2445 2343 2494 2388 te
2541 2334 2683 2394 oleo,
2734 2335 2928 2388 vestivi
2978 2341 3029 2388 te
3075 2332 3462 2400 discoloribus,
3521 2339 3577 2385 et

1973 2439 2099 2479 ecce
2129 2423 2268 2478 facta
2297 2439 2357 2477 es
2384 2422 2514 2477 mihi
2545 2423 2774 2493 (Ezech.
2825 2421 2957 2493 xvr).
3019 2445 3040 2469 η
3099 2422 3285 2488 Scitis,
3344 2420 3599 2479 dilectis:

1973 2521 2122 2584 simi,
2156 2521 2300 2591 quod
2334 2528 2552 2575 montes
2582 2520 2650 2574 de
2682 2527 2829 2574 terra
2855 2528 2978 2574 sunt
3012 2538 3025 2574 :
3075 2527 3256 2574 tamen
3301 2519 3585 2578 altitudine

1974 2626 2069 2665 sua
2100 2617 2304 2664 terram
2335 2609 2627 2676 excedunt,
2661 2616 2711 2664 et
2742 2624 2842 2679 per
2863 2610 2960 2662 hos
2984 2607 3450 2680 significanturilli
3472 2607 3584 2678 qui,

1972 2706 2227 2767 tanquam
2257 2698 2465 2767 lapides
2494 2697 2620 2761 vivi,
2645 2697 2940 2752 inmdificio
2962 2697 3059 2751 Dei
3081 2705 3204 2750 sunt
3244 2695 3573 2752 collocandi.

1974 2795 2039 2848 Hi
2077 2810 2199 2850 vero
2239 2794 2394 2859 tales,
2428 2795 2674 2866 quamvis
2703 2793 2810 2848 sint
2860 2793 3145 2864 participes
3207 2793 3436 2847 aliorum
3486 2807 3586 2862 per

1976 2882 2340 2937 infirmitatem
2374 2883 2576 2950 carnis,
2611 2893 2789 2936 tamen
2815 2882 3080 2936 excedunt
3124 2881 3260 2936 alios
3307 2880 3585 2935 altitudine

269 2947 716 3050 Singulilapides
751 2952 1120 3050 sunt-singuli
1150 2952 1339 3050 fideles
1372 2973 1385 3008 :
1421 2955 1518 3050 qui
1539 2956 1869 3050 colliguntur
1898 2986 1944 3050 Ο
1977 2972 2297 3027 sanctitatis,
2332 2972 2410 3026 De
2443 2947 2642 3043 quibus
2674 2971 2842 3025 David
2891 2971 3156 3041 propheta
3206 2969 3337 3024 dicit
3369 2986 3383 3023 ε
3424 2991 3444 3015 ιι
3479 2969 3584 3023 Le-

268 3046 540 3093 cremento
573 3040 749 3109 pacis.
791 3041 945 3096 Unde
973 3042 1264 3111 Apostolus
1298 3060 1311 3096 :
1348 3065 1370 3090 α
1416 3044 1642 3100 Servate
1683 3046 1860 3099 unita-

265 3140 374 3188 tem
405 3134 628 3205 spiritus
657 3136 712 3189 in
761 3137 976 3193 vinculo
1000 3138 1151 3208 pacis
1203 3139 1432 3210 (Ephes.
1488 3155 1566 3211 ιν)
1603 3164 1625 3189 ιι
1675 3143 1862 3214 Itaque

266 3246 375 3285 non
407 3232 583 3286 solum
611 3233 753 3289 valet
783 3234 934 3288 locus
963 3235 1065 3290 iste
1096 3236 1166 3291 ad
1196 3251 1348 3292 sacra
1379 3240 1713 3312 peragenda,
1763 3241 1862 3296 sed

267 3320 516 3391 perutilis
547 3329 630 3376 est
661 3323 719 3376 in
749 3322 1131 3380 aedificatione.

269 3472 276 3476 _
341 3415 614 3472 Prwterea
643 3425 820 3473 tamen
852 3428 932 3474 est
967 3420 1126 3476 valde
1167 3421 1490 3477 venerabilis
1540 3423 1690 3478 lorus
1737 3425 1858 3491 iste,

267 3512 396 3583 quia
423 3528 622 3584 corpus
651 3523 704 3571 et
732 3517 954 3588 sanguis
996 3517 1215 3572 Domini
1237 3519 1308 3573 ibi
1339 3520 1408 3574 ad
1439 3528 1674 3574 nostram
1707 3521 1862 3576 salu-

265 3609 378 3656 tem
408 3603 842 3660 sanCtificantur.
875 3605 953 3659 lbi
996 3606 1152 3676 pueri
1202 3607 1558 3677 baptizantur,
1608 3609 1680 3664 ibi
1729 3627 1862 3679 pec-

265 3707 483 3755 catores
511 3703 956 3768 reconciliantur,
989 3703 1067 3757 ibi
1121 3704 1316 3760 anima:
1349 3715 1660 3774 pascuntur.
1707 3709 1862 3764 Unde

265 3789 528 3859 scriptum
560 3799 638 3845 est
673 3808 685 3844 :
720 3815 742 3838 α
779 3793 986 3845 Domus
1017 3808 1134 3846 mea
1166 3793 1363 3848 domus
1411 3795 1653 3850 oraionis
1691 3813 1849 3852 voca-

264 3875 409 3931 bitur
425 3880 652 3946 (Matth.
679 3883 819 3946 xxt).
850 3905 871 3928 η
895 3880 1034 3948 Quid
1053 3881 1106 3934 in
1124 3896 1189 3935 ea
1206 3883 1672 3939 essetfaciendum
1691 3885 1858 3940 David

260 3967 553 4036 promisit:
592 3992 613 4014 ιι
644 3969 884 4024 lntroibo
910 3970 967 4024 in
1012 3969 1232 4024 domum
1290 3979 1456 4039 tuam,
1505 3977 1617 4028 etc.
1678 3977 1857 4043 (Psal.

256 4063 400 4132 va).
439 4087 460 4110 η
533 4065 682 4119 Adeo
725 4074 906 4120 autem
972 4076 1079 4121 tam
1160 4068 1489 4122 venerabilis
1552 4077 1653 4133 est,
1714 4070 1860 4142 quod

258 4150 521 4206 Dominus
546 4153 863 4224 ingrediens
904 4154 1248 4210 Hierusalem
1295 4172 1511 4226 semper
1555 4157 1860 4212 divertebat

261 4247 332 4300 ad
363 4248 646 4317 templum,
684 4251 820 4304 dans
869 4252 1030 4305 nobis
1076 4252 1408 4321 exemplum,
1466 4253 1594 4323 quia
1641 4255 1859 4324 quando

1972 3060 2095 3115 vavi
2125 3061 2312 3115 oculos
2333 3075 2483 3114 meos
2512 3060 2566 3114 in
2598 3069 2814 3114 montes
2835 3061 3013 3130 (Psal.
3037 3062 3189 3126 cxx).
3236 3078 3260 3108 3
3295 3057 3586 3126 Lapidibus

1971 3149 2131 3204 etiam
2160 3149 2299 3202 vivis
2347 3149 2485 3204 bene
2554 3155 2960 3218 comparantur,
3005 3147 3134 3218 quia
3190 3146 3327 3201 sicut
3373 3145 3589 3216 lapides

1969 3237 2153 3290 multis
2209 3237 2361 3307 prius
2433 3237 2779 3292 tunsionibus
2854 3236 3296 3308 conquadrantur
3363 3242 3416 3289 et
3479 3249 3584 3305 po-

1969 3323 2194 3390 liuntur,
2263 3333 2320 3379 ut
2376 3325 2456 3381 sic
2516 3327 2736 3380 tandem
2803 3324 2921 3379 sine
2979 3324 3208 3394 strepitu
3277 3331 3329 3378 et
3381 3337 3582 3377 sonore

1969 3411 2025 3467 in
2075 3411 2305 3469 aediﬁcio
2386 3422 2615 3484 possunt
2681 3412 2875 3483 aptari,
2954 3412 3035 3467 sic
3106 3412 3278 3468 sancti
3352 3411 3407 3465 in
3481 3411 3580 3466 bac

1969 3510 2076 3562 vita
2123 3508 2314 3562 multis
2357 3508 2800 3565 tribulationibus
2844 3509 3246 3579 Opprimuntur,
3295 3514 3348 3562 et
3392 3506 3582 3562 diver-

1970 3597 2047 3652 sis
2101 3599 2592 3666 persecutionibus,
2644 3597 2800 3668 quasi
2890 3597 3127 3663 malleis,
3207 3596 3575 3667 explanantur

1969 3693 2028 3740 ut
2054 3685 2108 3739 in
2138 3686 2383 3741 tedeficio
2413 3697 2636 3742 aeterne
2667 3687 2860 3741 domus
2906 3685 3024 3742 sine
3060 3701 3216 3741 mora
3261 3692 3315 3739 et
3362 3685 3584 3739 luesita-

1970 3783 2115 3837 tione
2145 3783 2294 3855 digni
2326 3784 2434 3838 sint
2462 3783 2737 3839 collocari.
2776 3783 2934 3852 Quod
2963 3791 3132 3838 totum
3179 3781 3582 3853 przefiguratum

1970 3880 2052 3926 est
2081 3872 2135 3925 in
2177 3873 2536 3928 aedificatione
2571 3873 2760 3942 templi
2808 3873 3138 3936 Satomonis,
3208 3871 3262 3924 in
3311 3885 3420 3941 quo
3475 3885 3584 3924 non

1969 3968 2068 4023 fuit
2094 3970 2310 4024 auditus
2339 3971 2547 4024 sonitus
2578 3969 2759 4024 mallei
2801 3969 2890 4024 vel
2938 3969 3142 4023 securis
3199 3967 3298 4039 (HI
3327 3968 3572 4038 Ileg.vx).

1970 4056 2110 4124 Quia
2147 4073 2278 4111 vero
2307 4059 2574 4126 prepheta
2604 4059 2732 4112 dicit
2762 4073 2822 4111 se
2854 4065 3189 4125 assumptum
3232 4057 3286 4109 in
3339 4063 3579 4109 montem

1968 4144 2250 4199 excelsum
2278 4145 2458 4209 valde,
2491 4161 2597 4200 non
2631 4153 2850 4200 sanctos
2877 4162 2972 4216 per
3004 4147 3143 4199 hunc
3182 4152 3440 4210 montem,
3477 4143 3575 4198 sed

1969 4241 2327 4294 mediatorem
2361 4241 2457 4295 Dei
2487 4250 2538 4295 et
2561 4243 2834 4296 hominum
2857 4241 3046 4296 Jesum
3086 4241 3355 4294 Christum
3381 4239 3580 4294 debere

259 4335 602 4407 ingredimur
647 4338 896 4392 civitates
945 4340 1088 4409 prius
1164 4341 1395 4396 ecclesia
1448 4342 1679 4410 petenda
1743 4351 1850 4397 est.
1891 4355 1946 4417 D
1979 4327 2207 4401 imemgi
2237 4329 2645 4385 demonsu'am-
2683 4332 2760 4385 De
2791 4346 2899 4401 quo
2920 4346 3019 4400 P3"
3057 4329 3222 4382 alium
3258 4329 3581 4400 Prophe‘am

259 4434 417 4490 Unde
460 4433 656 4489 dicitur
703 4436 755 4488 in
827 4437 1126 4508 Evangelia
1161 4455 1174 4490 :
1216 4438 1348 4491 Cum
1396 4439 1651 4492 intrasset
1704 4440 1864 4493 Jesus

259 4522 616 4580 Hierusalem.
674 4523 891 4578 intravit
937 4526 988 4578 in
1051 4526 1308 4594 templum
1359 4527 1574 4592 (Matth.
1610 4527 1744 4596 xxx),
1809 4536 1864 4582 ct

259 4619 525 4674 dedicavit
555 4622 774 4675 domum
807 4637 962 4676 suam
1002 4623 1054 4676 in
1097 4623 1332 4678 officium
1377 4625 1638 4678 orationis
1671 4643 1684 4688 ;
1725 4641 1862 4679 ven-

260 4707 454 4763 dentes
475 4719 527 4764 et
548 4720 792 4765 ementes
813 4712 881 4766 de
906 4711 1106 4780 templo
1127 4711 1403 4781 ejiciendo
1437 4711 1624 4767 dicens
1650 4728 1662 4766 :
1689 4735 1709 4762 ι
1748 4715 1862 4768 Do-

261 4813 391 4852 mus
421 4815 561 4864 mea,
593 4807 700 4855 etc.
734 4799 948 4869 (ibid.).
986 4824 1008 4848 ιι
1044 4799 1165 4869 Qua
1210 4800 1557 4855 accusatione
1588 4816 1621 4854 a
1661 4801 1862 4857 Judaeis

259 4893 435 4941 tentus
465 4896 521 4942 et
560 4888 852 4943 cruciﬁxus
889 4896 990 4942 est.
1025 4887 1156 4942 Cum
1189 4890 1334 4943 enim
1381 4889 1552 4943 Judaei
1609 4889 1863 4944 viderenl

256 4998 381 5036 eum
440 4992 644 5038 tantam
689 4973 1012 5054 potestatem
1087 4986 1367 5050 habuisse,
1418 4986 1559 5054 quod
1619 4986 1858 5042 funiculo

256 5071 504 5137 ejecisset
527 5088 622 5126 eos
651 5073 720 5126 de
751 5073 970 5142 templo,
1006 5075 1392 5143 aspiraverunt
1427 5075 1479 5127 in
1516 5090 1658 5137 eum,
1713 5075 1856 5129 unde

254 5183 357 5236 per
398 5169 572 5222 David
619 5169 794 5224 dixit:
835 5171 1048 5225 «Zelus
1093 5171 1288 5225 domus
1337 5176 1444 5226 tua
1487 5172 1724 5226 comedit
1767 5189 1855 5227 me

252 5257 428 5324 (Paul.
505 5261 710 5325 l.xviu),
777 5282 797 5303 ιι
864 5259 1072 5313 scilicet
1139 5275 1296 5314 amor
1372 5260 1631 5314 Ecclesia:
1695 5277 1850 5324 meae.

252 5359 414 5415 quam
445 5345 662 5399 defendi
693 5347 930 5401 comedit
961 5363 1068 5412 me,
1102 5355 1153 5402 et
1187 5347 1289 5400 fuit
1319 5363 1486 5403 causa
1545 5364 1680 5404 meae
1713 5365 1855 5404 mor-

252 5431 343 5487 tis.
377 5433 484 5486 Sed
513 5433 766 5488 diabolus
790 5451 886 5503 per
916 5435 1057 5489 filios
1101 5451 1251 5499 suos,
1301 5453 1399 5504 per
1452 5437 1680 5491 menbra
1729 5455 1848 5502 sua,

250 5529 557 5586 Ecclesium
589 5531 843 5585 omnibus
873 5532 1049 5586 modis
1079 5531 1315 5596 infestat,
1357 5531 1497 5586 filios
1537 5534 1699 5588 etiam
1740 5537 1849 5589 Ec-

250 5617 435 5674 clesiae
465 5634 602 5690 quos
631 5621 930 5691 generavit,
963 5619 1340 5692 quosnutrivit
1367 5619 1419 5674 in
1444 5629 1670 5676 mortem
1696 5639 1849 5677 suam

1978 4417 2173 4470 dicitur
2206 4435 2219 4470 :
2257 4419 2405 4472 «Erit
2436 4419 2489 4472 in
2506 4419 2818 4473 novissimis
2839 4419 3031 4472 diebus
3059 4427 3394 4488 pratparatus
3427 4433 3582 4472 mons

1972 4505 2164 4560 domus
2179 4507 2391 4560 Domini
2410 4508 2460 4560 in
2483 4508 2683 4562 vertice
2705 4507 2987 4568 montium,
3011 4515 3063 4560 et
3080 4506 3384 4561 elevaliitur
3423 4523 3584 4576 super

1971 4593 2287 4663 colles(lsa.
2313 4595 2396 4667 ιι),
2435 4620 2455 4642 υ
2492 4596 2596 4650 hoc
2623 4604 2708 4650 est
2731 4597 2804 4649 ita
2825 4605 2880 4649 ut
2900 4597 3138 4666 sitcaput
3160 4604 3212 4649 et
3233 4603 3417 4650 vertex
3450 4594 3583 4648 alio-

1972 4698 2092 4736 rum
2147 4684 2431 4738 montium.
2494 4682 2598 4751 Qui
2653 4685 2898 4753 quamvis
2960 4684 3028 4736 sit
3065 4684 3240 4738 factus
3310 4683 3581 4752 particeps

1971 4778 2174 4824 nostrae
2203 4771 2573 4835 humanitatis,
2629 4781 2802 4826 tamen
2859 4788 3050 4827 omnes
3108 4779 3324 4826 sanctos
3367 4772 3580 4825 excedit

1971 4858 2264 4914 eminentia
2292 4859 2525 4916 deitatis.
2585 4859 2766 4930 Super
2825 4861 2964 4915 hunc
3030 4869 3265 4914 montem
3316 4862 3579 4930 propheta

1966 4954 2232 5011 adductus
2261 4965 2359 5022 est,
2393 4957 2496 5012 hoc
2526 4965 2610 5012 est
2648 4958 2703 5011 in
2735 4956 2838 5012 fide
2881 4957 3078 5012 Christi
3124 4956 3332 5026 positus
3359 4964 3411 5010 et
3443 4971 3580 5011 con-

1965 5047 2228 5106 firmatus.
2264 5051 2398 5120 Quae
2431 5051 2566 5106 fides
2596 5060 2998 5107 sacramentum
3065 5050 3330 5105 Ecclesia:
3374 5058 3474 5115 est,
3506 5051 3574 5105 de

1966 5149 2389 5218 qqupostolus
2408 5149 2508 5204 ait:
2530 5173 2550 5196 ι.
2580 5149 3009 5204 Fundamentum
3028 5147 3172 5202 aliud
3200 5164 3360 5202 nemo
3393 5158 3578 5217 potest

1962 5237 2189 5306 ipouere
2220 5248 2423 5305 pneter
2451 5239 2505 5291 id
2536 5239 2678 5308 quod
2702 5237 2938 5307 positum
2970 5245 3071 5301 est,
3105 5237 3250 5307 quod
3291 5246 3372 5291 est
3404 5238 3571 5292 Chri—

1963 5341 2078 5386 stus
2104 5335 2263 5387 Jesus
2295 5334 2349 5400 (Ι
2379 5335 2502 5389 Cor.
2544 5345 2646 5403 ιιι).
2695 5359 2714 5383 υ
2740 5336 2904 5388 lsaias
2934 5336 3003 5388 de
3065 5334 3260 5389 eodem
3297 5351 3310 5388 :
3350 5359 3370 5381 ιι
3402 5337 3567 5390 Libe-

1961 5429 2103 5483 rabit
2141 5445 2241 5483 nos
2272 5441 2396 5500 post
2432 5431 2571 5485 duos
2619 5433 2737 5486 dies
2787 5433 2940 5499 (Isai.
2992 5432 3210 5500 xxxiv).
3256 5457 3275 5480 ο
3335 5433 3401 5485 Et
3445 5433 3573 5485 item

1957 5519 2076 5589 ipse
2113 5533 2126 5572 :
2166 5535 2186 5569 ο
2223 5521 2537 5589 Languores
2569 5530 2786 5576 nostros
2818 5521 2952 5583 tulit,
2987 5531 3042 5575 et
3069 5521 3287 5576 dolores
3327 5521 3562 5589 portavit

1957 5614 2110 5683 (luti.
2143 5618 2285 5686 nui).
2331 5637 2354 5664 ι»
2391 5617 2458 5672 Et
2495 5617 2565 5673 de
2596 5618 2700 5675 hoc
2749 5613 3104 5674 fundamento
3154 5617 3282 5672 dicit
3342 5617 3498 5670 Petro
3533 5631 3547 5666 ι

2082 5963 3918 6092 ______‘
