3972 6076
475 236 611 292 1243

1620 249 1961 305 \VERNERI
1987 249 2270 305 ABBATIS
2309 250 2367 305 S.
2407 250 2626 305 BLASII

3712 250 3835 302 1344

480 387 499 412 ιι
547 366 624 419 Tu
647 381 706 420 es
731 366 917 424 Petrus
949 379 999 426 et
1028 388 1189 444 super
1217 376 1353 430 hanc
1383 385 1588 448 petram
1635 376 1914 432 mdilicabo
1955 377 2060 432 Ec-
2097 377 2150 437 A
2183 376 2376 431 Sextus
2432 384 2514 430 est
2570 377 2780 431 sardius
2838 376 3022 432 colore
3096 377 3441 446 sanguineus
3479 394 3494 430 :
3571 375 3682 431 hic
3751 392 3834 440 jn-

475 453 698 508 clesiam
739 473 916 512 meam
973 461 1198 529 (Matth.
1258 469 1390 534 xvi),
1428 490 1449 513 ι»
1484 466 1540 520 id
1593 475 1672 520 est
1739 483 1903 536 super
1931 467 2070 522 hanc

476 540 638 596 fidem
663 561 823 615 quam
850 549 1134 606 confessus
1158 569 1236 616 es,
1261 553 1850 610 aediﬁcaboEcclesiam
1869 571 2068 610 meam.

475 628 772 688 Confessus
803 636 946 690 enim
991 638 1165 694 fuerat
1200 643 1369 697 Deum
1400 651 1452 697 ct
1481 644 1788 698 hominem.
1817 644 1944 698 Sine
1974 645 2075 698 hoc

471 725 830 826 fundamento
861 750 1022 790 nemo
1061 737 1126 791 ad
1151 741 1464 809 prmdictum
1513 739 1797 797 aediﬁcium
1863 757 2074 813 perve-

475 821 596 870 nire
629 821 842 887 poterit.

544 905 680 962 Huic
733 908 1082 970 fundamento
1138 918 1403 987 prOpheta
1470 919 1704 985 innixus,
1763 927 1816 973 et
1872 918 2074 988 Spiritu

475 1011 664 1055 sancto
696 1006 952 1072 repletus,
1005 1009 1137 1065 vidit
1181 1012 1466 1068 aediﬁcium
1514 1015 1744 1070 civitatis
1801 1013 2074 1085 vergentis

475 1089 542 1140 ad
593 1103 860 1148 austrum.
918 1097 1210 1153 Sciendum
1254 1112 1335 1154 est
1383 1104 1525 1172 quod
1575 1113 1757 1157 auster
1795 1111 1845 1157 et
1889 1102 2070 1173 aquilo

475 1186 600 1229 sunt
629 1184 886 1236 contrarii
935 1187 1077 1240 venti
1110 1197 1163 1242 et
1206 1189 1309 1244 loci
1359 1191 1642 1259 positione,
1679 1200 1730 1245 et
1787 1191 2065 1261 opposita-

474 1270 935 1353 rumqualitatum
969 1276 1301 1332 diﬂerentia.
1341 1280 1533 1351 Aquilo
1584 1281 1810 1353 frigidus
1868 1288 1968 1344 est,
2016 1287 2068 1334 et

470 1351 738 1423 signiﬁcat
768 1359 1059 1427 diabolum,
1095 1365 1184 1434 qui
1217 1375 1424 1422 mentes
1453 1351 1746 1438 pravorum
1794 1370 2071 1422 hominum

476 1447 680 1539 frigore
711 1458 1027 1528 congelatas
1058 1469 1269 1517 tantum
1317 1466 1602 1522 inhabitat.
1637 1468 1741 1536 Qui
1785 1486 1882 1539 per
1925 1468 2074 1538 aqui-

479 1537 657 1594 lonem
694 1543 829 1598 bene
861 1548 1214 1616 signiﬁcatur,
1251 1555 1377 1624 quia
1419 1556 1535 1626 ipse
1575 1557 1709 1611 dixit
1742 1577 1754 1612 :
1787 1537 1811 1604 λε
1871 1537 2072 1612 Portam

478 1628 664 1682 sedem
727 1649 902 1687 meam
960 1638 1026 1690 ad
1080 1641 1386 1710 aquilonem
1445 1647 1576 1712 (Isti.
1637 1649 1766 1717 xtv).
1813 1671 1835 1695 π
1875 1651 2074 1702 Auster

2179 465 2323 520 dicat
2352 474 2639 535 martyres,
2674 465 2766 538 qui
2795 465 2847 519 in
2881 467 2983 520 hoc
3011 466 3242 521 aediﬁcio
3273 473 3444 521 erunt
3479 473 3551 520 ut
3608 464 3834 518 sar-dias

2183 563 2471 619 radiantes.
2507 564 2779 633 Septimus
2810 571 2910 624 eist
2951 563 3342 633 chrysolithus,
3379 563 3484 634 pui
3522 571 3629 617 est
3687 561 3834 614 auri—

2184 651 2336 706 color
2389 661 2442 707 et
2497 653 2755 707 scintillat
2800 653 2941 707 velut
3005 652 3268 719 clibanus,
3334 653 3674 707 insinuans
3741 666 3829 704 eos

2185 740 2276 812 qui
2333 749 2455 795 sunt
2510 741 2778 812 sapientia
2851 742 3214 805 ﬂammantes,
3271 742 3458 796 variis
3519 739 3830 795 sententiis

2184 829 2558 893 scintillantes,
2592 829 2683 900 qui
2715 839 2871 885 erunt
2896 830 2947 884 in
2981 831 3083 885 hoc
3119 829 3352 884 aadiﬁcio
3402 837 3472 883 ut
3538 827 3828 898 chrysoli-

2185 920 2308 972 thus
2338 919 2637 974 rutilantes.
2671 918 2911 974 Octavus
2955 919 3366 989 super-additur,
3421 918 3699 989 betylius
3745 918 3825 988 qni

2184 1014 2268 1063 est
2297 1016 2352 1061 ut
2383 1008 2463 1062 sol
2495 1008 2547 1061 in
2577 1022 2719 1078 aqua
2752 1007 3018 1078 limpidis,
3057 1007 3357 1076 praeferens
3400 1023 3517 1062 eos
3560 1007 3671 1078 qui
3709 1015 3823 1060 sunt
3915 1007 3923 1094 ll

2182 1111 2321 1166 pura
2359 1104 2539 1151 mente
2584 1096 2923 1166 spiritalibus
2960 1095 3305 1150 intendentes
3342 1095 3491 1167 :qui
3543 1103 3722 1149 erunt
3775 1094 3820 1146 in

2181 1194 2286 1248 hoc
2315 1192 2550 1248 aedificio
2583 1201 2638 1246 ut
2675 1193 2915 1262 beryllus
2955 1192 3215 1248 nitentes.
3292 1193 3507 1246 Nonus
3551 1192 3821 1247 scribitur

2182 1282 2451 1352 topazius,
2485 1282 2650 1336 variis
2697 1281 2988 1346 coloribus,
3049 1281 3142 1336 sed
3201 1282 3459 1336 maxime
3539 1296 3722 1335 aureo
3776 1289 3822 1333 et

2182 1392 2344 1433 aereo
2376 1378 2688 1447 praeclarus,
2719 1378 3034 1449 signiﬁcans
3063 1393 3159 1433 eos
3188 1378 3280 1449 qui
3344 1378 3401 1432 in
3449 1377 3823 1446 comtempla-

2183 1475 2288 1529 tiva
2348 1476 2456 1528 vita
2513 1483 2636 1528 sunt
2697 1475 2962 1545 sapientia
3029 1475 3309 1541 micantes,
3371 1475 3641 1530 caelestia
3716 1483 3821 1528 toto

2183 1563 2348 1619 corde
2387 1563 2779 1629 desiderantes,
2830 1573 2882 1618 et
2927 1564 3084 1618 bonis
3125 1564 3389 1635 Operibus
3442 1573 3813 1618 vernantes:

2183 1653 2274 1724 qui
2304 1661 2456 1708 erunt
2506 1653 2558 1706 in
2591 1654 2832 1708 arthereo
2871 1652 3118 1721 aediﬁcio,
3169 1661 3230 1707 ut
3296 1654 3570 1725 topazius
3626 1652 3815 1723 fulgu-

470 1725 648 1821 autem
688 1721 894 1776 calidus
935 1735 1033 1791 est,
1081 1737 1134 1782 et
1183 1730 1451 1801 signiﬁcat
1492 1735 1751 1804 Spiritum
1788 1745 2063 1791 sanctum.
2093 1725 2152 1786 ’Β
2189 1721 2386 1805 πίθηκος,
2420 1750 2674 1805 Decimu.J
2705 1759 2788 1806 est
2844 1751 3240 1821 chrysoprasus
3273 1721 3477 1805 viridis
3541 1758 3598 1805 et
3657 1721 3810 1804 tiu—rei

477 1813 630 1868 Unde
677 1817 872 1873 dicitur
918 1840 930 1875 :
985 1848 1005 1870 α
1055 1825 1250 1899 Surge,
1304 1831 1519 1901 Aquilo,
1569 1842 1619 1887 et
1670 1834 1812 1897 veni,
1865 1841 2066 1898 auster,

477 1901 646 1970 perﬂa
675 1904 887 1961 hortum
922 1927 1098 1966 meum
1128 1924 1180 1967 et
1219 1916 1384 1971 ﬂuent
1413 1929 1651 1974 aromata
1679 1922 1821 1975 illius
1861 1923 2060 1993 (Cant.

476 2002 574 2065 tv).
614 2026 635 2049 η
658 2033 724 2043 -
761 2029 781 2053 α
826 2007 1018 2081 Surge,
1050 2015 1252 2083 aquilo,
1291 2042 1311 2064 ι»
1347 2017 1400 2071 id
1435 2028 1515 2073 est
1547 2022 2002 2088 rccede,diabole
2053 2042 2066 2084 ;

481 2111 501 2134 ν
557 2098 610 2144 et
651 2094 793 2159 veni,
844 2109 1048 2165 auster,
1109 2103 1163 2156 id
1203 2115 1285 2158 est
1330 2116 1516 2162 sancte
1571 2110 1824 2179 Spiritus.
1873 2111 2072 2165 Hortus

478 2191 662 2256 sponsi
722 2193 966 2250 Ecclesia
1017 2208 1118 2263 est,
1167 2219 1287 2272 qua}
1355 2205 1550 2260 virtute
1607 2207 1845 2278 Spiritus
1896 2209 2072 2263 sancti

477 2280 722 2345 procedit
753 2282 804 2334 in
836 2297 1185 2354 augmentum
1215 2293 1494 2352 virtutum.
1548 2296 1713 2351 Recte
1754 2313 1889 2367 ergo
1940 2297 2074 2352 civi-

476 2371 561 2417 tas
589 2367 656 2420 ad
685 2379 927 2426 austrum
959 2375 1151 2430 dicitur
1189 2396 1435 2448 vergere,
1470 2383 1521 2436 id
1553 2392 1635 2438 est
1677 2385 1898 2454 Spiritui
1950 2401 2072 2440 san-

477 2457 564 2502 cto
595 2465 883 2520 apparere,
917 2459 1043 2529 quia
1087 2461 1204 2526 ejus
1247 2467 1583 2533 protectione
1625 2477 1678 2522 et
1721 2469 1917 2524 virtute
1960 2479 2074 2525 tota

480 2539 731 2594 machina
763 2544 994 2599 caelestis
1023 2548 1236 2604 aediﬁcii
1267 2555 1574 2610 continetur
1605 2565 1656 2611 et
1705 2558 1933 2627 regitur.
1995 2561 2072 2615 De

479 2627 671 2716 ordine
702 2630 912 2686 :ediﬁcii
958 2636 1238 2692 sciendum
1288 2651 1370 2696 est
1417 2645 1566 2714 quod
1617 2648 2070 2716 quemadmodum

476 2713 530 2806 in
561 2720 828 2787 corporali
873 2725 1119 2780 machina
1149 2738 1273 2784 sunt
1303 2739 1417 2786 tres
1447 2734 1791 2790 diversitates
1815 2737 2070 2806 lapidum,

478 2803 555 2858 ita
584 2817 636 2862 et
665 2807 715 2860 in
744 2811 969 2879 spiritali
999 2817 1256 2874 aediﬁcio.
1305 2820 1542 2888 Quidam
1575 2824 1718 2878 enim
1771 2826 1842 2879 ibi
1867 2803 2074 2896 lapides

481 2914 603 2958 sunt
634 2909 725 2978 qui
769 2918 974 2966 tantum
1015 2924 1250 2983 portant.
1302 2920 1518 2990 quidam
1561 2923 1650 2993 qui
1696 2932 1900 2978 tantum
1950 2941 2076 2995 por-

477 2999 684 3062 tantur,
720 2999 938 3068 quidam
972 3003 1061 3073 qui
1107 3013 1321 3073 portant
1366 3016 1417 3063 et
1448 3019 1750 3079 portantur.
1813 3013 1916 3081 Qui
1952 3023 2075 3068 tan-

478 3089 589 3135 tum
627 3096 840 3154 portant
871 3100 994 3143 sunt
1026 3093 1280 3160 primitivi
1329 3097 1381 3149 in
1410 3099 1678 3166 Ecclesia,
1729 3111 1784 3155 ut
1843 3104 2072 3172 apostoli

475 3180 527 3224 et
567 3176 842 3242 propheta:
873 3195 884 3232 :
923 3180 1011 3249 qui
1040 3181 1106 3233 ab
1131 3182 1252 3237 aliis
1285 3201 1393 3239 non
1423 3198 1550 3243 sunt
1571 3191 1785 3259 portati.
1806 3191 1915 3260 Qui
1952 3201 2073 3246 tan-

477 3269 588 3314 tum
617 3271 922 3332 portantur,
957 3269 1092 3322 sicut
1125 3271 1316 3338 ultimi,
1349 3273 1534 3332 felices
1564 3289 1739 3333 erunt.
1787 3280 1896 3349 Qui
1941 3299 2071 3336 vero

480 3361 696 3420 portant
730 3362 783 3407 et
818 3365 1099 3425 portantur
1145 3370 1269 3414 sunt
1316 3368 1600 3433 praesentis
1658 3371 1920 3439 temporis
1968 3372 2072 3426 do-

477 3447 660 3494 ctores
715 3451 766 3496 et
823 3447 1231 3514 pradicatores.
1287 3452 1595 3510 Notandum
1655 3475 1868 3530 quoque
1929 3463 2072 3532 quod

478 3537 667 3590 horum
728 3540 887 3594 trium
943 3546 1211 3615 ordinum,
1271 3551 1476 3607 scilicet
1526 3554 1822 3612 electorum
1883 3561 2072 3615 merita

475 3623 880 3696 distinguuntur
936 3648 1033 3701 per
1079 3649 1160 3689 xu
1217 3655 1484 3708 gemmas,
1520 3643 1572 3696 in
1620 3661 1692 3699 xu
1744 3647 2072 3703 fundamen-

480 3721 551 3774 tis
608 3724 848 3780 cuilestis
901 3730 1134 3785 civitatis
1182 3735 1484 3806 descriptas
1541 3742 1709 3812 (Apoc
1766 3757 1908 3814 xxi).
1952 3748 2071 3801 Pri-

479 3829 601 3867 mus
631 3813 810 3884 itaque
840 3815 978 3886 lapis
1009 3820 1224 3888 ponitur
1273 3825 1444 3894 jaspis
1499 3828 1683 3884 colore
1739 3832 1918 3899 viridi,
1977 3837 2070 3906 qui

479 3913 697 3981 praefert
731 3913 964 3970 virorem
996 3915 1139 3971 ﬁdei.
1201 3919 1306 3988 Qui
1365 3933 1522 3978 scuto
1581 3924 1704 3982 ﬁdei
1761 3939 1888 3984 sunt
1941 3933 2070 3988 vitia

476 4009 528 4053 et
558 4001 826 4058 daemonia
857 4017 1231 4076 expugnantes
1266 4025 1278 4064 :
1311 4022 1472 4068 erunt
1500 4014 1554 4068 in
1593 4017 1696 4072 hoc
1735 4019 1965 4076 aediﬁcio
2013 4030 2070 4077 ut

469 4090 642 4161 jaspis
678 4103 991 4149 vernantes.
1027 4097 1308 4153 Secundus
1342 4104 1635 4172 sapphirus
1675 4108 1810 4162 aerii
1867 4110 2070 4166 coloris

476 4178 704 4267 locatur,
737 4197 835 4251 per
883 4200 1048 4253 quem
1083 4202 1209 4255 spes
1256 4190 1554 4247 cadet-tium
1603 4195 1907 4252 denotatur.
1965 4199 2071 4267 Qui

477 4265 647 4337 igitur
675 4277 800 4322 sunt
829 4287 926 4340 spe
977 4274 1298 4342 gaudentes,
1359 4290 1518 4335 erunt
1572 4283 1624 4336 in
1685 4287 1787 4340 hoc
1838 4265 2070 4344 sedilicio

476 4364 533 4409 ut
573 4359 866 4426 sapphirus
919 4359 1177 4418 lucentes.
1210 4367 1426 4422 Teatius
1457 4380 1538 4424 est
1565 4374 1915 4430 calcedonius
1969 4379 2068 4431 ha-

477 4452 615 4545 bens
650 4456 792 4545 ignis
816 4457 1050 4528 efﬁgiem
1082 4461 1134 4515 in
1164 4464 1382 4533 publico
1414 4468 1748 4526 subrutilans
1780 4473 1836 4528 in
1863 4475 2068 4545 nubilo,

481 4541 620 4596 dans
649 4543 920 4614 fulgorem
954 4567 966 4612 ;
1007 4549 1262 4622 designat
1292 4555 1434 4610 bona
1471 4573 1638 4627 opera
1665 4571 1891 4632 propter
1921 4541 2073 4620 favo-

479 4657 597 4697 rem
626 4642 814 4713 populi
843 4646 1174 4704 occultantes
1207 4669 1221 4714 ;
1254 4651 1306 4705 in
1335 4662 1548 4710 secreto
1595 4665 1777 4714 autem
1836 4659 2076 4726 fraterno,

477 4756 664 4797 amore
703 4743 978 4809 ardentes,
1012 4746 1065 4798 hi
1096 4756 1254 4802 erunt
1285 4749 1340 4803 in
1371 4752 1472 4806 hoc
1502 4754 1738 4810 aediﬁcio
1781 4765 1836 4812 ut
1896 4761 2074 4817 calce—

477 4831 672 4887 donius
705 4833 1080 4902 splendentes.
1127 4835 1360 4904 Quartus
1407 4845 1735 4914 smaragdus
1793 4863 2071 4920 superpo-

477 4929 624 4983 nitur
657 4945 669 4984 :
702 4933 856 4999 cujus
883 4933 1125 4988 viriditas
1157 4935 1350 4990 herbas
1406 4946 1459 4992 et
1515 4939 1736 4997 frondes
1791 4952 2072 5017 transgre-

477 5027 638 5093 ditur,
694 5028 1079 5086 demonstrans
1135 5047 1232 5087 eos
1285 5035 1375 5105 qui
1430 5052 1529 5106 per
1585 5055 1852 5095 summam
1907 5040 2068 5098 ﬁdem

477 5122 636 5193 signa
665 5133 717 5178 et
747 5126 1016 5180 mirabilia
1046 5136 1169 5182 sunt
1225 5139 1518 5199 Oper-antes
1553 5152 1566 5196 ;
1599 5135 1651 5188 hi
1683 5147 1842 5192 erunt
1883 5139 1933 5192 in
1966 5140 2070 5194 hoc

475 5210 700 5265 adificio
730 5220 784 5265 ut
813 5214 1140 5285 smaragdos
1187 5229 1556 5274 comscantes.
1602 5223 1834 5291 Quintus
1879 5228 2069 5297 sequi-

478 5313 564 5359 tur
592 5308 897 5376 sardonius,
931 5311 1022 5381 qui
1052 5311 1344 5384 insignitur
1402 5318 1577 5374 tribus
1637 5323 1920 5380 coloribus
1972 5326 2065 5378 ni-

473 5417 577 5472 gro
607 5402 755 5466 albo,
788 5413 846 5458 et
875 5409 1058 5474 rubeo,
1093 5410 1396 5481 designans
1445 5431 1559 5482 eos,
1611 5422 1700 5489 qui
1760 5422 2066 5481 humilitate

475 5500 814 5570 nigrescunt,
849 5505 1097 5560 castitate
1129 5510 1432 5574 albescunt,
1466 5513 1856 5571 adversitalem
1891 5536 1918 5571 a
1943 5536 2066 5589 pro-

669 5593 1175 5687 patienter-ferendo
1203 5606 1463 5661 charitale
1494 5610 1807 5679 rubescunt,
1827 5631 1892 5670 eo
1916 5618 2062 5687 quod

470 5679 527 5734 hi
557 5681 611 5734 in
642 5679 850 5734 ctnlesti
878 5679 1108 5737 mdiﬁcio
1137 5695 1192 5740 ut
1224 5692 1510 5750 sardonius
1540 5696 1867 5764 fulgescunt.

2180 1839 2399 1899 coloris.
2435 1839 2682 1892 ﬂammas
2730 1840 2986 1894 emittens
3033 1855 3222 1894 aureas
3266 1839 3626 1910 notulasque
3678 1855 3815 1910 pur-

2179 1943 2400 1998 pueras,
2442 1928 2696 1982 intimans
2754 1928 2860 1982 fide
2899 1929 3133 1983 virentes
3189 1929 3460 1982 charitate
3523 1928 3812 1982 ferventes

2179 2015 2429 2070 ﬂammas
2479 2016 2872 2071 sententiarum
2915 2017 3195 2088 sapientite
3224 2032 3289 2072 ac
3328 2017 3568 2070 notulas
3629 2016 3812 2070 bono-

2179 2129 2300 2168 rum
2357 2115 2731 2183 exemplorum
2784 2115 3092 2168 emittentes
3142 2131 3156 2167 :
3203 2114 3295 2185 qui
3351 2122 3526 2168 erunt
3588 2114 3646 2167 in
3711 2116 3810 2168 hoc

2179 2201 2428 2268 aediﬁcio,
2467 2211 2522 2256 ut
2551 2203 2949 2273 chrysoprasus
2983 2202 3277 2275 fulgentes.
3322 2202 3687 2257 Undecimus
3730 2211 3808 2256 est

2180 2292 2506 2362 hyacinthus
2558 2293 2742 2348 colore
2799 2293 3054 2355 caeruleo,
3100 2293 3192 2363 qui
3235 2291 3289 2345 in
3344 2293 3671 2346 serenitate
3728 2301 3807 2346 est

2181 2382 2428 2444 decorus,
2480 2380 2533 2434 in
2581 2389 2903 2451 tempestate
2934 2389 3017 2435 est
3054 2381 3345 2442 obscurus.
3393 2379 3673 2451 designat
3721 2379 3807 2432 di-

2181 2469 2452 2524 scretione
2485 2470 2742 2539 praeditos
2787 2469 3083 2524 secundum
3129 2468 3393 2539 temporis
3447 2469 3805 2538 qualitatem,

2183 2573 2366 2613 mores
2404 2574 2532 2612 suos
2563 2558 2680 2612 sine
2703 2558 2862 2628 culpa
2892 2566 3162 2612 mutantes
3194 2557 3324 2628 :qui
3376 2566 3550 2611 erunt
3603 2559 3661 2611 in
3705 2559 3808 2612 hoc

2181 2645 2412 2702 aediﬁcio
2443 2655 2498 2700 ut
2528 2647 2820 2716 hyacinlus
2859 2647 3140 2700 micantes.
3175 2646 3563 2700 Duodecimus
3587 2646 3808 2715 ponitur

2180 2736 2517 2805 amethystus
2546 2751 2857 2805 purpureus
2887 2734 3070 2790 colore
3102 2735 3404 2796 violaceus,
3440 2735 3676 2804 punctis
3697 2750 3801 2787 au-

2181 2824 2292 2877 reis
2322 2823 2615 2885 interlitus,
2650 2824 2946 2893 praeferens
2975 2824 3160 2877 mundi
3189 2832 3610 2892 contemptores
3647 2823 3800 2876 Chri-

2182 2920 2266 2966 sto
2340 2912 2759 2967 commorientes
2832 2912 2988 2966 bonis
3053 2913 3262 2966 actibus
3316 2911 3591 2966 ﬂorentes
3636 2929 3656 2967 :
3715 2912 3806 2982 qui

2181 3020 2335 3066 erunt
2367 3013 2420 3064 in
2446 3011 2651 3067 caelesti
2681 3011 2910 3066 aediﬁcio
2942 3019 2998 3065 ut
3027 3012 3362 3079 amethystus
3410 3011 3798 3081 resplenden-

2103 3082 2152 3145 Ο
2181 3111 2280 3154 tes.
2315 3101 2409 3155 lia:
2439 3107 2562 3154 sunt
2598 3099 2886 3155 duodecim
2917 3116 3169 3171 gemma,
3205 3101 3259 3154 in
3288 3101 3509 3170 quibus,
3559 3109 3621 3154 ut
3661 3117 3806 3172 ρη-

2182 3197 2351 3252 fatum
2392 3207 2492 3262 est,
2517 3197 2925 3269 distinguuntur
2954 3198 3148 3252 merita
3171 3197 3493 3253 electorum.

2873 3327 3104 3367 DIVISIO.

2254 3409 2349 3463 Vir
2377 3425 2536 3480 quem
2569 3410 2821 3465 Ezechiel
2851 3410 3074 3474 viderat,
3113 3424 3235 3466 cum
3286 3408 3389 3464 sibi
3447 3410 3788 3465 ostendere-

2182 3507 2268 3553 tur
2287 3497 2566 3554 atditicium
2599 3498 2848 3563 civitatis,
2882 3507 2934 3553 et
2963 3499 3138 3552 stabat
3168 3499 3220 3552 in
3254 3506 3427 3569 porta,
3489 3513 3563 3553 ac
3629 3499 3792 3552 habe-

2182 3598 2270 3651 bat
2302 3596 2536 3667 speciem
2571 3596 2720 3666 quasi
2752 3595 2877 3649 ieris
2905 3597 3131 3664 (Esach.
3173 3597 3286 3664 XL).
3309 3597 3591 3651 Christum
3613 3598 3788 3668 signi-

2182 3697 2322 3758 ﬁcat,
2356 3695 2444 3766 qni
2477 3693 2572 3748 fuit
2616 3702 2805 3748 contra
2870 3709 3128 3764 prospera
3183 3702 3236 3748 et
3293 3694 3529 3748 adversa
3603 3693 3789 3749 ﬁrmus

2180 3795 2279 3849 Hic
2317 3793 2370 3847 in
2390 3800 2544 3863 porta
2575 3800 2722 3845 stare
2753 3792 2966 3846 dicitur.
3000 3791 3152 3848 Unde
3199 3791 3253 3844 in
3303 3791 3544 3846 Canticis
3595 3810 3610 3846 :
3648 3817 3666 3839 η
3715 3794 3787 3846 En

2178 3885 2295 3955 ipse
2326 3891 2427 3936 stat
2470 3889 2590 3951 post
2617 3881 2872 3950 parietem
2904 3890 3148 3934 nostrum
3180 3880 3485 3950 respiciens
3541 3898 3650 3951 per
3705 3882 3782 3935 fe-

2178 3982 2414 4038 nestras,
2444 3969 2779 4041 prospiciens
2812 3986 2908 4040 per
2949 3969 3222 4025 cancellos
3268 3969 3472 4040 (Cant.
3527 3971 3617 4039 ιι).
3673 3995 3692 4018 ε
3728 3973 3783 4024 In

2180 4071 2393 4126 Christo
2423 4069 2568 4124 enim
2600 4069 2721 4123 dum
2742 4077 2946 4123 naturae
2977 4069 3432 4132 demonstrantur,
3468 4070 3598 4141 quia
3654 4071 3781 4124 sicut

2178 4160 2268 4214 ille
2300 4159 2388 4230 qui
2421 4167 2525 4212 stat
2555 4158 2607 4211 in
2638 4167 2794 4227 porta
2823 4175 2888 4212 ex
2925 4165 3074 4228 parte
3124 4157 3360 4222 videtur,
3411 4167 3465 4212 et
3515 4164 3600 4211 ex
3632 4167 3778 4228 parte

2179 4247 2483 4302 occultatur
2515 4264 2527 4299 :
2560 4246 2636 4300 sic
2663 4246 2908 4299 Christus
2938 4246 3234 4301 secundum
3268 4247 3499 4299 alteram
3534 4258 3786 4300 naturam

2178 4342 2407 4397 visibilis
2437 4342 2637 4396 mundo
2665 4342 2935 4412 apparuit,
2978 4350 3029 4395 et
3059 4341 3355 4396 secundum
3398 4341 3638 4396 alteram
3695 4343 3782 4395 in-

2100 4437 2151 4497 D
2184 4431 2411 4486 visibilis
2463 4431 2514 4484 in
2554 4446 2652 4484 sua
2703 4430 2986 4496 majestate
3047 4431 3366 4498 permansit.
3411 4431 3475 4484 Et
3534 4429 3785 4485 habebat

2183 4519 2421 4590 speciem
2455 4519 2611 4590 quasi
2633 4519 2785 4573 siris.
2823 4521 2914 4572 :Es
2949 4519 3110 4573 Valde
3151 4535 3410 4574 sonorum
3454 4528 3554 4582 est,
3593 4529 3652 4574 et
3687 4537 3790 4573 na-

2183 4625 2303 4672 tura
2327 4615 2571 4670 durabile
2615 4635 2626 4668 :
2661 4617 2739 4671 sic
2769 4615 2972 4670 Christi
2995 4616 3308 4686 praedicatio
3324 4624 3484 4687 atque
3528 4616 3790 4674 doctrina

2181 4722 2383 4761 sonora
2414 4705 2530 4769 fuit,
2564 4705 2689 4759 dum
2714 4705 2927 4761 Judaaos
2958 4714 3009 4759 et
3038 4714 3228 4776 gentes
3260 4705 3312 4759 in
3345 4721 3509 4759 unum
3539 4720 3786 4778 congre-

2181 4796 2356 4867 gavit.
2399 4795 2668 4849 Durabilis
2697 4803 2780 4848 est
2809 4803 3089 4865 perpetua,
3134 4795 3273 4848 sicut
3327 4794 3444 4864 ipse
3497 4803 3787 4850 testatur:

2185 4906 2208 4930 α
2242 4885 2451 4939 leum
2483 4894 2534 4940 et
2563 4895 2705 4939 terra
2735 4883 3053 4949 transibunt,
3100 4883 3270 4938 verba
3298 4891 3474 4937 autem
3509 4900 3632 4938 mea
3681 4901 3791 4940 non

2179 4974 2482 5027 transibunt
2503 4972 2724 5042 (Matth.
2754 4973 2968 5040 xxxiv).
3010 4993 3030 5018 κ

2255 5087 2275 5108 α
2312 5063 2375 5116 Et
2395 5062 2447 5115 in
2479 5077 2642 5114 manu
2672 5061 2793 5130 ejus
2809 5060 3049 5115 calamus
3072 5076 3343 5115 mensura!
3365 5060 3590 5129 (Ezech.
3619 5064 3738 5116 xci.
3764 5087 3782 5109 ι

2179 5153 2280 5206 Per
2335 5153 2605 5205 calamum
2685 5150 2959 5219 Scriptura
3007 5148 3366 5222 signiﬁcatur,
3439 5150 3572 5220 quia
3641 5154 3792 5204 anti-

2178 5245 2359 5315 quitus
2408 5246 2617 5300 calamo
2674 5244 3026 5298 scribebatur.
3091 5244 3215 5298 Haec
3269 5242 3578 5311 Scriptura,
3647 5245 3792 5298 bene

2177 5350 2432 5387 mensura
2472 5333 2688 5394 dicitur,
2751 5333 2874 5402 quia
2929 5341 3187 5402 quantum
3248 5331 3474 5401 quisque
3527 5332 3792 5400 proﬁciat

2176 5423 2262 5476 vel
2294 5423 2529 5482 deficiat.
2551 5421 2670 5489 ejus
2703 5422 2990 5490 princeptis
3013 5420 3394 5489 cognoscitur.
3424 5419 3492 5472 Et
3522 5435 3788 5474 mensura

2177 5513 2294 5566 hzec
2323 5512 2373 5564 in
2408 5528 2570 5564 manu
2629 5511 2846 5571 Christi,
2879 5509 2933 5563 id
2953 5519 3034 5564 est
3065 5509 3117 5562 in
3150 5511 3267 5577 ejus
3295 5510 3618 5577 operatione
3661 5527 3785 5564 esse

2173 5610 2397 5677 dicitur,
2435 5610 2562 5679 quia
2606 5623 2788 5662 Sermo
2837 5605 3076 5662 doctoris
3109 5606 3310 5660 frustra
3356 5606 3574 5659 laborat
3631 5616 3785 5662 exte-

2175 5708 2286 5762 rius
2349 5708 2451 5762 nisi
2504 5707 2684 5780 gratia
2747 5706 2981 5777 Spiritus
3043 5703 3215 5762 sancti
3255 5710 3497 5761 mentem
3536 5701 3785 5761 illustrat
