3972 6076
236 244 375 296 1245

1148 234 1740 291 DEFLORATIONES
1776 234 1876 290 SS.
1908 233 2220 294 PATRUM.
2257 269 2330 278 —
2365 240 2491 294 LIB.
2534 240 2599 292 II.

3381 241 3517 291 1246

221 364 459 418 interius.
496 364 573 417 De
604 364 706 417 hoc
736 362 943 416 calamo
989 361 1223 429 loquitur
1270 360 1433 414 Isaias
1481 362 1704 429 loquens
1746 360 1814 415 de
1841 363 1898 421 A
1930 361 2019 431 qui
2045 364 2298 418 ecclesias
2313 365 2399 418 vel
2418 364 2651 431 ordines,
2676 373 2765 420 aut
2803 364 3001 435 aliquid
3049 364 3284 434 Spit-itali:
3318 364 3515 417 donum

229 462 467 516 Ecclesia
499 480 509 515 :
550 483 570 507 α
608 460 823 514 Orietur
850 459 902 511 in
939 474 1003 512 ea
1033 458 1177 512 viror
1207 457 1399 511 calami
1430 457 1645 526 etjunci
1674 459 1808 527 (Ιεα.

219 554 412 618 xxxv).
448 571 470 597 ιι
508 550 607 603 Per
645 549 880 602 virorem
924 546 1117 600 calami
1145 547 1325 600 lumen
1374 545 1767 614 Scripturarum
1802 562 1815 615 ;

222 656 320 710 per
371 639 602 692 virorem
656 636 827 706 junci,
886 635 976 704 qui
1029 635 1084 688 in
1135 634 1288 704 aquis
1340 635 1592 702 nascitur,
1647 635 1822 706 gratia

224 736 457 807 Spiritus
515 734 685 789 sancti
740 732 1093 804 signiﬁcatur,
1153 732 1243 801 qui
1317 732 1372 786 in
1442 731 1596 800 aquis
1665 732 1822 786 datur

222 824 529 895 baptizatis.
566 823 629 876 Et
673 821 883 877 locutus
938 829 1017 876 est
1070 821 1118 876 ei
1177 820 1361 875 dicens
1418 839 1430 874 :
1497 842 1518 869 α
1581 820 1715 874 Vide
1770 828 1823 873 et

224 912 471 982 intellige
527 911 752 981 (Ezech.
810 911 923 978 XL).
994 910 1093 963 Per
1160 910 1262 965 hoc
1324 906 1681 979 signiﬁcatum
1744 916 1823 963 est

225 1010 368 1079 quod
399 1009 466 1063 ad
498 1007 863 1079 cognitionem
896 1006 1055 1076 hujus
1081 1007 1214 1062 adis
1256 1006 1525 1077 perveniri
1552 1022 1680 1074 ,non
1728 1021 1823 1075 po-

226 1107 345 1165 test,
378 1098 480 1151 nisi
511 1098 630 1152 visu
659 1096 895 1151 interiori
930 1103 983 1150 et
1019 1096 1288 1149 intellectu
1342 1094 1624 1164 spirituali.
1675 1095 1824 1152 Sicut

224 1186 472 1256 superius
502 1185 757 1250 diximus,
792 1185 937 1238 idem
996 1184 1247 1238 Ezechiel
1303 1184 1369 1238 de
1422 1184 1821 1238 consecratione

228 1283 560 1338 tabernaculi
586 1283 673 1336 vel
732 1280 979 1335 ecclesia
1040 1281 1219 1334 taliter
1283 1281 1518 1349 loquitur
1587 1281 1816 1335 dicens:

230 1394 253 1420 «
291 1372 418 1426 Lavi
453 1380 501 1425 te
531 1387 690 1441 aqua,
721 1370 851 1424 unxi
884 1379 932 1424 te
962 1370 1104 1435 oleo,
1134 1369 1324 1423 vestivi
1353 1378 1405 1423 te
1445 1368 1817 1435 discoloribus,

223 1469 280 1516 et
309 1476 435 1516 ecce
466 1460 607 1514 facta
637 1476 694 1515 es
723 1458 857 1513 mihi
889 1460 1107 1529 (Ezech.
1140 1461 1246 1525 ix).
1288 1480 1310 1506 »
1346 1457 1480 1526 Qua
1521 1458 1705 1513 omnia
1751 1458 1820 1513 ab

126 1593 141 1601 ο
222 1556 494 1627 episcOpis
522 1554 632 1609 ﬁeri
665 1555 720 1609 in
750 1554 832 1608 his
859 1555 1076 1625 templis
1117 1555 1437 1609 manufactis
1486 1556 1663 1625 palam
1707 1562 1810 1609 est.

223 1644 383 1713 Quod
415 1653 591 1698 tamen
625 1651 791 1698 totum
849 1642 908 1696 ﬁt
958 1650 1178 1714 pr0pter
1232 1658 1348 1710 nos,
1413 1643 1503 1711 qui
1560 1643 1817 1712 templum

226 1709 324 1787 Dei
356 1749 569 1787 sumus.
610 1732 763 1788 Unde
792 1709 985 1785 dicitur
1011 1747 1023 1783 :
1058 1709 1084 1781 Ῑι
1116 1732 1399 1801 Templum
1428 1709 1527 1786 Dei
1574 1709 1816 1786 sanctum
1847 1709 1898 1768 Β

223 1836 326 1898 est,
360 1828 504 1897 quod
536 1828 661 1883 estis
689 1843 786 1882 vos
816 1827 869 1895 (Ι
899 1828 1021 1884 Cor.
1054 1830 1158 1895 tu).
1197 1851 1218 1875 »
1254 1827 1528 1897 Quidquid
1574 1828 1716 1881 enim
1763 1827 1823 1882 ﬁt

224 1917 281 1972 in
316 1917 530 1987 templis
559 1916 882 1971 manufactis
929 1916 998 1971 ab
1048 1917 1317 1987 episcopis
1361 1917 1821 1985 consecrantibus,

224 2008 326 2062 hoc
386 2013 554 2061 totum
616 2005 673 2059 in
727 2005 942 2073 templis
997 2006 1298 2059 animarum
1353 2014 1652 2060 nostrarum
1710 2004 1824 2059 ﬁeri

224 2102 386 2158 debet
413 2118 446 2157 a
476 2102 652 2168 nobis,
687 2111 897 2157 nosmet
926 2102 1186 2172 templum
1218 2103 1332 2156 Deo
1382 2102 1814 2172 preparantibus.

297 2226 467 2298 Igitur
495 2242 659 2289 nunc,
692 2225 1047 2280 dilectissimi.
1102 2225 1493 2280 consideranda
1538 2234 1616 2280 est
1668 2227 1824 2280 nobis

225 2324 547 2379 constructio
579 2322 763 2393 templi
794 2322 914 2388 Dei,
948 2324 1050 2377 hoc
1078 2330 1159 2376 est
1209 2322 1371 2391 hujus
1385 2323 1577 2377 domus
1614 2324 1819 2378 oratio-

224 2412 327 2478 nis,
354 2412 509 2482 cujus
539 2411 697 2466 hodie
728 2412 990 2466 solemnia
1019 2411 1246 2465 colimus
1275 2397 1481 2467 festiva
1523 2411 1822 2468 dedicatio-

225 2501 331 2555 nis.
374 2501 579 2555 Domus
610 2503 724 2554 hac
750 2500 1044 2554 secundum
1078 2500 1331 2555 Ecclesia:
1369 2507 1562 2554 statum
1612 2502 1821 2556 forma-

226 2608 310 2653 tur
339 2613 352 2652 :
391 2598 532 2653 unde
562 2606 613 2652 et
641 2598 865 2653 ecclesia
895 2598 1039 2667 quod
1098 2599 1420 2654 convocatio
1478 2597 1672 2653 dicitur
1718 2614 1820 2667 ap-

226 2687 475 2758 pellatur,
518 2687 643 2757 quia
683 2687 734 2739 in
783 2703 846 2741 ea
885 2686 1115 2757 populus
1152 2686 1219 2740 ad
1285 2685 1568 2740 colendum
1639 2694 1690 2741 et
1754 2686 1822 2740 ad

231 2777 492 2831 orandum
524 2792 688 2829 unum
720 2783 772 2830 et
819 2791 1005 2828 verum
1052 2775 1223 2829 Deum
1274 2781 1619 2829 convocatur.
1669 2773 1821 2843 Qua-

229 2880 349 2927 tuor
375 2872 670 2945 parietibus
698 2871 1128 2942 compaginatur,
1177 2877 1229 2925 et
1284 2869 1508 2924 ecclesia
1562 2887 1627 2924 ex
1683 2887 1820 2940 qua-

228 2967 351 3016 tuor
381 2960 690 3030 Evangeliis
718 2960 1101 3015 consolidatur.
1134 2958 1503 3013 Sanctuarium
1551 2958 1715 3014 habet
1769 2958 1823 3012 in

230 3066 335 3119 quo
365 3050 557 3113 clerus,
590 3056 641 3102 et
673 3049 995 3103 anteriorem
1030 3048 1252 3102 domum
1311 3046 1365 3101 in
1421 3063 1527 3116 quo
1595 3048 1824 3119 populus
1853 3060 1902 3124 ο

228 3147 487 3202 consistit.
553 3148 687 3200 Item
727 3154 778 3200 et
835 3144 1074 3199 Ecclesia
1126 3143 1289 3199 habet
1342 3145 1816 3214 contemplativam

229 3236 392 3290 vitam
424 3234 478 3288 in
508 3251 613 3304 qua
667 3234 933 3305 spiritales
988 3233 1170 3300 habet,
1229 3240 1282 3288 et
1338 3233 1567 3288 activam
1617 3233 1671 3288 in
1719 3250 1825 3304 qua

229 3323 496 3378 constituti
549 3330 671 3377 sunt
724 3324 1025 3377 saculares.
1087 3322 1523 3392 Contemplativa
1580 3321 1690 3376 vita
1746 3330 1823 3376 est

226 3420 419 3467 cuncta
452 3420 662 3468 terrena
692 3427 789 3483 pro
820 3411 919 3465 Dei
950 3426 1133 3466 amore
1164 3409 1485 3480 relinquere,
1535 3410 1649 3465 sola
1705 3426 1821 3465 ca-

221 3508 377 3564 lestia
407 3525 667 3579 quarere,
720 3508 931 3563 assidue
985 3523 1157 3573 orare,
1215 3523 1358 3577 sape
1401 3506 1657 3575 lectitare,
1717 3508 1821 3577 hy-

222 3598 365 3653 mnis
393 3605 445 3654 et
474 3597 694 3653 canticis
718 3597 924 3670 jugiter
952 3596 1123 3650 Deum
1174 3595 1411 3649 laudare.
1461 3595 1649 3650 Activa
1691 3611 1820 3650 vero

219 3687 329 3742 vita
358 3694 455 3749 est,
488 3693 689 3740 castam
720 3685 884 3738 vitam
916 3700 1019 3737 cun
1049 3682 1284 3754 conjuge
1315 3681 1529 3751 ducere,
1580 3681 1718 3737 ﬁlios
1766 3683 1818 3737 in

219 3784 317 3838 Dei
351 3784 541 3839 timore
572 3781 790 3848 nutrire,
826 3795 1089 3851 pauperes
1116 3780 1239 3835 cibo
1274 3787 1326 3834 et
1379 3788 1507 3851 potu
1554 3795 1816 3849 recreare,

219 3872 462 3926 inﬁrmos
490 3878 544 3926 et
572 3870 760 3926 viduas
791 3869 1024 3933 visitare,
1059 3876 1112 3922 et
1150 3868 1401 3924 omnibus
1446 3870 1818 3924 necessitatem

222 3961 552 4032 patientibus
580 3967 799 4031 propter
825 3958 1165 4012 dilectionem
1196 3958 1427 4027 proximi
1469 3974 1568 4028 pro
1616 3959 1820 4015 viribus

226 4074 386 4127 opem
418 4058 575 4112 ferre.
610 4058 671 4111 In
699 4056 1000 4111 sanctuario
1043 4064 1123 4110 est
1178 4056 1362 4122 altare,
1423 4056 1479 4110 in
1537 4073 1643 4127 quo
1698 4064 1821 4113 sunt

224 4153 529 4202 sanctorum
558 4145 801 4215 reliquiae
834 4164 846 4199 :
882 4146 985 4199 hoc
1015 4152 1094 4198 est
1149 4144 1205 4197 in
1264 4145 1504 4200 Ecclesia
1559 4146 1813 4211 Christus,

223 4234 277 4287 in
307 4233 461 4303 cujus
489 4234 946 4305 contemplatione
986 4233 1329 4302 requiescunt
1376 4241 1583 4286 mentes
1634 4233 1818 4287 beato-

217 4348 361 4397 rum,
394 4332 528 4387 etin
556 4331 709 4400 cujus
736 4339 1024 4400 conspectu
1064 4330 1196 4399 justi
1251 4331 1517 4385 exsultent
1572 4338 1624 4385 et
1677 4346 1815 4401 epu-

216 4428 413 4495 lentur,
445 4435 497 4483 et
525 4428 583 4482 in
608 4428 792 4483 latitia
823 4427 1153 4483 delectentur
1180 4428 1358 4495 (Paul,
1391 4430 1580 4498 uva).
1640 4429 1813 4483 Fene-
1844 4416 1898 4477 D

217 4524 342 4574 stra
371 4515 565 4587 quibus
593 4516 710 4571 hac
758 4516 951 4571 domus
1005 4516 1313 4583 illustratur,
1373 4522 1495 4570 sunt
1551 4515 1818 4585 doctores,

218 4634 316 4689 per
343 4634 477 4687 quos
513 4617 730 4672 caleste
787 4617 969 4670 lumen
1026 4616 1083 4669 in
1137 4616 1438 4671 Ecclesiam
1499 4615 1814 4687 ingreditur.

219 4708 465 4776 Laquear
492 4705 713 4776 pictura
743 4720 847 4775 quo
893 4705 1008 4759 hac
1054 4703 1290 4759 Ecclesia
1337 4704 1688 4760 Dominicalis
1728 4705 1820 4759 de-

223 4803 454 4857 coratur.
484 4803 608 4849 sunt
634 4795 759 4849 vita
787 4802 841 4849 et
867 4793 1123 4862 exempla
1149 4799 1475 4860 sanctorum,
1528 4810 1649 4863 qua
1705 4793 1820 4862 qui-

223 4909 326 4962 que
357 4893 429 4964 pii
480 4892 535 4946 in
592 4892 835 4948 Ecclesia
894 4891 1193 4946 imitantur.
1260 4891 1580 4945 Continuum
1637 4890 1818 4945 lumen

223 4996 329 5050 quo
386 4981 718 5048 illiminatur,
778 4987 859 5036 est
906 4980 1138 5050 Spiritus
1202 4979 1372 5034 sancti
1447 4979 1643 5049 gratia,
1714 4995 1820 5048 qua

224 5069 464 5125 Ecclesia
487 5069 694 5141 jugiter
747 5068 1056 5123 irradiatur.
1122 5070 1261 5121 Crux
1318 5067 1514 5122 Christi
1571 5067 1658 5122 hic
1711 5067 1820 5122 ﬁxa

220 5165 490 5231 adoretur,
543 5174 599 5221 et
655 5166 848 5221 Christi
912 5165 1094 5235 passio
1151 5181 1182 5219 a
1238 5165 1445 5219 cunctis
1509 5164 1823 5219 Christianis

218 5263 527 5309 veneratur.
569 5254 689 5323 Quo
720 5270 851 5308 crux
882 5261 1122 5325 portatur
1148 5253 1443 5323 sequimur,
1484 5253 1611 5322 quia
1658 5253 1817 5307 Chri-

214 5343 281 5395 sti
344 5343 571 5414 vestigia
629 5343 779 5412 sequi
838 5343 1117 5407 debemus,
1175 5342 1220 5394 si
1280 5341 1349 5396 ad
1404 5342 1618 5397 caleste
1673 5349 1817 5396 tem-

221 5440 370 5512 plum
435 5442 618 5496 venire
675 5441 942 5496 volumus.
974 5441 1167 5496 Turres
1211 5449 1335 5494 sunt
1381 5441 1634 5496 Ecclesia
1680 5457 1820 5512 pra-

221 5530 334 5595 lati,
366 5546 648 5600 campana
696 5545 881 5584 eorum
940 5530 1368 5601 pradicationes.
1428 5530 1508 5585 De
1564 5531 1663 5584 hac
1708 5531 1814 5584 do-

215 5634 305 5673 mo
336 5617 822 5687 ejecitvendentes
852 5626 905 5673 et
960 5625 1201 5673 ementes
1255 5617 1533 5672 columbas
1589 5617 1809 5683 (Matth.

210 5718 327 5763 ιιι.
365 5704 649 5763 Columba
696 5713 819 5763 sunt
867 5705 1131 5780 spiritalia
1183 5703 1352 5763 donas
1418 5704 1624 5763 Omnes
1678 5722 1812 5779 ergo

1927 460 2112 505 emunt
2143 452 2225 506 vel
2256 453 2516 518 vendunt,
2576 454 2642 507 de
2700 456 2799 508 hoc
2859 455 3061 524 templo
3119 471 3239 507 cum
3299 453 3519 505 Simone

1925 541 2086 610 Mago
2115 542 2401 610 ejiciuntur
2429 550 2481 597 et
2510 542 2563 595 in
2593 543 2775 613 ignem
2804 551 3062 597 aternum
3097 543 3392 595 mittuntur.

1999 648 2125 701 [Iac
2153 648 2352 711 omnia,
2387 649 2709 713 charissimi,
2740 639 2837 703 nos
2862 650 3170 719 respiciunt.
3222 650 3349 702 Hac
3402 647 3521 701 uni-

1929 751 2082 789 versa
2111 735 2178 789 ad
2210 738 2516 807 exemplum
2574 737 2731 791 nobis
2779 739 2920 791 facta
2973 744 3111 790 sunt.
3171 738 3284 791 Nos
3337 752 3522 789 sumus

1929 823 2025 877 Dei
2056 825 2313 893 templum
2345 826 2413 879 ad
2443 826 2807 881 habitaculum
2856 827 2953 881 Dei
3002 825 3326 887 dedicatum,
3386 824 3521 879 sicut

1927 911 2183 981 scriptum
2215 920 2338 967 est:
2379 936 2400 961 α
2436 915 2543 969 Vos
2599 916 2725 969 estis
2781 915 3039 984 templum
3102 914 3200 967 Dei
3258 913 3332 967 (II
3382 913 3509 967 Cor.

1929 1015 2031 1078 vx).
2067 1032 2088 1058 ιο
2128 1013 2193 1065 Et
2222 1012 2413 1066 iterum
2449 1028 2461 1066 :
2500 1036 2522 1061 ι
2559 1014 2880 1069 Inhabitabo
2910 1014 2961 1067 in
2997 1013 3090 1081 eis,
3142 1013 3270 1066 dicit
3324 1012 3518 1066 Domi-

1929 1116 2047 1163 nus,
2071 1106 2123 1153 et
2161 1100 2285 1170 ipsit
2323 1109 2475 1155 erunt
2514 1103 2645 1156 mihi
2687 1103 2741 1156 in
2772 1103 3049 1173 populum,
3084 1109 3135 1156 et
3163 1118 3266 1171 ego
3297 1116 3387 1155 ero
3417 1100 3523 1154 illis

1927 1188 1980 1241 in
2012 1187 2210 1242 Deum.
2244 1189 2351 1243 Ero
2384 1189 2461 1242 eis
2488 1205 2701 1258 quoque
2732 1190 2784 1244 in
2815 1198 3042 1260 patrem,
3076 1196 3127 1244 et
3157 1190 3255 1258 ipsi
3286 1189 3416 1242 mihi
3466 1189 3522 1242 in

1927 1276 2068 1330 ﬁlios
2099 1284 2151 1331 et
2180 1275 2318 1331 ﬁlias
2348 1278 2546 1344 (Exod.
2581 1278 2734 1344 xxv).
2770 1301 2791 1327 υ
2829 1278 2874 1334 Ο
2906 1295 3065 1348 quam
3097 1279 3301 1342 beatus,
3335 1277 3387 1330 in
3416 1292 3522 1345 quo

1930 1373 2133 1428 habitat
2158 1375 2323 1429 Deus.
2358 1376 2507 1431 Sicut
2537 1391 2771 1445 namque
2801 1378 2917 1430 hac
2945 1376 3137 1429 domus
3184 1393 3249 1430 ex
3297 1382 3524 1443 quatuor

1928 1463 2220 1533 parietibus
2309 1465 2653 1529 construitur,
2751 1465 2825 1519 ita
2914 1465 3174 1534 templum
3281 1463 3521 1533 corporis

1927 1550 2091 1605 nostri
2148 1558 2376 1620 quatuor
2426 1552 2706 1607 elementis
2759 1550 3054 1608 conﬁcitur.
3113 1552 3182 1605 Et
3238 1552 3373 1604 sicut
3425 1552 3523 1605 ista

1928 1639 2123 1694 domus
2152 1640 2205 1693 in
2236 1639 2577 1695 dedicatione
2607 1642 2753 1711 prius
2808 1657 2947 1709 aqua
3002 1640 3283 1695 benedicta
3339 1656 3521 1709 asper-

1928 1736 2090 1807 gitur,
2150 1735 2347 1791 deinde
2391 1736 2678 1791 chrismate
2735 1745 3120 1792 consecratur:
3181 1738 3253 1791 ita
3328 1751 3523 1807 corpus

1928 1832 2166 1878 nostrum
2224 1840 2366 1892 aqua
2422 1824 2758 1893 baptismatis
2804 1826 2951 1893 prius
2998 1826 3248 1891 abluitur,
3327 1825 3521 1879 deinde

1927 1920 2112 1967 sancto
2141 1912 2429 1967 chrismate
2461 1914 2802 1985 perungitur.
2867 1912 3127 1982 Quadam
3173 1914 3410 1967 basilica
3467 1913 3520 1966 in

1930 2011 2150 2065 modum
2181 2012 2354 2066 crucis
2411 2011 2756 2077 fabricantur,
2816 2020 2870 2067 et
2924 2028 3117 2083 corpus
3171 2019 3409 2066 nostrum
3462 2010 3523 2063 in

1929 2098 2150 2152 modum
2182 2099 2358 2154 crucis
2388 2099 2696 2153 fabricatur.
2750 2100 3124 2155 Sanetuarium
3172 2099 3331 2167 hujus
3380 2107 3522 2151 tem-

1931 2187 2003 2256 pli
2037 2195 2115 2240 est
2145 2203 2297 2240 mens
2336 2196 2536 2253 nostra,
2568 2205 2688 2257 qua
2717 2188 2976 2256 spiritalia
3026 2195 3229 2243 tractat.
3281 2187 3525 2253 Anterior

1930 2276 2124 2330 domus
2156 2283 2236 2331 est
2265 2276 2466 2338 anima.
2497 2293 2616 2346 qua
2645 2293 2741 2347 per
2768 2294 2952 2331 sensus
2979 2277 3217 2345 corporis
3262 2277 3386 2330 vitae
3432 2291 3524 2328 nc-

1929 2373 2161 2428 cessaria
2188 2372 2480 2444 dispensat.
2513 2374 2694 2429 Altare
2715 2390 2876 2443 super
2922 2373 3065 2444 quod
3122 2372 3387 2429 sacriﬁcia
3431 2371 3522 2427 of.

1932 2461 2173 2516 feruntur
2201 2470 2279 2516 est
2302 2476 2397 2516 cor
2422 2470 2683 2524 nostrum.
2719 2463 2772 2516 in
2821 2478 2926 2532 quo
2970 2462 3186 2517 manda
3232 2460 3521 2531 cogitatio—

1931 2566 2027 2604 nes
2056 2558 2110 2603 et
2137 2566 2285 2618 pura
2314 2551 2582 2605 orationes
2610 2552 2725 2606 Deo
2768 2551 3145 2606 incenduntur.
3213 2550 3392 2602 Turris
3445 2556 3525 2602 est

1931 2645 2091 2707 caput
2119 2646 2377 2706 nostrum,
2409 2650 2674 2710 campana
2704 2647 2781 2693 est
2826 2640 3028 2709 lingua,
3088 2654 3194 2707 qua
3250 2638 3525 2708 proximos

1930 2735 2195 2790 debemus
2222 2752 2416 2791 vocare
2445 2736 2512 2790 ad
2543 2736 2797 2792 calestia.
2834 2738 2891 2789 In
2926 2738 3025 2790 hac
3062 2735 3225 2790 domo
3274 2735 3521 2788 fenestra

1930 2832 2052 2879 sunt
2080 2824 2219 2878 oculi
2251 2825 2435 2889 nosu'i,
2469 2825 2675 2894 pictura
2704 2840 2830 2879 vero
2877 2824 3022 2879 bona
3077 2839 3259 2893 Opera.
3321 2824 3523 2876 Lumen

1936 2913 2168 2967 lucerna
2198 2921 2278 2967 est
2321 2913 2502 2968 lumen
2526 2912 2782 2967 scientia.
2808 2914 2957 2968 Sicut
3003 2927 3132 2983 ergo
3178 2910 3518 2979 sacrilegium

1933 3018 2222 3082 perpetrat.
2259 3011 2349 3080 qui
2378 3012 2483 3066 hoc
2513 3012 2770 3079 templum
2802 3011 2981 3075 violat,
3033 3010 3106 3064 ita
3152 3018 3204 3063 et
3262 3025 3525 3077 quaecun-

1934 3117 2038 3170 que
2070 3100 2327 3171 templum
2356 3100 2454 3155 Dei
2487 3101 2666 3169 aliqua
2705 3098 3045 3153 immunditia
3076 3099 3159 3151 vel
3192 3099 3371 3166 aliquo
3411 3098 3519 3150 eri.

1932 3189 2116 3242 minali
2173 3195 2395 3255 peccato
2452 3188 2751 3253 violaverit,
2817 3190 2957 3242 hunc
3013 3187 3155 3242 Deus
3207 3186 3524 3255 disperdcns

1931 3275 2228 3331 damnabit.
2283 3277 2484 3331 Domus
2544 3277 2660 3331 hac
2715 3292 2836 3329 cum
2895 3275 3114 3329 interius
3169 3273 3521 3343 benedicitur,

1929 3373 2129 3439 cinere,
2163 3372 2294 3440 sale,
2320 3371 2466 3437 vino,
2500 3388 2658 3441 aqua,
2690 3372 2945 3443 hyssopo,
2976 3372 3161 3426 savina
3191 3371 3515 3443 aspergitur.

1930 3463 2031 3516 Per
2054 3461 2289 3516 cinerem
2321 3461 2654 3531 pmnitentia,
2687 3477 2784 3531 per
2810 3461 2888 3515 sal
2946 3460 3226 3531 sapientia,
3287 3475 3385 3529 per
3438 3458 3524 3511 vi-

1929 3567 2057 3604 num
2088 3548 2444 3620 spiritualium
2479 3548 2852 3616 intelligentia,
2884 3565 2981 3619 per
3007 3565 3200 3619 aquam
3251 3547 3526 3619 proximo-

1927 3655 2045 3693 rum
2075 3655 2200 3693 cura
2230 3637 2575 3710 intelligitur.
2613 3639 2803 3693 Cinere
2834 3637 3052 3694 domum
3087 3646 3318 3692 nostram
3344 3654 3523 3707 asper-

1926 3728 2124 3799 gimus,
2158 3727 2199 3781 si
2235 3733 2498 3781 transacta
2528 3727 2671 3781 mala
2701 3744 2797 3798 per
2826 3727 3193 3797 panitentiam
3234 3726 3511 3779 diluimus.

1927 3815 2050 3871 Sale
2081 3816 2438 3889 aspergimus,
2499 3815 2541 3869 si
2600 3816 2716 3871 sola
2776 3816 3013 3871 coelestia
3069 3815 3324 3886 sapimus.
3385 3806 3520 3867 Vino

1927 3915 2283 3987 aspergimus,
2316 3914 2358 3967 si
2392 3930 2489 3968 nos
2530 3913 2861 3982 spiritalibus
2914 3912 3261 3967 inebriamus.
3316 3915 3520 3979 Aquam

1927 4004 2306 4065 admiscemus,
2338 4002 2380 4055 si
2413 4002 2783 4071 proximorum
2815 4017 2995 4055 curam
3043 4017 3150 4053 non
3173 3999 3517 4070 negligimus.

1924 4092 2170 4162 IIySSOpo
2201 4098 2254 4144 et
2280 4089 2486 4155 savina,
2512 4106 2631 4159 qua
2666 4105 2866 4143 amara
2897 4088 3077 4144 herba
3110 4095 3249 4156 sunt,
3273 4086 3520 4165 aspergis

1926 4205 2066 4253 mus,
2100 4187 2143 4241 si
2169 4186 2395 4256 jejuniis
2425 4192 2478 4240 et
2507 4184 2729 4258 vigiliis,
2762 4201 2882 4255 qua
2912 4201 3095 4241 amara
3124 4193 3264 4249 sunt,
3296 4184 3421 4238 vitia
3468 4184 3520 4237 in

1923 4275 2082 4330 nobis
2113 4272 2511 4329 mortiﬁcamus.

2317 4435 2395 4490 De
2426 4433 2607 4490 tribus
2637 4433 3108 4490 dedicationibus.

2000 4556 2281 4613 Dedicatio
2311 4557 2497 4628 templi
2523 4556 2576 4611 in
2607 4574 2808 4630 magno
2839 4559 3041 4612 honore
3072 4557 3369 4611 habebatur
3415 4572 3518 4610 an-

1927 4655 1977 4702 te
2008 4646 2294 4700 adventum
2332 4645 2544 4701 Christi.
2576 4646 2731 4702 Unde
2763 4653 2814 4700 et
2843 4653 2945 4701 tres
2975 4645 3338 4700 dedicationes
3378 4653 3519 4697 tem-

1928 4735 2001 4807 pli
2031 4742 2153 4789 ante
2184 4734 2522 4790 Dominicam
2566 4735 2990 4790 incarnationem
3040 4735 3341 4789 referuntur
3384 4733 3521 4787 cele-

1926 4824 2111 4886 brata.
2136 4839 2257 4877 cum
2290 4822 2527 4878 maxima
2557 4823 2843 4879 devotione
2875 4822 3047 4894 plebis
3101 4822 3359 4877 Judaica.
3406 4820 3518 4874 Pri~

1924 4928 2015 4966 ma
2044 4911 2309 4981 siquidem
2342 4912 2609 4967 dedicatio
2639 4929 2670 4965 a
2700 4912 2989 4967 Salomone
3021 4919 3260 4981 tempore
3311 4917 3520 4964 autum-

1924 5001 1998 5065 ni,
2037 4998 2215 5055 media
2246 5001 2602 5055 aZorobabel
2660 5008 2712 5055 et
2767 5001 2890 5055 Jesu
2946 5000 3222 5054 sacerdote
3276 5007 3517 5068 tempore

1923 5089 2066 5143 veris
2098 5103 2111 5157 ;
2142 5089 2332 5142 ultima
2361 5105 2393 5143 a
2429 5088 2565 5142 Juda
2623 5089 2933 5143 Maeliabao
2993 5088 3132 5142 facta
3187 5086 3519 5154 dignoscitur

1927 5184 2167 5245 tempore
2196 5176 2411 5232 hiemis.
2445 5178 2505 5230 In
2539 5178 2659 5241 hac,
2717 5178 2953 5246 inquam,
3015 5175 3351 5231 dedicatione
3398 5190 3518 5244 spe-

1924 5265 2129 5320 cialiter
2156 5266 2354 5337 legitur
2379 5265 2723 5320 constitutum
2750 5281 2889 5329 esse,
2936 5274 2993 5319 ut
3045 5264 3231 5319 eadem
3291 5263 3515 5318 dedica-

1925 5352 1997 5406 tio
2020 5370 2116 5424 per
2142 5369 2330 5408 omnes
2359 5370 2528 5408 annos
2556 5361 2915 5419 revocaretur,
2951 5353 3002 5407 in
3069 5352 3385 5407 memoriam
3432 5370 3517 5405 sn-

1922 5440 2192 5495 lemnibus
2220 5441 2431 5496 ofﬁciis.
2462 5442 2621 5496 Juxta
2651 5442 2795 5511 quod
2832 5458 2999 5510 usque
3042 5440 3107 5494 ad
3168 5449 3380 5509 tempus
3433 5441 3518 5493 in—

1921 5530 2247 5585 carnationis
2278 5530 2575 5585 Dominica
2622 5532 2757 5585 hanc
2811 5529 3203 5583 solemnitatem
3264 5530 3510 5581 observa-

1922 5624 2029 5673 tam
2062 5618 2223 5672 fuisse
2253 5619 2637 5690 comprobatur
2661 5634 2725 5674 ex
2760 5618 3077 5689 evangelica
3124 5618 3378 5671 lectione.
3432 5615 3515 5668 Ait

1925 5705 2069 5763 enim
2099 5705 2334 5764 Joannes
2385 5706 2721 5781 evangelista
2754 5723 2770 5766 :
2802 5726 2826 5757 α
2885 5705 3048 5764 Facta
3101 5710 3224 5760 sunt
3277 5699 3517 5759 encania
