3972 6076
376 3350 381 3357 ,
481 3296 820 3367 sacerdotali,
880 3301 1107 3356 collecto
1164 3305 1400 3359 exercitu
1445 3306 1734 3375 justorum,
1813 3309 2071 3366 adversus

500 233 638 290 1247
1632 240 1970 296 WERNERI
2025 242 2074 296 Λ

2185 241 2308 297 ms
2366 242 2424 298 s.
2482 242 2700 299 ausu
3741 250 3867 304 ian
3932 316 3933 335 Ν

499 355 901 429 Hierosolymis,
947 368 1001 416 et
1049 360 1222 416 hiems
1267 371 1400 432 erat,
1460 365 1876 435 ambulabatquc
1938 367 2089 421 Jesus
2121 368 2171 427 Α
2207 388 2230 415 α
2263 366 2535 421 Exaudivi
2567 368 2863 423 orationem
2899 377 3060 440 tuam,
3094 385 3259 441 quam
3290 371 3669 443 deprecatus
3703 389 3865 428 esco-

499 443 557 499 in
586 447 791 516 porticu
823 448 1128 505 Salomonis
1157 454 1340 519 (latin.
1374 454 1457 522 Χ).
1503 476 1524 502 υ
1579 455 1707 509 Ilaec
1754 462 1931 509 autem
1993 456 2092 510 fuit
2197 471 2313 509 ram
2345 471 2431 510 me
2460 456 2559 526 (III
2587 459 2714 527 Reg.
2747 462 2846 526 ix).
2884 480 2906 506 η

499 547 661 587 causa
687 536 938 592 secundae
966 546 1017 592 et
1048 540 1214 595 tertia:
1243 540 1611 606 dedicationis,
1662 544 1787 611 quia
1833 543 2090 598 Salomon

498 631 685 702 templi
715 633 932 702 quidem
963 651 1116 707 opus,
1149 638 1292 707 quod
1325 639 1556 694 Domino
1584 639 1842 707 condidit,
1876 649 2083 712 septem

497 720 654 774 annis
679 720 905 789 perfecit
935 738 948 791 ;
981 733 1171 780 octavo
1191 734 1368 781 autem
1389 742 1532 782 anno
1551 728 1763 783 decima
1782 729 1871 785 die
1886 731 2088 785 mensis

496 807 731 878 septimi,
766 827 886 880 quae
915 827 947 867 a
974 814 1131 868 nobis
1150 814 1370 869 october
1388 817 1720 887 appellatur:
1748 819 1849 873 hoc
1876 818 1930 873 in
1960 835 2084 874 ma-

497 921 607 977 gna
635 907 808 978 gloria
839 910 1105 966 dedicavit
1134 913 1238 983 (Ill
1266 917 1395 985 Reg.
1450 918 1598 985 vm).
1656 915 1788 984 Quae
1836 917 2088 972 videlicet

497 992 615 1049 dies
643 1003 698 1051 et
724 1005 880 1053 antea
911 1016 1007 1069 per
1035 1000 1211 1072 legem
1240 1012 1353 1057 erat
1381 1011 1576 1058 statuta
1599 1004 1874 1073 solemnis,
1917 1007 1989 1061 ita
2030 1014 2088 1062 ut

495 1079 552 1136 in
580 1099 647 1138 ea
679 1085 1080 1143 tabernaculum
1111 1105 1273 1145 omne
1300 1107 1398 1160 per
1424 1092 1665 1163 singulos
1694 1109 1865 1148 annos
1901 1094 2084 1165 majo-

492 1168 643 1225 ribus
671 1174 857 1228 hostiis
885 1176 1090 1247 expiari
1121 1178 1360 1233 deberet.
1392 1181 1508 1235 Hoc
1544 1180 1775 1250 denique
1821 1184 2081 1252 templum

490 1276 615 1337 post
644 1286 814 1326 annos
833 1289 1095 1340 ccccxxx,
1130 1276 1480 1333 incenderunt
1532 1279 1768 1335 Chaldmi
1803 1301 1815 1336 :
1849 1290 1900 1336 et
1954 1283 2082 1336 Hie-

491 1358 880 1428 rosolymorum
910 1364 1041 1418 urbe
1088 1365 1373 1433 destructa,
1424 1369 1771 1423 Israelitieum
1823 1372 2078 1441 populum

490 1442 548 1498 in
575 1446 924 1518 Babyloniam
949 1450 1223 1507 abduxere
1252 1455 1544 1524 captivum.
1578 1455 1696 1525 Quo
1745 1466 1863 1527 post
1911 1475 2081 1514 annos

2270 562 2555 633 Templum
2600 563 2816 618 Domini
2874 565 3162 635 antiquitus
3220 566 3423 622 factum
3492 576 3690 639 typus
3749 580 3853 624 erat

2197 650 2678 705 ecclesiasticorum
2711 654 3058 724 templorum,
3091 663 3145 710 et
3174 654 3451 712 dedicatio
3507 658 3690 711 illius
3735 674 3851 712 nos-

2195 744 2290 792 tris
2317 738 2668 794 dedicationis
2698 742 3027 812 exemplum.
3061 743 3119 797 Si
3147 742 3342 798 domus
3369 745 3631 799 Domini
3660 755 3846 801 vocat:

2197 834 2277 880 est
2330 827 2423 881 ubi
2482 828 2669 883 hostia:
2725 836 2777 884 et
2830 829 3095 886 sacriﬁcia
3167 830 3585 901 offerebantur,
3676 835 3841 889 multo

2193 916 2370 987 magis
2398 924 2593 971 nostra;
2621 918 2881 973 orationis
2902 918 3114 987 domus,
3172 921 3265 975 ubi
3319 922 3520 977 carnis
3584 930 3647 977 et
3712 940 3835 977 san-

2191 1012 2371 1083 guinis
2393 1013 2510 1080 ejus
2536 1023 2870 1070 sacramenta
2926 1016 3279 1083 celebrantur,
3352 1020 3641 1075 vocanda
3703 1032 3803 1075 est.

2195 1099 2261 1154 Et
2288 1100 2331 1154 si
2366 1102 2627 1156 Dominus
2657 1104 2709 1157 in
2740 1104 2832 1158 illa
2861 1106 3159 1161 orationem
3190 1105 3380 1176 populi
3410 1110 3508 1162 sui
3541 1126 3612 1165 se
3638 1111 3828 1179 promi-

2192 1188 2261 1242 sit
2288 1190 2489 1255 audire,
2528 1200 2727 1260 quanto
2760 1194 2937 1264 magis
2976 1210 3161 1264 preces
3214 1205 3417 1253 nostra
3482 1199 3829 1269 recipientur

2189 1277 2243 1330 in
2275 1279 2393 1343 ista,
2429 1279 2521 1333 ubi
2548 1288 2671 1333 sunt
2699 1282 2810 1335 veri
2840 1291 3076 1337 oratores
3117 1291 3170 1338 et
3216 1294 3644 1342 memoratores
3703 1305 3823 1359 pss-

2186 1366 2355 1420 sionis
2384 1368 2700 1424 Dominicze.
2736 1371 2801 1423 Et
2831 1371 2874 1423 si
2909 1378 3052 1425 tanta
3082 1371 3342 1427 festivitas
3373 1375 3654 1445 ejus-lem
3690 1386 3823 1431 tem-

2187 1463 2261 1532 pli
2293 1464 2434 1532 quod
2465 1473 2580 1520 erat
2605 1466 2891 1522 umbratile
2940 1476 2994 1521 et
3039 1469 3272 1539 typicum
3332 1472 3393 1525 in
3452 1473 3817 1530 dedicatione

488 1545 829 1616 septuaginta
878 1548 1105 1617 patriam
1161 1552 1405 1620 remisso,
1463 1554 1812 1625 regnantibus
1886 1557 2076 1625 Persis,
2188 1552 2457 1607 celebrata
2485 1562 2580 1615 est,
2614 1563 2870 1623 quantum
2919 1557 3176 1625 gaudium
3236 1560 3443 1626 putatis
3508 1560 3573 1617 in
3634 1580 3823 1617 conse-

487 1645 699 1686 rursum
729 1633 1050 1691 aediﬁcatum
1081 1646 1162 1694 est
1190 1642 1449 1711 templum
1481 1659 1578 1713 per
1605 1659 1775 1698 annos
1818 1659 1966 1711 xui,
2027 1654 2081 1700 et
2188 1641 2424 1695 oratione
2454 1652 2649 1698 nostrae
2678 1644 2863 1697 matris
2907 1644 3179 1717 agendum
3237 1655 3335 1702 est.
3400 1648 3583 1718 Quod
3643 1660 3821 1706 autem

489 1719 645 1774 tertia
672 1721 760 1776 die
789 1725 989 1779 mensis
1016 1742 1117 1793 χιιῖ
1150 1743 1310 1798 quem
1348 1746 1447 1785 nos
1500 1732 1749 1786 Manium
1805 1749 2081 1803 vocamus,
2111 1720 2164 1780 B
2190 1737 2396 1799 Septem
2423 1731 2577 1785 annis
2606 1730 2919 1798 aediﬁcasse,
2952 1741 3005 1788 et
3041 1733 3097 1787 in
3144 1743 3338 1791 octavo
3398 1737 3823 1795 dedicationem

489 1830 626 1888 opus
652 1818 720 1872 ad
748 1818 910 1875 ﬁnem
957 1824 1295 1894 perductum,
1349 1834 1403 1881 et
1437 1828 1577 1883 veris
1624 1836 1866 1899 tempore
1920 1830 2074 1885 dedi-

2185 1818 2302 1886 ejus
2325 1818 2519 1872 dicitur
2544 1820 2866 1885 celebrasse,
2903 1838 3000 1891 pro
3031 1838 3231 1895 magno
3262 1827 3541 1895 mysterio
3586 1828 3646 1882 id
3703 1846 3827 1885 ωηο

2185 1922 2287 1969 stat
2314 1915 2597 1970 accidisse.
2636 1918 2751 1971 Hoc
2778 1918 2960 1988 itaque
2992 1920 3253 1989 templum
3279 1921 3627 1980 Salomonis
3683 1929 3824 1997 quod

2186 2002 2421 2057 Domino
2450 2013 2654 2075 septem
2687 2006 2842 2059 annis
2867 2023 2934 2061 ex
2964 2008 3121 2062 sectis
3168 2018 3222 2063 et
3262 2011 3566 2078 quadratis
3632 2015 3826 2085 lapidi-

2187 2089 2287 2144 bus
2311 2091 2691 2162 Hierosolymis
2720 2094 2849 2148 fecit
2876 2096 3108 2150 formam
3166 2098 3409 2169 Mosayci
3470 2103 3819 2159 tabernaculi

2187 2179 2393 2233 habuit.
2426 2182 2635 2251 Moyses
2666 2183 2865 2236 ctenim
2914 2183 3316 2240 tabernaculum
3366 2188 3425 2241 in
3485 2206 3693 2247 eremo
3748 2192 3821 2247 fe.

2186 2284 2353 2343 cerat,
2387 2285 2546 2347 atque
2577 2278 2708 2333 illud
2740 2280 2795 2333 in
2827 2280 2931 2335 duo
2962 2291 3324 2352 separaverat.
3353 2285 3421 2338 In
3471 2288 3662 2358 priori
3717 2290 3819 2360 qui-

2186 2364 2307 2419 dem
2344 2364 2685 2421 tabernaculo
2718 2376 2831 2422 erat
2860 2385 3079 2423 aureum
3112 2371 3537 2440 candelabrum,
3576 2384 3634 2431 et
3663 2395 3815 2433 mea-

2184 2468 2261 2517 sa,
2298 2460 2349 2506 et
2380 2470 2576 2523 panum
2610 2455 2926 2525 propositio,
2959 2466 3013 2511 et
3039 2460 3154 2512 11326
3209 2458 3549 2517 dicebantur
3607 2474 3809 2521 sancta.

2185 2541 2252 2595 Et
2282 2541 2355 2595 ibi
2390 2542 2662 2612 pendebat
2700 2545 2901 2608 velum,
2949 2554 3073 2616 post
3129 2548 3272 2616 quod
3332 2559 3455 2604 erat
3501 2554 3808 2609 secundum

2185 2637 2611 2703 tabernaculum,
2648 2641 2791 2710 quod
2823 2642 3102 2698 dicebatur
3129 2652 3315 2700 saneta
3344 2647 3711 2705 Sanctorum.
3752 2654 3809 2706 In

2183 2728 2288 2781 hoc
2318 2736 2434 2782 erat
2462 2744 2680 2783 aureum
2716 2731 3065 2796 thuribulum,
3101 2740 3152 2786 et
3179 2750 3305 2789 arca
3346 2752 3418 2789 ex
3478 2737 3645 2809 ligno
3702 2758 3807 2812 pre-

2186 2815 2321 2870 tioso
2351 2823 2403 2870 et
2432 2833 2563 2871 auro
2597 2819 2907 2887 purissimo,
2941 2821 2993 2873 in
3024 2838 3129 2890 qua
3158 2831 3271 2877 erat
3317 2840 3457 2879 urna
3495 2843 3670 2883 aurea
3720 2833 3808 2886 ha-

2182 2902 2317 2959 bens
2345 2921 2560 2973 manna,
2599 2915 2651 2960 et
2680 2908 2832 2979 virga
2862 2912 3041 2963 Aaron
3070 2927 3190 2979 quae
3222 2909 3570 2981 fronduerat,
3628 2926 3685 2971 et
3731 2926 3805 2973 ta-

2179 2997 2323 3053 bulae
2355 3002 2678 3066 testamenti,
2714 3011 2766 3057 et
2792 3021 2954 3076 super
2983 3005 3098 3059 haec
3128 3006 3598 3078 propitiatorium,
3643 3030 3807 3085 super

2106 3068 2156 3132 Ο
2185 3087 2327 3158 quod
2358 3088 2463 3142 duo
2495 3092 2674 3161 angeli
2723 3092 2812 3161 qui
2855 3068 3159 3149 .Cherubim
3216 3068 3563 3153 dicebantur.
3583 3068 3596 3078 ’
3624 3068 3732 3155 ΕΙ.ι
3752 3103 3803 3156 in

2182 3176 2350 3247 priori
2375 3177 2592 3248 quidem
2626 3181 2967 3235 tabernaculo
2998 3183 3235 3251 quotidie
3263 3187 3581 3243 sacerdotes
3598 3190 3803 3245 sacriﬁ-

2186 3264 2382 3320 cabant
2412 3281 2425 3335 ;
2460 3268 2513 3321 in
2542 3268 2778 3323 secundo
2805 3276 2982 3323 autem
3014 3271 3180 3325 semel
3242 3271 3298 3325 in
3358 3290 3505 3330 anno
3553 3294 3802 3334 summus

2184 3364 2428 3433 pontifex
2460 3366 2680 3420 vitulam
2707 3367 2879 3421 rutam
2916 3384 3013 3439 pro
3039 3369 3185 3423 omni
3217 3372 3425 3442 populo
3474 3373 3795 3433 immolabat

2183 3453 2337 3519 (Heb.
2370 3458 2470 3523 ix).
2504 3456 2618 3509 lloe
2652 3455 3052 3510 tabernaculum
3096 3459 3304 3529 Moyses
3351 3463 3605 3519 maximo
3651 3467 3793 3520 cultu

2184 3539 2470 3609 dedicavit,
2505 3551 2558 3597 et
2587 3560 2821 3597 annuam
2872 3546 3215 3601 festivitatem
3261 3551 3472 3620 populo
3525 3553 3787 3609 celebrari

2181 3630 2473 3684 constituit.
2506 3632 2569 3685 Et
2596 3632 2898 3687 Altissimus
2925 3651 3080 3688 suum
3131 3635 3540 3694 tabernaculum
3594 3645 3786 3697 sancti-

489 1912 688 1963 catum.
716 1908 812 1962 Cui
858 1910 1110 1967 videlicet
1152 1915 1303 1983 operi
1358 1922 1484 1971 tunc
1537 1918 1865 1987 praefuerunt
1916 1917 2079 1974 duces

489 1992 663 2063 plebis
690 1999 1059 2069 strenuissimi,
1093 2010 1151 2056 ut
1177 2002 1431 2068 diximus,
1464 2006 1759 2062 Zorobabel
1807 2008 1873 2062 de
1925 2008 2077 2079 regio

487 2106 687 2161 genere
718 2099 771 2147 et
797 2094 949 2150 Iesus
975 2099 1225 2153 sacerdos
1254 2116 1484 2171 magnus
1516 2121 1528 2157 :
1561 2102 1656 2157 sed
1703 2111 1755 2158 et
1802 2106 2078 2175 prophetae

487 2180 723 2250 Aggteus
742 2190 795 2236 et
820 2184 1102 2240 Zacharias
1130 2186 1448 2256 adjuvantes
1476 2206 1587 2259 eos,
1621 2199 1781 2261 atque
1822 2193 2079 2249 adversus

488 2266 711 2323 insidias
738 2271 969 2326 hostium
1001 2274 1409 2343 impedientium
1439 2294 1574 2346 opus
1602 2296 1696 2334 cor
1733 2281 1917 2352 populi
1963 2297 2081 2336 cor-

486 2364 804 2423 roborantes
832 2368 881 2435 (Ι
895 2371 1052 2425 Esdr.
1084 2387 1165 2437 in,
1199 2376 1275 2439 5).
1299 2373 1453 2429 Unde
1502 2383 1625 2443 post
1668 2392 1837 2432 annos
1885 2378 2077 2447 ferme,

487 2467 703 2519 cccnvr,
752 2472 847 2510 rex
878 2522 881 2523 ν
912 2458 1328 2515 nefandissimus
1401 2463 1714 2518 Graecorum
1787 2466 2078 2523 Antiochus

488 2539 676 2596 fraude
721 2552 877 2615 capta
932 2547 1263 2604 Hierusalem
1313 2552 1573 2621 templu'n
1626 2552 1768 2607 idem
1824 2556 2072 2612 sordibus

486 2627 750 2685 idolorum
782 2634 1107 2704 profanavit,
1132 2638 1381 2693 auferens
1409 2640 1532 2695 inde
1562 2649 1610 2695 et
1630 2642 1977 2716 conlringens
2001 2647 2077 2701 alo

487 2733 599 2782 tare
631 2728 843 2784 Domini
887 2748 1128 2799 aureum,
1188 2751 1429 2790 mensam
1481 2739 1882 2809 propositionis,
1939 2758 2073 2797 can-

484 2813 764 2873 delabrum
795 2819 1029 2887 luminis,
1060 2830 1114 2876 et
1138 2830 1329 2879 etatem
1358 2840 1486 2879 vasa
1517 2827 1702 2897 templi
1744 2844 1906 2884 aurea
1954 2847 2074 2900 quae

482 2903 728 2961 invenire
755 2909 962 2978 potuit;
991 2909 1082 2964 sed
1117 2919 1172 2966 et
1207 2912 1261 2966 in
1291 2914 1492 2982 templo
1534 2915 1681 2969 Jovis
1725 2917 2071 2975 simulacrum

480 3001 736 3063 statuens,
769 2998 1026 3069 populum
1050 3001 1327 3056 tormentis
1355 3002 1424 3058 ad
1460 3002 1867 3060 sacriﬁcandum
1915 3007 2073 3063 idolis

480 3097 702 3154 cogens.

555 3206 663 3263 Sed
717 3209 881 3265 Judas
933 3213 1293 3284 Machabaeus,
1352 3232 1473 3272 cum
1531 3226 1669 3274 esset
1734 3221 1801 3275 de
1874 3218 2076 3293 genere

479 3385 728 3440 Antiochi
757 3387 921 3443 duces
949 3406 1099 3445 arma
1156 3392 1468 3464 corripiens,
1526 3412 1727 3466 eosque
1777 3397 1845 3452 de
1891 3399 2076 3455 Judtea

480 3483 776 3552 expellens,
810 3488 1167 3557 persecutioni
1208 3491 1518 3547 saevissima}
1563 3492 1725 3549 ﬁnem
1772 3494 2071 3567 imposuit;

481 3584 545 3624 ac
576 3572 833 3639 templum
862 3574 931 3628 ab
961 3576 1225 3631 idolorum
1257 3579 1587 3652 imaginibus
1615 3585 1934 3655 emundans,
1980 3603 2075 3642 no-

478 3672 548 3711 va
575 3673 755 3713 rursus
780 3661 969 3717 altaria
997 3672 1265 3720 etcaatera
1311 3685 1439 3723 vasa
1495 3671 1579 3725 vel
1635 3682 1951 3728 ornamenta
1995 3675 2074 3730 fa-

478 3745 645 3811 ciens,
679 3755 838 3818 atque
867 3750 921 3803 in
948 3753 1149 3823 templo
1178 3770 1463 3825 reponens,
1493 3757 1758 3815 dedicavit
1796 3778 1860 3816 ea
1913 3764 2073 3818 simul

477 3848 600 3889 cum
630 3838 852 3906 templo,
885 3840 1029 3909 quod
1073 3843 1326 3914 purgavit
1381 3853 1433 3899 et
1485 3850 1767 3903 renovavit
1818 3850 2074 3907 vicesima

477 3932 664 4003 quinta
691 3933 779 3989 die
809 3938 1009 3991 mensis
1031 3939 1179 4004 noni,
1217 3939 1271 3993 id
1303 3949 1381 3996 est
1409 3942 1738 4012 Decembris,
1771 3954 1825 4001 et
1847 3949 1914 4002 ad
1951 3950 2073 4004 hie-

477 4036 622 4076 mem
652 4024 919 4093 pertinere
948 4026 1077 4081 nulli
1108 4027 1331 4083 dubium
1375 4039 1600 4087 constat.
1650 4035 1926 4106 Satuitque
1971 4038 2071 4092 de-

478 4116 702 4175 cretum,
734 4120 794 4167 ut
821 4114 1188 4184 praediximus,
1222 4119 1474 4174 omnibus
1503 4122 1658 4176 annis
1687 4123 1831 4179 diem
1889 4142 2071 4182 encae-

479 4212 711 4266 morum,
746 4200 801 4254 id
830 4209 910 4256 est
960 4203 1320 4261 innovationis
1363 4224 1427 4263 ac
1481 4208 1830 4268 dedicationis
1889 4215 2072 4285 templi

484 4284 621 4341 festa
647 4287 935 4346 devotione
960 4292 1220 4349 celebrari
1253 4296 1306 4366 (Ι
1331 4299 1545 4355 Macch.
1577 4300 1677 4370 iv).

2182 3722 2378 3792 ﬁcavit,
2414 3729 2628 3797 quando
2678 3729 2936 3800 Spiritum
2994 3739 3237 3787 sanctum
3294 3735 3537 3804 mittens,
3598 3739 3781 3795 Eccle-

2178 3814 2315 3868 siam
2356 3817 2647 3886 apeccatis
2676 3820 2945 3889 purgavit,
2999 3826 3053 3874 et
3106 3821 3274 3876 multa
3331 3824 3671 3881 charismata
3723 3844 3781 3883 ac

2180 3902 2458 3959 scientiam
2491 3906 2731 3960 omnium
2762 3907 3065 3980 linguarum
3094 3908 3142 3963 ei
3172 3908 3424 3968 donavit.
3478 3914 3776 3971 Secundum

2182 4002 2321 4055 hanc
2345 4000 2577 4057 formam
2609 4003 2941 4061 tabernaculi
2975 4006 3256 4075 Salomon,
3305 4017 3368 4065 ut
3422 4010 3633 4070 dictum
3684 4025 3772 4081 est,

2183 4090 2441 4161 templum
2468 4090 2784 4159 aedificavit.

2844 4231 3047 4284 thsio
3060 4271 3075 4286 .

2252 4346 2559 4418 Templum,
2585 4350 2728 4419 quod
2757 4367 2789 4406 a
2819 4352 3112 4409 Salomone
3141 4363 3348 4426 septem
3397 4359 3560 4415 annis
3602 4361 3779 4418 Hiero-

549 4408 767 4521 Onlnia,
831 4412 1020 4470 fratres
1075 4418 1395 4490 charissimi,
1456 4422 1596 4478 facta
1640 4425 1777 4496 legis
1835 4428 2066 4497 antiqua?
2094 4421 2149 4483 D
2179 4408 2405 4505 solymis
2424 4408 2737 4505 aediﬁcatur,
2771 4448 2851 4494 est
2881 4442 3137 4510 Ecclesia,
3174 4408 3277 4513 qua
3307 4461 3339 4500 a
3387 4464 3522 4504 vero
3561 4449 3778 4521 paciﬁca

476 4504 601 4551 sunt
628 4496 800 4570 ﬁgura
831 4501 966 4573 legis
994 4520 1172 4573 novae,
1206 4515 1259 4562 et
1287 4518 1505 4580 propter
1547 4528 1645 4567 vos
1691 4496 2070 4572 commendata

479 4587 776 4643 memorite.
810 4589 1068 4647 Salomon
1097 4593 1277 4664 itaque
1315 4597 1404 4666 qui
1460 4599 1680 4655 domum
1742 4602 1959 4657 Domini
2012 4605 2069 4659 in

475 4673 809 4731 Hierusalem
851 4687 1058 4748 septem
1116 4684 1271 4738 annis
1322 4685 1625 4754 aediﬁcavit,
1677 4698 1868 4746 octavo
1928 4709 2068 4749 anno

475 4771 593 4842 ipse
648 4780 702 4828 et
755 4772 849 4829 ﬁlii
909 4778 1073 4833 Israel
1128 4795 1246 4835 eam
1324 4783 1558 4839 Domino
1635 4786 2064 4847 dedicaverunt.

477 4858 624 4915 Fecit
696 4878 827 4935 ergo
903 4865 1164 4922 Salomon
1238 4869 1291 4923 in
1366 4871 1453 4926 die
1540 4873 1632 4929 illo
1725 4876 2065 4934 festivitatem

476 4948 764 5015 celebrem,
842 4960 896 5007 et
967 4954 1144 5009 omnis
1216 4958 1384 5013 Israel
1456 4976 1579 5015 cum
1652 4978 1718 5017 eo
1783 4966 2066 5023 multitudo

476 5052 697 5109 magna.
730 5040 797 5093 Et
818 5040 992 5096 oravit
1019 5058 1115 5096 rex
1143 5044 1209 5098 ad
1232 5046 1522 5102 Dominum
1545 5048 1753 5105 dicens:
1793 5054 2064 5123 «Exaudi,

477 5132 729 5203 Domine,
788 5138 1086 5195 orationem
1162 5158 1322 5211 quam
1389 5154 1505 5201 orat
1571 5164 1756 5203 servus
1819 5158 1939 5206 tuus
2011 5154 2066 5207 in

478 5219 598 5276 loco
627 5224 727 5278 isto
757 5234 813 5280 ut
853 5229 1112 5283 exaudias
1166 5232 1463 5288 orationem
1510 5237 1695 5306 populi
1750 5239 1823 5292 tui
1880 5242 2063 5309 Israel,

392 5306 399 5309 “
481 5309 835 5382 quodcunque
864 5317 1173 5373 oraveritin
1206 5320 1322 5375 loco
1371 5322 1493 5389 isto,
1539 5332 1593 5378 et
1644 5342 1767 5381 cum
1813 5329 2063 5397 audieris,

479 5403 745 5473 propitius
773 5408 895 5462 eris.
926 5411 1083 5479 Quod
1112 5414 1154 5467 si
1186 5418 1491 5484 peccaverit
1519 5420 1610 5474 tibi
1639 5422 1769 5490 (non
1798 5433 1877 5479 est
1920 5427 2064 5481 enim

480 5491 647 5545 homo
706 5494 795 5561 qui
827 5512 929 5548 non
963 5505 1190 5571 peccet),
1240 5506 1518 5575 egeritque
1565 5511 1954 5579 paenitentiam,
2015 5524 2067 5570 et

479 5579 715 5636 oraverit
739 5586 809 5645 te,
838 5586 1217 5653 propitiaberis
1246 5594 1446 5661 pepulo
1495 5602 1603 5664 tuo,
1654 5600 1779 5667 quia
1823 5605 2066 5671 peccavit

490 5673 586 5730 tibi
614 5674 719 5744 (III
741 5676 870 5746 Reg.
903 5680 1048 5745 vni).
1084 5700 1106 5728 υ
1157 5681 1409 5755 Dixitque
1454 5688 1717 5748 Dominus
1770 5697 1839 5750 ad
1892 5714 2014 5754 eum
2048 5717 2060 5756 :

2176 4523 2389 4578 Christo
2437 4540 2535 4593 per
2578 4535 2787 4595 septem
2837 4529 2980 4585 dona
3029 4532 3262 4602 Spiritus
3305 4537 3480 4589 sancti
3519 4537 3575 4590 in
3631 4540 3779 4594 etatis

2176 4611 2487 4666 collocatur.
2522 4613 2678 4682 Quod
2734 4632 2801 4669 ex
2852 4617 3143 4687 lapidibus,
3205 4628 3259 4674 et
3312 4622 3490 4678 cedris
3539 4635 3595 4680 et
3652 4644 3778 4683 auro

2177 4709 2499 4763 construitur
2529 4711 2627 4777 (Il!
2653 4713 2784 4782 Reg.
2824 4714 2966 4784 viti),
3001 4715 3125 4785 quia
3157 4733 3223 4771 ex
3264 4718 3433 4773 tribus
3476 4722 3774 4791 ordinibus,

2174 4796 2379 4850 scilicet
2406 4813 2474 4850 ex
2504 4798 2830 4871 conjugatis,
2862 4819 2928 4855 ex
2957 4804 3357 4861 continentibus
3412 4816 3467 4863 et
3523 4826 3593 4864 ex
3654 4829 3779 4868 con-

2176 4885 2506 4955 templativis
2561 4888 2779 4943 caeleste
2859 4889 3145 4946 aediﬁcium
3202 4894 3460 4966 erigitur.
3542 4897 3779 4970 Lepidm

2173 4982 2302 5036 secti
2332 4990 2457 5037 sunt
2483 5000 2579 5053 per
2609 4986 2977 5055 paenitentiam
3006 4989 3074 5043 ad
3096 4992 3235 5046 hanc
3255 5000 3575 5050 structuram
3599 4998 3774 5054 electi.

2178 5070 2339 5125 l’orro
2370 5071 2614 5139 quadrati
2671 5081 2794 5127 sunt
2846 5084 3074 5144 quatuor
3128 5080 3436 5146 virtutibus,
3492 5085 3775 5154 pmdentia

2174 5158 2441 5225 videlicet,
2474 5160 2801 5230 fortitudine,
2827 5163 3033 5233 justitia
3059 5173 3112 5220 et
3142 5171 3516 5238 temperantia,
3545 5173 3621 5227 ad
3678 5178 3778 5232 hoc

2172 5253 2458 5309 aedilicium
2489 5258 2794 5327 przeparati.
2829 5260 2890 5312 In
2919 5267 3110 5317 octavo
3144 5272 3325 5319 autem
3358 5281 3501 5320 anno
3531 5268 3776 5325 aditia-

2174 5342 2330 5397 tionis
2362 5344 2545 5428 teinpli
2590 5346 2732 5400 facta
2783 5354 2863 5402 est
2909 5348 3265 5406 dedicationis
3321 5354 3605 5423 festivitas,
3655 5361 3776 5429 quia

2173 5438 2294 5500 post
2323 5412 2535 5500 tempus
2563 5433 2723 5502 hujus
2751 5435 2893 5498 vitae,
2927 5438 3072 5505 quod
3103 5447 3310 5510 septem
3358 5442 3551 5497 diebus

2173 5527 2226 5575 et
2254 5537 2352 5591 per
2405 5529 2612 5591 septem
2665 5539 2833 5577 annos
2889 5525 3222 5598 designatur,
3281 5530 3522 5599 sequitur
3559 5549 3772 5591 summa

2174 5618 2437 5673 festivitas
2464 5635 2710 5688 superna:
2736 5622 3092 5692 Hierusalem,
3137 5642 3258 5695 qum
3303 5628 3669 5688 celebrabitur
3718 5637 3769 5689 in

2175 5711 2366 5762 octavo
2396 5722 2560 5773 anno,
2596 5706 2648 5762 id
2678 5715 2756 5764 est
2783 5708 2836 5763 in
2868 5708 3043 5767 futura
3071 5715 3481 5772 resurrectione.
3522 5718 3592 5772 Et
3638 5722 3773 5779 sicut
