4008 6092
283 175 415 230 ΙΞ49

1169 163 1751 222 DEFLORATIONES
1790 163 1894 218 SS.
1942 150 2241 216 PATRUM.
2272 190 2342 200 --
2370 152 2496 213 LIB.
2539 148 2609 212 ῙΙ.

3433 157 3569 212 1250

272 297 492 367 antiqua
523 293 789 350 festivitas
819 288 1189 364 praesignahat
1227 287 1425 341 festum
1464 289 1665 336 nostrae
1710 276 1864 332 dedi-

1983 277 2120 331 cinis
2153 278 2428 333 memoriae
2455 278 2776 334 conditionis
2805 287 2858 335 et
2888 289 3230 350 peccatorum
3257 299 3270 347 ;
3294 296 3400 335 non
3433 280 3569 335 dee-

267 386 516 449 cationis,
556 385 627 436 ita
652 385 765 438 haec
797 390 984 436 nostra
1013 376 1284 433 dedicatio
1331 382 1494 443 typus
1541 377 1596 424 et
1636 382 1863 422 summae

269 482 321 528 et
351 483 574 529 aeterna:
604 470 909 525 festivitatis
941 488 952 523 :
999 467 1086 521 ubi
1119 464 1300 518 animo
1341 471 1620 515 teneamus
1650 471 1863 510 memo-

269 571 404 624 riam
433 569 622 622 futurae
670 562 1101 621 resurrectionis.
1161 562 1287 614 Haec
1343 564 1467 611 sunt
1502 564 1610 608 tres
1640 552 1863 606 dedica-

269 659 445 713 tiones
483 675 495 711 :
534 655 706 710 Prima
748 654 1024 725 siquidem
1063 646 1414 712 Salomonis;
1470 643 1729 707 secunda,
1761 655 1866 694 no-

270 755 400 801 stra;
421 743 761 805 festivitatis;
789 743 952 796 tertia
983 740 1180 794 futura
1226 733 1669 790 resurrectionis.
1710 728 1868 797 Quod

271 844 531 915 templum
563 842 632 896 ab
655 841 899 898 hostibus
928 840 1225 902 incensum,
1260 834 1359 888 sed
1390 845 1604 887 rursum
1635 827 1866 882 Domino

271 934 561 988 miserante
582 933 942 994 construitur,
969 936 1020 982 et
1042 924 1399 996 quadraginta
1422 929 1473 975 et
1488 936 1590 974 sex
1607 915 1764 971 annis
1783 931 1869 970 re—

271 1021 572 1077 cediticatur
601 1021 651 1089 (I
678 1019 838 1074 Esdr.
877 1017 978 1088 tu),
1011 1014 1320 1086 specialiter
1340 1009 1556 1080 respicit
1589 1007 1657 1060 ad
1686 1003 1868 1075 signi-

271 1111 580 1167 ﬁcationem
613 1107 884 1162 Dominici
933 1104 1199 1175 corporis,
1242 1101 1386 1172 quod
1417 1101 1483 1153 de
1534 1096 1757 1168 Virgine
1785 1108 1870 1146 as-

272 1198 527 1269 sumpsit.
558 1199 698 1252 Nam
729 1196 868 1251 sicut
925 1193 1290 1266 quadraginta
1345 1197 1398 1243 et
1445 1203 1540 1241 sex
1586 1183 1744 1238 annis
1789 1188 1873 1236 est

274 1289 542 1360 templum
572 1284 924 1351 mdiﬁcalum,
978 1283 1053 1337 ita
1099 1295 1298 1351 corpus
1345 1275 1685 1332 Dominicum
1717 1271 1874 1327 tertia

272 1386 379 1451 die,
413 1401 442 1437 a
473 1399 580 1456 quo
602 1381 859 1453 prefatus
893 1395 1148 1434 numerus
1187 1375 1448 1447 assurgit,
1500 1372 1570 1427 ad
1603 1371 1759 1426 vitam
1791 1375 1876 1423 est

277 1473 684 1529 resuscitatum.
724 1501 792 1511 -
823 1469 1017 1524 Fertur
1064 1467 1208 1522 enim
1254 1465 1398 1537 quod
1428 1463 1722 1516 humanum
1742 1473 1872 1514 cor-

267 1579 370 1634 pus
400 1560 828 1634 quadragesimo
858 1566 1017 1613 sexto
1067 1555 1156 1611 die
1211 1562 1336 1625 post
1364 1548 1739 1620 conceptionis
1764 1545 1871 1600 ini-

272 1661 402 1715 tium
437 1661 702 1714 formetur
732 1657 784 1711 in
815 1654 1219 1711 distinetionem
1267 1651 1660 1713 membrorum,
1691 1646 1768 1700 ita
1796 1660 1862 1700 eo
1891 1626 1944 1686 Β

265 1765 494 1804 numero
517 1763 778 1802 annorum
810 1744 1070 1816 templum
1102 1757 1317 1814 quoque
1347 1748 1429 1794 est
1474 1735 1862 1792 reaedificatum

263 1856 363 1910 per
380 1839 563 1892 Jesum
593 1835 960 1896 sacerdotem.
986 1833 1077 1904 qui
1110 1831 1379 1903 populum
1401 1828 1545 1882 ducit
1567 1843 1597 1879 a
1629 1823 1860 1894 captivi-

271 1937 378 1983 tate
407 1925 762 1996 Babylonica.
803 1923 902 1978 Hic
930 1924 1088 1977 Jesus
1115 1929 1197 1976 est
1227 1935 1386 1974 verus
1415 1919 1572 1971 Jesus
1600 1911 1861 1969 sacerdos

259 2032 517 2087 magnus,
551 2014 641 2085 qui
675 2013 1035 2068 Christianum
1074 2009 1334 2080 populum
1378 2003 1581 2061 reducit
1624 2019 1655 2056 a
1685 2000 1858 2072 capti-

260 2114 425 2170 vitate
455 2112 751 2168 diabolica.
793 2110 899 2180 Qui
932 2108 1192 2179 templum
1223 2104 1537 2169 remdificat,
1589 2101 1716 2173 quia
1743 2100 1860 2154 rui-

260 2219 389 2257 nam
419 2203 474 2256 in
505 2201 662 2258 caelis
688 2217 787 2271 per
817 2199 1067 2255 homines
1086 2202 1381 2252 restaurat.
1411 2190 1787 2262 Quadraginta
1807 2192 1862 2245 et

262 2308 358 2347 sex
386 2291 545 2346 annis
569 2289 724 2360 operi
746 2287 907 2357 hujus
930 2285 1118 2356 templi
1148 2285 1366 2350 institit,
1402 2284 1528 2354 quia
1558 2295 1748 2336 omnes
1769 2277 1861 2350 qui

261 2387 454 2444 decem
483 2395 759 2459 praecepta
786 2384 926 2456 legis
954 2400 1052 2454 per
1073 2390 1308 2454 quatuor
1333 2378 1656 2450 Evangelia,
1690 2384 1742 2432 et
1762 2391 1861 2446 per

259 2492 360 2532 sex
389 2493 556 2547 opera
586 2473 978 2530 misericordia:
1025 2471 1346 2543 implebunt,
1398 2468 1454 2522 in
1502 2469 1607 2522 hoc
1637 2464 1860 2522 caeleste

263 2564 556 2623 adiﬁcium
585 2563 834 2619 tendunt.

331 2665 486 2735 Quod
507 2673 686 2720 autem
717 2663 862 2718 idem
891 2661 1151 2732 templum
1181 2659 1248 2714 ab
1277 2655 1582 2713 idololatris
1612 2651 1863 2726 coinqui-

262 2755 578 2821 natu'n,sed
603 2754 734 2824 perJ
743 2753 901 2806 udam
926 2749 1298 2806 Macbabeeum
1315 2754 1624 2818 purgatum,
1649 2744 1865 2799 dedica.

260 2853 390 2908 tum,
407 2853 459 2898 et
471 2843 650 2898 aureis
666 2840 882 2898 coronis
899 2839 1201 2908 ornatum(l
1220 2838 1500 2905 .lfatthnv)
1518 2834 1690 2890 varios
1703 2848 1864 2888 casus

263 2941 527 2998 Ecclesia:
548 2940 802 3003 insinuat,
836 2954 955 3010 quae
987 2952 1130 2991 nunc
1161 2933 1634 3006 persecutionibus
1655 2930 1863 3001 premi-

267 3039 372 3094 tur,
398 3046 539 3084 nunc
557 3045 586 3082 a
597 3026 1066 3099 persecutionibus
1087 3025 1350 3078 liberatur
1369 3041 1382 3076 :
1398 3031 1452 3077 et
1471 3022 1524 3074 in
1544 3021 1632 3073 illa
1648 3020 1858 3074 libera-

269 3119 414 3173 tione
444 3119 596 3189 quasi
615 3118 672 3170 in
690 3115 1032 3171 dedicatione
1045 3112 1338 3184 tranquilla
1354 3110 1616 3165 servitute
1629 3107 1860 3162 Domino

264 3217 570 3272 famulatur.
602 3217 744 3271 Ecce
775 3213 1017 3270 secunda
1046 3210 1345 3267 dedicatio.
1377 3208 1663 3264 Festivitas
1684 3214 1862 3261 autem

267 3306 441 3361 tertiae
464 3304 822 3360 dedicationis
873 3311 1002 3358 tunc
1044 3301 1164 3366 erit,
1199 3298 1416 3372 quando
1444 3299 1500 3352 in
1538 3297 1645 3351 fine
1675 3285 1866 3350 mundi

266 3411 526 3450 numerus
555 3394 855 3449 electorum
886 3390 1048 3446 fuerit
1079 3389 1349 3460 expletus,
1381 3397 1433 3442 et
1471 3393 1592 3456 post
1621 3397 1862 3455 genera-

267 3491 371 3547 lem
406 3491 864 3546 resurrectionem
891 3487 1134 3544 omnium
1183 3485 1428 3556 sequitur
1459 3481 1719 3538 festivitas
1754 3478 1860 3533 im-

267 3581 607 3637 mortalitatis
637 3588 876 3634 teternze.
907 3579 1030 3633 Mox
1053 3591 1246 3631 omnes
1267 3573 1358 3644 qui
1390 3572 1458 3625 ad
1491 3568 1702 3641 paciﬁci
1718 3568 1862 3639 regis

265 3672 402 3736 veri,
436 3669 641 3725 scilicet
685 3667 994 3723 Salomonis
1042 3664 1310 3736 pertinent
1358 3675 1612 3732 regnum,
1645 3673 1766 3713 cum
1797 3672 1862 3711 eo

266 3769 462 3840 gaudia
485 3768 670 3838 pati-im
701 3767 938 3823 caelestis
969 3764 1268 3819 intrabunt.
1312 3763 1457 3816 Ecce
1506 3758 1664 3814 tertia
1702 3755 1862 3811 dedi-

269 3858 430 3913 catio.

345 3957 541 4012 Verum
571 3955 698 4028 quia
727 3955 794 4010 de
825 3951 1086 4026 mysterio
1141 3948 1392 4024 quaedam
1443 3943 1862 4017 perstrinximus

273 4045 642 4108 dedicationis,
676 4061 822 4100 nunc
851 4045 1192 4098 attendamus
1244 4047 1298 4094 et
1338 4037 1561 4092 modum
1614 4033 1863 4104 ejusdem

272 4143 611 4199 festivitatis.
650 4142 756 4198 Sed
786 4141 913 4213 quia
950 4137 1164 4210 singula
1194 4151 1313 4207 quae
1342 4134 1396 4187 in
1444 4128 1864 4187 consecratione

274 4233 408 4287 fiunt
437 4232 660 4303 longum
690 4238 772 4284 est
797 4243 1137 4294 enumerare,
1170 4239 1337 4279 unum
1366 4222 1434 4275 de
1463 4219 1575 4272 illis
1625 4215 1865 4272 breviter

276 4346 629 4400 exponamus,
680 4335 739 4381 ut
795 4326 850 4380 in
904 4324 1023 4379 aliis
1081 4321 1328 4377 similiter
1373 4315 1648 4371 interioris
1676 4311 1865 4383 templi

274 4419 444 4474 nostri
477 4417 751 4472 mundatio
802 4414 1160 4483 intelligatur.
1207 4404 1581 4479 Aspergendis
1621 4402 1865 4472 postibus

275 4507 522 4564 ecclesiae
552 4505 810 4560 miscetur
839 4502 920 4558 sal
946 4510 1003 4557 et
1029 4499 1185 4566 cinis,
1219 4511 1362 4568 aqua
1390 4504 1440 4549 et
1471 4494 1695 4558 vinum;
1728 4491 1863 4561 hys-

275 4621 410 4676 sopo
440 4613 622 4660 autem
651 4609 1042 4675 asperguntur.
1082 4599 1212 4653 Haec
1242 4611 1350 4650 non
1382 4599 1564 4647 essent
1591 4598 1743 4645 tanta
1770 4588 1866 4644 ob-

273 4702 489 4750 servata
518 4693 820 4766 diligentia,
851 4689 953 4744 nisi
984 4686 1186 4759 aliquid
1231 4682 1478 4738 utilitatis
1510 4679 1854 4736 conferrent.

273 4783 348 4839 Sit
380 4799 513 4856 ergo
543 4783 622 4837 sal
670 4781 725 4836 in
766 4779 944 4845 nobis,
995 4777 1052 4832 id
1101 4783 1183 4831 est
1239 4771 1480 4828 acritudo
1509 4767 1861 4840 pmnitentiae,

273 4899 394 4955 quae
454 4881 793 4954 putredinem
839 4884 1187 4950 peccatorum
1229 4877 1532 4935 consumat,
1576 4865 1864 4938 integrita-

274 4953 380 5028 tem
411 4953 669 5029 virtutum
699 4968 1074 5037 incorruptam
1104 4968 1418 5019 conservet.
1449 4959 1566 5013 Hoc
1588 4965 1765 5011 tamen
1787 4953 1866 5009 sal

272 5086 384 5126 non
411 5069 605 5124 sufﬁcit
632 5067 740 5122 nisi
771 5065 1004 5122 addatur
1031 5060 1196 5128 cinis,
1229 5059 1284 5113 id
1329 5065 1414 5113 cst
1439 5054 1706 5111 memoria
1746 5060 1865 5108 ter-

273 5183 420 5224 rente
449 5165 776 5222 conditionis
799 5163 886 5219 vel
911 5157 1305 5217 recordationis
1320 5161 1687 5226 peccatorum.
1708 5149 1866 5206 Unde

274 5255 406 5312 dicit
436 5256 721 5310 Psalmista
753 5269 766 5308 :
803 5275 826 5301 «ι
864 5253 1150 5305 Peccatum
1211 5261 1391 5300 meum
1452 5251 1640 5298 contra
1670 5256 1758 5295 me
1785 5246 1868 5294 est

275 5361 495 5415 semper
525 5344 711 5415 (Psal.
737 5345 798 5412 ι).
836 5364 856 5389 ι)
905 5341 974 5394 Et
1013 5339 1208 5393 iterum
1242 5353 1256 5390 :
1293 5357 1315 5382 α
1351 5332 1616 5402 Reliquiae
1655 5330 1867 5402 cogita-

275 5442 462 5508 tionis,
499 5465 522 5490 υ
557 5442 612 5496 id
641 5449 724 5496 est
752 5446 1101 5511 peccatorum
1135 5454 1157 5486 ι
1193 5433 1337 5488 diem
1369 5431 1564 5485 festum
1594 5427 1868 5500 agenttibi

282 5543 451 5613 (Psal.
481 5541 666 5611 Lxxv).
690 5565 710 5586 ι
748 5538 854 5592 Iste
883 5535 1020 5592 cinis
1051 5536 1234 5588 movet
1263 5545 1461 5602 aquam
1485 5528 1868 5597 lacrymarum.

280 5631 402 5689 Tibi
431 5639 616 5688 autem
657 5630 776 5687 haec
805 5627 911 5683 tria
936 5631 1078 5694 sunt,
1121 5620 1374 5682 videlicet
1407 5617 1486 5674 sal
1515 5615 1868 5689 poenitentiae,

1973 365 2042 418 rit
2069 368 2232 420 etiam
2287 367 2472 420 viuum
2528 368 2826 437 spirituale,
2862 387 2969 441 quo
3016 369 3433 424 inebriabuntur
3474 367 3569 422 filii

1974 454 2251 509 hominum
2295 457 2362 508 ab
2404 456 2651 510 ubertate
2701 458 2895 512 domu;
2947 459 3048 512 Dei
3105 460 3281 528 (Paul.
3328 459 3482 527 xxv),
3515 463 3573 511 ut

1973 551 2105 605 nihil
2127 561 2322 622 praeter
2350 569 2472 608 eum
2503 555 2810 609 desiderent
2841 565 2893 609 et
2923 556 3144 612 dicant:
3183 580 3205 604 «ι
3251 555 3395 624 Quid
3440 561 3572 614 mihi

1974 648 2058 695 est
2086 640 2142 693 in
2170 642 2328 708 caelo,
2360 651 2412 697 et
2447 658 2478 697 a
2509 652 2558 697 te
2585 644 2713 713 quid
2749 645 2893 699 volui
2925 661 3093 715 super
3124 655 3326 702 terram
3346 649 3373 701 εν
3395 651 3568 717 (Psal.

1975 731 2176 796 Lxxn.)
2210 753 2231 777 η
2267 731 2518 802 HyssOpo
2550 731 2868 787 humilitatis
2897 736 3238 806 aspergenda
3297 746 3422 792 sunt
3451 755 3576 794 om-

1975 826 2065 880 nia
2086 827 2206 881 ista.
2232 826 2336 895 Qui
2358 827 2499 882 enim
2521 829 2750 885 virtutes
2770 830 2884 886 sine
2912 831 3225 888 humilitate
3244 845 3572 909 congregat,

1975 914 2135 986 quasi
2157 915 2440 984 pulverem
2463 917 2517 970 in
2539 927 2756 973 ventum
2777 928 2979 989 portat.
3011 921 3247 978 Adhanc
3276 939 3578 982 consecra-

1977 1007 2178 1058 tionem
2225 1005 2511 1070 Ecclesize,
2570 1006 2626 1060 id
2681 1015 2762 1061 est
2817 1010 3003 1063 matris
3058 1019 3256 1066 nostrae
3285 1028 3438 1069 ornes
3477 1013 3573 1070 ﬁlii

1977 1100 2111 1168 ejus,
2153 1100 2207 1154 id
2247 1109 2327 1156 est
2368 1100 2556 1156 fideles
2611 1103 2810 1158 debent
2856 1106 3150 1162 convenire
3191 1117 3243 1163 et
3282 1109 3476 1181 laetari,
3517 1119 3573 1168 et

1979 1188 2393 1245 sanctificationi
2423 1191 2616 1245 matris
2647 1208 2758 1247 suae
2806 1195 3163 1266 aggratulari.
3214 1198 3321 1252 Sed
3351 1200 3476 1271 quia
3502 1201 3573 1258 de

1980 1277 2163 1332 multis
2191 1280 2430 1349 partibus
2463 1279 2678 1334 veniunt
2708 1280 2823 1348 ﬁlii,
2857 1293 2911 1337 et
2941 1285 3109 1338 multo
3156 1285 3342 1342 labore
3371 1304 3572 1345 occur-

1981 1383 2102 1429 runt
2130 1375 2304 1440 matri,
2335 1377 2404 1431 de
2433 1386 2580 1431 tanta
2613 1378 2900 1433 festivitate
2917 1395 3028 1434 non
3055 1381 3258 1437 debent
3285 1383 3570 1443 discedere

1980 1470 2380 1526 irremunerati.
2415 1473 2684 1527 Statutum
2717 1482 2798 1528 est
2842 1474 2987 1528 enim
3017 1491 3050 1530 a
3079 1479 3282 1533 sanctis
3324 1481 3570 1538 Patribus

1980 1559 2123 1630 quod
2153 1560 2208 1613 in
2231 1561 2571 1616 dedicatione
2591 1569 2792 1617 sanctae
2812 1563 3056 1620 ecclesia:
3087 1564 3178 1620 fiat
3204 1569 3359 1623 venia
3379 1585 3573 1638 pecca-

1977 1656 2154 1702 torum
2190 1656 2265 1716 ut,
2299 1664 2422 1704 cum
2455 1649 2576 1703 aliis
2605 1651 2941 1720 temporibus
2972 1653 3041 1706 sit
3071 1653 3126 1707 in
3155 1670 3222 1710 ea
3241 1657 3570 1714 ablutiocri-

1971 1745 2181 1800 minum
2213 1763 2311 1816 per
2343 1747 2690 1816 baptismum,
2749 1747 2803 1801 in
2861 1748 3149 1807 festivitate
3181 1752 3302 1824 ejus
3330 1756 3570 1813 sentiant

1970 1833 2152 1905 potius
2177 1836 2361 1889 matris
2393 1852 2493 1906 per
2520 1836 2800 1891 orationes
2829 1838 3108 1894 auxilium.

2043 1931 2151 1987 Sed
2179 1947 2298 1986 cum
2331 1932 2510 1997 vobis,
2565 1931 2764 1988 fratres
2819 1933 3146 2002 charissimi,
3194 1938 3353 1994 venia
3382 1958 3446 1997 ex
3478 1941 3566 1999 la-

1971 2020 2101 2075 bore
2132 2027 2184 2075 et
2213 2022 2676 2093 congratulatione
2705 2023 2873 2093 hujus
2894 2023 3250 2082 solemnitatis
3272 2027 3561 2099 debeatur,

1970 2116 2152 2164 tamen
2181 2111 2318 2165 scire
2347 2110 2559 2166 debetis
2588 2111 2711 2183 quia
2743 2128 2848 2166 non
2895 2113 3153 2184 quaelibet
3201 2127 3424 2187 peccata
3457 2137 3560 2177 vo-

1969 2206 2055 2261 bis
2084 2207 2172 2263 hic
2203 2207 2532 2276 relaxantur,
2567 2209 2666 2264 sed
2705 2207 2797 2262 illa
2826 2217 3034 2265 tantum
3079 2211 3148 2268 de
3199 2214 3396 2284 quibus
3426 2232 3563 2272 con-

1968 2304 2100 2360 fessi
2129 2305 2262 2360 estis
2282 2314 2332 2360 et
2361 2304 2586 2377 dignam
2629 2305 2995 2376 paenitentiam
3025 2309 3235 2380 egistis,
3268 2311 3337 2368 de
3367 2313 3563 2370 talibus

1968 2399 2364 2472 indulgentiam
2395 2401 2825 2471 consequamini.
2860 2402 2917 2458 Si
2947 2403 3092 2459 enim
3123 2405 3246 2476 quis
3284 2407 3397 2464 vult
3425 2426 3560 2480 pec-

1969 2498 2210 2546 catorum
2240 2489 2344 2544 sibi
2373 2490 2563 2560 culpas
2591 2490 2850 2559 relaxari,
2886 2490 2933 2546 si
2963 2493 3075 2548 vult
3105 2494 3209 2549 sibi
3233 2497 3456 2553 vulnera
3474 2515 3564 2555 sa-

1968 2594 2123 2644 nare,
2157 2593 2270 2632 non
2297 2577 2460 2632 debet
2489 2593 2554 2633 ea
2581 2579 2856 2634 medicum
2884 2579 3086 2636 celare.
3118 2582 3273 2638 Prius
3303 2585 3448 2642 enim
3465 2589 3563 2644 de-

1970 2676 2062 2730 bet
2085 2681 2435 2747 peccatorum
2465 2675 2688 2746 culpam
2714 2692 3139 2750 recognoscere.
3165 2691 3352 2750 postea
3372 2692 3554 2740 osten-

1970 2765 2124 2830 dere,
2151 2764 2348 2820 deinde
2379 2765 2482 2818 sibi
2513 2764 2837 2820 medicinam
2881 2782 3124 2840 erogare.
3164 2769 3318 2825 Prius
3361 2773 3507 2829 dicat
3538 2792 3552 2829 :

1977 2877 1998 2902 α
2036 2853 2304 2922 Quoniam
2327 2853 2664 2924 iniquitatem
2696 2869 2875 2908 meam
2905 2871 3010 2926 ego
3027 2872 3284 2926 agnosco,
3315 2881 3336 2907 η
3361 2860 3558 2920 deinde

1972 2949 2300 3020 subjungat:
2339 2970 2359 2996 ιι
2397 2947 2662 3003 Delictum
2699 2964 2878 3003 meum
2927 2951 3200 3020 cognitum
3246 2954 3341 3008 tibi
3371 2955 3494 3026 feci,
3528 2980 3550 3008 ι

1970 3037 2039 3092 ad
2070 3037 2315 3092 ultimum
2354 3037 2518 3091 addat
2551 3051 2565 3090 :
2603 3059 2626 3084 α
2661 3038 2921 3093 Miserere
2964 3039 3088 3107 mei,
3130 3041 3381 3108 Domine,
3414 3064 3555 3118 quo-

1970 3135 2119 3190 niam
2151 3133 2396 3189 infirmus
2418 3151 2538 3189 sum
2570 3134 2762 3204 (Psal.
2792 3150 2882 3201 vx;
2918 3137 2990 3205 1.).
3021 3138 3180 3193 n'l‘ali
3207 3156 3402 3213 nempe
3419 3159 3556 3200 con-

1972 3233 2211 3290 fessione
2241 3233 2326 3290 vel
2352 3232 2688 3304 poenitentia,
2713 3244 3052 3303 promeretur
3089 3247 3440 3308 peccatorum
3469 3242 3558 3298 in-

1971 3322 2275 3394 dulgentia.

2040 3412 2198 3466 Nunc
2254 3410 2439 3483 igitur,
2474 3411 2687 3482 fratres,
2739 3413 3035 3486 recogitate
3067 3423 3119 3470 et
3148 3415 3338 3473 discite
3368 3417 3421 3474 in
3451 3420 3557 3481 hoc

1969 3504 2317 3556 sacramento
2342 3501 2702 3556 dedicationis
2733 3511 2930 3573 quanta
2959 3505 3262 3560 reverentia
3300 3507 3560 3566 debeatur

1971 3589 2280 3644 sanctuario
2312 3597 2506 3645 vestrae
2537 3591 2751 3645 matris.
2791 3591 2890 3646 Hic
2918 3592 3062 3646 enim
3093 3609 3195 3663 per
3225 3595 3423 3652 undam
3453 3599 3556 3656 ba-

1970 3684 2171 3755 ptismi,
2204 3683 2497 3739 abluuntur
2527 3695 2788 3756 peccata;
2825 3687 2911 3743 hic
2940 3699 3332 3746 consecrantur
3359 3694 3552 3752 Domi-

1969 3773 2078 3828 nici
2109 3774 2354 3844 corporis
2369 3783 2422 3829 et
2437 3775 2722 3846 sanguinis
2739 3784 3085 3831 sacramenta
3109 3795 3124 3842 ;
3147 3779 3234 3834 hic
3260 3780 3559 3840 funduntur

1972 3873 2044 3927 ad
2076 3874 2367 3928 Dominum
2397 3875 2700 3942 orationes;
2745 3874 2832 3929 hic
2861 3874 3115 3929 dicuntur
3141 3878 3515 3937 confessiones
3541 3897 3554 3953 ;

1970 3961 2058 4016 hic
2087 3960 2219 4016 ﬁunt
2247 3963 2734 4019 reconciliationes.
2792 3964 2919 4017 Haec
2944 3971 3026 4017 est
3056 3963 3250 4020 domus
3280 3967 3416 4032 Dei;
3441 3971 3558 4029 hinc

1973 4067 2055 4114 est
2085 4068 2239 4130 porta
2282 4059 2429 4125 coeli,
2480 4075 2578 4129 per
2616 4060 2752 4113 hanc
2801 4058 3115 4115 ascenditur
3154 4062 3220 4115 ad
3265 4081 3558 4136 supernam

1972 4155 2286 4220 Jerusalem,
2339 4172 2460 4228 quae
2503 4163 2586 4211 est
2626 4156 2793 4212 libera
2815 4166 2982 4212 mater
3018 4167 3218 4214 nostra.
3244 4163 3483 4235 Purgate
3509 4166 3564 4223 in

1975 4261 2038 4300 ea
2068 4245 2308 4301 maculas
2338 4255 2567 4312 vestras,
2601 4254 2655 4300 ut
2686 4246 2900 4318 purgati
2921 4248 3210 4318 pervenire
3240 4254 3463 4322 possitis
3491 4257 3563 4314 ad

1895 4341 1947 4400 D
1979 4343 2193 4416 regales
2221 4344 2458 4415 nuptias,
2489 4352 2778 4415 prmstante
2805 4353 2855 4400 et
2883 4346 3170 4414 adjuvante
3201 4349 3430 4409 Domino
3459 4371 3565 4411 no-

1973 4442 2084 4488 stro
2114 4433 2240 4488 Jesu
2265 4433 2497 4494 Christo.
2530 4433 2620 4504 qui
2650 4450 2772 4488 cum
2824 4435 2986 4490 Patre
3035 4445 3087 4491 et
3142 4437 3342 4508 Spiritu
3371 4453 3562 4500 sancto

1972 4521 2103 4577 vivit
2134 4531 2193 4577 et
2220 4531 2420 4593 regnat
2448 4523 2616 4588 Deus,
2641 4538 2736 4593 per
2763 4524 2944 4579 omnia
2973 4526 3171 4581 saecula
3200 4529 3556 4590 saeculorum.

1973 4613 2171 4666 Amen.

2655 4683 2890 4740 SERMO

2095 4786 2154 4825 1N
2193 4785 2572 4827 DEDICATIONE
2611 4786 2848 4828 ALTARIS
2887 4789 3119 4829 PROPR!!!
3160 4791 3454 4834 DICENDUS.

2046 4877 2300 4949 Antiqua
2330 4877 2610 4948 religionis
2658 4888 3002 4934 sacrosancta
3031 4889 3085 4936 et
3114 4884 3442 4939 venerabilis
3463 4886 3566 4942 hoc

1973 4966 2161 5022 habuit
2192 4967 2432 5033 traditio,
2468 4975 2520 5022 ut
2549 4966 2742 5022 altaria
2770 4967 3166 5024 aediticarentur
3194 4980 3246 5026 et
3271 4987 3566 5031 consecra-

1975 5064 2164 5110 rentur
2184 5056 2434 5111 Domino.
2468 5055 2584 5111 Hoc
2615 5055 2762 5110 enim
2785 5064 2838 5112 et
2865 5057 3164 5126 Abraham,
3198 5069 3250 5116 et
3277 5061 3395 5132 ipse
3425 5065 3564 5138 legis

1983 5153 2226 5224 Moyses,
2257 5161 2311 5208 et
2330 5152 2422 5207 alii
2451 5153 2625 5208 sancti
2649 5153 2754 5207 viri
2781 5156 3036 5226 exemplo
3049 5164 3102 5211 et
3119 5159 3438 5216 auctoritate
3467 5178 3566 5221 sua

1976 5241 2082 5297 hoc
2113 5240 2165 5295 in
2196 5241 2404 5297 cunctis
2431 5242 2872 5314 generationibus
2908 5245 3110 5299 nostris
3155 5245 3562 5308 observandum

1978 5331 2333 5402 reliquerunt.
2369 5331 2501 5385 Haec
2520 5331 2785 5402 siquidem
2810 5332 2994 5387 altaris
3015 5334 3284 5392 dedicatio
3305 5339 3566 5413 prwﬁgu-

1978 5439 2093 5483 rata
2132 5428 2229 5482 fuit
2258 5436 2309 5482 et
2330 5428 2498 5484 Jacob
2545 5429 2876 5500 temporibus
2923 5429 3018 5486 filii
3066 5433 3238 5489 Isaac.
3270 5436 3409 5490 Nam
3441 5452 3564 5492 cum

1979 5517 2169 5572 relicto
2198 5525 2423 5587 parente
2453 5516 2670 5589 fugiens
2699 5518 2922 5574 fratrem
2952 5537 3108 5576 suum
3158 5523 3316 5588 Esau,
3351 5525 3564 5595 iretque

1981 5613 2051 5670 ad
2079 5613 2262 5670 Laban
2294 5614 2558 5686 petiturus
2587 5629 2834 5685 uxorem,
2867 5613 2923 5671 in
2959 5615 3150 5676 itinere
3183 5618 3298 5675 tulit
3331 5619 3398 5674 de
3426 5618 3567 5693 lapi-

2105 5963 3942 6092 __—_‘
