3972 6076
502 243 635 297 12351

1633 223 1972 284 WERNERI
2003 227 2292 285 ABBATIS
2330 229 2385 284 S.
2429 229 2650 286 BLASII

3693 241 3827 293 1233

506 371 683 434 (libus,
717 367 802 438 qui
837 364 1297 434 terraejacebant,
1349 368 1402 414 et
1448 355 1735 427 supposuit
1779 354 1940 424 capiti
1972 370 2088 417 suo,
2121 357 2177 417 A
2205 353 2526 409 diviserunt.
2561 356 2646 408 Ab
2678 357 2783 412 hoc
2805 373 2955 413 muro
2979 359 3152 416 Judiei
3176 361 3529 419 aedificantes
3548 365 3830 422 Christum
3925 353 3931 416 Ἴ

503 457 861 524 dormivitque
891 456 942 507 in
974 456 1163 510 eodem
1197 453 1336 517 loco,
1361 456 1413 503 et
1442 445 1641 500 viditin
1665 444 1870 498 somnis
1891 443 2094 497 scalam

500 562 674 615 usque
695 545 760 596 ad
795 545 986 608 coelum
1020 551 1278 602 erectam,
1311 547 1363 592 et
1394 535 1623 606 angelos
1653 532 2010 588 ascendentes
2044 539 2096 585 et

499 642 924 697 descendentes.
965 641 1322 711 Surgensque
1351 634 1473 688 tulit
1505 631 1738 702 lapidem
1772 636 1824 683 et
1854 627 2094 683 erexitin

499 731 740 792 titulum,
793 728 1025 783 fundens
1081 728 1260 781 oleum
1319 725 1603 792 desuper:
1663 719 1898 788 fecitque
1925 716 2094 770 altare

499 819 730 874 Domino
753 818 941 872 dicens
975 835 988 870 :
1029 839 1050 864 «ι
1085 817 1206 869 Non
1237 820 1320 869 est
1349 811 1436 868 hic
1463 809 1611 864 aliud
1635 807 1742 861 nisi
1772 807 1972 860 domus
1994 803 2094 858 Dei

495 929 546 976 et
579 929 728 990 porta
765 918 886 973 coeli
921 918 1080 986 (Gen.
1115 917 1336 983 xxvm).
1365 935 1385 960 ι»
1406 913 1545 966 Ecce
1576 909 1678 963 iste
1707 906 1958 976 antiquus
1975 904 2091 958 sine

491 1013 640 1082 lege,
675 1009 790 1062 sine
823 1005 1113 1076 scripturis
1144 1001 1502 1058 sanctiﬁcavit
1531 999 1646 1052 Deo
1677 996 1882 1056 altare;
1921 1001 1972 1048 et
1999 993 2091 1046 do-

493 1115 641 1154 mum
665 1095 880 1151 Domini
915 1093 1156 1152 vocavit.
1187 1091 1313 1161 quia
1371 1105 1470 1158 per
1527 1086 1786 1156 Spiritum
1837 1091 2085 1135 sanctum

488 1195 894 1251 tabernaculum
926 1190 1023 1245 Dei
1055 1189 1128 1242 ibi
1161 1187 1390 1242 futurum
1426 1181 1772 1253 praescieliat.
1807 1180 1934 1233 l-lzec
1964 1193 2086 1232 om-

491 1287 582 1339 nia
613 1285 781 1351 figura
817 1280 1116 1334 futurorum
1148 1283 1300 1330 erant
1333 1291 1346 1327 :
1380 1271 1551 1326 Jacob
1583 1284 1837 1338 namque,
1873 1266 1961 1337 qui
1993 1281 2087 1320 re-

491 1375 618 1429 licto
649 1379 872 1443 parente
905 1368 1039 1422 ierat
1071 1365 1139 1419 ad
1170 1363 1356 1417 Laban
1391 1362 1662 1431 petiturus
1705 1372 1956 1423 uxorem,
1990 1355 2086 1408 Je-

493 1489 615 1527 sum
647 1469 922 1524 Christum
951 1465 1223 1532 designat,
1269 1459 1360 1530 qui
1383 1458 1539 1528 quasi
1573 1456 1760 1511 relicto
1791 1455 1950 1508 Patre
1979 1468 2088 1508 coe-

491 1557 600 1610 lum
625 1555 885 1616 deseruit,
913 1561 1245 1617 carnemque
1267 1552 1472 1598 nostra:
1492 1539 1856 1610 corruptionis
1882 1553 2087 1592 assum-

490 1646 615 1715 psit.
651 1642 856 1696 Deinde
887 1638 1092 1692 relictis
1122 1635 1228 1689 illis
1259 1632 1605 1704 parentibus,
1635 1630 1704 1684 de
1734 1627 1932 1699 quibus
1962 1641 2085 1681 car-

2206 443 2504 513 pretiosum
2533 445 2769 514 lapidem
2819 450 3269 517 reprobaverunt,
3327 453 3463 523 quia
3494 455 3692 508 nullas
3721 459 3833 510 ori-

2204 531 2403 601 ginalis
2433 534 2637 602 peccati
2685 535 2878 589 sordes
2935 553 3063 590 cum
3120 549 3395 595 caemento
3461 543 3639 609 hujus
3695 548 3834 597 muri
3929 589 3931 596 .

2205 628 2572 684 involverunt.
2607 631 2757 686 Unde
2793 656 2813 678 «
2851 633 3024 688 factus
3054 644 3137 690 est
3167 637 3246 691 eis
3275 637 3458 708 lapsis
3491 639 3832 696 oﬁ'ensionis
3929 699 3931 716 ἰ

2203 724 2256 769 et
2285 725 2440 786 petra
2471 720 2949 791 scandali(lPetr.
2974 724 3062 792 ll).
3104 746 3126 772 η
3163 726 3342 796 Super
3364 727 3631 796 lapidem
3668 731 3826 784 istum

2201 803 2342 861 bene
2372 806 2594 861 fundata
2625 817 2678 862 et
2705 807 2922 864 ﬁrmata
2977 820 3195 867 constat
3243 814 3531 872 Ecclesia.
3569 818 3830 873 Christus

2200 911 2283 957 est
2314 912 2366 958 et
2385 905 2569 968 altare,
2608 906 2735 977 quia
2758 907 2811 960 in
2844 923 2910 963 eo
2932 916 2985 963 et
3016 926 3116 979 per
3138 927 3258 965 eum
3281 912 3580 983 spiritales
3606 923 3668 970 et
3702 931 3827 971 cor-

2198 993 2421 1061 porales
2437 994 2742 1050 oblationes
2763 997 2878 1051 Deo
2904 998 3054 1052 Patri
3072 998 3400 1056 offeruntur.
3421 1004 3513 1058 Eo
3541 1005 3825 1059 mediante

2199 1091 2251 1134 et
2279 1083 2514 1152 pr0pitio
2540 1083 2919 1150 intercessore,
2949 1087 3096 1141 Deus
3120 1089 3279 1144 Pater
3311 1092 3636 1159 praesentia
3670 1093 3823 1147 nobis

2197 1184 2250 1232 et
2271 1177 2450 1233 futura
2482 1179 2731 1251 largitur.
2782 1183 2900 1238 Hoc
2937 1183 3126 1250 altare,
3160 1186 3213 1239 id
3244 1195 3327 1240 est
3358 1189 3632 1244 Christus
3665 1190 3821 1262 lega-

2197 1264 2339 1320 libus
2395 1270 2686 1340 unguentis
2745 1272 2944 1342 quibus
3005 1274 3304 1344 antiquitns
3365 1276 3585 1332 altaria
3640 1296 3822 1350 unge-

2196 1357 2409 1422 bantur,
2469 1373 2681 1413 necnon
2736 1368 2789 1414 et
2839 1361 3130 1432 unguentis
3199 1364 3402 1434 quibus
3463 1367 3824 1422 ecclesiasti-

2194 1471 2258 1511 ca
2311 1457 2503 1511 altaria
2552 1467 2931 1528 perunguntur
2977 1459 3304 1528 spiritaliter
3356 1472 3446 1518 est
3497 1464 3818 1522 delibutus.

2190 1545 2270 1598 Ex
2302 1545 2540 1616 quinque
2570 1562 2770 1617 nempe
2818 1547 3106 1618 speciebus
3162 1560 3499 1617 aromatum,
3552 1554 3826 1610 videlicet

2193 1649 2437 1704 smyrna,
2453 1649 2838 1706 cynnamomo,
2862 1636 3092 1700 calamo,
3138 1639 3306 1704 casia,
3339 1641 3534 1695 oleum
3551 1642 3630 1696 de
3653 1643 3822 1697 olivis

491 1709 614 1794 nem
645 1741 1036 1804 assumpserat,
1093 1729 1308 1785 scilicet
1361 1727 1584 1791 Iudaeis,
1633 1724 1817 1779 relicta
1867 1737 2084 1793 quoque
2113 1709 2166 1769 Β
2196 1740 2311 1785 erat
2338 1741 2694 1803 unguentum,
2753 1749 2861 1805 quo
2921 1734 3095 1790 altare
3126 1736 3431 1808 antiquitus
3484 1749 3581 1794 est
3614 1756 3826 1795 conse-

493 1835 669 1907 patria
700 1835 768 1886 de
798 1831 982 1886 Judiea
1013 1827 1254 1898 perrexit
1285 1825 1350 1878 ad
1378 1831 1588 1894 gentes,
1621 1821 1892 1876 ducturus
1922 1832 2084 1907 spon-

493 1906 629 1990 Sam,
665 1923 718 1976 id
750 1930 832 1975 est
859 1918 1186 1974 Ecclesiam.
1221 1915 1336 1968 Hoc
1369 1914 1422 1965 in
1453 1912 1645 1964 itinere
1675 1908 1845 1963 Jacob
1876 1906 2082 1961 obdor-

491 2013 660 2077 mivit,
691 2010 818 2082 quia
847 2007 1095 2062 Christus
1124 2005 1178 2058 in
1210 2004 1402 2056 itinere
1451 1998 1742 2069 praesentis
1777 1996 1896 2050 vitm
1927 2009 2080 2048 mor-

491 2120 598 2165 tem
631 2110 684 2162 in
716 2122 813 2161 ara
841 2103 1015 2159 crucis
1045 2101 1294 2172 pertulit.
1327 2098 1508 2167 Lapis,
1541 2111 1700 2166 quem
1721 2094 1893 2148 Jacob
1921 2093 1976 2146 in
1997 2091 2080 2144 iti-

491 2217 622 2255 nere
654 2197 814 2266 capiti
859 2194 1162 2262 supposuit,
1186 2187 1578 2242 humanitatem
1607 2183 1804 2239 Christi
1828 2183 2083 2254 designa-

487 2299 580 2362 vit,
609 2312 728 2366 qum
742 2293 985 2359 subjecta
999 2287 1263 2342 divinitati
1286 2287 1432 2338 Deus
1451 2298 1583 2337 vere
1605 2281 1849 2378 creditur
1862 2296 1983 2334 esse
2001 2296 2080 2378 ca-

489 2397 584 2458 put
612 2383 833 2438 Christi.
856 2379 1015 2434 Scala
1033 2384 1212 2430 erecta
1229 2374 1295 2428 ad
1319 2373 1516 2427 ccelum
1534 2377 1617 2425 est
1639 2369 1724 2424 via
1747 2377 1798 2424 et
1827 2370 2078 2424 ascensio

488 2473 746 2547 graduum
768 2479 818 2524 et
841 2469 1117 2521 virtutum.
1143 2462 1470 2519 Ascenditur
1487 2459 1651 2525 enim,
1684 2458 1736 2512 id
1760 2466 1841 2513 est
1865 2458 1934 2511 ad
1963 2474 2078 2513 cte-

484 2579 675 2632 lestem
695 2568 1102 2627 vitamdiversis
1126 2565 1410 2638 gradibus.
1435 2563 1568 2617 Sunt
1584 2560 1726 2615 enim
1747 2559 2079 2632 aliquilega-

484 2667 519 2721 li
552 2663 806 2734 conjugio
838 2673 1072 2728 superna
1101 2655 1426 2710 scandentes
1452 2669 1465 2704 :
1490 2651 1580 2705 alii
1601 2651 1655 2704 in
1676 2649 2077 2714 viduitate,alii

484 2757 536 2810 in
569 2752 900 2824 virginitate,
930 2746 1023 2802 alii
1053 2747 1108 2799 in
1138 2743 1365 2798 tumultu
1387 2740 1574 2795 mundi
1598 2743 1790 2794 contra
1807 2737 2075 2792 mundum

483 2861 534 2908 et
552 2859 738 2907 contra
771 2843 1045 2900 diabolum
1074 2839 1389 2912 pugnando.
1421 2835 2074 2907 Aliiquoque,strepitum

481 2940 665 2996 mundi
697 2937 982 3007 rugientes
1014 2939 1067 2986 et
1096 2928 1397 3000 spiritalem
1446 2927 1658 2980 hostem
1702 2923 2068 2990 debellantes,

479 3032 536 3084 in
566 3026 764 3084 actuali
796 3024 904 3078 vita
936 3029 1009 3076 tot
1034 3018 1298 3090 gradibus
1326 3016 1692 3071 ascenderunt
1711 3014 1779 3068 ad
1802 3011 2066 3068 coelestia.

483 3120 694 3175 Suntet
724 3113 936 3186 gradus
993 3111 1049 3163 in
1105 3105 1588 3176 contemplatione,
1640 3117 1776 3174 quos
1815 3100 2070 3157 monachi

479 3219 543 3272 ad
578 3230 813 3286 superna
862 3205 1252 3263 transcendunt
1306 3201 1395 3258 vel
1441 3201 1736 3256 eremitae:
1799 3201 1854 3255 hi
1901 3217 2066 3254 mun-

480 3308 609 3362 dum
643 3307 914 3358 exuerunt
948 3313 961 3367 ;
995 3296 1051 3350 hi
1080 3294 1278 3349 vilibus
1321 3291 1650 3346 indumentis
1679 3306 1804 3345 sese
1835 3305 2069 3358 spreve-

478 3403 637 3462 runt;
669 3393 724 3446 hi
753 3385 1123 3445 obedientiam
1149 3390 1421 3438 sectantes
1436 3379 1777 3434 dilectionem
1809 3378 2068 3434 ostende-

479 3492 623 3539 runt.
655 3481 794 3534 Tres
817 3479 998 3547 itaque
1027 3473 1251 3527 virtutes
1281 3471 1338 3524 in
1365 3469 1445 3524 eis
1476 3468 1791 3538 specialiter
1812 3475 2063 3539 regnant,

472 3579 648 3633 tribus
679 3571 944 3646 gradibus
970 3568 1249 3634 virtutum,
1282 3565 1546 3622 charitate
1578 3563 1807 3627 scilicet,
1842 3562 2065 3618 humili-

473 3684 582 3730 tate
615 3679 666 3725 et
693 3665 1022 3729 obedientia,
1066 3662 1310 3718 cmlestia
1347 3661 1764 3715 transcendunt.
1822 3660 2067 3714 Charitas

474 3759 832 3820 fraternitatis
861 3755 916 3808 in
947 3750 1348 3808 cohabitatione
1403 3749 1725 3812 ostenditur,
1784 3748 2067 3802 humilitas

472 3855 528 3908 in
555 3851 762 3905 vilitate
794 3841 1099 3900 vestimenti
1130 3846 1605 3910 praemonstratur,
1643 3837 1955 3892 obedientia
2010 3838 2065 3892 in

471 3947 662 4006 libenti
694 3943 980 4010 servitute,
1014 3940 1143 3994 dum
1174 3944 1370 4008 parent
1400 3935 1662 3990 voluntati
1703 3933 1930 3988 fratrum
1961 3935 2062 3989 de-

472 4041 735 4097 claratur.
782 4033 874 4087 llis
895 4027 1130 4085 diversis
1160 4026 1425 4097 gradibus
1482 4023 1736 4078 virtutum
1767 4023 1822 4076 in
1867 4023 2066 4079 actuali

471 4141 524 4186 et
553 4131 606 4184 in
637 4118 1060 4191 contemplativa
1091 4122 1410 4188 penetratur
1441 4112 1654 4170 caelum.
1691 4113 1892 4185 Angeli
1921 4128 2060 4184 quo-

472 4244 596 4300 que,
624 4239 758 4296 quos
790 4218 962 4274 Jacob
993 4215 1207 4270 viderat
1255 4213 1558 4269 ascendere
1613 4219 1668 4266 et
1696 4212 2055 4280 descendere,

471 4325 595 4371 sunt
618 4311 1014 4384 praedicatores
1044 4303 1238 4370 sancti,
1287 4302 1602 4356 nuntiantes
1640 4301 1800 4356 nobis
1831 4302 2059 4356 verbum

2191 1833 2401 1874 craium
2431 1828 2483 1875 et
2507 1820 2844 1876 confectum.
2883 1823 3040 1879 Nunc
3098 1824 3387 1880 videamus
3421 1837 3674 1882 naturas
3703 1831 3827 1883 sin-

2190 1909 2440 1980 gularum
2459 1911 2792 1980 specierum.
2823 1912 3110 1983 Smyrnam
3157 1914 3248 1967 alii
3291 1912 3648 1979 .calami,alii
3674 1935 3826 1989 myr-

2191 2006 2297 2060 tha:
2327 2006 2512 2062 dicunt
2539 2024 2667 2063 esse
2695 2009 2931 2063 resinam
2983 2019 3036 2064 et
3092 2019 3270 2080 aptam
3304 2013 3447 2067 inter
3477 2016 3814 2084 pigmenta.

2190 2094 2601 2149 Cinnamomum
2633 2105 2811 2152 autem
2868 2098 3073 2153 dictum
3120 2108 3202 2153 est
3259 2103 3406 2171 quod
3453 2113 3664 2158 cortex
3699 2105 3818 2173 ejus

2189 2183 2242 2235 in
2275 2185 2495 2238 modum
2526 2201 2718 2240 cannae
2746 2187 2815 2239 sit
2846 2188 3110 2242 rotundus
3140 2197 3193 2243 et
3239 2190 3495 2258 gracilis.
3553 2193 3816 2262 Signitur

2187 2279 2240 2333 in
2277 2281 2422 2334 lndia
2455 2291 2507 2337 et
2537 2283 2787 2353 Ethiopia
2841 2283 3034 2338 frutice
3088 2285 3271 2349 brevi,
3324 2287 3577 2341 duorum
3627 2301 3814 2344 tamen

2187 2369 2518 2436 cubitorum,
2579 2371 2765 2426 colore
2796 2372 3062 2444 subnigro
3112 2373 3201 2427 vel
3249 2368 3496 2440 cinereo,
3538 2379 3810 2432 tenuissi-

2186 2473 2404 2512 marum
2436 2459 2738 2530 virgarum.
2766 2461 2907 2514 Nam
2932 2462 3076 2532 quod
3127 2461 3182 2516 in
3227 2465 3679 2519 crassitudinem
3711 2483 3810 2521 ex-

2187 2557 2424 2610 tenditur
2454 2557 2736 2627 deSpectui
2768 2559 3000 2614 habetur
3050 2577 3172 2614 cum
3230 2559 3530 2633 frangitur,
3590 2565 3810 2619 visibile

2185 2661 2313 2699 vero
2339 2646 2728 2714 spiramentum
2759 2648 2952 2701 emittit
2994 2648 3167 2702 instar
3215 2652 3431 2705 nebula:
3462 2667 3570 2706 seu
3605 2652 3809 2722 pulve-

2183 2732 2284 2787 ris.
2328 2733 2587 2789 Calamus
2617 2750 2841 2807 quoque
2875 2737 3208 2792 aromaticus
3237 2753 3271 2792 a
3303 2740 3678 2796 similitudine
3706 2757 3802 2796 ca-

2179 2831 2311 2885 lami
2369 2832 2576 2886 usualis
2632 2842 2873 2888 vocatur.
2935 2833 3186 2906 Gignitur
3236 2837 3292 2890 in
3348 2837 3533 2903 India,
3605 2840 3802 2894 multis

2181 2921 2356 2975 modis
2385 2921 2750 2992 geniculatus,
2782 2920 2980 2992 fulvus,
3002 2922 3241 2994 ﬂagrans
3261 2927 3540 2981 suavitate
3571 2929 3801 2998 spiritus

2178 3025 2300 3063 cum
2322 3008 2609 3079 frangitur,
2642 3010 2698 3064 in
2735 3011 2934 3066 multas
2963 3021 3144 3081 partes
3194 3011 3251 3066 fit
3297 3015 3574 3085 scissilis;
3634 3017 3796 3070 simio

2181 3107 2302 3161 lans
2333 3116 2499 3178 gustu
2529 3108 2750 3175 casiam,
2784 3123 2906 3165 cum
2938 3109 3041 3166 levi
3072 3112 3370 3166 acrimonia
3404 3115 3787 3169 remordenti.

2181 3196 2341 3250 Casia
2371 3196 2535 3251 etiam
2565 3198 2807 3252 nascitur
2834 3199 2889 3252 in
2918 3199 3147 3265 Arabia,
3196 3201 3356 3273 virga
3404 3203 3630 3257 robusti
3660 3219 3793 3259 cor-

2179 3280 2320 3349 ticis,
2353 3289 2407 3336 et
2438 3283 2725 3351 purpureis
2753 3282 2916 3346 foliis,
2964 3292 3021 3338 ut
3066 3285 3288 3355 piperis.
3324 3287 3420 3340 Est
3447 3296 3642 3342 autem
3675 3290 3794 3343 vir-

2178 3379 2304 3432 tutis
2331 3379 2661 3434 cinnamomi
2690 3389 2744 3434 et
2790 3381 3004 3447 similis,
3065 3383 3163 3436 sed
3194 3384 3473 3453 potientor
3500 3385 3777 3456 imperio.

2178 3466 2372 3522 Oleum
2402 3467 2582 3538 itaque
2598 3469 2666 3522 ab
2696 3468 2814 3523 olea
2845 3471 3156 3525 nominatur
3179 3487 3337 3540 ;nam
3372 3473 3498 3528 olea
3519 3485 3610 3528 est
3627 3477 3795 3530 arbor

2177 3557 2319 3610 unde
2351 3555 2625 3611 derivatur
2658 3557 2867 3612 oleum.
2905 3559 3011 3614 Sed
3033 3561 3180 3631 quod
3201 3577 3271 3616 ex
3285 3561 3426 3616 albis
3446 3562 3618 3617 olivis
3633 3565 3794 3620 fuerit

2176 3669 2518 3723 expressum,
2554 3663 2778 3709 vocatur
2817 3671 3080 3725 spanum;
3118 3658 3264 3729 quod
3295 3667 3487 3714 autem
3518 3677 3594 3714 ex
3627 3661 3791 3717 fulvis

2175 3751 2332 3805 olivis
2362 3760 2414 3806 et
2444 3752 2684 3806 nondum
2736 3756 2961 3808 maturis
3007 3753 3170 3808 fuerit
3217 3771 3575 3826 expressum,
3610 3759 3789 3814 viride

2174 3840 2515 3911 appellatur;
2550 3842 2692 3913 quod
2724 3857 2854 3896 vero
2893 3858 2966 3896 ex
2991 3843 3218 3898 nimium
3249 3845 3486 3900 maturis
3517 3862 3785 3902 commu-

2172 3945 2241 3983 ne
2272 3929 2485 3984 dicitur.
2517 3931 2599 3984 Ex
2657 3932 2743 3984 his
2773 3931 2843 3985 ad
2875 3947 3032 3986 usum
3083 3933 3204 3987 vita:
3238 3934 3476 4003 primum
3528 3945 3626 3990 est
3657 3953 3782 4007 spa-

2170 4041 2321 4091 num,
2355 4027 2651 4080 secundum
2685 4027 2879 4094 viride,
2909 4027 3123 4084 tertium
3155 4044 3476 4085 commune.
3515 4031 3664 4087 Illud
3690 4050 3778 4086 au-

2169 4122 2278 4170 tem
2307 4114 2508 4180 oleum,
2531 4115 2678 4186 quod
2706 4116 2871 4171 nullae
2901 4117 2980 4172 rei
3005 4118 3167 4172 fuerit
3212 4119 3538 4186 admistum,
3585 4138 3766 4192 parum

2167 4203 2384 4258 dicitur.
2417 4204 2531 4259 Hoc
2552 4204 2752 4275 quippe
2783 4211 3064 4276 unguento
3110 4207 3303 4261 harum
3352 4209 3606 4281 quinque
3648 4227 3771 4281 spe-

2166 4300 2369 4355 cierum
2401 4316 2508 4372 quo
2537 4301 2921 4374 inungebatur,
2944 4311 3037 4358 aut
3067 4304 3332 4360 sacerdos
3362 4308 3455 4360 vel
3487 4323 3611 4375 rex,
3663 4308 3776 4362 sive

471 4408 592 4461 Dei.
625 4402 729 4470 Qui
757 4399 1007 4453 dicuntur
1029 4393 1343 4458 ascendere,
1363 4391 1491 4446 dum
1520 4390 1819 4461 aliquando
1836 4389 2054 4453 altiora;
2084 4425 2136 4486 D
2167 4390 2434 4460 prepheta
2482 4387 2842 4446 efﬁciebatur.
2907 4392 2988 4447 Ad
3029 4393 3504 4450 consecrationem
3555 4411 3775 4486 quoque

465 4497 802 4557 descendere
823 4508 973 4556 vero,
1005 4506 1126 4546 cum
1158 4487 1576 4560 prmdicaverint
1596 4486 1918 4559 humiliora:
1951 4487 2054 4542 Al—

472 4592 613 4646 tiora
645 4595 702 4640 ut
737 4602 748 4638 :
790 4607 810 4630 u
848 4584 906 4635 In
937 4578 1207 4651 principio
1243 4589 1366 4632 erat
1401 4577 1640 4632 Verbum
1681 4577 1869 4646 (Joan.
1910 4578 1990 4645 l);
2027 4598 2048 4624 υ

461 4677 788 4736 humiliora:
820 4679 873 4725 ut
905 4686 1003 4724 nos
1035 4667 1395 4739 prmdicamus
1413 4665 1754 4721 cruciﬁxum.
1793 4666 2055 4736 Lapidem

465 4792 682 4850 quoque
712 4786 875 4843 quem
904 4767 1068 4822 Jacob
1098 4764 1381 4850 supposuit
1399 4764 1565 4850 capiti
1589 4763 1801 4850 vocavit
1831 4764 2053 4818 domum

469 4848 568 4920 Dei
599 4869 652 4916 et
682 4865 898 4930 portam
912 4852 1055 4908 cmli.
1079 4851 1188 4904 Iste
1217 4848 1572 4919 lapsis,idest
1587 4848 1834 4902 Christus
1855 4849 2052 4904 domus

464 4953 566 5010 Dei
594 4957 676 5007 est
706 4953 954 5009 vocatus,
986 4941 1113 5010 quia
1158 4939 1277 5009 ipse
1332 4937 1434 4992 fuit
1470 4937 1788 4992 inhabitatio
1817 4937 2051 5008 Spiritus

467 5049 656 5117 sancti,
715 5055 768 5102 et
822 5043 878 5098 in
933 5055 1000 5096 eo
1057 5037 1342 5110 plenitudo
1399 5036 1694 5093 divinitatis
1753 5037 2042 5094 habitavit.

466 5151 620 5203 Ilunc
649 5142 886 5214 lapidem
917 5138 1032 5192 sive
1061 5137 1167 5191 hoc
1214 5134 1408 5199 altare,
1441 5133 1496 5188 id
1525 5141 1609 5188 est
1647 5134 1918 5189 Christum
1957 5150 2048 5190 re-

464 5236 828 5306 probaverunt
857 5225 1208 5290 aediﬁcantes,
1265 5223 1322 5277 id
1369 5231 1455 5277 est
1507 5223 1678 5279 Judaei
1725 5223 2050 5280 traditiones

463 5337 682 5388 Patrum
713 5335 1030 5400 sequentes.
1097 5322 1355 5378 Homines
1411 5337 1626 5376 murum
1655 5326 1844 5377 contra
1874 5325 2047 5380 Deum

379 5455 396 5468 .
460 5421 696 5495 peccatis
721 5417 987 5471 aediﬁcare
1017 5420 1296 5480 cmperunt
1327 5411 1488 5478 Cujus
1513 5410 1860 5466 fundamenta
1887 5413 2046 5482 primi

459 5515 714 5584 parentes
739 5520 834 5573 per
888 5501 1316 5556 inobedientiam
1367 5508 1690 5570 posuerunt,
1747 5502 1849 5554 sed
1879 5518 2046 5572 super

459 5611 566 5664 hoc
627 5602 1031 5659 fundamentum
1082 5598 1286 5665 posteri
1347 5612 1532 5652 eorum
1583 5596 1752 5651 multa
1815 5598 2045 5654 crimina

458 5692 860 5757 exstruxerunt,
894 5699 1063 5752 seque
1088 5685 1192 5738 hoc
1224 5701 1379 5739 muro
1410 5701 1443 5741 a
1468 5686 1586 5740 Deo
1629 5692 1686 5741 et
1730 5686 1800 5742 ab
1827 5689 2040 5758 angelis

2167 4477 2521 4534 ecelesiastici
2549 4479 2736 4534 altaris
2780 4480 2889 4535 duo
2929 4481 3278 4546 adhibentur,
3311 4484 3440 4537 thus
3469 4491 3524 4538 et
3562 4485 3774 4540 oleum.

2163 4578 2310 4632 Thus
2341 4585 2425 4633 est
2449 4578 2612 4633 arbor
2639 4579 2858 4634 Arahim
2895 4579 3163 4635 immensa
3201 4590 3361 4652 atque
3408 4597 3658 4652 ramosa,
3691 4586 3777 4639 le-

2161 4667 2373 4720 nissimi
2405 4666 2646 4733 corticis,
2681 4683 2905 4724 succum
2951 4670 3311 4725 aromaticum
3342 4670 3611 4725 fundens.
3648 4675 3779 4729 Haec

2159 4755 2395 4826 denique
2423 4755 2692 4811 confectio
2721 4764 2933 4826 septem
2970 4759 3279 4828 specierum
3321 4760 3661 4831 quazaltaria
3691 4763 3773 4816 in-

2159 4854 2564 4923 unguehantur,
2607 4853 2935 4925 designabat
2994 4855 3360 4912 inunctionem
3417 4859 3601 4913 sancti
3643 4860 3778 4931 Spi-

2170 4941 2326 5007 ritus,
2360 4958 2466 5014 qua
2497 4952 2790 5013 perunctus
2821 4951 2903 4998 est
2947 4944 3066 5015 ipse
3116 4961 3233 5000 rex.
3293 4945 3359 5000 Et
3387 4963 3510 5016 quae
3557 4957 3652 5002 est
3683 4950 3775 5003 ni—

2158 5037 2357 5093 mirum
2389 5038 2571 5094 unctio
2599 5038 2837 5109 Spiritus
2859 5041 3087 5096 sancti?
3109 5041 3335 5112 Septem
3358 5042 3576 5098 scilicet
3621 5045 3777 5100 dona

2155 5134 2346 5205 ipsius.
2371 5135 2504 5204 Quae
2526 5137 2849 5208 suntitaque
2878 5137 3022 5193 dona
3044 5138 3280 5208 Spiritus
3293 5139 3512 5194 sancti?
3539 5139 3772 5195 Donum

2158 5248 2256 5288 seu
2284 5234 2466 5288 unctio
2488 5233 2725 5304 Spiritus
2758 5235 2934 5289 sancti
2968 5240 3053 5290 est
3081 5235 3259 5302 timor,
3285 5237 3477 5307 pietas,
3501 5239 3766 5307 scientia,

2157 5321 2434 5391 fortitudo,
2458 5323 2766 5388 consilium,
2811 5324 3140 5392 intellectus,
3161 5325 3425 5396 sapientia
3465 5326 3614 5396 (lca.
3670 5335 3772 5398 xi).

2156 5417 2272 5487 Qua
2302 5419 2548 5490 profecto
2571 5423 2831 5476 unctione
2861 5422 2964 5478 hoc
3001 5421 3199 5492 altare,
3230 5423 3355 5478 ideo
3393 5424 3661 5480 Christus
3689 5437 3776 5480 est

2154 5517 2469 5578 perunctus,
2493 5509 2637 5564 unde
2665 5511 2924 5565 sacerdos
2981 5528 3076 5566 rex
3109 5520 3162 5566 et
3205 5512 3472 5582 propheta
3503 5521 3592 5567 est
3628 5514 3774 5570 eﬁ’e-

2151 5614 2272 5660 ctus
2302 5626 2312 5660 ε
2339 5608 2624 5678 PrOpheta,
2674 5607 2833 5676 juxta
2874 5609 3007 5664 illud
3050 5609 3394 5666 Mosaicum:
3431 5633 3454 5656 ιι
3505 5611 3772 5683 PrOphe-

2150 5702 2263 5751 tam
2292 5697 2580 5752 suscitabit
2619 5698 2769 5753 Deus
2800 5698 2951 5756 vobis
2986 5717 3002 5765 ;
3053 5698 3206 5756 illum
3255 5706 3511 5770 tanquam
3541 5716 3642 5757 me
3673 5717 3770 5757 au-
