3972 6076
161 235 186 284 1
199 232 306 287 253

1098 227 1685 286 DEFLORATIONES
1724 229 1822 286 SS.
1865 230 2159 288 PATRUM.
2191 261 2261 274 —
2297 231 2424 289 LIB.
2448 231 2516 288 Il.

3320 247 3456 303 1234

162 356 329 414 dietis
358 357 542 424 (Deut.
577 355 749 423 xvnl).
806 373 829 402 ι
867 353 1138 409 Sacerdos
1183 370 1400 426 quoque
1449 355 1750 410 secundum
1780 357 1834 415 A
1866 354 2057 422 latere,
2090 356 2315 413 altitudo
2347 358 2572 425 scilicet,
2606 361 2967 430 profunditas,
3000 365 3286 439 longitudo
3313 379 3362 424 et
3385 372 3458 426 la-

157 444 296 499 illud
359 461 372 498 :
408 446 487 498 Tu
517 460 576 499 es
607 442 864 498 sacerdos
893 443 948 496 in
975 452 1237 498 aeternum
1265 443 1567 499 secundum
1608 444 1759 499 ordi-

162 550 294 586 nem
329 533 758 588 Melchisedech.
809 533 876 586 Et
919 532 1058 588 sicut
1105 533 1454 588 sacerdotum
1501 541 1584 587 est
1635 534 1761 587 thus

157 630 390 696 oﬁ‘erre,
425 630 504 685 sic
536 630 805 694 Christus,
839 630 928 701 qui
959 638 1041 684 est
1070 631 1218 685 omni
1253 631 1404 685 thure
1447 630 1760 700 pretiosior,

158 720 406 790 seipsum
439 721 554 775 Deo
589 719 737 772 Patri
767 735 866 788 pro
895 719 1052 773 nobis
1082 719 1273 774 obtulit
1299 719 1634 789 acceptabile
1664 735 1759 774 sa-

157 808 431 864 crificium
466 808 520 861 in
550 809 774 862 odorem
813 808 1119 862 suavitatis.
1156 809 1274 863 Rex
1325 823 1544 880 quoque
1599 807 1758 862 Chri-

160 914 277 960 stus
307 913 408 973 est,
445 903 574 975 quia
604 904 726 959 oleo
757 903 988 974 spiritali
1018 904 1291 960 delibutus
1338 906 1454 959 Rex
1500 912 1618 959 erat
1664 919 1759 958 re-

156 1011 294 1067 gum
333 1001 382 1048 et
426 992 701 1048 Dominus
741 993 1164 1047 dominantium.
1217 993 1374 1065 Regit
1418 1009 1654 1064 namque
1707 999 1763 1046 et

159 1090 457 1140 conservat
488 1081 792 1137 naviculam
827 1082 988 1146 Petri,
1024 1082 1078 1135 id
1111 1089 1194 1136 est
1236 1081 1536 1136 Ecclesiam
1585 1095 1759 1146 suam,

161 1189 233 1226 ne
264 1173 406 1226 inter
434 1170 592 1239 hujus
626 1169 814 1225 δεδουιί
844 1171 1119 1240 procellas
1148 1169 1388 1225 deﬁciat.
1421 1171 1501 1224 De
1525 1171 1628 1224 hac
1648 1169 1765 1239 ipsa

163 1269 423 1325 unctione
453 1268 616 1337 hujus
647 1267 796 1338 regis
842 1275 892 1322 et
942 1267 1246 1323 sacerdotis
1296 1267 1476 1321 David
1537 1275 1762 1322 testatus

163 1366 268 1423 est,
304 1358 493 1413 dicens
527 1380 548 1404 α
586 1357 883 1425 Propterea
915 1356 1064 1410 unxit
1114 1364 1165 1410 te
1221 1357 1369 1410 Deus
1428 1357 1580 1410 Deus
1638 1364 1764 1409 tuus

163 1449 289 1503 oleo
313 1447 511 1501 laetitiae
543 1446 719 1514 (Psal.
754 1445 922 1514 XLIV).
962 1465 984 1494 ι
1020 1446 1181 1499 Hunc
1202 1444 1413 1515 quippe
1432 1443 1764 1515 lapidem,id

163 1546 249 1592 est
277 1535 568 1599 Christum,
633 1549 762 1589 cum
821 1533 990 1589 Jacob
1047 1533 1372 1599 inunxisset,
1432 1533 1765 1602 domumque

162 1624 266 1680 Dei
296 1625 399 1679 hoc
428 1623 592 1678 modo
624 1622 1062 1693 praenuntiasset,
1097 1621 1304 1675 addidit
1338 1637 1351 1676 :
1390 1645 1413 1669 η
1452 1623 1514 1675 Et
1544 1620 1766 1676 vocabi-

1869 444 2069 500 titudo.
2110 446 2204 500 His
2235 455 2468 517 quatuor
2498 449 2765 504 lateribus
2795 454 2991 518 crucis,
3027 457 3236 512 scilicet
3273 460 3460 515 abitu-

1868 533 2014 598 dine,
2046 534 2098 587 id
2132 544 2206 587 est
2243 552 2340 605 spe
2371 538 2801 606 ;profunditate,
2827 543 2928 597 hoc
2951 544 3154 599 estﬁde
3181 566 3193 612 ;
3222 548 3460 618 Iungitu-

1869 632 2015 697 dine,
2049 632 2101 686 id
2135 642 2216 687 est
2245 638 2654 704 perseverantia
2685 640 2986 708 patientiaa;
3023 643 3302 699 latitudine
3331 665 3460 718 quo-

1869 736 1995 790 que,
2027 721 2132 776 hoc
2161 730 2244 776 est
2272 724 2553 788 charitate,
2590 727 2827 781 munitur
2857 730 3094 800 undique
3127 733 3297 788 altare
3337 753 3460 790 san-

1869 817 1970 863 ctae
2002 809 2282 878 Ecclesiae,
2315 811 2368 864 id
2402 821 2482 866 est
2531 815 2696 868 corda
2753 814 2988 871 ﬁdelium
3051 836 3145 888 per
3200 825 3458 880 mundum

1868 905 2210 960 universum.
2243 908 2378 962 Sunt
2407 911 2549 964 enim
2576 925 2784 966 cornua
2816 914 3072 969 virtutum
3107 919 3458 977 munimenta.

1869 995 2006 1047 Erat
2033 994 2210 1064 itaque
2238 997 2343 1051 hoc
2374 997 2543 1052 altare
2574 1015 2802 1054 vacuum
2835 1012 2886 1055 et
2917 1003 3100 1069 inane,
3137 1017 3188 1059 ut
3247 1010 3310 1061 ad
3365 1028 3462 1064 su-

1871 1081 2154 1152 scipienda
2186 1091 2290 1136 tam
2323 1084 2474 1155 ligna
2505 1103 2667 1157 quam
2697 1089 2963 1145 saeriﬁcia
2998 1097 3149 1148 locus
3193 1097 3461 1165 spatiosus

1873 1179 2182 1234 haberetur.
2218 1179 2462 1251 Quisque
2491 1186 2662 1238 altare
2707 1187 2922 1242 Domini
2984 1207 3106 1244 esse
3164 1193 3457 1262 desiderat,

1871 1267 1962 1322 hic
1996 1284 2054 1322 se
2090 1267 2160 1322 ab
2191 1270 2337 1323 omni
2371 1273 2698 1341 contagione
2719 1277 3120 1332 mundanorum
3143 1281 3458 1349 exinanivit,

1871 1364 1929 1410 ut
1955 1356 2011 1410 in
2042 1373 2108 1412 eo
2138 1357 2288 1428 ligna
2318 1359 2618 1413 caelestium
2649 1363 2942 1418 verborum
2974 1376 3026 1419 et
3055 1368 3237 1424 hostia
3285 1360 3458 1427 virtu-

1873 1460 1985 1507 tum
2016 1455 2317 1524 spatiosum
2361 1455 2538 1510 locum
2596 1459 2850 1529 habeant,
2909 1471 2961 1516 et
3020 1465 3251 1534 Spiritus
3291 1473 3461 1526 sancti

1873 1541 2166 1606 ﬂammam,
2201 1559 2309 1614 quo
2339 1545 2720 1602 ecclesiastica:
2748 1549 2956 1615 hostiae,
2985 1552 3036 1604 id
3069 1564 3150 1606 est
3180 1572 3384 1626 corpus
3408 1569 3464 1614 et

1875 1631 2102 1702 sanguis
2134 1630 2354 1685 Domini
2381 1645 2792 1703 consecrantur,
2826 1641 3103 1710 suscipiat.
3150 1644 3268 1698 Nisi
3316 1648 3461 1702 enim

163 1729 256 1777 tur
288 1729 438 1792 porta
490 1720 615 1776 οωιὶ
671 1721 831 1790 (Gen.
891 1719 1120 1787 xxvm).
1158 1740 1180 1768 ι
1243 1719 1488 1773 Christus
1543 1726 1764 1773 vocatur

1881 1727 2200 1781 exinanierit
2229 1731 2371 1799 quod
2403 1728 2538 1783 infra
2568 1746 2626 1786 se
2657 1740 2758 1800 est,
2792 1750 2900 1788 non
2933 1739 3234 1794 merebitur
3281 1744 3461 1797 susci-

166 1815 330 1882 porta
359 1809 504 1876 caeli,
539 1808 664 1880 quia
696 1808 813 1878 ipse
845 1817 927 1862 est
958 1809 1154 1862 ostium
1207 1806 1461 1877 paradisi,
1524 1812 1578 1859 ut
1636 1806 1711 1859 ibi
1744 1825 1756 1860 ε

176 1925 196 1948 α
232 1901 353 1972 Ego
415 1915 533 1953 sum
563 1897 763 1952 ostium
792 1897 976 1968 (Joan.
1009 1896 1092 1965 χ).
1138 1919 1158 1943 »
1196 1897 1354 1950 Porta
1383 1895 1503 1951 coeli
1525 1893 1660 1948 ﬁdes
1680 1899 1764 1947 est

170 1997 228 2044 et
257 1988 558 2058 baptismus
588 1987 641 2040 in
672 1993 828 2056 porta
857 1985 1000 2051 cceli,
1051 1989 1172 2056 post
1219 1985 1548 2055 baptismum
1595 1981 1762 2051 lapsis

169 2085 512 2158 pmnitentia,
545 2083 842 2149 confessio,
876 2091 928 2138 et
959 2081 1278 2136 satisfactio.
1310 2084 1411 2136 Per
1439 2081 1538 2134 has
1572 2087 1760 2149 portas

171 2175 299 2230 caeli
330 2173 458 2229 ﬁdei
489 2182 540 2228 et
569 2171 929 2242 baptismatis,
959 2171 1288 2241 pmnitentize
1307 2178 1358 2224 et
1379 2166 1758 2232 confessionis,

171 2263 522 2318 credentibus
552 2278 616 2316 ac
645 2261 1032 2332 pmnitentibus
1061 2260 1346 2330 ingressus
1373 2257 1626 2329 panditur
1667 2271 1760 2310 re-

171 2363 268 2436 gni
296 2361 558 2417 cmlestis.
593 2360 688 2414 His
721 2359 1029 2430 allegorice
1057 2358 1126 2412 de
1157 2357 1337 2428 lapide
1381 2364 1432 2412 et
1484 2365 1662 2427 porta,
1708 2354 1763 2407 id

171 2461 257 2506 est
288 2451 503 2506 Christo
536 2447 784 2519 digestis,
819 2447 1092 2519 quomodo
1139 2455 1194 2501 et
1242 2447 1349 2501 duo
1396 2445 1588 2500 altaria
1626 2459 1762 2500 con-

172 2547 315 2594 stent
344 2539 398 2594 in
430 2537 610 2606 nobis,
643 2537 938 2608 diligenter
963 2535 1429 2591 considerandum
1459 2540 1540 2589 est
1571 2533 1754 2589 vobis.

851 2687 1091 2741 DIVISIO.

244 2822 363 2878 Duo
391 2819 585 2876 altaria
609 2819 815 2874 dudum
847 2825 1127 2874 exstructa
1156 2817 1416 2888 leguntur
1448 2833 1459 2868 :
1495 2832 1664 2870 unum
1713 2815 1768 2869 in

172 2910 526 2966 tabernaculo
559 2908 813 2975 Mosaico,
849 2907 996 2978 quod
1045 2906 1218 2960 altare
1268 2904 1567 2960 holocausti
1613 2903 1765 2959 dice-

173 3001 334 3054 batur
367 3018 380 3065 ;
415 2998 562 3053 aliud
593 2998 648 3051 in
679 2997 878 3067 templo
913 2995 1244 3060 Salomonis,
1279 2993 1422 3064 quod
1454 2993 1621 3048 altare
1651 2994 1768 3064 thy-

171 3097 443 3152 miamatis
473 3096 783 3151 vocabatur.
817 3093 998 3149 Altare
1029 3093 1330 3148 holocausti
1361 3100 1474 3146 erat
1509 3101 1762 3146 constru-
1799 3099 1848 3162 ο

172 3194 316 3241 ctum
349 3201 421 3240 ex
477 3183 904 3254 imputribilibus
965 3181 1128 3253 lignis
1187 3181 1364 3247 setim,
1423 3187 1479 3235 et
1535 3179 1771 3234 habebat

175 3275 414 3346 quinque
445 3273 656 3329 cubitos
686 3272 741 3326 in
768 3270 1073 3336 latitudine,
1110 3279 1161 3325 et
1186 3269 1422 3341 quinque
1451 3269 1507 3322 in
1533 3267 1772 3340 longitu-

173 3374 321 3438 dine,
361 3381 472 3427 tres
503 3385 720 3442 quoque
752 3369 804 3422 in
837 3369 1145 3430 altitudine,
1179 3374 1234 3422 et
1280 3374 1598 3436 coopertum
1655 3373 1772 3419 erat

173 3478 280 3517 aere
310 3461 511 3527 (Exod.
547 3460 800 3529 xxxvm).
859 3459 976 3512 Hoc
1029 3457 1202 3511 altare
1252 3464 1487 3527 quatuor
1543 3453 1772 3525 angulos

171 3550 431 3616 habebat,
465 3557 517 3603 et
548 3565 614 3604 ex
645 3547 778 3618 ipsis
833 3554 1066 3617 quatuor
1124 3558 1328 3599 cornua
1377 3541 1767 3612 procedebant.

171 3639 302 3694 Erat
332 3640 494 3693 inane
525 3645 576 3692 et
607 3651 926 3699 concavum,
965 3640 1027 3688 ut
1053 3633 1123 3688 ad
1154 3630 1503 3702 suscipienda
1545 3638 1655 3684 tam
1705 3627 1770 3682 li-

173 3751 286 3809 gna
316 3752 475 3808 quam
507 3733 779 3790 sacriﬁcia
810 3733 959 3787 locus
991 3729 1265 3801 spatiosus
1297 3728 1611 3782 haberetur.
1654 3728 1768 3780 Ha-

175 3825 337 3880 bebat
366 3826 472 3880 hoc
499 3824 667 3878 altare
696 3821 1008 3877 craticulam
1040 3819 1096 3872 in
1128 3817 1351 3873 modum
1380 3816 1510 3870 retis
1539 3830 1767 3880 aeneam,

174 3923 232 3968 ut
261 3930 358 3984 per
386 3913 614 3968 crebras
644 3918 932 3982 aperturas
989 3907 1135 3980 ignis
1191 3909 1500 3977 suppositus
1556 3905 1626 3959 ad
1683 3921 1774 3958 su-

177 4011 402 4066 mendas
431 4009 635 4065 hostias
667 4009 840 4063 libere
871 4011 1215 4078 penetraret.
1252 4002 1434 4058 Altare
1468 4001 1635 4073 igitur
1674 4000 1774 4055 ho-

176 4100 426 4165 locausti,
480 4116 551 4154 ex
609 4095 1123 4167 incorruptibilibus
1188 4092 1352 4163 lignis
1421 4097 1772 4154 exstructum,

179 4189 348 4244 corda
377 4197 508 4242 sunt
538 4188 859 4251 electorum,
892 4185 948 4239 in
1009 4183 1207 4254 quibus
1261 4191 1522 4252 tanquam
1578 4193 1775 4233 conse-

179 4285 326 4332 crata
352 4275 619 4332 sacriﬁcia
648 4276 883 4331 Domino
914 4271 1220 4328 offeruntur
1253 4271 1518 4324 bonorum
1547 4282 1770 4336 operum

181 4374 382 4429 studia.
414 4373 554 4436 Qua
583 4374 751 4428 corda
784 4373 1080 4427 electorum
1114 4369 1189 4423 ita
1219 4368 1532 4435 incorrupta
1557 4365 1774 4420 conde-

1869 1831 2000 1885 pere
2031 1816 2173 1884 quod
2205 1833 2371 1886 supra
2402 1834 2460 1872 se
2493 1827 2593 1873 est.
2625 1821 2872 1876 Habebat
2902 1825 3004 1880 hoc
3027 1826 3200 1883 altare
3233 1833 3464 1888 craticu-

1873 1902 1985 1988 lam
2015 1903 2068 1957 in
2094 1905 2316 1960 modum
2348 1906 2479 1960 retis
2514 1923 2743 1975 a'neam,
2777 1918 2833 1964 ut
2863 1928 2962 1981 per
2990 1916 3218 1971 crebras
3274 1937 3464 1990 asper-

1876 2007 2026 2055 turas
2049 2002 2197 2073 ignis
2227 2004 2541 2074 suppositus
2569 2005 2640 2060 ad
2681 2010 2976 2064 sumendas
3034 2013 3235 2068 hostias
3293 2017 3465 2075 libere

1877 2097 2149 2159 penetret.
2181 2092 2426 2146 Necesse
2459 2102 2541 2147 est
2571 2093 2734 2159 enim,
2775 2105 2834 2150 ut
2863 2098 3025 2154 electi
3048 2102 3146 2156 Dei
3178 2106 3345 2160 corda
3368 2125 3467 2163 sua

1882 2179 2127 2248 aperiant
2157 2180 2354 2236 divina:
2383 2182 2575 2252 gratiae
2605 2193 2657 2237 et
2687 2187 2840 2254 quasi
2871 2187 3138 2256 plurimus
3179 2196 3467 2262 patefactis

1873 2275 2062 2344 januis
2093 2278 2284 2332 sedulo
2313 2279 2694 2348 deprecentur,
2726 2290 2782 2335 ut
2811 2299 2909 2352 per
2937 2285 3154 2358 singula
3186 2291 3323 2346 bona
3342 2311 3467 2364 qua)

1875 2365 2152 2436 inchoant,
2188 2368 2342 2436 quasi
2376 2384 2474 2436 per
2503 2367 2722 2437 singula
2753 2371 3090 2428 victimarum
3125 2378 3315 2445 frusta,
3366 2399 3466 2437 sua

1877 2472 1974 2511 eos
2003 2458 2180 2526 gratia
2208 2455 2479 2511 illustrare
2510 2465 2562 2511 et
2591 2459 2660 2512 ad
2703 2475 2940 2514 amorem
2999 2481 3154 2519 suum
3211 2468 3469 2540 dignetur

1877 2556 2208 2610 accendere.
2248 2555 2376 2610 Haec
2406 2555 2473 2609 de
2500 2555 2657 2609 altari
2686 2556 3006 2626 holocausti,
3042 2562 3095 2616 id
3125 2573 3208 2618 est
3237 2566 3304 2621 de
3333 2584 3465 2623 cor-

1877 2659 2012 2714 pore
2040 2651 2244 2712 nostro,
2276 2643 2329 2696 in
2363 2648 2470 2713 q’uo
2501 2644 2796 2700 offerantur
2826 2647 2969 2703 bona
2999 2666 3166 2720 opera
3199 2655 3456 2711 Domino.

1948 2768 2108 2823 Nunc
2145 2767 2212 2821 de
2243 2766 2395 2820 altari
2424 2767 2653 2836 incensi,
2688 2771 2832 2839 quod
2862 2771 2916 2824 in
2939 2773 3140 2845 templo
3164 2777 3468 2837 Salomonis

1880 2857 2119 2928 positum
2151 2865 2268 2910 erat
2297 2855 2710 2911 consideremus
2739 2859 2790 2929 (Ι
2815 2862 2948 2931 Reg.
2988 2867 3112 2930 vn).
3151 2866 3335 2923 Altare
3363 2871 3469 2928 hoc

1880 2961 2103 3001 aureum
2135 2953 2269 3010 erat,
2303 2953 2356 3000 et
2384 2945 2438 2998 in
2495 2946 2821 3001 adolendum
2880 2951 3177 3020 thymiama
3235 2955 3460 3016 factum.

1883 3043 2030 3099 Sicut
2061 3043 2202 3098 enim
2229 3043 2282 3096 in
2312 3043 2467 3096 altari
2505 3044 2806 3099 holocausti
2853 3047 3231 3118 signiﬁcantur
3287 3055 3464 3124 electi,

1879 3131 1969 3204 qui
2002 3149 2061 3188 se
2091 3130 2471 3188 cruciﬁxerunt
2503 3149 2624 3186 cum
2679 3133 2818 3188 vitiis
2877 3144 2930 3190 et
2985 3140 3465 3209 concupiscentiis,

1877 3237 1981 3277 nec
2011 3221 2310 3275 secundum
2370 3221 2649 3276 desideria
2691 3223 2872 3278 carnis
2920 3227 3317 3296 ambulabant;
3372 3234 3470 3289 sed

1881 3319 2037 3390 quasi
2069 3317 2301 3374 Domino
2331 3317 2698 3387 immolantes,
2738 3336 2929 3377 omnes
2976 3327 3227 3395 corporis
3275 3345 3470 3387 sensus

1881 3408 2289 3472 dedicaverunt,
2321 3424 2419 3478 per
2461 3407 2644 3479 ignem
2698 3411 2871 3465 sancti
2929 3413 3160 3482 Spiritus
3212 3418 3472 3474 voluntati

1881 3497 2003 3568 ejus
2038 3515 2050 3550 :
2082 3496 2157 3550 ita
2186 3495 2428 3566 profecto
2457 3504 2510 3550 et
2539 3496 2614 3550 illi
2643 3495 2796 3551 altari
2826 3499 3030 3555 incensi
3061 3519 3171 3558 non
3201 3504 3471 3563 immerito

1879 3593 2266 3656 comparantur
2295 3583 2387 3655 qui
2430 3584 2616 3653 majori
2647 3585 2982 3656 perfectione
3011 3592 3208 3646 mentis
3257 3595 3471 3650 exstin-

1880 3685 1980 3739 ctis
2011 3698 2240 3754 prorsus
2268 3681 2541 3737 illecebris
2573 3684 2754 3739 carnis
2811 3686 2930 3741 sola
2987 3690 3290 3746 orationum
3348 3703 3470 3750 vota

1880 3773 2114 3828 Domino
2144 3770 2396 3837 offerunt,
2429 3789 2652 3827 carnem
2682 3789 2835 3828 suam
2871 3776 3245 3846 subjicientes,
3279 3799 3471 3840 omnes

1884 3863 2060 3918 carnis
2089 3862 2382 3917 illecebras
2413 3861 2712 3930 evicerunt,
2747 3873 2799 3918 et
2831 3865 2885 3918 in
2914 3881 3079 3921 carne
3111 3885 3218 3924 non
3270 3886 3473 3926 carna-

1883 3952 2006 4008 liter
2033 3952 2279 4007 viventes
2309 3950 2588 4006 cmlestem
2621 3951 2674 4004 in
2706 3952 2866 4006 terris
2901 3953 3069 4008 vitam
3098 3956 3323 4013 ducunt.
3356 3961 3472 4016 Hoc

1885 4051 2059 4104 altare
2090 4048 2298 4103 incensi
2365 4057 2562 4118 quanto
2622 4047 2837 4120 fulgore
2902 4052 3108 4106 metalli
3174 4054 3468 4127 eminebat,

1885 4146 2033 4194 tanto
2064 4137 2362 4208 quantitate
2392 4135 2574 4189 minus
2603 4145 2743 4190 erat.

1955 4261 2173 4330 Quanto
2205 4260 2346 4314 enim
2382 4259 2706 4326 sanctiores,
2755 4269 2904 4318 tanto
2951 4264 3260 4333 pauciores.
3306 4269 3472 4324 Recte

1884 4369 2018 4424 ergo
2049 4351 2102 4404 in
2134 4348 2474 4422 longitudine
2506 4357 2558 4404 et
2586 4350 2868 4406 latitudine
2891 4352 3094 4419 altaris,
3143 4356 3286 4425 quod
3334 4375 3471 4429 qua-

180 4471 266 4519 cet
294 4479 417 4518 esse
448 4471 506 4516 ut
534 4461 685 4533 digni
713 4461 820 4514 sint
851 4459 1104 4529 Spiritum
1135 4464 1381 4510 sanctum
1414 4453 1772 4508 habitatorem
1799 4441 1854 4502 D
1889 4440 2215 4533 drangulum
2248 4446 2379 4502 erat,
2425 4438 2678 4533 patientia
2733 4447 2786 4493 et
2839 4439 3072 4496 charitas
3130 4443 3469 4516 designatur,

181 4553 480 4623 suscipere.
515 4551 628 4604 Hoc
659 4549 936 4619 siquidem
968 4547 1164 4612 altare,
1194 4561 1227 4600 v
1259 4543 1470 4599 cubitos
1499 4543 1553 4596 in
1589 4542 1773 4614 longi-

181 4641 367 4697 tudine
396 4649 448 4696 et
469 4639 750 4694 latitudine
772 4636 1106 4692 describitur
1143 4634 1348 4688 habere
1381 4650 1396 4698 ;
1455 4631 1587 4703 quid
1640 4646 1776 4702 ergo

180 4738 464 4809 longitudo
493 4737 580 4791 vel
614 4736 842 4790 latitudo
874 4734 1082 4797 altaris,
1111 4732 1215 4785 nisi
1264 4749 1299 4788 v
1355 4746 1548 4784 sensus
1603 4727 1775 4783 nostri

183 4828 422 4899 corporis
441 4827 468 4879 ε)
488 4826 597 4881 Vel
619 4825 746 4896 quid
767 4833 850 4880 est
867 4823 1050 4878 altaris
1070 4819 1484 4892 longitudo,nisi
1502 4818 1774 4889 patientiae

182 4916 444 4987 perfectio
463 4917 491 4968 ‘?
511 4923 600 4970 aut
620 4915 748 4986 quid
771 4913 995 4967 latitudo
1017 4911 1180 4974 illius,
1205 4909 1310 4962 nisi
1347 4907 1608 4978 perfectio
1635 4907 1778 4961 cha-

179 5006 354 5061 ritatis
390 5021 500 5076 qua
530 5004 608 5058 illi
637 5003 872 5058 Domino
902 5007 1304 5056 consecrantur
1333 4999 1430 5068 qui
1459 5012 1519 5051 se
1549 4996 1603 5050 in
1648 5011 1773 5049 om-

182 5103 344 5157 nibus
374 5102 640 5174 patientes
661 5099 915 5155 exhibent
931 5099 959 5150 ?
992 5098 1113 5152 Hoc
1140 5095 1310 5150 altare
1332 5102 1445 5149 tres
1460 5093 1672 5149 cubitos
1693 5092 1776 5147 al-

182 5191 424 5246 titudinis
455 5190 659 5256 habuit,
693 5189 820 5260 quia
850 5203 1006 5242 mens
1041 5185 1344 5240 electorum
1372 5199 1474 5254 per
1502 5182 1620 5236 haec
1649 5180 1770 5249 tria,

184 5279 365 5346 ﬁdem,
397 5295 571 5350 spem,
606 5278 938 5343 charitatem,
965 5276 1035 5330 ad
1066 5287 1308 5329 amorem
1340 5271 1441 5327 Dei
1496 5269 1765 5325 ascendit.

252 5384 684 5456 Cooperiebatur
713 5391 763 5439 et
793 5399 902 5438 aere
934 5383 1037 5437 hoc
1077 5381 1262 5445 altare,
1323 5377 1456 5450 quia
1505 5375 1641 5432 sicut
1697 5391 1776 5430 aes

185 5475 275 5530 diu
305 5472 716 5544 incorruptibilc
757 5479 1094 5543 perseverat,
1147 5469 1228 5524 sic
1268 5468 1495 5522 virtutes
1535 5463 1774 5519 ﬁdelium

186 5564 240 5618 in
269 5563 350 5618 eis
382 5580 556 5631 usque
582 5563 635 5617 in
693 5561 856 5617 ﬁnem
919 5559 1146 5614 ﬁrmiter
1197 5557 1518 5629 perdurant.
1579 5552 1778 5608 Habuit

188 5669 403 5725 quoque
433 5661 668 5724 quatuor
695 5667 901 5707 cornua
930 5667 996 5705 ex
1030 5655 1262 5721 quatuor
1301 5644 1522 5717 angulis
1570 5658 1775 5714 proce-

187 5743 388 5799 dentia.
428 5741 681 5811 Quatuor
707 5740 892 5797 altaris
922 5755 1121 5797 cornua
1152 5743 1276 5792 sunt
1331 5740 1537 5792 sanctae
1589 5732 1773 5788 crucis

1887 4531 2008 4603 quia
2037 4528 2401 4600 perfectorum
2422 4526 2619 4581 animae
2649 4527 2924 4583 fcederatis
2955 4531 3025 4585 ad
3074 4531 3312 4588 invicem
3360 4537 3472 4591 vir-

1885 4628 2088 4683 tutibus
2113 4634 2369 4698 quantum
2401 4624 2632 4693 diligere
2664 4623 2861 4680 fratres
2891 4627 3126 4692 student,
3187 4637 3365 4686 tamen
3422 4641 3475 4686 et

1886 4728 2028 4783 ferre
2060 4725 2352 4787 sufﬁciunt,
2387 4733 2439 4778 et
2470 4731 2724 4794 quantum
2763 4723 2898 4780 ferre
2956 4734 3160 4782 tantum
3218 4729 3467 4803 diligere.

1885 4819 2036 4873 Duos
2063 4815 2274 4871 cubitus
2305 4813 2464 4867 habet
2494 4812 2546 4866 in
2576 4812 2875 4877 altitudine,
2909 4818 3038 4886 quia
3066 4816 3269 4887 duplex
3323 4836 3472 4889 prae-

1883 4907 2053 4962 mium
2083 4905 2136 4958 in
2162 4903 2414 4974 supernis
2445 4910 2664 4972 sperant
2696 4918 2756 4956 se
2786 4902 3032 4972 recipere
3063 4905 3367 4961 animarum
3421 4916 3475 4963 et

1884 5019 2194 5074 corporum.
2230 5001 2446 5056 Cornua
2475 5016 2539 5053 ex
2571 4999 2689 5068 ipso
2721 4999 3068 5069 procedentia
3126 5002 3473 5059 eminentiam

1885 5092 2014 5148 ﬁdei
2045 5100 2097 5148 et
2117 5092 2372 5147 virtutum
2394 5085 2717 5160 signiﬁcant.
2745 5089 2820 5141 Ex
2845 5088 2963 5159 ipso
2985 5106 3113 5146 vero
3148 5092 3471 5161 procedunt,

1887 5182 2008 5255 quia
2041 5181 2196 5237 electi
2227 5193 2398 5249 opera
2425 5192 2522 5232 sua
2552 5191 2660 5231 non
2690 5176 2758 5231 ad
2789 5176 2982 5232 faciem
3014 5177 3292 5236 hominum
3340 5199 3472 5253 spe-

1887 5278 1969 5335 cie
1999 5285 2155 5332 tenus
2184 5274 2495 5338 ostendunt,
2531 5271 2628 5327 sed
2659 5272 2711 5326 in
2742 5271 2850 5328 ima
2900 5274 3083 5331 radice
3130 5278 3314 5333 cordis
3366 5278 3474 5334 im—

1885 5365 2078 5422 mobili
2107 5370 2360 5420 exercent
2387 5359 2616 5417 aﬁ'ectu.
2649 5364 2795 5417 Auro
2823 5361 3069 5429 vestitur,
3105 5365 3231 5437 quia
3275 5367 3478 5441 quique

1887 5455 2118 5528 perfecti
2148 5455 2266 5508 luce
2296 5451 2523 5532 internae
2540 5449 2817 5520 sapientiae
2839 5450 3129 5522 refulgent.
3171 5455 3340 5522 Huius
3389 5458 3474 5511 al-

1887 5545 2020 5600 taris
2049 5544 2339 5599 deauratur
2369 5536 2650 5603 craticula,
2685 5555 2804 5610 qua:
2835 5549 3015 5610 parata
3045 5551 3160 5598 erat
3191 5544 3243 5598 in
3293 5546 3476 5600 medio

1885 5635 2007 5704 ejus
2035 5633 2101 5687 ad
2135 5630 2489 5702 suscipienda
2519 5627 2866 5699 thymiamata
2911 5645 3032 5685 cum
3078 5631 3325 5688 interiori
3371 5633 3476 5686 ho-

1886 5724 2033 5780 mine
2062 5728 2252 5778 nostro
2280 5718 2596 5791 resplendet
2642 5733 2740 5790 per
2795 5717 2964 5776 ﬁdem
3023 5720 3220 5776 Christi
3277 5719 3473 5792 gratia.
