3972 6076
525 238 544 288 l
563 237 663 290 255

1416 235 1474 289 S.
1515 235 1846 290 ROBERTI.
1895 233 2064 291 0RD.
2114 227 2428 291 CISTERC.
2478 227 2923 292 FUNDATORIS
3719 241 3831 293 125$

534 360 774 413 Parietes
806 358 1160 424 deaurantur,
1195 374 1314 413 cum
1350 359 1538 414 eadem
1569 360 1740 428 gratia
1785 359 1979 416 divina
2027 361 2112 414 di-
2144 361 2197 419 A
2231 368 2312 413 tas
2342 368 2392 414 et
2423 376 2588 430 super
2617 376 2835 415 omnem
2867 369 3162 416 aromatum
3194 361 3492 432 pulverem
3526 363 3835 417 orationum

525 445 775 502 lectionis
805 463 904 516 per
935 447 1073 502 bona
1104 462 1274 516 opera
1303 447 1544 502 exterius
1574 448 1845 503 dilatatur.
1898 450 2114 503 Cornua

522 535 873 600 deaurantur,
911 551 1035 591 cum
1069 535 1265 590 fiducia
1297 536 1624 590 fortitudinis
1635 538 1909 606 justorum
1932 537 2115 608 splen-

521 622 656 678 dore
686 623 912 678 internae
943 623 1082 679 lucis
1113 633 1390 679 coruscat.
1441 625 1535 679 His
1596 626 1763 698 igitur
1819 625 1873 680 in
1929 634 2113 682 mente

521 719 710 767 nostra
741 711 840 768 rite
867 712 1171 784 dispositis,
1201 713 1312 783 jam
1343 714 1533 784 procul
1558 714 1722 770 dubio
1767 715 1884 770 Deo
1940 715 2113 786 placi-

2223 448 2434 502 hostias
2467 450 2781 504 redolentes
2825 449 3105 505 offerimus
3166 452 3405 507 Domino
3465 459 3676 506 nostro
3725 453 3836 506 less

2222 536 2457 604 Christo,
2494 538 2739 608 quicum
2777 541 2941 595 Patre
2969 549 3022 595 et
3068 540 3272 610 Spiritu
3333 549 3541 596 sancto
3605 540 3749 596 vivit
3797 557 3833 596 et

2222 635 2416 696 regnat
2446 627 2596 682 Deus
2624 643 2722 699 per
2749 627 2960 683 infinita
2989 629 3187 694 saecula
3215 629 3599 685 saeculorum.
3639 631 3829 685 Amen.

646 889 945 971 Εαψίἰσὶι
977 890 1126 954 liber
1154 889 1670 972 Deflorutio-num
1699 892 1997 967 Patrum,
2042 891 2310 956 Basileaz
2341 895 2716 975 impressus,
2747 913 2928 959 anno
2958 895 3218 959 Domini
3246 913 3729 962 M.cccc.xciv.

1789 1248 1945 1288 ANNO
1983 1249 2183 1290 DOMIN!
2222 1251 2553 1292 MC-MCX....

905 1420 2023 1594 SANCTUS
2109 1426 2761 1601 ROBE
2790 1431 3430 1602 HTUS

515 1681 855 1737 PRIMUS
910 1682 1196 1737 ABBAS
1249 1683 1882 1740 MOLISMENSIS
1939 1683 2049 1739 ET
2108 1686 2488 1745 ORDINIS
2542 1690 3268 1750 CISTERCIENSIS
3326 1695 3824 1755 FUNDATOR

809 1959 1062 2104 AD
1168 1959 1754 2106 VITAM
1863 1958 2532 2113 SANCTI
2668 1963 3492 2116 ROBERTI

1311 2268 2298 2376 COMMENTARIUS
2376 2275 2994 2380 PR/EVIUS.

1044 2512 1208 2583 (Acta
1261 2515 1593 2570 sanctorum
1649 2513 1930 2585 Bolland.,
1982 2513 2186 2586 Aprilis
2249 2522 2384 2572 tom.
2450 2518 2546 2587 III,
2603 2517 2691 2576 die
2744 2520 2834 2589 29,
2892 2538 3017 2594 pag.
3079 2525 3244 2596 662.)

506 2867 536 2940 ἕ
566 2868 607 2924 Ι.
667 2869 1118 2940 Ro/ormationes
1165 2867 1380 2940 ordinis
1434 2868 1801 2938 Bcncdictini,
1861 2867 2085 2926 Roberti
2117 2875 2171 2935 B
2203 2868 2383 2924 Caroli
2412 2869 2480 2924 de
2513 2869 2697 2938 Visch,
2731 2869 2879 2926 mille
2909 2870 3124 2928 circiter
3152 2873 3256 2928 bac
3306 2882 3500 2931 nostra
3563 2886 3728 2934 aetate
3755 2894 3806 2934 se

801 2940 1062 3005 exordia,
1093 2939 1360 3007 fundatio
1394 2940 1782 2996 Molismensis.

571 3077 626 3128 l.
669 3073 803 3129 Cum
835 3072 1225 3129 celeberrimus
1254 3073 1430 3129 sancti
1461 3073 1784 3145 patriarcha:
1806 3073 2087 3130 Benedicti

500 3172 656 3236 ordo,
688 3179 900 3227 aetatem
927 3172 1038 3240 jam
1071 3187 1244 3243 agens
1273 3180 1507 3242 quatuor
1536 3171 1884 3238 saeculorum,
1917 3172 2090 3228 incer-

500 3269 611 3315 tum
642 3276 748 3332 quo
775 3259 940 3324 malo,
975 3260 1094 3330 ipsa
1125 3268 1269 3315 certe
1295 3269 1598 3331 temporum
1630 3269 1919 3329 vetustate,
1965 3279 2086 3333 qua:

496 3349 768 3404 interitum
800 3350 964 3404 rebus
995 3349 1157 3404 etiam
1191 3348 1523 3403 firmissimis
1550 3348 1745 3405 aﬁerre
1778 3349 1932 3416 solet,
1983 3350 2085 3405 ali-

493 3454 656 3510 quam
687 3438 740 3491 in
769 3437 948 3492 Gallia
977 3438 1132 3492 avita:
1181 3437 1483 3508 disciplinae
1514 3437 1786 3508 jacturam
1844 3438 2081 3506 fecisset,

493 3535 606 3589 dati
639 3535 785 3590 [uere
817 3534 1075 3590 divinitus
1105 3535 1394 3591 sanctitate
1423 3553 1486 3590 ac
1515 3535 1632 3591 zelo
1663 3537 1910 3608 insignes
1957 3536 2080 3604 viri,

493 3623 587 3694 qui
616 3623 939 3692 depravatos
969 3623 1170 3677 sensim
1202 3640 1383 3678 mores
1413 3625 1481 3677 ad
1506 3624 1904 3694 primiinstiluti
1929 3625 2082 3698 leges

493 3727 556 3767 ac
588 3713 826 3783 rigorem
857 3709 1240 3768 reformarent.
1272 3711 1504 3765 Primam
1538 3713 1588 3766 in
1622 3722 1729 3767 tam
1777 3723 1967 3770 sancto
2015 3730 2081 3770 ac

492 3798 608 3854 utili
637 3798 861 3869 negotio
891 3813 1117 3868 operam
1146 3814 1286 3854 anno
1316 3799 1529 3853 Domini
1561 3803 1662 3855 910
1699 3802 1758 3855 Β.
1789 3803 1964 3856 Berno
1986 3818 2082 3873 po-

491 3888 595 3944 suit
629 3905 640 3942 :
674 3888 785 3960 qui,
818 3886 1044 3942 fundato
1073 3885 1125 3941 in
1156 3903 1303 3960 pago
1325 3887 1706 3943 Matisconensi
1725 3906 1890 3960 super
1907 3891 2080 3945 Grau-

488 3993 614 4034 nam
646 3975 871 4032 fluvium
901 3975 1247 4032 Cluniacensi
1277 3976 1551 4039 coenobio,
1577 3977 1784 4047 primus
1814 3977 1941 4033 dicti
1990 3978 2077 4032 in-

488 4066 558 4121 de
586 4064 710 4120 novi
740 4063 896 4136 quasi
924 4063 1135 4119 ordinis
1167 4065 1345 4130 Pater,
1379 4079 1542 4136 quam
1567 4065 1900 4121 restituendo
1923 4074 2076 4122 vetus

487 4161 794 4217 institutum
824 4159 1171 4216 Benedictino
1201 4159 1382 4216 ordini
1413 4161 1560 4216 utilis
1611 4160 1793 4230 fuerit,
1845 4162 2075 4233 plurima

484 4257 792 4324 propagata
821 4265 851 4302 a
890 4247 1150 4304 Cluniaco
1194 4249 1397 4320 optime
1444 4250 1738 4305 constituta
1801 4253 2073 4322 cmnobia,

483 4338 638 4394 multi
667 4337 792 4392 inde
820 4345 874 4392 et
902 4337 1078 4392 sancti
1110 4346 1163 4392 et
1192 4338 1471 4409 principes
1499 4339 1554 4395 in
1599 4339 1845 4395 Ecclesia
1889 4342 2073 4412 profe-

483 4426 558 4484 cti
583 4426 689 4480 viri
718 4426 1040 4480 docuerunt.
1088 4427 1244 4482 Hunc
1282 4435 1520 4490 secutus,
1571 4429 1672 4482 sub
1711 4428 1922 4484 initium
1973 4447 2074 4486 sa:-

482 4515 589 4572 culi
613 4513 904 4580 undecimi,
936 4515 1001 4568 Β.
1041 4516 1350 4570 Bernardus
1381 4516 1450 4571 de
1499 4517 1720 4572 Tironio
1773 4517 1868 4573 fuit
1902 4538 1916 4586 ;
1979 4519 2071 4590 qui

481 4603 738 4660 felicitate
768 4603 904 4673 pari,
937 4619 1236 4676 progressu
1267 4613 1445 4660 tamen
1470 4605 1701 4673 minore,
1734 4606 2071 4664 reformatio-

478 4709 604 4749 nem
627 4693 681 4747 in
700 4691 984 4747 dioecesim
1011 4695 1410 4749 Carnotensem
1432 4695 1651 4750 invexit.
1676 4695 1782 4751 Sed
1805 4697 1958 4752 nulla
1977 4713 2069 4753 ce-

477 4791 685 4848 lebrior
712 4807 777 4846 ea
807 4790 1033 4857 exstitit,
1068 4808 1228 4862 quam
1260 4792 1317 4847 S.
1362 4793 1585 4848 Roberti
1625 4795 1884 4865 auspiciis
1939 4795 2065 4850 fun-

476 4881 661 4936 datum
689 4880 756 4935 ab
787 4895 853 4935 eo
902 4879 1221 4935 Cistercium
1267 4880 1445 4950 primo
1489 4882 1727 4937 admisit.
1778 4883 2066 4940 Latissime

476 4970 618 5026 enim
651 4976 863 5040 patens,
897 4985 1006 5024 non
1035 4968 1154 5024 sola
1182 4985 1242 5023 se
1273 4968 1448 5023 Gallia
1475 4970 1742 5026 conclusit
1762 4971 2065 5044 illa(quan-

475 5076 636 5131 quam
666 5057 1110 5125 Firmitatem,in
1139 5059 1930 5126 ea,Pontiniacum,Claram-
1945 5064 2063 5118 ναι-

475 5157 584 5212 lem
613 5165 666 5213 et
695 5155 1109 5212 Morimundum
1139 5156 1472 5226 amplissima
1502 5158 1771 5224 coenobia,
1805 5176 1926 5229 quae
1974 5161 2061 5216 Ci-

472 5245 723 5299 stercium
739 5244 878 5300 tilias
899 5243 1139 5315 appellat
1161 5260 1306 5314 suas,
1332 5245 1558 5316 molita),
1584 5249 1680 5302 sed
1711 5255 1880 5303 totam
1903 5249 2059 5304 brevi

469 5331 741 5402 Europam
773 5341 1084 5403 pervagata,
1136 5333 1368 5400 Italiam,
1426 5335 1760 5405 Hispaniam,
1825 5338 2060 5392 Germa-

2197 2965 2455 3022 offerunt.
2496 2967 2649 3023 Adeo
2678 2976 2736 3022 ut
2767 2969 2964 3023 mirum
2992 2986 3099 3025 non
3151 2972 3222 3025 sit
3269 2974 3602 3042 complures
3660 2993 3805 3030 sum-

2198 3071 2319 3110 mos
2352 3056 2658 3126 pontiﬁces,
2691 3057 2939 3129 aliosque
2971 3068 3250 3129 spectatos
3280 3061 3337 3114 in
3371 3063 3638 3118 Ecclesia
3670 3066 3804 3120 viros

2195 3143 2250 3198 in
2280 3144 2523 3199 Cistercii
2553 3153 2605 3199 et
2637 3147 2919 3219 propagati
2949 3148 3018 3202 ab
3041 3165 3105 3204 eo
3136 3148 3344 3205 ordinis
3375 3151 3581 3207 laudes
3627 3162 3801 3210 tanto-

2194 3248 2326 3304 pere
2357 3232 2558 3288 eﬂ‘usos
2589 3233 2783 3290 fuisse.

2264 3360 2317 3413 2.
2352 3357 2620 3414 Praeclara
2650 3358 2854 3415 laudati
2881 3361 2948 3415 ab
2979 3361 3045 3417 iis
3079 3361 3306 3420 instituti
3336 3367 3605 3423 encomia
3663 3369 3800 3424 Her.-

2194 3446 2382 3516 riquez
2405 3446 2457 3500 in
2488 3449 2763 3518 Apparatu
2793 3451 2864 3504 ad
2895 3452 3258 3525 Menologiurn
3281 3455 3668 3514 Cistercience
3690 3458 3797 3514 col-

2191 3534 2314 3606 ligit
2337 3552 2350 3598 ;
2375 3535 2517 3590 unde
2541 3537 2643 3592 hoc
2664 3537 2958 3594 Clementis
2979 3541 3001 3593 I
3023 3550 3106 3596 est
3128 3557 3142 3597 :
3170 3566 3194 3590 ιι
3215 3541 3363 3598 Ordo
3378 3545 3792 3610 Cisterciensis,

2192 3632 2366 3703 inquit
2395 3633 2507 3700 ille,
2539 3643 2620 3689 est
2649 3633 2770 3691 fons
2800 3637 3079 3692 hortorum
3112 3639 3372 3712 irriguus,
3425 3651 3670 3700 caeteras
3725 3646 3794 3700 ri-

2190 3737 2326 3792 gans
2359 3721 2652 3792 religiones
2680 3732 2733 3778 et
2762 3725 3004 3789 ordines,
3034 3743 3098 3782 ac
3125 3727 3178 3782 in
3210 3728 3358 3799 ipsos
3391 3734 3677 3804 exemplis
3715 3750 3791 3788 sa-

2189 3807 2459 3864 lutaribus
2491 3812 2855 3868 scaturicans.
2894 3815 2994 3870 Hic
3023 3824 3105 3870 est
3133 3814 3256 3871 fons
3304 3834 3569 3876 amoenus
3617 3825 3789 3878 varie-

2188 3905 2295 3952 tate
2326 3898 2610 3966 virtutum,
2644 3901 2943 3972 praeclarus
2972 3906 3250 3961 munditiae
3277 3908 3547 3977 puritate,
3603 3912 3785 3982 pietate

2186 4005 2397 4064 patens,
2430 3996 2754 4054 indeficiens
2809 4003 3126 4058 sanctitate.
3191 4005 3395 4059 Horum
3457 4010 3666 4064 merito
3714 4011 3781 4065 sic

2186 4099 2506 4140 exarescere
2537 4089 2755 4154 meruit,
2789 4097 2846 4142 ut
2875 4088 3036 4145 fontis
3065 4108 3264 4148 nomen
3281 4095 3582 4151 excedens
3604 4099 3774 4152 ﬂuvius

2184 4182 2490 4241 censeatur,
2523 4175 2679 4244 cujus
2709 4193 3003 4247 processus
3032 4179 3320 4236 laudabilis
3348 4183 3421 4239 de
3469 4185 3680 4242 virtute
3725 4186 3774 4240 in

2182 4261 2456 4329 virtutem,
2486 4271 2544 4317 ut
2573 4265 2745 4318 Deum
2769 4267 2996 4322 deorum
3030 4269 3085 4323 in
3116 4270 3247 4325 Sion
3270 4271 3477 4340 videat,
3517 4276 3776 4348 gradien-

2182 4357 2249 4412 tis
2281 4359 2605 4415 universalis
2635 4362 2901 4419 Ecclesize
2942 4365 3179 4422 laetiﬁcat
3224 4369 3494 4426 unitatem
3529 4391 3547 4427 :
3588 4374 3646 4427 in
3685 4388 3782 4444 qua

2180 4463 2280 4517 per
2308 4449 2632 4505 meritorum
2662 4452 2988 4508 evidentiam
3020 4454 3182 4512 clarae
3232 4457 3366 4512 lucis
3425 4461 3782 4530 splendorem

2179 4536 2430 4607 adeptus,
2465 4540 2622 4610 quasi
2652 4541 2810 4596 stella
2840 4543 3098 4597 matutina
3131 4546 3447 4615 resplendet
3478 4549 3538 4603 in
3607 4551 3782 4606 medio

2178 4625 2391 4680 nebula:
2423 4629 2608 4682 mundi
2638 4630 2796 4699 hujus
2830 4645 2843 4700 ;
2877 4640 2930 4686 et
2958 4631 3010 4685 in
3044 4648 3105 4686 ea
3153 4633 3478 4703 splendidos
3530 4641 3784 4695 eminens

2179 4722 2366 4778 radios
2401 4723 2575 4779 instar
2604 4726 2756 4794 solis,
2790 4729 2943 4782 velut
2977 4730 3332 4800 aquaeductus
3387 4733 3460 4787 de
3522 4738 3784 4805 paradiso

2175 4812 2594 4881 proveniensin
2639 4830 2819 4886 aquas
2875 4817 3147 4872 redundat
3202 4819 3490 4889 plurimas,
3559 4825 3783 4881 hortum

2175 4900 2570 4971 plantationum
2605 4919 2848 4972 suarum,
2911 4915 3083 4961 coetus
3129 4908 3352 4978 quidem
3389 4910 3784 4971 claustralium

2174 5007 2312 5060 quos
2341 4991 2615 5062 produxit,
2649 4994 2806 5064 aquis
2860 4995 3097 5067 irrigans
3147 4998 3466 5068 gratiarum,
3535 5013 3598 5058 et
3657 5006 3782 5061 vino

2173 5078 2468 5148 spiritualis
2514 5080 2714 5136 laetitia
2772 5082 3002 5139 fructum
3060 5084 3343 5142 inebrians
3400 5099 3602 5160 partus
3665 5096 3772 5149 sui.

2170 5167 2340 5236 Hujus
2369 5167 2639 5238 siquidem
2666 5171 2878 5226 ordinis
2909 5187 3067 5229 sacra
3095 5173 3307 5246 religio,
3361 5191 3395 5231 a
3449 5194 3579 5235 sua:
3633 5183 3782 5238 insti-

2169 5255 2388 5311 tutionis
2442 5258 2699 5328 auspiciis
2753 5260 2906 5332 quasi
2961 5261 3184 5318 deserta
3223 5272 3279 5319 et
3331 5265 3501 5330 invia,
3591 5280 3782 5343 utpote

2168 5354 2355 5423 paucis
2385 5354 2562 5410 adhuc
2592 5355 2798 5411 initiata
2829 5357 3144 5426 cultoribus,
3177 5363 3397 5418 tandem
3423 5364 3676 5425 honoris
3729 5375 3780 5424 et

471 5421 641 5482 niam,
661 5420 940 5473 Poloniam
987 5431 1039 5475 et
1059 5421 1304 5493 Angliam
1329 5422 1626 5478 innovavit.
1652 5428 1909 5481 Auctores
1927 5427 2058 5482 San-
2166 5420 2466 5496 honestatis
2497 5443 2708 5499 fructus
2738 5447 3074 5516 parturiens,
3109 5465 3290 5505 ramos
3343 5469 3478 5507 suos
3541 5458 3781 5527 quidem

473 5505 751 5527 ,,,-_.L-__2
789 5514 906 5527 ---με
966 5508 1127 5527 -.εν-Ακ
1193 5526 1196 5527 ,
1250 5510 1308 5527 .I'
1471 5526 1474 5527 ,
1564 5512 1575 5527 ι
1603 5512 1612 5522 -
1966 5516 2016 5527 η.

470 5505 756 5564 mari-ham
787 5514 937 5619 sum:
965 5508 1208 5562 Virorum
1239 5510 1369 5564 Olim
1400 5512 1654 5619 (ξφηοδία
1702 5531 1864 5583 supra
1907 5516 2054 5572 mine
2163 5529 2388 5585 honoris
2417 5541 2468 5586 et
2499 5533 2690 5604 gratia:
2717 5536 2870 5606 quasi
2915 5539 3270 5608 terebyntbus
3313 5505 3592 5612 extendit:
3643 5563 3778 5619 ger-

470 5595 774 5619 __nf....n..6n
830 5608 918 5619 mnu
947 5593 1116 5619 in-..“
1156 5613 1310 5619 --____
1344 5599 1412 5619 .._2
1470 5616 1485 5619 -
1531 5617 1617 5619 ηπ-
1651 5603 1663 5619 1
1700 5602 1711 5612 ·
1869 5611 1879 5619 .
2082 5607 2129 5619 vs
2227 5617 2233 5619 _

464 5595 800 5667 octingenta,
830 5593 1120 5648 mulierum
1153 5613 1316 5666 supra
1342 5599 1492 5653 mille
1522 5602 1917 5673 quadringenta
1947 5622 2052 5660 nu-
2081 5607 2134 5667 D
2165 5617 2378 5674 minans
2407 5593 2796 5692 generationes
2825 5633 2878 5680 et
2917 5593 3208 5697 progenies
3253 5593 3618 5700 germinavii.
3643 5593 3774 5689 DEs-

465 5708 759 5752 merasse:
805 5693 1143 5762 percurrenti
1188 5695 1577 5752 Bibliothecam
1634 5700 2050 5761 Cistercicnscm
2158 5716 2385 5780 propter
2433 5709 2646 5767 laetatur
2693 5721 2743 5768 et
2783 5693 2973 5782 jubilat
3022 5693 3333 5772 laetabunda
3388 5727 3438 5773 et
3498 5719 3770 5790 laudans,
