3972 6076
156 228 186 284 1
200 228 314 285 257

1628 242 1633 249 ‘
1714 227 1884 288 ACTA
1904 273 1918 290 .

3331 250 3470 312 1288

157 352 417 409 exsultat
449 350 564 423 jam
607 352 661 410 in
709 352 1048 413 multitudine
1095 368 1389 414 numerosa
1420 355 1759 447 spectabilis,
1792 355 1845 418 A
1879 356 2056 447 Quare
2080 369 2142 419 ut
2170 358 2316 422 illius
2353 372 2405 424 et
2435 365 2682 426 notitiam
2730 375 2783 428 et
2838 367 3161 447 magistrum
3210 372 3476 435 haberent

157 457 297 515 qua:
329 441 459 499 olim
493 443 646 516 quasi
676 444 1031 516 despicabilis
1053 444 1108 501 in
1122 446 1413 502 solitudine
1430 444 1708 501 delitebat.
1739 469 1761 496 η

158 539 307 596 Haec
338 542 604 612 pontifex.
653 540 863 610 Quibus
894 558 1002 599 non
1025 544 1286 598 insertum
1319 552 1398 600 est
1428 543 1580 613 illud,
1605 559 1770 616 quan-

161 647 342 700 quam
377 630 613 699 brevius,
647 631 912 687 Richardi
942 632 1340 704 archiepiscopi
1362 632 1767 688 Cantuariensis

162 741 235 782 ac
263 727 600 797 apostolicae,
635 727 781 782 sedis
811 727 999 799 legati,
1033 745 1128 799 ep.
1157 733 1223 784 96
1260 747 1315 784 εις
1348 728 1587 785 Ocastra
1606 739 1770 800 cpta-

161 832 299 887 bilia
333 832 345 888 l
385 832 431 889 Ο
453 832 811 905 congregatio
834 835 1139 889 veneranda
1159 833 1171 890 l
1197 834 1242 890 Ο
1264 835 1582 891 Cistercium
1603 852 1765 907 quam

158 946 368 1003 magna
394 938 481 986 est
507 931 822 987 domustua
856 937 869 983 ι
907 949 1065 1004 quam
1090 933 1322 989 fecunda
1344 934 1395 987 in
1415 933 1538 988 filiis
1563 933 1575 989 l
1601 950 1766 1003 quam

158 1019 465 1090 magniﬁca
486 1019 544 1075 in
573 1019 775 1093 linguis
809 1020 821 1076 ι
856 1037 1018 1093 quam
1061 1022 1306 1093 gloriosa
1343 1022 1399 1077 in
1437 1022 1653 1094 populis
1686 1026 1699 1074 t
1737 1046 1760 1072 ι

161 1109 235 1165 Et
264 1109 399 1164 illud
435 1108 575 1164 Petri
604 1109 889 1175 Cellensis,
946 1127 1032 1181 ep.
1062 1113 1145 1177 14,
1186 1110 1287 1166 lib.
1317 1126 1412 1177 vn,
1438 1112 1512 1166 ita
1539 1111 1767 1183 loquen-

159 1198 261 1253 tis:
284 1220 304 1245 ‹ι
332 1197 545 1253 Gallina
591 1198 685 1252 illa
734 1199 1125 1266 Molismensis,
1143 1199 1305 1269 plena
1327 1200 1524 1270 plumis
1546 1209 1599 1256 et
1626 1201 1764 1257 bene

156 1304 420 1367 pennata,
455 1304 586 1367 quot
614 1303 669 1350 et
705 1295 895 1367 quales
916 1295 985 1351 de
1008 1305 1164 1352 utero
1190 1313 1295 1352 suo
1321 1298 1458 1352 fetus
1484 1297 1759 1367 produxit,

158 1385 293 1440 dum
322 1400 393 1439 ex
432 1400 493 1439 se
539 1384 837 1457 collegium
884 1384 1252 1441 Cisterciense
1296 1386 1591 1459 originario
1633 1403 1763 1457 ger-

160 1482 310 1538 mine
330 1480 645 1553 pullulavitl
679 1483 833 1538 Deus
870 1498 1025 1537 meus
1059 1481 1071 1537 l
1106 1484 1173 1539 de
1204 1483 1300 1539 illo
1322 1500 1428 1539 uno
1457 1500 1562 1540 ovo
1594 1483 1761 1556 quam

163 1571 579 1626 innumerabilis
617 1586 785 1626 arena
829 1573 1218 1627 monachorum
1263 1582 1313 1627 et
1370 1590 1760 1633 conversorum

166 1670 367 1726 faciem
399 1678 559 1725 terra.
588 1671 832 1741 operuitl
864 1688 1024 1743 quam
1071 1671 1252 1727 lucido
1307 1672 1600 1743 splendore
1656 1689 1757 1730 cu-

163 1766 274 1814 tem
319 1758 525 1826 mundi,
579 1758 917 1830 denigratam
945 1776 1044 1830 per
1081 1759 1332 1816 infectam
1392 1762 1608 1818 vivendi
1653 1778 1756 1818 ne-

165 1847 509 1919 gligentiam,
544 1846 858 1903 reformavit
889 1857 945 1902 et
973 1848 1261 1903 illustravit
1294 1849 1306 1904 l
1344 1872 1366 1899 »

238 1940 298 1992 3.
347 1936 520 2007 Hujus
571 1935 731 2006 igitur
769 1943 880 1991 tam
927 1937 1167 2007 cupiosae
1220 1938 1517 2008 spiritualis
1559 1939 1761 1995 messis

165 2042 318 2089 sator
344 2032 407 2088 S.
444 2032 736 2099 Robertus,
777 2033 994 2088 natione
1023 2033 1236 2102 Gallus,
1269 2035 1440 2105 patria
1481 2036 1565 2091 vel
1598 2037 1761 2091 Cam-

164 2138 341 2193 panus
370 2121 455 2177 vel
475 2121 823 2177 Normannus
850 2122 947 2176 fuit
978 2144 990 2185 ;
1026 2132 1183 2177 natus
1207 2122 1354 2178 circa
1396 2140 1596 2179 annum
1645 2126 1761 2180 Do-

167 2211 297 2265 mini
331 2211 488 2277 1017,
512 2220 668 2281 patre
690 2210 1054 2276 Theoderico,
1078 2220 1249 2266 matre
1273 2213 1628 2284 Ermegarde,
1654 2214 1746 2284 opi

172 2301 278 2355 bus
300 2300 505 2371 pariter
533 2314 597 2356 ac
624 2316 829 2373 genere
866 2300 1158 2368 nobilibus,
1182 2316 1215 2355 a
1246 2302 1496 2357 saeculari
1538 2303 1647 2357 vita
1690 2302 1762 2358 ad

170 2389 524 2446 monasticam
556 2389 850 2444 translatus
880 2404 1021 2445 anno
1051 2390 1226 2445 aetatis
1255 2390 1473 2446 decimo
1517 2391 1703 2462 quinto
1743 2408 1758 2446 :

174 2480 324 2548 cujus
355 2479 654 2535 tirocinuim
684 2480 865 2550 posuit
895 2479 949 2532 in
974 2479 1226 2534 cmuobio
1246 2479 1453 2534 ordinis
1494 2479 1549 2536 8.
1585 2481 1761 2536 Bene-

176 2577 320 2645 dicti,
355 2592 463 2632 non
494 2576 683 2648 procul
711 2577 846 2632 urbe
867 2576 1174 2631 Tricassina
1203 2576 1256 2631 in
1280 2578 1594 2648 Campania,
1617 2578 1762 2650 quod

176 2666 319 2721 Cella
350 2666 412 2721 8.
453 2666 596 2721 Petri
626 2665 937 2731 Trecensis,
972 2673 1025 2720 et
1062 2666 1183 2721 aliis
1212 2666 1541 2731 nominibus,
1565 2667 1761 2724 Clem»

174 2756 325 2811 bium
356 2756 564 2811 insula:
597 2754 971 2821 Germanicae,
997 2756 1052 2811 S.
1086 2756 1246 2810 Petri
1283 2754 1350 2811 de
1400 2756 1573 2822 Cella,
1613 2757 1760 2813 Nova

176 2845 345 2910 Cella,
389 2845 549 2900 Vetus
578 2845 751 2909 Cella,
789 2844 945 2900 Cella
974 2843 1189 2911 Bobini,
1214 2851 1266 2899 et
1295 2843 1593 2901 vetustiore
1623 2844 1761 2900 Gal-

171 2932 347 2988 lorum
380 2931 636 2988 idiomate
662 2933 930 2990 Monstier
961 2934 1017 2988 la
1050 2934 1200 2989 Celle
1229 2934 1295 2989 de
1333 2935 1532 3007 Troyes
1562 2950 1763 2991 nuncu-

168 3037 322 3100 patur
349 3030 418 3085 de
461 3030 614 3098 cujus
670 3028 1039 3095 fundamento,
1073 3044 1105 3084 a
1136 3031 1198 3086 S.
1263 3030 1603 3088 Frodoberto
1658 3032 1759 3088 sub

170 3126 440 3183 Clodoveo
460 3129 508 3181 ll
540 3136 591 3182 et
622 3126 891 3183 Chlotario
914 3128 991 3182 ΙΙΙ
1013 3128 1180 3197 jacto,
1212 3128 1426 3199 egimus
1463 3130 1533 3185 ad
1584 3131 1759 3186 Vitam

169 3216 294 3273 dicti
324 3217 381 3272 S.
413 3215 728 3271 Frodoberti
783 3215 871 3271 die
900 3232 997 3270 vui
1035 3216 1302 3271 Januarii.
1369 3219 1494 3274 Post
1534 3220 1759 3275 usitatas

168 3305 419 3362 asceticze
446 3305 570 3360 vita:
598 3304 974 3376 probationes,
997 3304 1174 3359 ordini
1195 3306 1466 3378 ascriptus
1489 3308 1758 3364 Robertus

166 3403 239 3459 ita
273 3402 470 3458 deinde
499 3402 752 3457 virtutem
784 3418 849 3458 ac
878 3402 1288 3458 sanctimoniam
1320 3404 1501 3471 coluit,
1534 3414 1591 3460 ut
1636 3422 1759 3462 om-

166 3492 316 3547 nium
350 3492 625 3547 voluntate
654 3499 706 3546 et
736 3507 964 3546 assensu
990 3492 1225 3548 cmnobii
1272 3493 1423 3564 prior
1466 3494 1755 3549 renuntia—

165 3598 251 3646 tus
281 3590 457 3664 magis
488 3599 613 3645 tunc
634 3604 794 3661 quam
824 3605 945 3644 cum
968 3588 1210 3661 privatus
1239 3590 1501 3662 degebat,
1544 3608 1755 3647 morum

165 3690 441 3761 exemplar
486 3695 650 3745 esset.
701 3688 833 3742 Inde
861 3688 1095 3754 vero,ad
1125 3688 1432 3744 coenobium
1471 3689 1755 3747 Tornodo-

163 3795 319 3835 rense
358 3777 591 3847 transiit,
649 3776 794 3849 quod
850 3775 1098 3845 ejusdem
1149 3776 1359 3833 ordinis
1426 3778 1483 3833 in
1528 3778 1756 3835 dioecesi

164 3867 493 3939 Lingoneusi
522 3867 681 3921 situm
703 3865 830 3920 divo
871 3864 1122 3921 Michaeli
1165 3881 1379 3921 sacrum
1423 3874 1525 3934 est,
1585 3868 1754 3925 sorti-

164 3975 274 4021 tum
303 3982 507 4023 nomen
534 3966 605 4020 ab
630 3964 852 4036 oppido,
870 3963 938 4019 ad
963 3964 1112 4036 quod
1133 3965 1387 4036 pertinet,
1411 3966 1748 4025 Tornodoro.

165 4056 264 4111 Hic
291 4072 320 4110 a
360 4053 643 4110 monachis
683 4053 854 4108 abbas
897 4061 1114 4109 creatus
1182 4053 1588 4121 (Sanmarthani
1631 4065 1754 4128 post

165 4145 444 4200 Dodonem
476 4151 529 4199 et
557 4142 838 4197 Elfredum
868 4142 1059 4198 ordine
1079 4142 1297 4198 tertium
1339 4148 1568 4215 ponunt)
1591 4144 1751 4200 istam

165 4232 480 4304 aliquandiu
505 4231 877 4302 praefecturam
909 4232 1102 4303 gessit.
1144 4232 1276 4287 Cum
1297 4231 1441 4286 enim
1463 4234 1753 4304 comperis-

166 4329 248 4376 set
273 4321 412 4375 adeo
440 4319 551 4376 illic
580 4320 877 4390 collapsam
898 4320 1208 4393 regularem
1237 4320 1580 4390 disciplinam
1600 4338 1748 4390 esse,

1788 3071 1838 3135 C

1876 445 2151 525 idoneum,
2198 471 2263 511 ex
2310 456 2489 514 vicino
2530 445 3217 522 Tornodorensicmnobio
3250 464 3320 522 8.
3355 465 3472 524 Ro-

1876 536 2290 613 bertum,cujus
2314 543 2429 615 jam
2461 548 2611 604 clara
2654 557 2774 606 erat
2816 550 2963 607 fama
3010 553 3334 623 sanctitatis,
3386 555 3472 612 ab

1878 625 2076 694 batem,
2110 632 2432 701 petiverunt.
2462 638 2662 693 Verum
2692 655 2724 694 a
2752 642 3053 706 monachis.
3086 645 3380 701 admodum
3411 645 3467 702 in

1877 716 1979 771 hoc
2008 716 2210 785 invitis,
2242 724 2367 793 quia
2397 727 2664 797 corruptis
2712 729 2957 785 moribus
2992 740 3150 787 erant
3198 741 3253 788 et
3300 750 3467 789 rena-

1876 813 2134 870 scituram
2174 818 2378 875 idicrco
2394 822 2445 875 in
2471 823 2727 893 proximo
2750 835 2991 882 veterem
3012 828 3356 901 disciplinam
3379 847 3472 885 re—

1874 900 2254 974 formidabant,
2289 910 2561 981 repulsam
2592 913 2660 968 ad
2707 918 2922 987 tempus
2958 918 3107 988 passi
3156 900 3313 975 fuere
3348 938 3363 987 ;
3392 919 3476 976 sic

1875 1008 2076 1070 tamen,
2109 1013 2165 1058 ut
2216 1021 2324 1061 non
2355 1024 2573 1064 omnem
2630 1012 2885 1069 continuo
2922 1014 3202 1071 obtinendi
3252 1016 3473 1073 tandem

1873 1097 2097 1155 Roberti
2126 1117 2279 1172 spem
2301 1103 2624 1174 abjicerent.
2653 1109 2799 1163 Nam
2829 1125 2954 1167 cum
2986 1111 3185 1168 relictis
3214 1114 3286 1168 ob
3352 1130 3471 1170 mo-

1872 1202 1991 1240 rum
2032 1192 2401 1261 corruptelam
2430 1194 2962 1265 Tornodorensibus,
2992 1199 3054 1254 S.
3090 1201 3367 1256 Robertus
3396 1202 3468 1258 ad

1873 1275 2153 1334 Cellenses
2186 1298 2461 1352 reversus,
2497 1300 2596 1354 pro
2627 1301 2813 1341 eorum
2845 1288 3046 1345 abbate
3074 1289 3129 1344 in
3162 1290 3225 1346 8.
3264 1291 3471 1364 Aigul-

1870 1364 1964 1436 phi
1991 1368 2240 1423 coenobio
2258 1374 2412 1440 prior
2442 1382 2727 1442 praeesset,
2768 1376 2995 1431 Romam
3029 1377 3281 1448 profecti,
3334 1396 3467 1451 pre-

1871 1462 2026 1517 cibus
2055 1463 2297 1521 institere
2341 1469 2485 1538 apud
2524 1468 2854 1540 pontificem,
2901 1481 2959 1527 ut
3005 1482 3332 1544 potestatem
3378 1476 3466 1532 fa-

1870 1560 2037 1618 ceret,
2072 1569 2196 1608 eum
2225 1570 2254 1609 e
2278 1554 2466 1611 vicinis
2498 1558 2818 1615 Benidictini
2847 1562 3052 1617 ordinis
3092 1564 3377 1620 monachis
3411 1565 3467 1620 in

1870 1664 2031 1704 novas
2059 1664 2124 1705 ac
2155 1651 2424 1724 regularis
2456 1652 2577 1709 vitae
2604 1656 2926 1729 magistrum
2976 1656 3080 1712 sibi
3127 1661 3462 1730 assumendi,

1870 1754 2032 1809 quem
2062 1740 2292 1796 maxime
2326 1741 2395 1796 ad
2426 1742 2530 1796 hoc
2554 1744 2809 1798 idoneum
2839 1755 3109 1816 putarent.
3136 1747 3292 1817 Quod
3340 1764 3466 1806 cum

1866 1841 2187 1883 concessum
2218 1828 2430 1896 fuisset,
2464 1831 2667 1901 petitus
2708 1832 2907 1888 iterum
2954 1836 3019 1893 S.
3075 1836 3367 1906 Robertus,
3413 1847 3468 1894 et

1866 1921 1998 1994 quia
2055 1924 2293 1993 pontifex
2359 1927 2733 1983 auctoritatem
2783 1928 3184 2003 interponebat,
3232 1932 3396 1990 facile
3433 1949 3469 1989 a

1868 2012 2105 2066 Cellensi
2150 2013 2348 2070 abbate
2390 2015 2709 2087 impetratus
2742 2017 2854 2074 fuit.
2882 2018 3070 2089 Quare
3086 2021 3467 2095 datusseptem

1867 2108 1923 2163 in
1954 2109 2155 2166 Colano
2194 2127 2420 2168 nemore
2474 2114 2780 2172 eremicolis
2820 2133 3025 2189 praeses
3081 2127 3135 2174 et
3179 2120 3464 2192 magister,

1866 2213 2052 2253 mores
2082 2215 2272 2254 eorum
2295 2202 2365 2256 ad
2395 2203 2451 2258 S.
2507 2204 2785 2260 Benedicti
2840 2206 3104 2279 regulare
3158 2207 3468 2265 institutum

1867 2285 2104 2343 formare
2133 2289 2299 2361 erepit
2328 2299 2384 2345 et
2411 2292 2615 2347 sensim
2666 2310 2883 2365 quoque
2931 2312 3134 2369 augere
3165 2297 3467 2368 discipulo-

1867 2391 1990 2429 rum
2018 2393 2328 2433 numerum.
2369 2380 2429 2433 In
2466 2380 2533 2436 iis
2582 2382 2642 2436 B.
2694 2383 3014 2440 Albericum
3060 2384 3248 2455 fuisse,
3307 2387 3462 2456 cujus

1868 2476 2046 2531 Vitam
2076 2477 2146 2532 ad
2178 2479 2246 2533 26
2272 2481 2508 2536 Januarii
2531 2481 2802 2551 dedimus,
2834 2484 3153 2558 Manriquez
3182 2486 3237 2541 in
3265 2487 3463 2543 Anna-

1867 2564 2010 2620 libus
2052 2567 2490 2624 Cisterciensium
2548 2580 2739 2627 auctor
2794 2581 2877 2627 est
2911 2590 2925 2627 :
2963 2598 2986 2623 «ι
3021 2574 3323 2648 Albericus,
3372 2576 3464 2631 in-

1868 2662 2003 2734 quit,
2033 2665 2101 2719 ad
2132 2650 2382 2720 habitum.
2401 2676 2689 2738 susceptus
2719 2671 2953 2727 sacravit
2992 2670 3164 2740 initia,
3225 2673 3467 2731 sanctior

1867 2766 1938 2805 an
1968 2752 2178 2808 doctior
2207 2755 2448 2823 dubium,
2482 2757 2714 2811 collatus
2737 2757 2842 2812 sibi
2867 2777 2879 2823 ;
2910 2767 3200 2833 utrumque
3220 2770 3459 2830 certum,

1869 2839 1915 2894 si
1944 2840 2063 2895 aliis
2092 2841 2429 2911 conferatur,
2460 2860 2561 2901 nec
2608 2845 2808 2902 divinis
2867 2856 3075 2903 tantum
3124 2848 3316 2906 litteris
3373 2849 3464 2905 in-

1868 2944 2122 3007 structus,
2150 2941 2247 2995 sed
2282 2941 2555 2997 humanis.
2591 2944 2777 2998 Virum
2810 2943 3107 3001 litterarum
3150 2945 3208 3001 in
3263 2946 3463 3004 divinis

1868 3034 1921 3081 et
1942 3028 2195 3083 humanis
2224 3029 2358 3084 satis
2388 3046 2636 3103 gnarum,
2671 3039 2983 3089 amatorem
3016 3034 3222 3108 regulae
3267 3044 3320 3092 et
3348 3036 3464 3092 fra-

1870 3132 2011 3179 trum
2042 3126 2334 3182 Exordium
2369 3137 2551 3184 vocat.
2590 3131 2727 3201 Spes
2747 3147 2937 3187 omnes
2965 3131 3022 3186 in
3068 3132 3273 3190 saaeu'o
3324 3150 3464 3191 eon-

1867 3222 2053 3284 ceptas
2082 3232 2204 3270 cum
2237 3233 2479 3289 paupere
2502 3218 2596 3274 illo
2627 3228 2770 3274 statu
2797 3222 3166 3277 commutavit.
3200 3222 3351 3279 Alios
3380 3224 3464 3279 di-

1866 3302 2105 3373 scipulos
2134 3305 2577 3362 habuitsauctus
2618 3308 2797 3374 Pater,
2858 3309 2985 3363 dum
3037 3308 3228 3366 Colani
3276 3328 3467 3368 mane-

1867 3400 1965 3459 ret,
1995 3392 2091 3447 sed
2120 3394 2237 3448 fere
2267 3402 2604 3450 momentum
2624 3413 2804 3452 rerum
2832 3414 3007 3468 penes
3037 3399 3182 3456 hunc
3206 3398 3326 3455 fuit.
3362 3425 3386 3451 ιι

1936 3494 1994 3544 5.
2029 3489 2169 3559 Quia
2197 3492 2363 3564 igitur
2391 3501 2541 3548 ortus
2571 3510 2726 3551 novae
2777 3496 3075 3551 admodum
3122 3498 3459 3570 regularium

1865 3580 2314 3651 congregationis
2342 3582 2480 3636 adeo
2511 3583 2640 3637 felix
2662 3591 2716 3639 et
2745 3587 3062 3656 auspicatus
3084 3594 3225 3657 erat,
3285 3589 3459 3658 majo-

1864 3684 1955 3722 res
2000 3669 2056 3722 in
2087 3668 2202 3724 dies
2233 3669 2319 3724 sui
2351 3686 2650 3743 progessus
2679 3681 2730 3727 et
2747 3672 2921 3728 futura
2946 3677 3457 3746 cceptorumincre-

1862 3773 2042 3820 menta
2063 3766 2421 3837 pollicebatur
2449 3787 2464 3835 ;
2496 3770 2693 3841 quibus
2715 3785 2840 3827 cum
2875 3772 2938 3828 S.
2970 3772 3241 3830 Robertus
3288 3774 3460 3831 Cola-

1862 3870 1992 3909 num
2021 3872 2215 3912 nemus
2244 3874 2351 3911 nan
2380 3860 2511 3912 satis
2539 3874 2661 3914 esse
2691 3868 2872 3931 aptum
2903 3861 3238 3932 provideret,
3261 3863 3451 3919 sedem

1860 3946 2020 4001 novis
2075 3946 2358 4002 monachis
2412 3947 2847 4004 commodiorem
2902 3950 3229 4021 quaesiturus
3269 3952 3451 4020 abiit;

1860 4042 2159 4115 silvamque
2190 4059 2449 4114 egressus
2482 4051 2531 4099 et
2563 4045 2904 4115 perlustrans
2929 4046 3205 4116 viciniam,
3230 4048 3282 4103 in
3303 4047 3453 4105 illam

1858 4138 2046 4196 incidit
2074 4156 2194 4211 quae
2223 4139 2504 4195 Molismus
2534 4143 2851 4199 vocabatur.
2883 4143 3035 4200 Hanc
3088 4144 3275 4215 itaque
3331 4162 3456 4203 ma-

1852 4227 2069 4297 joribus
2098 4228 2263 4283 rebus
2291 4245 2430 4300 quas
2466 4229 2794 4286 moliebatur
2835 4234 3250 4289 accommodem
3278 4244 3450 4307 ratus,

1859 4316 2022 4372 sociis
2057 4331 2122 4372 ac
2139 4333 2279 4373 novo
2311 4318 2574 4374 struendo
2594 4321 2847 4376 coenobio
2868 4322 3057 4377 sedem
3077 4322 3303 4396 delegit.
3328 4324 3451 4381 Cte-

164 4417 220 4465 ut
249 4416 728 4481 quantumcunque
766 4408 1043 4475 niteretur,
1095 4408 1309 4474 erigere
1354 4425 1463 4464 non
1518 4410 1746 4479 valeret,
1776 4430 1828 4491 D
1859 4415 2007 4478 ptum
2028 4414 2110 4461 est
2138 4405 2269 4460 illud
2299 4405 2514 4462 fundari
2543 4424 2685 4464 anno
2716 4409 2933 4465 Domini
2990 4413 3148 4479 1075,
3208 4418 3275 4468 20
3333 4414 3447 4469 De-

162 4508 474 4581 dignitatem
495 4522 720 4575 exuens,
743 4506 986 4577 privatus
1014 4505 1085 4560 ad
1102 4505 1382 4561 Cellenses
1408 4506 1565 4562 rediit
1613 4526 1626 4562 :
1651 4526 1752 4580 pro

162 4607 309 4677 cujus
332 4605 571 4661 subinde
596 4605 792 4660 abbate
821 4604 875 4658 in
912 4604 973 4660 S.
1013 4603 1270 4677 Aigulpbi
1301 4607 1556 4663 cmnobio
1602 4608 1751 4678 prior

163 4706 229 4763 ad
259 4714 468 4777 tempus
488 4703 721 4776 praefuit,
750 4703 925 4759 donec
954 4703 1247 4759 Molismun
1276 4704 1439 4775 erepit
1477 4705 1675 4761 moliri.

232 4798 284 4851 4.
316 4795 496 4867 Hujus
542 4792 781 4850 ctenobii
811 4792 959 4847 initia
1012 4808 1078 4848 ex
1119 4791 1319 4847 Calano
1346 4792 1476 4848 olim
1523 4810 1749 4851 nemore

161 4885 416 4958 prodiere
449 4902 463 4939 :
495 4883 642 4957 quod
672 4879 1080 4938 Tornodorensi
1109 4880 1341 4936 vicinum
1370 4882 1593 4953 Oppido,
1637 4884 1750 4956 qui-

164 4985 282 5039 dam
313 4981 595 5049 sacerdos,
644 4979 942 5035 solitariam
992 4979 1156 5035 vitam
1199 4994 1393 5050 agens,
1443 4979 1739 5037 incolebat.

163 5082 295 5138 Huic
322 5097 443 5137 cum
475 5080 583 5135 duo
611 5078 846 5150 primum
871 5076 1120 5150 germani
1157 5076 1380 5144 fratres,
1424 5087 1749 5150 conceptum

164 5180 358 5227 mutua:
387 5169 556 5226 caedis
593 5167 775 5223 scelus
831 5166 1116 5237 expiaturi,
1159 5182 1226 5222 ac
1264 5174 1502 5238 quatuor
1551 5167 1750 5224 deinde

165 5269 268 5337 alii,
299 5269 440 5324 idem
458 5274 703 5324 amantes
730 5265 1058 5331 institutum,
1091 5265 1271 5320 socios
1311 5281 1370 5320 se
1420 5266 1747 5335 iunxissent,

166 5359 320 5414 vitam
369 5354 683 5428 aliquandiu
737 5352 914 5408 studio
971 5353 1203 5426 quisque
1268 5351 1479 5409 virtutis
1539 5354 1749 5426 privato

166 5462 481 5512 exercuere,
512 5444 674 5498 nullis
704 5444 760 5498 in
781 5458 1067 5499 commune
1093 5443 1306 5515 legibus
1326 5443 1588 5500 devincti.
1624 5445 1751 5500 Pla-

166 5537 269 5594 cuit
304 5544 484 5590 tamen
514 5532 677 5605 paulo
708 5540 831 5604 post
859 5531 1076 5586 vivendi
1107 5532 1352 5602 qumdam
1388 5534 1519 5589 ratio
1547 5542 1599 5589 et
1630 5535 1747 5589 fur-

166 5642 256 5682 ma
283 5622 584 5681 communis
616 5636 630 5690 ;
663 5637 723 5676 ac
755 5637 817 5676 ea
847 5621 1208 5692 potissimum,
1240 5638 1362 5693 qua:
1384 5637 1481 5693 per
1517 5623 1570 5677 id
1612 5631 1754 5679 tem-

166 5731 261 5789 pus
287 5720 402 5772 erat
430 5727 527 5785 per
564 5711 798 5768 Galliam
840 5710 1223 5783 vulgatissima
1244 5710 1741 5770 Benedictinorum.

485 5834 746 5899 Parnon.
783 5832 1021 5900 CLVII.

1858 4503 2119 4571 cembris,
2163 4512 2215 4558 et
2246 4512 2457 4560 retento
2488 4505 2639 4561 silvae
2667 4506 2723 4560 in
2752 4524 2855 4579 qua
2886 4508 3064 4563 stabat
3092 4509 3311 4566 nomine
3328 4512 3448 4568 Mo-

1856 4589 2046 4644 lismus
2086 4588 2192 4644 dici
2226 4604 2239 4658 ;
2272 4588 2491 4645 celebre
2536 4599 2724 4661 postea
2755 4600 2807 4647 et
2834 4593 3019 4649 multis
3047 4603 3262 4650 auctum
3319 4596 3450 4652 fun-

1855 4687 1939 4742 dis
1975 4687 2318 4743 asceterium.
2366 4688 2642 4743 Laudatur
2669 4705 2699 4744 a
2739 4689 2979 4747 Caesarie
3031 4691 3125 4747 lib.
3156 4709 3174 4747 ι
3204 4692 3446 4751 Miracu-

1855 4775 2033 4832 lorum
2091 4774 2145 4830 in
2188 4776 2306 4832 haec
2353 4776 2524 4833 verba
2561 4794 2574 4831 :
2610 4800 2630 4823 οι
2666 4778 2727 4832 In
2771 4778 3085 4852 episcopatu
3110 4780 3447 4854 Lingonensi

1855 4873 2018 4929 situm
2048 4882 2132 4929 est
2156 4873 2487 4942 coenobium,
2519 4875 2738 4931 nomine
2768 4876 3069 4943 Molismus,
3103 4877 3251 4933 fama
3293 4880 3446 4936 cele—

1855 4962 2169 5031 berrimum,
2196 4962 2462 5035 religione
2517 4962 2890 5036 perspicuum,
2950 4966 3085 5023 viris
3141 4965 3450 5027 illustribus

1856 5061 2214 5125 nobilitatum.
2245 5061 2688 5132 possessionibus
2714 5063 2973 5134 amplum,
3008 5064 3292 5121 virtutibus
3338 5066 3449 5123 cla-

1854 5168 2000 5206 rum.
2047 5174 2067 5198 ιι
2102 5149 2381 5205 Initiorum
2415 5166 2540 5206 vero
2570 5150 2663 5206 lib.
2698 5168 2790 5207 vm
2822 5152 3094 5220 Historiae,
3128 5152 3197 5209 ita
3230 5154 3450 5212 Orderi-

1856 5255 1951 5295 cus
1980 5238 2225 5295 meminit
2258 5256 2271 5293 :
2309 5262 2330 5286 η
2366 5239 2422 5293 In
2454 5240 2760 5310 Burgundia
2792 5241 2951 5297 locus
3008 5250 3091 5297 est
3147 5243 3239 5315 qui
3294 5245 3453 5301 Moli-

1857 5344 2007 5384 smus
2038 5327 2235 5384 dicitur
2267 5345 2280 5382 :
2313 5327 2384 5381 ibi
2416 5336 2658 5399 tempore
2717 5329 2950 5401 Philippi
3005 5331 3157 5403 regis
3214 5331 3453 5391 Franco-

1855 5444 1995 5493 rum,
2029 5425 2354 5482 venerabilis
2384 5425 2654 5480 Robertus
2679 5426 2853 5481 abbas
2900 5427 3210 5484 coenobium
3260 5432 3454 5491 condi-

1857 5526 1940 5581 dit
1971 5544 1985 5593 ;
2011 5532 2064 5580 et
2093 5525 2391 5595 inspirante
2420 5524 2596 5597 gratia
2627 5523 2860 5595 Spiritus
2913 5526 3107 5593 sancti,
3150 5526 3451 5599 discipulos

1858 5629 2073 5686 magnae
2105 5612 2382 5685 religionis
2411 5613 2775 5687 aggregavit;
2807 5614 3098 5689 studioque
3119 5616 3375 5671 virtutum
3396 5617 3454 5672 in

1859 5721 2049 5771 sancta
2076 5718 2399 5787 paupertate
2422 5711 2579 5783 juxta
2627 5729 2783 5770 usum
2814 5713 3051 5771 aliorum
3082 5712 3455 5772 cmnobiorum

3066 5832 3141 5895 40
