3972 6076
523 188 659 241 12.99
1367 188 1424 242 S.
1467 185 1773 245 ROBERTI
1815 184 1983 241 0RD.
2024 182 2346 240 CISTERC.
2394 185 2865 242 FUNDATORIS
3735 191 3864 242 1Ξῶ

513 310 744 368 comiter
765 311 1042 367 instruxit.
1089 337 1110 360 »ι
1146 315 1392 371 Fundato
1447 314 1501 367 in
1538 314 1682 366 hunc
1729 308 1946 364 modum
1991 307 2102 360 Μο-
2130 308 2186 370 Α
2222 307 2323 362 bus
2345 308 2674 380 conscripto,
2710 309 2800 378 qui
2831 326 2940 364 rem
2991 310 3168 383 ipsam
3224 313 3540 366 hauserunt
3611 313 3861 383 prcipriis

517 400 759 454 lismensi
784 401 1054 461 coenobio.
1089 403 1323 472 primus,
1359 403 1436 457 uti
1465 419 1567 472 par
1599 407 1736 463 erat,
1763 414 1886 454 cum
1947 407 2107 467 pote-
2217 397 2408 464 oculis,
2442 414 2549 452 non
2579 399 2646 452 de
2702 399 2997 469 Stephano,
3032 401 3126 454 sed
3159 401 3227 455 de
3274 401 3541 456 Alberico
3583 401 3858 469 scriptum

517 498 653 544 state
684 489 893 544 abbatis
922 489 1131 561 praefuit
1160 492 1222 546 S.
1262 491 1555 547 Robertus.
1591 491 1670 543 Ita
1701 495 1964 542 testantur
2004 501 2108 556 pu—
2219 485 2344 558 lego
2378 504 2391 539 :
2426 487 2516 557 qui
2545 502 2642 556 pro
2675 503 2741 541 eo
2765 489 3002 556 negotio,
3038 505 3234 560 nempe
3266 489 3710 544 reformationis
3745 491 3859 545 Me-

519 589 676 643 blicag
707 588 1061 643 άοῃαιίοῃωη
1094 590 1290 645 tabulae
1334 589 1476 660 apud
1532 586 2004 648 Sammai-thanos,
2055 591 2109 639 et
2211 573 2576 638 lismensium,
2612 575 2780 629 multa
2811 577 3125 646 opprobria,
3160 593 3452 633 carcer-em
3490 586 3546 631 et
3601 578 3849 632 verbera

513 678 751 748 diploma
779 677 1084 733 Daimherti
1129 679 1463 734 Senonensis
1509 674 1907 746 archiepiscopi
1963 674 2106 744 apud
2228 685 2523 740 perpessus
2556 669 2748 724 fuerat.
2775 691 2797 719 ii
2825 672 2952 726 llaec
2975 671 3063 725 ille
3093 673 3641 737 ;addens,Alberici
3668 691 3735 728 ac
3754 675 3844 728 Ste

515 768 866 822 Camuzatum
893 766 948 821 in
979 768 1354 838 Promptuario
1394 781 1675 821 sacrarum
1724 762 2104 834 antiquitatum
2225 757 2391 826 phani
2415 774 2699 812 secessum
2734 759 2787 812 in
2822 759 3144 815 Unicensem
3205 762 3573 817 solitudinem
3627 762 3692 816 in
3753 764 3851 818 ho;

513 865 766 921 dimcesis
795 865 1138 921 Tricassinze.
1172 866 1495 922 Monachum
1548 863 1642 929 ibi,
1705 871 1840 917 teste
1894 858 2102 914 Manri-
2211 861 2426 916 quoque
2485 855 2697 917 tempus
2735 863 2858 902 esse
2888 849 3274 904 conferendum
3310 866 3324 906 τ
3365 875 3386 897 ι’
3423 851 3596 918 QUO.
3669 858 3730 903 υῑ
3781 851 3848 906 10-

511 971 665 1026 quez,
695 954 864 1009 redux
896 954 966 1008 ab
997 954 1370 1026 apostolorum
1405 953 1678 1007 liminibus
1708 952 1766 1004 Β.
1791 950 2102 1018 Stephanus
2210 931 2408 1002 (ἶυίιυτι
2452 936 2679 1026 αὺεθηιέ
2712 934 2970 1026 nimirum
3035 937 3274 992 Roberto
3332 939 3506 993 Patre
3570 937 3838 992 eﬂ'ectum

510 1025 702 1111 induit,
737 1052 926 1113 postea
958 1025 1147 1098 tertius
1179 1043 1620 1098 Cisterciensium
1654 1039 1829 1094 abbas
1888 1038 2100 1103 factus,
2209 1030 2313 1087 θεῖν
2356 1030 2415 1113 Ψ
2467 1039 2496 1077 θ
2549 1025 2799 1079 Μοιίδτηο
2845 1025 2962 1080 Sine
3014 1027 3242 1094 alicujus
3305 1029 3549 1082 alterius
3617 1030 3838 1084 licet“?!

510 1140 564 1188 ει
624 1111 971 1186 mamma
1000 1131 1156 1185 nobis
1187 1146 1252 1184 an
1287 1131 1351 1183 17
1381 1129 1609 1199 Aprilis.
2207 1111 2395 1180 egredi
2425 1120 2476 1165 et
2506 1120 2728 1181 possent
2780 1119 2837 1167 et
2865 1113 3087 1176 vellent,
3113 1113 3246 1169 forte
3270 1116 3435 1169 etiam
3475 1125 3534 1170 et
3568 1134 3732 1186 pene
3764 1133 3838 1170 co-

582 1225 635 1276 6.
667 1221 816 1276 Adeo
865 1228 1043 1274 autem
1097 1220 1272 1289 prima
1329 1216 1753 1272 Molismensium
1812 1213 2101 1270 monacho-

2267 1207 2482 1263 :rentur,
2516 1199 2751 1268 acceptis
2774 1199 2952 1271 plagis
2987 1215 3000 1254 :
3033 1217 3324 1273 numquam
3350 1203 3499 1257 alias
3535 1205 3633 1259 vel
3668 1221 3705 1258 ει
3732 1206 3835 1259 Pa-

508 1327 630 1365 rnm
653 1309 768 1364 vita
794 1303 860 1364 ac
885 1308 1062 1362 virtus
1093 1306 1319 1361 illustris
1352 1305 1471 1369 fuit,
1504 1313 1561 1358 ut
1582 1321 1647 1358 ex
1706 1303 1772 1356 iis
1807 1318 1839 1357 a
1895 1301 2099 1372 princi-
2205 1303 2285 1349 tre
2317 1297 2476 1350 etiam
2502 1296 2721 1349 obtenta
2755 1297 2837 1351 vel
2870 1313 2976 1352 non
3007 1300 3167 1367 petita
3198 1316 3225 1352 a
3258 1300 3383 1356 Ιοου
3416 1301 3774 1356 discessuri.
3812 1325 3831 1351 ι

505 1395 666 1466 pibus
693 1394 748 1448 in
779 1392 974 1448 vicinia
1005 1390 1156 1455 viris,
1190 1391 1255 1444 ad
1288 1405 1435 1444 nova
1465 1390 1516 1442 in
1549 1405 1738 1444 eorum
1769 1386 1948 1441 fundis
1978 1401 2102 1439 con-
2204 1384 2322 1438 Ado
2353 1400 2447 1439 seu
2498 1385 2742 1456 quisquis
2800 1385 2939 1440 alius
2971 1387 3143 1441 Vitam
3205 1388 3346 1442 infra
3396 1390 3660 1444 dandam
3697 1392 3833 1446 seri-

507 1491 780 1547 stituenda
813 1489 1085 1552 coenobia,
1115 1486 1264 1558 petiti
1298 1487 1424 1541 sint.
1475 1488 1554 1541 Ita
1585 1485 1812 1551 scilicet,
1875 1491 2096 1538 auctore
2203 1481 2332 1552 psit,
2395 1498 2616 1537 carcere
2654 1490 2706 1537 et
2745 1484 3060 1538 verberibus
3120 1487 3455 1556 suppressis,
3493 1488 3620 1543 imo
3680 1499 3739 1544 et
3772 1492 3832 1544 du

506 1583 562 1637 S.
596 1582 852 1643 Roherto,
878 1577 1204 1632 asceterium
1238 1576 1292 1629 in
1323 1592 1449 1630 arce
1483 1573 1885 1629 Vallis—Coloris
1907 1572 2097 1626 funda-
2203 1586 2321 1632 rato
2353 1577 2406 1630 in
2427 1578 2630 1631 malum
2661 1579 2978 1634 caedentium
3011 1581 3178 1636 corde
3208 1583 3344 1649 (suis
3368 1584 3422 1637 id
3502 1586 3833 1642 Molismen-

502 1679 614 1725 tum
647 1669 764 1724 fuit.
798 1667 914 1736 Qua
943 1667 1012 1721 de
1043 1683 1099 1720 re
1130 1665 1444 1734 hujusmodi
1472 1668 1614 1734 apud
1655 1663 2085 1718 Sanmarthanos
2115 1665 2168 1725 B
2199 1666 2348 1720 sibus
2377 1666 2664 1735 indultum)
2693 1667 2934 1723 arctioris
2956 1679 3006 1723 et
3037 1670 3311 1727 salutaria:
3354 1674 3485 1728 vita:
3544 1675 3835 1730 desiderio

501 1778 650 1825 torno
681 1768 749 1822 Ν
779 1765 968 1821 Galliae
997 1762 1327 1818 Christianae
1356 1762 1556 1817 tabula:
1577 1769 1795 1816 exstant
1825 1779 1836 1814 :
1865 1781 1887 1810 «
1924 1761 1982 1813 ln
2005 1775 2092 1813 no-
2195 1750 2498 1806 discessum
2527 1752 2711 1806 docet.
2756 1775 2777 1799 α
2813 1754 2981 1807 Erant
3003 1763 3198 1821 autem,
3230 1757 3322 1822 ait,
3350 1757 3504 1812 inter
3528 1760 3668 1813 illos
3707 1777 3836 1830 qua-

501 1861 646 1916 mine
680 1859 892 1912 Sancta:
921 1861 972 1908 et
1002 1851 1246 1907 inviduaa
1275 1851 1580 1906 Trinitatis.
1616 1849 1935 1905 Suavissimi
1966 1849 2093 1902 odo-
2196 1847 2319 1894 tuor
2348 1839 2448 1894 Viri
2492 1839 2762 1906 fortiores,
2821 1841 3100 1898 Albericus
3144 1851 3197 1898 et
3255 1845 3597 1916 Stephanus,
3667 1857 3834 1920 atquc

502 1959 579 2014 ris
610 1957 754 2011 fama
783 1951 1147 2009 Molismensis
1177 1949 1412 2006 coenobii
1459 1949 1623 2022 longe
1671 1949 1880 2020 lateque
1937 1947 2068 2001 redo

2264 1929 2289 1981 ii
2311 1929 2436 1993 duo,
2471 1928 2561 1999 qui
2612 1939 2734 1998 post
2795 1931 3131 1986 coenobiticae
3183 1935 3608 1989 exercitationis
3678 1940 3832 1991 rudi-

501 2049 647 2104 lente
677 2043 828 2098 multi
860 2042 1069 2096 devotae
1104 2039 1384 2109 religionis
1414 2038 1517 2092 viri
1544 2016 1806 2092 beneficia
1852 2036 2065 2091 contule

2258 2025 2382 2072 enta
2411 2016 2482 2072 ad
2528 2017 2804 2088 singulare
2860 2020 3029 2074 eremi
3087 2029 3366 2076 certamen
3427 2026 3826 2094 suspirabant.

502 2143 630 2193 runt
685 2131 1095 2200 monachosque
1132 2144 1161 2181 a
1210 2106 1480 2198 praedicto
1542 2126 1663 2180 loco
1719 2126 1786 2179 ad
1843 2123 2070 2180 coenobii

2260 2106 2427 2177 gressi
2457 2122 2597 2178 ergo
2627 2107 2696 2161 de
2723 2107 2975 2162 ccenobio
3008 2108 3371 2178 Molismensi,
3424 2123 3722 2168 venerunt
3760 2115 3828 2168 ad

500 2229 819 2290 aedificanda
851 2227 962 2281 suis
990 2223 1211 2296 przediis
1243 2231 1294 2278 et
1329 2221 1765 2292 possessionibus
1797 2221 2094 2290 postulave—
2200 2203 2491 2276 quemdam
2521 2203 2700 2258 locum
2731 2205 2817 2259 συί
2849 2205 3049 2260 Unicus
3079 2223 3279 2261 nomen
3312 2218 3418 2272 εδει,
3450 2234 3471 2256 ι’
3519 2219 3636 2266 etc.

502 2329 654 2377 runt.
693 2319 827 2387 Qua:
857 2314 1159 2370 sanctitatis
1191 2311 1477 2382 postulatio
1525 2319 1813 2382 postquam
1872 2310 2092 2363 auribus
2198 2305 2224 2376 §
2255 2307 2320 2359 Il.
2347 2305 2517 2360 Initia
2536 2307 2766 2360 είεηοὺὶὶ
2790 2311 2846 2361 et
2865 2308 3081 2363 ordinis
3097 2308 3516 2378 Cistcrcicnsis,
3548 2318 3609 2367 et
3632 2319 3826 2368 ινιιηεο

499 2409 648 2466 senis
675 2403 903 2467 Joffridi,
936 2400 1265 2456 nobilissimi
1296 2399 1558 2472 principis
1588 2405 1640 2453 et
1668 2407 1871 2453 sancta)
1912 2397 2097 2452 Eccle—
2547 2397 2664 2449 itus
2701 2396 2760 2451 S.
2803 2396 3027 2451 Roborti
3054 2398 3126 2451 ad
3148 2399 3438 2454 eumdem.

501 2507 600 2563 size
627 2500 949 2566 ﬁdelissimi,
983 2497 1219 2553 insonuit
1252 2511 1265 2568 ;
1298 2496 1601 2550 monachos
1643 2511 1672 2550 a
1731 2496 1930 2550 domno
1978 2495 2092 2549 Ro-
2274 2496 2331 2546 8.
2371 2491 2623 2547 Destituti
2655 2492 2852 2546 talibus
2896 2494 3027 2548 viris
3081 2495 3483 2563 Molismenses,
3557 2500 3722 2554 brevi
3775 2509 3826 2554 et

499 2605 676 2669 berto,
707 2601 881 2672 primo
912 2597 1162 2667 ejusdem
1192 2594 1297 2650 loci
1327 2593 1546 2660 abbate,
1579 2593 1822 2647 moribus
1879 2601 2086 2662 ornato,
2202 2581 2452 2672 orbitatis
2486 2597 2604 2634 suae
2651 2582 2891 2672 pertaesi,
2923 2591 2975 2636 et
3023 2582 3182 2637 futuri
3219 2585 3481 2656 deinceps
3550 2590 3820 2646 meliores

506 2669 924 2750 conversatione
953 2686 1078 2741 vitae
1105 2685 1358 2756 probato,
1393 2681 1603 2754 fulgore
1662 2682 1914 2736 virtutum
1972 2681 2096 2736 illu-
2201 2669 2317 2733 ﬁlii.
2353 2671 2567 2724 Patrem
2598 2685 2759 2740 quem
2790 2670 3086 2725 amiserant
3115 2672 3184 2726 ab
3214 2673 3334 2743 ipso
3367 2691 3601 2731 summo
3641 2683 3822 2748 ponti-

501 2790 724 2856 minato,
759 2783 1080 2847 humilitate,
1139 2779 1417 2851 patientia,
1471 2778 1698 2848 justitia,
1759 2777 2092 2844 fortitudine,
2203 2757 2305 2814 ﬁce
2331 2757 2886 2829 repetiveruntiquo
2914 2770 3205 2826 annuente.
3240 2771 3290 2816 et
3320 2765 3617 2834 negotium
3651 2768 3818 2822 dante

502 2855 884 2948 temperantia,
933 2870 1220 2943 prudentia
1277 2869 1556 2937 decorato,
1609 2866 1856 2921 similiter
1901 2867 2096 2923 exinde
2203 2855 2539 2928 LingonenSi
2578 2855 3291 2948 episeopO.‘ut‘ahsentibus
3322 2861 3567 2916 reditum
3626 2866 3823 2934 praeci-

502 2944 700 3040 petivit
731 2972 781 3019 et
808 2959 1114 3032 impetravit
1171 2974 1184 3028 ;
1218 2957 1307 3030 qui
1366 2957 1619 3012 monachi
1676 2955 1984 3010 emnobium
2041 2956 2096 3009 in
2133 3023 2174 3040 ﬁ
2203 2952 2377 3040 ῐξῦΐθῐε
2410 2945 2816 3040 parens-primo
2945 2946 3234 3040 Robertlrs,
3269 2949 3491 3040 deserto
3527 2951 3727 3016 Auro,
3755 2970 3819 3009 ac

501 3023 682 3124 castro
718 3023 900 3134 quod.
938 3057 1132 3113 dicitur
1172 3023 1608 3111 'V’allis-Coloris
1665 3051 2069 3108 zedificaverunt

2253 3045 2316 3084 uo
2345 3030 2542 3084 deinde
2562 3030 2652 3083 alii
2691 3030 2997 3093 Albericus,
3060 3039 3112 3085 et
3169 3032 3501 3103 Stephanus,
3554 3037 3821 3092 Unicensi

498 3155 664 3225 bique
689 3127 893 3206 sanctae
922 3144 1356 3203 conversationis
1388 3143 1552 3198 vitam
1585 3142 1878 3208 duxerunt,
1914 3164 1935 3189 υ
1971 3151 2083 3198 etc.
2202 3127 2582 3225 Pelicmfil‘it‘i
2615 3127 2862 3182 Μοιίδῐῐιο
2893 3144 2953 3182 se
2986 3128 3296 3184 reddidere.
3349 3132 3683 3189 Revertisse
3744 3144 3819 3190 ta-

500 3217 627 3300 Ηαξε
649 3240 866 3296 tabulae,
2201 3233 2327 3271 men
2359 3217 2665 3270 Albericum
2698 3232 2763 3271 ac
2800 3217 3140 3286 Stephanum
3163 3218 3474 3274 dissimulat
3524 3223 3675 3289 Ado,
3716 3224 3814 3278 de-

566 3335 620 3388 7.
650 3327 902 3399 Corrupit
931 3330 1115 3380 tamen
1147 3322 1307 3378 brevi
1337 3331 1447 3377 tam
1478 3329 1665 3377 sancta
1721 3319 1954 3375 Molismi
1993 3319 2092 3373 ini-
2201 3323 2347 3368 serta
2377 3313 2636 3368 Unicensi
2666 3313 2798 3366 silva
2824 3312 3045 3368 fandare
3077 3315 3254 3369 statim
3305 3317 3639 3373 Cistercium
3699 3338 3816 3378 (ιω-

497 3423 590 3490 tia,
624 3419 908 3476 remissior
939 3415 1097 3481 facta,
1131 3429 1195 3468 ex
1239 3412 1406 3466 nimia
1462 3427 1648 3465 rerum
1707 3409 2090 3481 temporalium
2199 3403 2349 3472 pisse
2371 3418 2646 3456 asserens.
2686 3403 2823 3454 lllud
2853 3411 3035 3456 autem
3070 3403 3295 3457 multum
3329 3421 3358 3457 a
3387 3422 3527 3461 vero
3588 3410 3811 3476 abesse,

495 3521 769 3585 felicitate,
829 3514 1124 3586 disciplina
1156 3531 1170 3578 ;
1205 3520 1347 3566 tanta
1403 3510 1665 3581 paulatim
1721 3509 2090 3580 subsequente
2200 3514 2272 3553 ex
2303 3515 2385 3565 ea,
2420 3515 2583 3569 quam
2613 3498 2796 3552 statim
2823 3498 3196 3567 subjiciemus,
3231 3501 3595 3558 Cisterciensi
3632 3507 3813 3562 Histo-

494 3625 703 3665 morum
733 3603 1056 3674 corruptela,
1091 3609 1148 3656 ut
1189 3609 1664 3673 quantumcunque
1715 3600 1771 3654 S.
1824 3598 2090 3652 Robertus
2199 3587 2297 3674 ria,
2329 3587 2629 3674 constabat,
2675 3596 2962 3674 potestque
3009 3589 3194 3660 colligi
3229 3607 3294 3644 ex
3354 3607 3419 3645 eo
3474 3595 3634 3664 quod
3692 3596 3808 3666 ipse

495 3705 746 3777 exemplo
767 3712 819 3757 et
847 3699 1065 3756 monitis
1096 3698 1450 3762 anniteretur,
1471 3695 1713 3750 revocari
1731 3711 1838 3750 non
1865 3703 2089 3766 possent
2198 3673 2418 3777 scrib-“ts
2448 3672 2572 3777 illos
2605 3696 2625 3720 “
2665 3688 2696 3726 ³
2725 3673 2838 3777 γίξο
2865 3674 3164 3777 νθξξθτθδίίί
3195 3676 3542 3741 ³0⁵⁸³⁸³³οι
3611 3681 3812 3754 ίσίιιεο·

493 3797 562 3852 ad
592 3770 874 3867 pristinam
905 3787 1296 3860 integritatem.
1345 3787 1648 3855 Dcsperata
1688 3784 1853 3854 igitur
1909 3783 2061 3838 medii

2243 3771 2652 3842 ensiepiscopo,
2685 3770 2790 3824 nisi
2845 3771 3151 3826 Molismum
3200 3783 3651 3843 reverterentur,
3723 3798 3811 3834 ex-

496 3860 643 3952 ρίηξι,
676 3896 817 3956 quos
848 3877 1170 3934 fundaverat
1223 3875 1502 3938 deserens,
1552 3873 1791 3938 Aurum,
1849 3871 2086 3928 vicinum
2194 3860 2697 3956 communicationis
2758 3861 3087 3953 sententiam
3149 3863 3488 3930 suscepisse.
3544 3890 3569 3914 ι
3639 3868 3804 3923 Credi

493 3952 745 4030 Molismo
787 3965 1197 4032 monasterium,
1259 3961 1390 4018 adiit
1423 3981 1436 4028 ;
1470 3962 1562 4016 ubi
1618 3961 1858 4032 privatus
1911 3960 2086 4030 primo
2197 3952 2339 4000 enim
2369 3961 2478 4000 ηοη
2508 3952 2704 4015 ιιοιεειν
2739 3952 2886 4000 Viros
2917 3954 3139 4001 δαηοίοε
3179 3955 3381 4001 “imum
3431 3955 3801 4008 οοηιυῐηδοίε

488 4073 813 4137 monachus,
847 4068 1045 4124 deinde
1065 4080 1192 4121 vero
1233 4063 1405 4118 abbas
1445 4061 1684 4127 habitus,
1746 4060 1917 4116 facem
1965 4077 2089 4114 san—
2195 4050 2404 4137 cnim“
2451 4049 2778 4137 a_°_pmnam
2825 4049 3124 4136 ¹¹¹⁰υ¹ξ¹ἐτθν
3186 4052 3347 4137 qui???
3384 4037 3456 4137 εξῘ
3487 4040 3796 4096 Μοιιεωῑιω

620 4127 744 4216 vitae
774 4127 1072 4230 prmlucere
1104 4154 1368 4225 perrexit.
1395 4153 1591 4206 Narrat
1605 4150 1940 4220 Manriquez,
1964 4165 2057 4216 pos

2224 4128 2370 4183 edire
2392 4127 2647 4182 maluisse
2681 4145 2695 4192 ;
2729 4129 3036 4196 przesertim
3068 4143 3194 4183 cum
3247 4129 3357 4185 illic
3407 4131 3522 4199 jam
3591 4136 3791 4188 Patrem

489 4255 546 4309 S.
579 4225 802 4307 Robert‘i
830 4247 1158 4308 discessum,
1191 4242 1425 4298 ccenobii
1458 4257 1648 4297 curam
1680 4256 1847 4310 penes
1879 4238 2088 4293 Alberi-
2195 4242 2350 4280 suum
2383 4226 2438 4280 S-
2473 4225 2792 4290 RObONUm.
2845 4233 2899 4279 et
2952 4225 3177 4281 fratrum
3240 4243 3443 4296 pronas
3504 4229 3561 4283 in
3625 4247 3800 4288 corre-

486 4357 611 4398 cum
640 4336 996 4397 remansisse,
1032 4333 1144 4404 qui,
1165 4332 1258 4386 illo
1280 4330 1501 4395 abbate,
1536 4329 1838 4400 prioratum
1871 4327 2087 4382 scilicet
2114 4385 2165 4404 ῇ
2195 4316 2428 4370 οῐίοηρηὶ
2461 4313 2770 4368 valuntales
2790 4322 2975 4368 essent
3023 4316 3312 4385 reperturi.
3367 4317 3603 4372 Reditus
3660 4331 3801 4377 certe

489 4385 611 4398 υι-η-
641 4385 996 4397 -ν---ν--η--ι
1038 4385 1064 4404 γι
1134 4385 1144 4397 ν
1239 4385 1244 4386 ν
1492 4385 1500 4395 ,
1536 4385 1551 4400 ,

486 4447 659 4496 antea
686 4441 953 4508 gesserat,
992 4445 1318 4503 quanquam,
1353 4427 1584 4482 absente
1615 4435 1804 4482 sancto
1853 4427 2006 4480 Patre
2033 4434 2084 4480 et
2114 4385 2167 4446 D
2194 4434 2379 4473 eorum
2409 4417 2706 4471 admodum
2736 4416 2991 4471 salutaris
3022 4416 3116 4471 fuit
3138 4418 3576 4474 Molismensium
3611 4424 3800 4488 rebus,

489 4525 796 4600 depravatis
827 4523 964 4577 adeo
995 4519 1256 4587 moribus,
1291 4533 1479 4588 parum
1543 4515 1769 4571 feliciter
1805 4533 1817 4568 :
1847 4515 2084 4570 mulcta-
2193 4516 2408 4571 occasio
2439 4514 2638 4586 quippe
2668 4513 2935 4569 Cistercio
2965 4523 3018 4569 et
3057 4515 3237 4569 ordini
3283 4516 3411 4571 inde
3471 4518 3625 4574 dicto
3685 4522 3804 4576 fun-

488 4637 598 4684 tum
633 4625 777 4680 enim
811 4620 1150 4682 verberibus,
1182 4617 1304 4690 quia
1334 4615 1678 4686 disciplinam
1718 4614 1991 4687 exigebat,
2030 4613 2084 4667 in
2192 4609 2385 4664 dandis
2420 4627 2432 4662 :
2464 4609 2531 4662 de
2562 4608 2756 4677 quibus
2786 4607 2888 4663 ista
2905 4608 3018 4662 haec
3045 4624 3108 4662 ex
3131 4609 3443 4680 Manriquez
3465 4612 3802 4686 deprompta

492 4739 780 4784 carcerem
834 4715 1409 4784 detruserunt.Quam
1457 4713 1706 4783 iniuriam
1761 4713 1888 4766 dum
1937 4711 2083 4765 Brito
2193 4715 2319 4762 sunt
2360 4721 2372 4760 :
2413 4729 2433 4753 ιι
2469 4705 2691 4760 Cunctis
2712 4720 2846 4776 ergo
2878 4703 3127 4759 Molismo
3158 4705 3415 4760 restitutis
3459 4714 3636 4779 atque
3697 4729 3804 4766 uno

485 4832 596 4872 non
625 4820 748 4886 post
775 4809 1080 4865 discessum
1115 4805 1178 4860 S.
1226 4803 1468 4869 Roberti,
1521 4817 1630 4857 non
1677 4800 1929 4856 Alberico
1985 4801 2081 4855 sed
2192 4811 2378 4850 rursus
2409 4811 2472 4850 ex
2505 4794 2758 4849 omnibus
2789 4793 2892 4847 sub
2922 4793 3163 4848 Roberto
3193 4803 3417 4863 pastore
3448 4797 3581 4851 ovili
3634 4798 3799 4858 facta

485 4913 763 4986 Stephano
794 4909 1091 4980 irrogatam
1122 4903 1292 4958 fuisse
1323 4900 1568 4965 sustinet,
1597 4899 1666 4954 ab
1696 4899 1887 4954 eodem
1932 4899 2082 4953 Man-
2190 4893 2556 4948 instaurandm
2586 4891 2885 4962 disciplina:
2914 4889 3210 4947 ferventius
3243 4892 3509 4947 institum.
3573 4896 3649 4950 Et
3680 4900 3806 4969 qui-

485 5005 673 5076 riquez
702 4996 994 5069 corrigitur
1033 4995 1086 5048 in
1109 4993 1226 5048 hinc
1255 4991 1444 5048 verba.
1483 5010 1505 5040 σι
1539 4990 1699 5043 Errat
1728 4987 1895 5060 igitur
1939 4986 2081 5042 Brito
2190 5001 2419 5055 busdam
2458 4998 2681 5071 quidem
2735 4997 3063 5054 omnimodis
3117 4997 3506 5065 adnitentibus,
3572 5005 3807 5074 quitum

483 5100 772 5156 Lusitanus
800 5095 928 5150 dum
959 5101 1172 5162 tempus
1201 5095 1374 5143 mutat
1401 5102 1415 5156 ;
1449 5085 1699 5160 gravius,
1732 5085 1863 5140 dum
1893 5099 2051 5155 perso

2234 5111 2314 5149 am
2341 5108 2474 5149 vero
2502 5091 2705 5147 recenti
2735 5091 2897 5161 lapsu
2920 5090 3120 5146 territis
3171 5105 3275 5147 nec
3310 5091 3577 5148 resistere
3626 5100 3802 5166 ausis,

484 5213 604 5253 nas.
636 5193 898 5251 Aureolas
925 5191 1027 5245 has
1057 5186 1310 5243 Alberico
1343 5184 1492 5240 Patri
1520 5183 1768 5253 detrahit,
1800 5190 1857 5237 ut
1885 5181 2079 5236 iisdem
2189 5187 2455 5260 pellendis
2494 5185 2638 5242 vitiis
2669 5183 2880 5240 facilior
2909 5183 2997 5238 via
3026 5183 3143 5239 fuit.
3178 5184 3338 5239 Multa
3369 5185 3423 5239 in
3453 5187 3670 5245 melius
3692 5209 3806 5247 mu.

487 5295 818 5365 Stephanum
847 5295 1070 5347 coronet
1100 5301 1114 5346 ;
1147 5293 1201 5340 et
1230 5282 1377 5356 quod
1399 5283 1618 5339 mireris
1641 5297 1894 5338 sermone
1936 5280 2079 5337 facto
2187 5299 2293 5346 una
2327 5288 2662 5356 visebantur,
2699 5286 2860 5342 etiam
2893 5285 2948 5340 in
2979 5286 3063 5339 his
3104 5285 3302 5357 quibus
3333 5289 3612 5356 peccandi
3663 5309 3804 5346 con-

486 5403 577 5449 aut
605 5393 748 5456 ﬁcto,
795 5407 901 5462 quo
947 5390 1219 5446 Robertus
1267 5385 1709 5460 praevaricatores
1759 5383 1956 5439 dicitur
1999 5383 2079 5437 in-
2188 5387 2415 5442 suetudo
2442 5385 2647 5441 fecerat
2678 5382 3069 5455 impatientiam
3123 5383 3461 5455 corrigendi,
3522 5393 3578 5439 et
3639 5404 3804 5460 aspe-

484 5503 744 5560 crepasse
774 5487 873 5539 sub
900 5486 989 5538 tali
1011 5487 1248 5541 themate
1280 5501 1292 5539 :
1333 5506 1353 5531 «ι
1390 5483 1720 5538 Curavimus
1743 5480 2076 5551 Babylonem
2185 5486 2338 5541 riora
2369 5501 2465 5556 per
2492 5483 2964 5554 dispensationem
2987 5479 3218 5546 indulta,
3251 5479 3492 5553 antiquis
3520 5486 3798 5552 motibus,

493 5613 516 5638 α
549 5594 605 5644 et
633 5598 745 5638 non
775 5588 859 5634 est
887 5589 1094 5649 sanata,
1129 5581 1568 5654 derelinquamus
1599 5595 1740 5636 eam.
1790 5605 1812 5630 ιι
1845 5580 1962 5652 Ego
2019 5578 2076 5633 in
2185 5584 2462 5656 pleraeque
2495 5582 2693 5655 regulae
2722 5580 2793 5636 ad
2823 5595 3063 5651 unguem
3103 5579 3489 5633 servabantur.
3526 5580 3694 5637 Satis
3714 5602 3798 5638 su-

485 5679 723 5744 Exordio
777 5689 950 5746 parvo
981 5674 1351 5746 Cisterciensi,
1383 5693 1418 5732 a
1455 5677 1643 5748 primis
1671 5675 1875 5734 nostris
1908 5675 2076 5731 Patrio
2181 5690 2389 5746 perque
2417 5679 2596 5730 actum
2618 5670 2913 5744 judicaret,
2936 5669 3030 5742 qui
3049 5684 3142 5725 res
3156 5676 3457 5740 praesentes
3480 5674 3796 5741 praeteritis
