3972 6076
141 168 293 223 1261

141 289 425 346 conferret
484 307 495 342 :

143 388 419 457 quidquid
449 401 556 440 non
584 399 875 449 summum,
920 391 973 436 et
1021 383 1200 436 minus
1245 379 1519 435 afficiebat
1564 396 1757 434 emen—

143 493 278 531 sum
310 476 410 530 iter
437 490 597 544 quam
630 473 772 543 quod
815 472 1068 526 restabat.
1108 492 1129 517 ι»
1178 470 1250 524 Ει
1294 468 1480 538 paucis
1536 467 1758 537 interje—

144 566 277 633 ctis,
315 588 337 611 «ι
373 564 694 633 Stephanus,
726 561 779 614 in
815 561 916 615 hac
944 575 1070 615 cura
1100 557 1422 628 praicipuus,
1464 556 1757 629 indulgen-

150 663 262 718 tias
321 660 837 733 praevaricationem,
898 656 1328 728 dispensationes
1383 654 1596 726 piacula
1651 670 1757 725 ap-

149 752 421 823 pellabat.
455 753 506 804 Is
546 749 793 804 Alberico
827 754 878 802 et
909 746 1227 817 quibusdam
1262 745 1382 800 aliis
1410 744 1614 814 primo,
1635 743 1760 797 inde

148 841 395 895 Roberto
426 839 567 894 Patri
604 836 1019 908 relegandarum
1066 834 1527 906 dispensationum
1575 838 1762 887 auctor

150 938 377 1001 exstitit,
412 937 457 991 si
499 935 615 990 ﬁeri
665 943 842 1007 posset
890 932 1122 989 Molismi
1166 931 1621 1004 permanentibus,
1674 930 1759 985 sin

150 1027 339 1080 minus
376 1040 716 1096 quocumque
771 1024 877 1079 alio
933 1021 1260 1095 migraturis.
1299 1044 1320 1069 α
1379 1021 1507 1075 Haec
1562 1019 1760 1075 Mauri-

153 1132 315 1185 quez.

235 1261 298 1312 9.
337 1254 546 1325 Quibus
613 1254 963 1311 vetustiorem
1028 1252 1196 1311 multo
1262 1258 1316 1307 et
1377 1250 1759 1307 accuratiorem

152 1352 227 1409 de
258 1360 367 1408 tota
388 1350 628 1407 Cistercii
656 1349 937 1405 molitione
965 1348 1326 1405 narrationem
1357 1363 1425 1401 ex
1452 1347 1549 1401 lib.
1582 1348 1625 1400 1.
1656 1345 1758 1401 Hi-

154 1442 343 1496 storia:
380 1441 591 1496 selectae.
629 1438 914 1510 propagati
975 1437 1101 1493 inde
1163 1435 1366 1492 ordinis
1425 1435 1758 1506 subjicimus,

159 1547 286 1600 quae
317 1529 447 1584 olim
478 1527 842 1597 manuscripta
870 1526 925 1579 in
954 1524 1186 1597 collegio
1216 1532 1395 1580 nostro
1440 1524 1590 1578 urbis
1636 1524 1761 1578 Em-

154 1627 424 1682 bricensis
462 1626 725 1682 exstabat.
769 1626 847 1679 Ea
882 1640 1013 1679 vero
1066 1622 1372 1692 hujusmodi
1430 1630 1512 1676 est
1542 1638 1554 1674 :
1602 1644 1625 1671 α
1658 1623 1759 1676 Hi-
1789 1646 1843 1705 B

163 1716 347 1786 itaque
374 1716 513 1771 servi
545 1715 643 1769 Dei
675 1714 830 1787 pauci
862 1728 1105 1778 numero,
1139 1712 1232 1766 sed
1263 1712 1390 1782 igne
1436 1711 1548 1779 illo,
1599 1727 1759 1781 quem

157 1805 426 1860 Dominus
454 1805 606 1860 Jesus
635 1803 781 1857 misit
809 1802 864 1856 in
920 1809 1115 1856 terram
1164 1808 1218 1855 et
1257 1800 1372 1855 vult
1418 1801 1764 1856 vehementer

159 1900 404 1967 accendi,
434 1899 643 1955 fortiter
668 1898 987 1954 inﬂammati
1019 1912 1033 1965 ;
1085 1897 1213 1952 dum
1260 1889 1600 1966 quotidianas
1642 1895 1762 1950 Re-

159 1991 306 2062 gulae
336 1989 591 2044 lectiones
616 1987 908 2057 acapitulo
976 1985 1240 2052 audirent,
1291 1994 1343 2040 et
1389 1984 1532 2039 aliud
1573 1985 1761 2057 Regu-

161 2079 273 2133 lam
312 2077 604 2149 praecipere
661 2084 821 2146 atque
880 2075 1026 2129 aliud
1092 2074 1503 2130 consuetudines
1562 2073 1764 2129 ordinis

161 2185 344 2234 tenere
407 2174 823 2247 perpenderent,
891 2172 1212 2246 gravissime
1292 2170 1758 2237 contristabantur,

158 2266 406 2321 videntes
441 2282 498 2319 se
539 2272 867 2332 caaterosque
932 2263 1228 2317 monachos
1290 2260 1554 2333 Regulam
1617 2260 1759 2315 beati

163 2355 332 2409 Patris
393 2352 666 2409 Benedicti
728 2350 956 2407 solemni
1021 2349 1376 2422 promissione
1457 2357 1759 2406 servaturos

154 2452 273 2506 fore
311 2450 640 2522 promisisse,
689 2448 784 2503 sed
841 2447 1135 2502 secundum
1192 2446 1428 2501 instituta
1479 2445 1596 2516 ejus
1653 2463 1756 2501 ne-

155 2556 426 2610 quaquam
456 2538 667 2594 vivere.
709 2535 961 2591 Primitus
990 2551 1120 2608 ergo
1153 2535 1402 2605 privatim
1434 2535 1630 2604 smpius
1674 2535 1756 2588 in-

154 2635 238 2684 ter
266 2646 322 2683 se
352 2628 742 2697 colloquentes,
792 2624 1273 2697 transgressionem
1321 2640 1474 2678 suam
1517 2639 1752 2693 conque-

152 2726 410 2781 rebantur
440 2740 453 2793 ;
486 2732 540 2779 et
569 2739 803 2795 quonam
834 2722 998 2777 modo
1029 2721 1189 2791 hujus
1219 2721 1351 2776 tanti
1395 2720 1521 2775 mali
1569 2737 1752 2776 reme-

155 2815 306 2869 dium
364 2813 606 2869 invenire
663 2819 898 2885 possent,
957 2810 1181 2866 sollicite
1241 2809 1559 2864 tractabant.
1617 2811 1750 2865 Cum

153 2920 282 2961 vero
315 2911 499 2975 postea
528 2902 752 2957 verbum
783 2899 1009 2956 eﬂ‘usum
1042 2909 1180 2955 esset
1207 2899 1263 2952 in
1292 2899 1591 2970 publicum,
1648 2914 1750 2955 cae-

156 3000 254 3055 teri
287 3000 374 3069 qui
407 2999 647 3055 carnales
703 3005 875 3065 erant,
936 3014 1035 3052 nec
1090 3004 1339 3068 poterant
1394 2996 1572 3052 dicere
1628 3013 1751 3051 cum
1783 2995 1832 3059 C

152 3092 437 3158 prOpheta,
472 3088 599 3157 quia
636 3111 657 3135 α
695 3086 761 3141 de
793 3087 1005 3142 excelso
1035 3086 1183 3140 misit
1206 3086 1391 3158 ignem
1441 3086 1495 3140 in
1521 3085 1756 3160 tossibus

154 3179 292 3232 meis
318 3186 370 3231 et
398 3176 628 3231 erudivit
674 3193 761 3230 me
819 3175 1119 3243 (Thren.1,
1183 3177 1294 3245 13),
1334 3197 1355 3223 ι»
1418 3191 1603 3230 servos
1653 3174 1753 3229 Dei

155 3275 417 3342 deridere,
450 3274 729 3343 modisque
756 3272 1006 3327 omnibus
1044 3272 1249 3342 quibus
1295 3280 1560 3343 poterant,
1611 3279 1668 3326 ut
1722 3288 1754 3326 a

156 3373 263 3419 tam
292 3370 473 3419 sancto
506 3363 779 3433 preposito
808 3369 1096 3428 cessarent,
1144 3361 1396 3416 infestare
1443 3369 1743 3432 cmperunt.

152 3456 220 3509 At
249 3453 323 3508 illi
348 3453 437 3523 qui
469 3452 658 3523 spiritu
697 3451 797 3506 Dei
828 3450 1148 3523 agebantur,
1182 3458 1233 3505 et
1263 3458 1549 3522 propterea
1598 3450 1752 3504 liberi

154 3558 322 3619 erant,
354 3565 461 3604 non
491 3555 738 3604 curantes
766 3564 951 3603 eorum
1003 3545 1300 3601 malevolas
1350 3546 1748 3615 insectationes,

153 3648 264 3694 toto
294 3638 487 3692 mentis
512 3638 702 3692 annisu
732 3637 801 3691 ad
828 3637 1002 3690 Deum
1048 3634 1292 3690 conversi
1338 3635 1604 3706 precibus,
1662 3635 1751 3688 in-

152 3727 472 3783 stantissime
525 3726 866 3797 postulabant
919 3732 978 3778 ut
1033 3722 1251 3778 Domini
1308 3723 1482 3792 pietas
1534 3739 1627 3778 eos
1683 3722 1752 3778 ad

154 3826 313 3880 talem
343 3825 521 3880 locum
552 3824 787 3896 dirigere
816 3823 1146 3895 dignaretur,
1178 3822 1234 3876 in
1265 3839 1369 3892 quo
1403 3830 1526 3877 vota
1572 3822 1750 3878 labio-

152 3931 271 3969 rum
299 3930 537 3981 suorum,
572 3929 694 3985 qua:
740 3912 1034 3967 secundum
1086 3911 1351 3984 Regulam
1409 3910 1754 3967 ﬁrmaverant

152 4002 245 4057 sed
275 4018 382 4057 non
411 4009 776 4068 servaverant,
811 3999 1035 4056 reddere
1073 4008 1310 4072 possent.
1360 4000 1567 4056 Deinde
1614 4017 1750 4056 con-

151 4100 445 4155 siderantes
475 4099 619 4170 quod
648 4099 934 4171 Apostolus
980 4105 1183 4169 monet,
1233 4115 1338 4154 non
1389 4098 1537 4154 omni
1585 4098 1752 4168 spiri-,

150 4188 229 4244 tui
259 4205 372 4244 esse
400 4188 727 4243 credendum
758 4188 808 4257 (Ι
829 4189 992 4246 Joan.
1027 4205 1102 4257 IV,
1136 4187 1191 4259 1)
1221 4202 1234 4256 ;
1261 4198 1313 4243 et
1341 4186 1485 4258 quod
1520 4187 1746 4260 Regula,

152 4293 314 4345 quam
346 4277 521 4330 modis
564 4276 815 4330 omnibus
873 4275 1108 4346 perfecte
1166 4292 1381 4332 servare
1440 4275 1747 4345 cupiebant,

1716 159 1915 215 ACTA.

554 287 647 342 sed
701 285 898 341 sanctis
951 284 1080 342 viris
1155 284 1395 338 inﬁmum
1452 281 1756 348 videbatur,
1787 284 2035 344 Asecuti
2062 291 2203 354 sunt,
2234 284 2327 339 sed
2355 285 2634 343 dexteram
2678 287 2779 343 Dei
2831 287 2959 357 vivi,
3020 288 3271 344 virtutem
3330 304 3458 359 ope-

3315 163 3452 218 1262

1864 391 2069 438 rantem
2102 384 2155 437 in
2189 383 2289 438 eis.

1938 500 2029 552 10.
2094 500 2280 569 Itaque
2352 500 2689 572 magnanimi
2760 502 2907 567 viri,
2986 502 3458 558 innumerabilium

1864 586 2095 642 militum
2127 588 2318 643 Christi
2346 587 2509 644 duces
2536 597 2590 645 et
2645 590 2889 664 signiferi
2945 591 3125 660 futuri,
3181 608 3290 647 non
3347 599 3456 648 tam

1865 690 2126 731 novarum
2178 692 2338 746 quam
2392 694 2713 751 magnarum
2765 697 2944 736 rerum
2999 682 3197 751 totique
3254 682 3457 737 mundo

1863 774 2263 845 profuturarum
2293 778 2494 850 cupidi,
2528 794 2650 834 cum
2701 779 2915 835 assiduo
2971 786 3196 835 tractatu
3252 796 3457 850 quaere-

1863 870 1983 919 rent
2010 864 2148 919 inter
2174 882 2230 920 se
2260 866 2488 936 qualiter
2523 867 2579 923 in
2608 868 2751 939 quod
2802 868 3092 938 cupiebant
3141 868 3457 940 congruenti

1865 952 2029 1008 modo
2087 952 2155 1007 ad
2207 953 2454 1009 effectum
2512 957 2891 1027 perducerent,
2946 957 3186 1013 consulto
3238 956 3459 1012 rationis

1859 1048 2065 1119 judicio
2102 1049 2393 1120 prudenter
2430 1052 2790 1123 adverterunt,
2832 1053 2933 1109 loci
2982 1054 3067 1108 vel
3112 1052 3319 1108 ordinis
3373 1053 3457 1109 sui

1865 1139 2214 1194 mutationem
2254 1139 2456 1210 absque
2503 1141 2646 1196 sedis
2700 1142 3011 1214 apostolicae
3073 1158 3336 1198 consensu
3400 1160 3457 1198 se

1866 1243 2189 1298 prazsumere
2216 1244 2557 1298 nequaquam
2589 1230 2807 1285 debere.
2842 1232 2969 1286 Erat
3000 1239 3123 1287 tunc
3155 1231 3208 1284 in
3257 1230 3458 1286 Gallia-

1862 1339 1982 1377 rum
2013 1323 2252 1395 partibus
2304 1323 2446 1379 sedis
2501 1326 2811 1396 apostolicae
2865 1327 3075 1400 legatus
3129 1328 3453 1384 venerabilis

1863 1412 2042 1483 Hugo,
2098 1412 2471 1484 Lugdunensis
2525 1414 2978 1486 archiepiscopus,
3036 1417 3118 1471 vir
3170 1416 3454 1488 religione,

1863 1501 2149 1570 prudentia
2178 1510 2231 1557 et
2257 1503 2570 1558 auctoritate
2599 1505 2954 1559 venerandus.
2981 1506 3135 1560 Hunc
3171 1505 3457 1575 prazdictus

1870 1588 2040 1643 abbas
2069 1597 2123 1643 et
2151 1588 2358 1656 fratres,
2419 1590 2509 1660 qui
2565 1590 2831 1645 desiderio
2886 1592 3209 1647 innovandaa
3264 1610 3458 1648 mona-

1871 1683 2018 1739 sticae
2046 1685 2323 1756 religionis
2351 1686 2671 1757 ﬂagrabant,
2722 1688 2962 1758 adeunt;
3019 1698 3179 1745 azstus
3233 1699 3287 1745 et
3334 1700 3463 1748 vota

1870 1771 2111 1828 cordium
2142 1790 2358 1829 suorum
2399 1776 2672 1830 humiliter
2717 1778 2999 1847 pandunt:
3048 1780 3460 1835 consuetudines

1871 1861 2072 1915 ordinis
2100 1878 2131 1916 a
2161 1863 2368 1935 Regula
2397 1879 2559 1933 quam
2590 1872 2742 1919 erant
2787 1865 3014 1937 professi
3060 1867 3285 1921 nimium
3345 1869 3461 1924 dis-

1869 1974 2088 2029 crepare
2117 1969 2514 2031 conquerantur
2545 1979 2558 2024 ;
2585 1969 2869 2033 propterea
2915 1963 3198 2019 manifeste
3245 1967 3463 2036 perjurii

1869 2046 2073 2101 crimen
2101 2064 2159 2101 se
2213 2048 2443 2104 scienter
2514 2049 2798 2105 incurrisse
2883 2050 3116 2107 dolendo
3196 2053 3453 2110 fatentur.

1868 2135 2082 2190 Addunt
2110 2143 2370 2207 praeterea
2397 2155 2454 2193 se
2475 2138 2640 2194 vitam
2670 2155 2821 2194 suam
2844 2155 2911 2194 ex
2933 2140 3143 2213 integro
3165 2143 3459 2199 secundum

1867 2231 2104 2288 instituta
2131 2234 2355 2305 Regule
2382 2235 2550 2289 sancti
2580 2236 2751 2290 Patris
2777 2237 2859 2290 sui
2890 2236 3161 2293 Benedicti
3207 2239 3459 2298 ordinare

1865 2321 2023 2389 velle,
2057 2328 2108 2377 et
2136 2329 2193 2376 ut
2216 2323 2293 2377 eis
2318 2322 2386 2378 ad
2416 2325 2521 2379 hoc
2574 2323 2797 2406 liberius
2847 2326 3254 2396 exsequendum
3310 2329 3455 2384 idem

1863 2410 2072 2482 legatus
2099 2412 2181 2466 sui
2230 2410 2528 2481 juvaminis
2581 2413 2750 2469 robur
2793 2415 3088 2485 apostolica
3142 2417 3458 2475 auctoritate

1861 2508 2120 2580 porrigat,
2153 2509 2411 2565 instanter
2434 2510 2694 2583 ﬂagitant.
2728 2512 2989 2567 Dominus
3017 2521 3196 2569 autem
3224 2515 3454 2588 legatus,

1860 2612 1983 2651 cum
2015 2605 2154 2652 esset
2179 2599 2413 2667 prudens
2441 2606 2495 2653 et
2538 2599 2817 2669 discretus,
2873 2602 3222 2659 consideratis
3275 2604 3455 2661 subti-

1860 2683 1983 2740 liter
2008 2687 2424 2758 allegationibus
2450 2704 2658 2751 eorum,
2707 2688 3049 2746 laudabiliter
3102 2708 3196 2748 eos
3248 2695 3456 2751 moveri

1858 2782 2270 2851 pronuntiavit;
2300 2781 2648 2855 ipsorumque
2704 2784 3071 2854 spiritualibus
3126 2788 3267 2844 votis
3318 2789 3455 2846 laetis

1855 2869 2108 2941 auspiciis
2138 2871 2345 2939 favens,
2382 2872 2471 2927 tali
2511 2872 2738 2942 epistola
2793 2890 2887 2928 eos
2943 2874 3011 2929 ad
3066 2876 3454 2947 perﬁciendum

1863 2964 1974 3014 tota
2002 2958 2266 3029 libertate,
2298 2961 2442 3031 quod
2471 2961 2565 3033 pia
2609 2969 2787 3018 mente
2835 2973 3214 3036 conceperant,
3258 2969 3459 3025 exhor-

1868 3062 2004 3111 tatus
2032 3064 2129 3111 est.

1938 3174 2024 3226 11.
2059 3196 2080 3220 α
2114 3173 2294 3245 Hugo,
2325 3173 2699 3245 Lugdunensis
2722 3176 3008 3246 episcopus
3052 3186 3104 3234 et
3152 3181 3465 3252 apostolicae

1869 3284 1891 3309 ι
1934 3261 2077 3315 sedis
2112 3262 2340 3333 legatus,
2373 3263 2610 3319 Roberto
2639 3257 2967 3321 Molismensi
3007 3267 3189 3322 abbati
3247 3276 3301 3325 et
3360 3270 3466 3325 fra-

1868 3371 1891 3398 ‹‹
1938 3349 2125 3416 tribus,
2158 3367 2280 3405 cum
2312 3367 2377 3406 eo
2405 3353 2702 3407 secundum
2749 3353 3015 3426 Regulam
3064 3357 3231 3412 sancti
3285 3360 3464 3415 Bene-

1867 3468 1890 3495 «ι
1935 3446 2061 3503 dicti
2090 3448 2204 3502 Deo
2234 3448 2437 3503 servire
2468 3450 2827 3519 cupientibus.
2858 3450 3061 3507 Notum
3090 3453 3159 3507 sit
3185 3455 3459 3524 omnibus,

1867 3558 1889 3583 α
1933 3535 2002 3591 de
2028 3543 2226 3592 sanctae
2254 3536 2440 3591 matris
2478 3537 2737 3594 Ecclesiae
2793 3539 3038 3610 profectu
3069 3541 3450 3614 gaudentibus,

1872 3647 1891 3674 κ
1933 3640 2032 3681 vos
2061 3633 2114 3680 et
2143 3626 2407 3695 quosdam
2444 3624 2586 3682 ﬁlios
2611 3634 2817 3683 vestros
2844 3629 3202 3686 Molismensis
3231 3634 3465 3689 cmnobii

1868 3741 1889 3767 α
1932 3720 2141 3791 fratres,
2174 3722 2428 3794 Lugduni
2459 3724 2514 3777 in
2544 3732 2727 3780 nostra
2777 3728 3060 3797 praesentia
3108 3729 3353 3798 astitisse,
3406 3748 3469 3786 ac

1865 3829 1888 3859 α
1932 3809 2153 3881 Regulae
2182 3811 2480 3866 beatissimi
2537 3814 2829 3882 Benedicti,
2887 3832 3050 3885 quam
3106 3817 3234 3874 illuc
3289 3836 3460 3889 usque

1866 3919 1887 3947 α
1934 3899 2110 3967 tepide
2141 3917 2203 3955 ac
2233 3901 2573 3973 negligenter
2599 3902 2656 3956 in
2686 3903 2877 3958 eodem
2910 3906 3236 3961 monasterio
3268 3914 3461 3962 tenue-

1864 4018 1888 4042 α
1930 3997 2076 4063 ratis,
2110 3997 2305 4053 arctius
2332 3998 2530 4053 deinde
2584 4005 2638 4053 et
2679 4000 2966 4070 perfectius
3013 4002 3275 4058 inhaerere
3324 4005 3465 4061 velle

1865 4106 1888 4133 α
1930 4086 2201 4155 professos
2232 4085 2415 4140 fuisse.
2449 4084 2606 4154 Quod
2637 4088 2763 4155 quia
2793 4089 2847 4141 in
2877 4088 2997 4144 loco
3025 4091 3282 4161 praedicto
3329 4093 3457 4164 plu-

1866 4194 1888 4220 α
1934 4173 2084 4227 ribus
2112 4173 2534 4242 impedientibus
2561 4175 2735 4229 causis
2762 4183 2972 4232 constat
3017 4178 3300 4249 adimpleri
3351 4197 3459 4237 non

1866 4291 1888 4319 α
1933 4285 2113 4341 posse,
2146 4285 2244 4325 nos
2271 4270 2548 4341 utriusque
2577 4271 2743 4342 partis
2796 4273 2971 4338 saluti,
3024 4276 3276 4332 videlicet
3330 4278 3455 4334 inde

148 4372 391 4441 praecipit
418 4371 616 4441 corripi
646 4387 767 4426 eum
822 4372 913 4441 qui
960 4372 1077 4426 sine
1126 4371 1485 4442 permissione
1539 4370 1751 4425 abbatis
1776 4355 1830 4415 D
1867 4380 1890 4407 «
1931 4358 2292 4413 recedentium
2324 4366 2484 4429 atque
2512 4360 2623 4416 illic
2660 4363 3014 4431 manentium,
3064 4364 3409 4435 providentes
3440 4383 3454 4435 ;

149 4461 436 4531 quidquam
472 4460 645 4514 facere
677 4460 1093 4531 praesumpserit,
1125 4459 1376 4514 abbatem
1424 4475 1580 4513 suum
1641 4461 1747 4514 hu-

146 4549 340 4604 militer
368 4550 585 4615 adeunt,
619 4548 685 4603 de
714 4547 1139 4620 transgressione
1186 4548 1411 4620 Regula:
1463 4547 1743 4617 querimo-

144 4648 286 4702 niam
318 4653 644 4720 proponunt,
703 4645 812 4701 voti
870 4645 951 4698 sui
1008 4644 1462 4700 ferventissimam
1522 4644 1741 4701 deside-

141 4737 277 4791 rium
307 4736 568 4808 pandunt,
600 4742 652 4790 et
679 4741 738 4789 ut
765 4734 883 4805 ejus
910 4735 1113 4789 auxilio
1136 4735 1337 4806 pariter
1387 4743 1441 4790 et
1489 4735 1737 4804 consilio,

145 4825 283 4896 quod
326 4825 529 4895 Spiritu
584 4831 768 4879 sancto
824 4823 1093 4895 aspirante
1148 4830 1328 4878 mente
1382 4832 1741 4893 conceperant

141 4922 393 4993 perﬁcere
420 4921 649 4994 possint,
682 4919 994 4992 suppliciter
1047 4928 1351 4991 precantur.
1410 4922 1554 4977 Nutu
1608 4940 1735 4979 vero

142 5011 262 5073 Dei,
294 5012 361 5066 ad
388 5013 579 5066 horam
609 5017 962 5079 compunctus
1005 5009 1175 5064 abbas
1231 5010 1339 5073 ille,
1400 5011 1731 5082 propositum

141 5115 413 5155 servorum
445 5099 544 5153 Dei
576 5099 777 5167 laudat,
811 5106 864 5153 et
892 5112 998 5153 non
1028 5098 1202 5153 solum
1250 5100 1533 5154 consilium
1583 5102 1734 5154 auxi-

138 5196 370 5264 liumque
398 5210 453 5249 se
482 5194 832 5264 praebiturum
857 5209 870 5264 ;
894 5211 1081 5250 verum
1119 5195 1281 5251 etiam
1319 5197 1553 5267 seipsum
1585 5197 1730 5251 indi-

136 5284 351 5339 viduum
376 5284 629 5338 comitem
684 5299 871 5337 eorum
933 5283 987 5337 in
1045 5292 1152 5339 tam
1211 5293 1395 5339 sancto
1451 5286 1729 5357 proposito

134 5372 385 5438 futurum,
415 5371 720 5427 ﬁrmissime
749 5372 1047 5442 pollicetur.
1097 5373 1217 5440 Quo
1266 5374 1447 5429 audito
1500 5375 1730 5430 humiles

131 5471 309 5544 spiritu
344 5470 536 5526 fratres
564 5470 641 5525 illi
686 5469 974 5543 magniﬁce
1028 5473 1355 5528 corroborati
1405 5480 1547 5541 sunt,
1609 5482 1730 5529 tunc

130 5561 356 5635 primum
388 5559 754 5632 intelligentes
781 5560 925 5629 quod
956 5577 1082 5617 vere
1113 5578 1145 5617 a
1191 5564 1426 5619 Domino
1477 5580 1731 5635 egressus

128 5658 207 5710 est
234 5665 428 5719 sermo,
462 5665 561 5705 nec
608 5648 821 5705 somnia
873 5650 1049 5706 cordis
1104 5652 1185 5706 sui
1226 5652 1283 5707 in
1340 5651 1611 5708 desiderio
1642 5645 1731 5708 tali

1864 4468 1886 4496 ιι
1929 4446 1985 4501 in
2012 4447 2190 4503 locum
2219 4446 2406 4515 alium,
2440 4464 2602 4518 quem
2632 4449 2789 4505 vobis
2815 4450 3002 4507 divina
3045 4452 3267 4524 largitas
3315 4455 3467 4511 desi-

1860 4565 1882 4591 α
1923 4544 2191 4616 gnaverit,
2241 4560 2339 4599 vos
2393 4544 2685 4613 declinare,
2747 4545 2932 4616 ibique
2985 4548 3250 4604 salubrius
3301 4558 3462 4622 atque

1857 4655 1879 4681 (ι
1922 4632 2153 4702 quietius
2178 4632 2414 4688 Domino
2478 4634 2746 4702 famulari,
2806 4636 2935 4691 utile
2992 4636 3246 4692 duximus
3304 4640 3447 4695 fore.

1854 4743 1877 4771 α
1921 4722 2088 4777 Vobis
2114 4737 2247 4794 ergo
2281 4728 2404 4778 tunc
2432 4722 2805 4793 praesentibus,
2830 4724 3083 4781 videlicet
3104 4726 3339 4783 Roberto
3358 4729 3455 4783 ab-

1849 4839 1872 4866 .
1916 4817 2049 4884 bati,
2090 4817 2345 4873 fratribus
2396 4833 2611 4888 quoque
2658 4818 2927 4886 Alberico,
2978 4820 3176 4890 Odo‘ni,
3233 4823 3447 4893 Joanni,

1847 4938 1869 4965 α
1913 4915 2210 4987 Stephano,
2244 4915 2502 4983 Laetaldo,
2538 4917 2715 4985 Petro,
2759 4918 2855 4973 sed
2901 4926 2955 4973 et
3001 4919 3254 4975 omnibus
3311 4938 3445 4992 quos

1845 5028 1867 5053 α
1910 5004 2230 5077 regulariter
2257 5013 2311 5059 et
2338 5005 2613 5061 communi
2646 5007 2876 5061 consilio
2933 5007 3087 5063 vobis
3116 5009 3322 5065 sociare
3352 5012 3443 5067 de-

1845 5118 1867 5143 a
1913 5094 2209 5160 creveritis,
2268 5095 2369 5148 hoc
2419 5102 2665 5149 sanctum
2722 5097 3057 5166 propositum
3117 5114 3335 5155 servare
3390 5110 3445 5156 et

1845 5215 1868 5243 α
1911 5200 2036 5248 tunc
2063 5192 2450 5267 consuluimus,
2485 5201 2537 5247 et
2564 5200 2623 5247 ut
2649 5193 2705 5247 in
2746 5195 2848 5249 hoc
2895 5195 3248 5263 perseveretis
3294 5212 3440 5266 prae-

1844 5304 1867 5329 α
1909 5282 2157 5353 cipimus,
2190 5288 2242 5335 et
2270 5281 2585 5337 auctoritate
2613 5283 2907 5354 apostolica
2954 5300 3052 5354 per
3098 5284 3261 5356 sigilli
3303 5303 3436 5344 nos-

1844 5394 1867 5421 ‹ι
1906 5371 1970 5425 tri
2000 5370 2407 5441 impressionem
2464 5371 2521 5425 in
2575 5379 2893 5443 perpetuum
2950 5372 3356 5431 conﬁrmamus.
3402 5400 3424 5427 ιι

1836 5470 1951 5524 Hoc
1979 5468 2138 5540 legati
2170 5467 2427 5539 pontificii
2462 5468 2723 5540 diploma,
2776 5484 2883 5540 quo
2934 5478 3250 5541 potestatem
3302 5474 3432 5530 facit

1839 5561 1897 5616 S.
1930 5559 2162 5613 Roberto
2218 5573 2283 5612 ac
2336 5557 2495 5613 sociis
2549 5557 2950 5614 Cisterciensem
3009 5560 3254 5616 ordinem
3301 5563 3434 5617 fun-

1838 5647 2021 5716 dandi,
2071 5647 2231 5702 etiam
2287 5662 2320 5701 a
2368 5647 2553 5703 Miraeo
2609 5647 2664 5702 in
2717 5648 2845 5704 dicti
2900 5648 3102 5706 ordinis
3158 5650 3426 5708 Chronico
