3972 6076
501 207 639 265 1263

1410 200 1468 259 S.
1510 201 1813 259 ROBERTI
1852 199 2022 258 0RD.
2070 194 2390 258 CISTERC.
2436 193 2884 253 FUNDATORIS

3715 172 3939 249 1254‘

499 332 745 400 refertur,
779 337 832 388 et
860 334 1107 387 testatum
1138 327 1267 387 facit
1296 328 1471 401 (secus
1527 344 1688 399 quam
1744 335 1989 385 narratur
2038 326 2095 383 in
2121 327 2178 388 Α
2206 323 2385 393 itaque
2414 337 2554 379 anno
2586 337 2691 393 quo
2722 320 3088 394 praediximus,
3140 318 3222 379 xit
3269 319 3553 378 Kalendas
3606 318 3849 393 Aprilis

501 432 642 489 Vita)
676 430 777 485 BB.
814 428 1120 486 Albericum
1152 445 1214 485 ac
1241 427 1596 499 Stephanum,
1647 435 1933 498 antequam
1981 426 2100 482 haec

509 520 740 577 facultas
779 524 1049 591 peteretur
1109 517 1637 592 commigrarentque
1696 516 1855 572 simul
1914 532 2102 572 omnes

501 607 570 665 ad
625 608 964 675 Cistercium,
1033 625 1099 664 ex
1156 606 1407 665 Uuicensi
1453 604 1739 662 solitudine
1793 605 2097 661 Molismum

500 707 782 765 revertisse
815 721 829 778 ;
863 723 973 763 non
1002 707 1163 761 etiam
1204 706 1517 762 Cistercium
1557 703 1810 761 fundasse
1853 704 1968 759 sine
2025 703 2088 759 S.

500 796 757 866 Roberto,
789 796 950 851 totius
979 795 1228 852 videlicet
1257 793 1459 867 negotii
1492 802 1546 849 et
1573 793 1885 849 administro
1916 800 1969 849 et
2007 793 2098 847 di-

500 893 706 941 rectore
739 900 755 956 ;
789 901 1097 956 quanquam
1141 885 1348 956 primus
1385 883 1463 939 rei
1501 899 1709 949 suasor,
1762 883 1815 936 in
1863 881 2097 937 Exordio

499 974 720 1047 Magno,
753 974 812 1030 S.
846 974 1153 1046 Stephanus
1185 973 1347 1028 fuisse
1379 979 1707 1028 memoretur
1742 971 1826 1024 his
1870 970 2050 1026 verbis
2079 985 2093 1023 :

508 1094 531 1121 α
568 1069 913 1126 Postmodum
942 1085 1071 1127 vero
1128 1086 1251 1125 cum
1306 1068 1535 1127 verbum
1591 1066 1912 1123 innovandae
1965 1066 2096 1120 reli-

501 1158 759 1233 gionisin
789 1158 981 1214 eadem
1009 1158 1174 1215 domo
1206 1166 1412 1213 motum
1452 1157 1658 1223 fuisset,
1700 1156 1816 1227 ipse
1861 1155 2095 1224 Stepha-

504 1266 604 1304 nus
632 1249 839 1319 primus
868 1247 1008 1302 inter
1035 1247 1239 1319 primos
1271 1246 1662 1301 ferventissimo
1720 1244 1893 1300 studio
1948 1243 2099 1299 labo-

501 1338 658 1406 ravit,
692 1354 756 1392 ac
787 1336 962 1392 modis
991 1335 1244 1391 omnibus
1300 1335 1489 1389 institit
1542 1342 1600 1389 ut
1653 1333 1803 1389 locus
1856 1340 1907 1388 et
1964 1332 2096 1387 ordo

499 1436 864 1493 Cisterciensis
910 1435 1289 1501 institueretur,
1344 1434 1498 1503 cujus
1544 1435 1887 1504 postmodum
1944 1433 2095 1488 ordi-

500 1533 661 1582 nante
690 1527 806 1581 Deo
834 1531 1021 1596 pastor
1046 1532 1099 1578 et
1127 1523 1316 1580 doctor
1337 1530 1453 1578 erat
1480 1522 1851 1578 instituendus.
1890 1545 1913 1571 ι»

572 1645 659 1699 12.
693 1640 925 1697 Obtenta
954 1639 1117 1712 igitur
1143 1656 1176 1695 a
1219 1639 1401 1711 legato
1451 1638 1725 1711 pontiﬁcio
1772 1638 2096 1694 innovandm

498 1729 777 1803 religionis
837 1728 1108 1796 facultate,
1168 1727 1504 1795 Cistercium,
1563 1728 1730 1782 densa
1788 1735 1913 1782 tunc
1968 1728 2096 1781 Bur-

497 1818 715 1893 gundize
743 1818 897 1886 silva,
930 1823 1293 1889 opportunum
1348 1816 1449 1871 fuit
1494 1816 1714 1885 visum;
1774 1832 1879 1887 quo
1936 1824 2093 1871 aute-

500 1936 664 1991 quam
692 1918 994 1975 aMolismo
1026 1917 1089 1973 S.
1150 1916 1413 1972 Robertus
1470 1916 1729 1989 migraret
1783 1931 1906 1970 cum
1962 1913 2090 1981 suis,

498 2010 558 2063 B.
591 2007 923 2080 Stephanum
953 2005 1023 2061 ad
1052 2005 1299 2062 Odonem
1331 2004 1656 2078 Burgundiae
1719 2003 1912 2058 ducem
1967 2019 2091 2058 cum

499 2096 688 2153 litteris
715 2097 997 2168 ablegasse
1024 2094 1237 2163 dicitur,
1269 2110 1495 2164 quarum
1533 2093 1841 2164 exemplum
1888 2108 1920 2147 a
1969 2092 2091 2146 Bri-

502 2203 645 2265 tone,
676 2211 744 2250 ex
773 2210 876 2249 ms.
908 2192 1144 2265 quodam
1204 2191 1439 2247 coenobii
1495 2189 1897 2247 Alcobaciensis
1955 2205 2091 2259 pro-

498 2283 688 2353 latum,
745 2283 939 2338 damus
989 2282 1149 2336 infra.
1204 2279 1378 2349 Hujus
1432 2279 1674 2351 epistolae
1726 2278 2089 2350 respousoria,

495 2373 697 2442 scripta
724 2371 793 2427 ab
823 2370 1013 2427 Odone
1043 2369 1179 2425 duce
1206 2368 1551 2441 Burgundim,
1591 2384 1659 2423 ex
1715 2367 1909 2423 eodem
1966 2383 2090 2423 me-

495 2468 705 2518 morato
733 2476 836 2514 ms.
867 2457 1101 2515 affertur.

568 2577 655 2630 13.
689 2574 991 2630 Transitum
1021 2579 1143 2645 post
1168 2574 1287 2628 haec
1317 2571 1462 2641 fecit,
1495 2571 1681 2629 relicto
1713 2571 1976 2640 Molismo,
2020 2571 2091 2628 ad

496 2668 808 2730 Cistercium
841 2688 854 2728 :
887 2670 1226 2743 migrationis
1253 2670 1445 2726 seriem
1504 2670 1579 2726 ita
1634 2687 1850 2726 narrare
1904 2687 2093 2741 prose-

494 2762 674 2834 quitur
700 2768 885 2816 auctor
913 2759 1142 2815 laudata:
1165 2758 1283 2829 jam
1312 2774 1476 2828 supra
1512 2760 1760 2815 Historiae
1814 2776 1916 2815 ms.
1978 2760 2092 2815 Cis-

494 2850 769 2907 terciensis
799 2868 812 2905 :
841 2871 864 2897 α
899 2848 1161 2913 Posthaec,
1193 2848 1384 2918 inquit,
1416 2848 1673 2917 praefatus
1701 2848 1870 2904 abbas
1897 2856 1951 2904 et
1984 2848 2086 2917 sui,

491 2956 638 3004 tanta
664 2954 718 3003 et
746 2946 838 3002 tali
880 2944 1193 3002 auctoritate
1239 2945 1381 3013 freti,
1430 2944 1736 3001 Molismum
1792 2946 2085 3017 redierunt,

2206 420 2432 477 solemni
2489 418 2577 475 die
2631 420 2823 475 natalis
2875 419 3193 476 sanctissimi
3269 419 3580 489 Benedicti,
3678 434 3851 488 quem

2205 510 2481 584 geminata
2508 509 2692 564 laetitia
2721 516 2846 565 tunc
2871 510 3139 566 celebrem
3166 508 3479 566 reddiderat
3508 509 3596 566 ob
3632 508 3848 564 Domi-

2205 600 2384 655 nicam
2414 599 2742 663 Palmarum,
2777 615 2898 669 quae
2925 599 2980 653 in
3009 600 3183 671 ipsum
3240 607 3585 663 occurrerat,
3651 600 3851 654 tartari-

2209 696 2349 751 tibus
2413 695 2640 767 angelis,
2697 694 3092 751 tabescentibus
3160 696 3531 758 daemonibus,
3626 696 3847 751 Cister-

2207 784 2402 840 ciensis
2429 783 2640 851 domus,
2677 800 2741 839 ac
2770 800 2867 855 per
2894 785 2994 840 hos
3041 784 3198 840 totius
3234 786 3630 841 Cisterciensis
3684 784 3842 840 ordi-
3936 783 3939 861 ἦ

2205 875 2288 928 nis
2313 873 2508 945 religio
2537 889 2634 943 per
2662 873 2828 940 viros,
2865 872 2935 928 ad
2990 873 3346 930 Christianam
3401 874 3838 947 philosophiam
3938 874 3939 907 ‘

2206 971 2418 1043 penitus
2462 970 2761 1039 expeditos,
2803 970 3086 1028 exordium
3131 972 3385 1043 sumpsit.
3431 996 3457 1021 α
3496 974 3837 1044 Congruunt

2205 1077 2325 1116 cum
2356 1059 2439 1115 his
2468 1075 2588 1129 quae
2640 1058 2902 1114 Cesarius
2954 1059 3024 1115 de
3085 1060 3321 1117 Cistercii
3380 1061 3733 1117 fundatione
3782 1062 3834 1116 in

2203 1149 2439 1204 Historia
2480 1164 2595 1217 sua,
2653 1148 2850 1203 saeculo
2900 1148 3147 1218 proxime
3198 1151 3469 1220 sequenti,
3533 1151 3833 1205 memorie

2205 1245 2463 1318 prodidit.
2512 1248 2727 1301 Annum
2757 1262 2973 1318 quoque
3029 1245 3233 1302 fundati
3281 1247 3497 1303 ordinis
3545 1256 3604 1303 et
3667 1248 3831 1317 primi

2204 1335 2346 1390 illius
2374 1334 2609 1390 coenobii
2640 1334 2930 1404 loquuntur
2954 1343 3238 1405 sequentes
3266 1351 3479 1405 versus,
3533 1338 3597 1391 iu
3654 1337 3834 1392 fronte

2203 1424 2444 1481 ecclesiae
2470 1423 2832 1479 Cistercieusis
2862 1424 3112 1496 descripti
3147 1442 3159 1480 :

2273 1594 2434 1649 Anno
2467 1593 2723 1658 milleno,
2756 1598 3014 1660 centena,
3048 1593 3131 1649 bis
3157 1595 3352 1651 minus
3386 1612 3533 1665 uno,

2274 1665 2814 1739 PontiﬁceAUilbano,
2840 1666 3129 1739 Gallorum
3159 1683 3285 1739 rege
3314 1667 3622 1739 Philippo.

2273 1737 2595 1808 Burgundis
2624 1734 2809 1808 Odone
2840 1738 2981 1792 duce
3009 1742 3065 1792 et
3098 1734 3447 1808 fundamina
3475 1734 3698 1807 ἂὶιηιε,

2270 1806 2380 1862 Sub
2414 1808 2583 1878 Patre
2605 1807 2834 1863 Robcrto
2854 1810 3025 1878 capit
3057 1806 3365 1865 Cistercius
3392 1812 3557 1872 crdo.

2277 1877 2536 1979 Egenobia
2564 1879 2625 1932 in
2658 1882 2772 1979 todto
2802 1879 3118 1979 producent
3144 1881 3403 1951 plurima.
3429 1884 3690 1979 mundo,
3936 1910 3939 1979 χ

2269 1948 2361 2005 Sic
2391 1964 2666 2004 mansura
2695 1948 2809 2004 diu
2818 1966 2922 2021 per
2951 1948 3220 2007 sanctum
3251 1968 3461 2009 nomen
3496 1955 3671 2009 Jesu.

2273 2111 2365 2165 14.
2402 2109 2569 2165 Abest
2598 2117 2775 2166 autem
2820 2110 3129 2167 Cistercium
3185 2127 3218 2167 a
3272 2112 3513 2169 Divione
3575 2114 3820 2186 quinque

2199 2197 2411 2255 circiter
2437 2200 2622 2266 leucis,
2654 2200 2814 2255 situm
2846 2200 2901 2254 iu
2957 2200 3174 2256 dimcesi
3230 2201 3594 2258 Cabilouensi
3644 2204 3817 2260 duca-

2198 2305 2285 2352 tus
2314 2298 2658 2371 Burgundiaa,
2688 2298 3081 2371 amplissimum
3129 2316 3269 2357 nunc
3328 2310 3383 2356 et
3440 2303 3644 2358 multis
3683 2320 3815 2358 auc-

2199 2394 2311 2441 tum
2344 2387 2522 2441 fundis
2551 2388 2957 2443 monasterium.
2982 2390 3195 2444 Nomen
3214 2390 3439 2459 quidam
3460 2408 3497 2446 a
3520 2392 3810 2461 Cisteruis,

2198 2475 2415 2547 quidam
2447 2493 2479 2531 a
2511 2477 2729 2545 Cistels,
2764 2493 2895 2533 voce
2925 2476 3150 2547 Gallica,
3183 2464 3449 2550 palustres
3469 2480 3689 2549 juncus
3735 2482 3811 2536 si-

2195 2563 2503 2638 gniﬁcante,
2537 2565 2823 2621 deductum
2854 2566 3058 2621 volunt.
3092 2567 3309 2622 Fundus
3336 2568 3410 2623 ad
3452 2569 3810 2641 Raynardum

2196 2662 2569 2718 vicecomitem
2598 2663 2778 2718 Beluae
2834 2664 3057 2734 ejusque
3114 2665 3409 2738 conjugem
3466 2667 3810 2724 Hodiernam

2197 2750 2470 2822 pertinuit,
2503 2767 2728 2822 quorum
2787 2760 2838 2807 et
2894 2759 3178 2824 propterea
3233 2753 3303 2808 ad
3356 2753 3810 2811 inmdiﬁcandum

2196 2840 2423 2896 facultas
2451 2840 2751 2896 necessaria
2798 2840 2916 2895 fuit.
2951 2841 3241 2897 Cesserunt
3303 2859 3436 2899 vero
3491 2844 3659 2901 illum
3719 2863 3813 2918 per

2197 2954 2357 3009 quam
2388 2937 2636 3003 libenter,
2666 2955 2926 3008 suamque
2955 2938 3011 2993 in
3039 2939 3272 2996 famulos
3318 2940 3420 2995 Dei
3470 2943 3812 3000 muniﬁcen-

489 3037 638 3095 etde
668 3037 760 3092 illo
790 3036 1013 3091 fratrum
1044 3033 1276 3107 collegio
1333 3034 1530 3101 socios,
1585 3034 1907 3090 remissioris
1962 3035 2086 3092 vitae
2119 3049 2169 3113 ο
2197 3031 2329 3083 liam
2384 3028 2658 3099 perpetuis
2724 3027 2920 3083 tabulis
2990 3029 3291 3098 posteritati
3362 3043 3810 3090 consecrarunt:

490 3125 781 3184 blanditias
806 3130 1143 3196 respuentes,
1200 3122 1271 3178 ad
1328 3123 1615 3195 puritatem
1670 3123 2090 3195 simplicitatem-

490 3242 594 3298 que
648 3240 814 3281 sacrae
870 3223 1092 3296 Regula:
1130 3237 1263 3294 pure
1316 3221 1735 3293 simpliciterque
1797 3223 2086 3278 tenendum

488 3322 740 3388 prompto
770 3312 951 3369 animo
982 3312 1292 3384 ﬂagrantes,
1334 3311 1658 3383 elegerunt:
1718 3311 1793 3366 ita
1848 3319 1906 3367 ut
1950 3313 2090 3369 inter

488 3420 604 3473 eos,
634 3404 724 3475 qui
753 3403 932 3475 legato
965 3400 1210 3473 Lugduni
1238 3400 1517 3455 astiterunt
1556 3407 1610 3455 et
1656 3399 1795 3455 inter
1847 3416 1940 3456 eos
1994 3401 2086 3471 qui

485 3499 554 3557 de
582 3500 832 3557 coenobio
859 3499 1036 3556 vocati
1065 3506 1207 3564 sunt,
1260 3497 1453 3570 viginti
1511 3505 1564 3553 et
1617 3515 1755 3553 unus
1790 3501 2086 3554 monachus

483 3597 663 3644 essent
690 3603 705 3657 ;
738 3588 828 3657 qui
858 3586 1193 3659 perfectioris
1223 3588 1346 3643 vitae
1377 3593 1431 3641 et
1462 3588 1688 3658 Regulae
1716 3588 1886 3643 sancti
1916 3588 2085 3644 Patris

482 3676 757 3732 Benedicti
786 3675 854 3730 ad
883 3676 1114 3730 litteram
1143 3676 1390 3730 tenendae
1439 3674 1725 3741 desiderio,
1782 3683 1984 3732 arctam
2031 3685 2084 3732 et

481 3779 767 3845 angustam
797 3771 942 3828 viam
971 3770 1201 3843 ingressi
1230 3778 1375 3826 sunt.
1408 3773 1565 3826 Anno
1598 3772 1761 3844 igitur
1798 3773 2083 3830 Dominica

480 3862 551 3919 ab
574 3861 948 3918 Incarnatione
976 3859 1268 3915 millesimo
1297 3858 1656 3932 nonagesimo
1697 3868 1911 3929 octavo,
1962 3863 2080 3918 Do-

478 3952 658 4008 minus
685 3951 968 4019 Robertus,
1000 3948 1359 4006 Molismensis
1386 3949 1622 4006 coeuobii
1666 3949 1722 4004 in
1771 3950 2082 4024 episcOpatu

478 4048 806 4122 Lingonensi
835 4047 1044 4104 fundati
1073 4046 1263 4116 abbas,
1295 4055 1349 4102 et
1392 4062 1515 4103 cum
1566 4062 1632 4103 eo
1677 4047 1888 4117 fratres,
1937 4064 2079 4118 quo-

478 4156 599 4195 rum
646 4139 791 4194 Deus
845 4137 1089 4210 tetigerat
1145 4137 1330 4205 corda,
1387 4137 1649 4192 maleutes
1702 4153 1825 4192 cum
1879 4136 2079 4193 dilecto

478 4227 634 4284 Patre
678 4243 776 4283 suo
833 4226 1123 4283 Benedicto
1182 4241 1282 4298 pro
1339 4226 1454 4281 Deo
1509 4225 1786 4282 laboribus
1838 4225 2075 4299 fatigari,

479 4341 642 4395 quam
686 4324 815 4381 vitae
860 4324 1021 4394 hujus
1077 4322 1380 4379 commodis
1430 4323 1648 4391 resolvi,
1707 4323 1775 4379 de
1829 4324 2078 4380 Molismo

2196 3131 2316 3187 quas
2347 3115 2655 3186 hujusmodi
2682 3116 2740 3171 in
2768 3117 3078 3189 Meuologio
3099 3117 3167 3173 ad
3189 3121 3252 3173 21
3276 3119 3457 3174 Martii
3486 3120 3563 3175 ab
3606 3123 3813 3178 Henri-

2195 3222 2329 3276 quez
2359 3205 2694 3261 aﬁ‘eruutur:
2733 3227 2755 3254 α
2803 3206 3003 3261 Notum
3052 3207 3121 3263 sit
3175 3208 3432 3263 omnibus
3485 3210 3812 3268 Christianis

2193 3302 2550 3373 praesentibus
2577 3320 2641 3359 ac
2697 3303 2905 3371 futuris,
2965 3304 3109 3374 quod
3161 3304 3472 3377 Raynaldus
3523 3307 3809 3363 Belnensis

2193 3390 2516 3459 vicecomes,
2549 3399 2603 3446 et
2631 3406 2768 3447 uxor
2795 3391 2915 3460 ejus
2958 3392 3232 3448 Hodierna
3284 3394 3532 3462 nomine,
3595 3405 3655 3451 et
3708 3413 3805 3452 eo-

2191 3495 2311 3534 rum
2353 3479 2449 3535 ﬁlii
2501 3482 2680 3553 Hugo,
2736 3480 3081 3551 Humbertus,
3138 3482 3456 3553 Raynardus
3499 3500 3805 3556 eorumque

2190 3585 2347 3625 socer
2385 3570 2751 3641 Raymuudus,
2800 3586 2899 3639 pro
2945 3586 3162 3626 suorum
3198 3581 3554 3642 peccatorum
3610 3577 3803 3631 remis-

2189 3668 2341 3723 sione
2369 3675 2872 3739 antecessorumque
2895 3684 3135 3737 suorum,
3184 3668 3406 3726 domino
3457 3671 3710 3729 Roberto
3751 3681 3799 3728 et

2188 3756 2463 3819 fratribus,
2505 3757 2596 3827 qui
2626 3773 2749 3812 cum
2781 3773 2846 3812 eo
2875 3757 3141 3831 Regulam
3171 3758 3229 3813 S.
3270 3759 3554 3816 Benedicti
3604 3763 3797 3819 arctius

2188 3860 2253 3901 ac
2278 3845 2567 3917 perfectius
2594 3861 2753 3916 quam
2783 3845 2911 3901 illuc
2956 3862 3123 3917 usque
3171 3854 3457 3904 tenuerant
3502 3849 3797 3908 observare

2187 3942 2497 4015 cupiebant,
2530 3944 2870 3999 contulerunt
2897 3944 2965 3999 de
3003 3944 3206 4015 praedio
3263 3962 3382 4015 suo,
3444 3949 3601 4018 quod
3656 3949 3799 4004 anti-

2189 4032 2365 4102 quitus
2407 4032 2720 4088 Cistercium
2766 4033 3079 4102 vocabatur,
3130 4042 3618 4107 quantumcunque
3668 4038 3791 4108 ipsis

2187 4127 2241 4175 et
2268 4136 2455 4176 eorum
2483 4121 2881 4189 successoribus
2911 4121 3015 4177 Dei
3042 4122 3261 4176 famulis
3288 4122 3360 4178 ad
3396 4126 3780 4181 monastm’um

2187 4224 2241 4273 et
2287 4217 2596 4273 monasterii
2653 4217 2899 4274 ofﬁcinas
2952 4219 3356 4286 construendas,
3405 4221 3479 4276 ad
3525 4221 3785 4278 arandum

2186 4322 2425 4377 quoque,
2474 4307 2584 4362 imo
2634 4306 2704 4362 ad
2750 4323 2971 4363 omnem
3027 4324 3181 4364 usum
3239 4311 3614 4366 necessarium
3671 4313 3791 4368 fue-

478 4413 679 4486 egressi
708 4419 833 4467 sunt
863 4426 877 4480 ;
909 4420 1069 4483 atque
1099 4411 1167 4467 ad
1198 4412 1397 4481 locum,
1447 4428 1607 4482 quem
1658 4412 1931 4483 proposito
1975 4429 2072 4469 suo
2101 4413 2154 4474 D
2185 4396 2270 4462 Γίῐν
2306 4419 2329 4445 ι’
2364 4403 2465 4452 οισι

476 4517 778 4574 cougruum
801 4500 919 4570 jam
949 4509 1073 4556 ante
1100 4517 1200 4571 per
1250 4500 1481 4573 gratiam
1536 4501 1635 4555 Dei
1694 4502 2072 4572 praeviderant,

432 4650 433 4657 η
476 4599 534 4656 id
564 4608 663 4668 est,
693 4599 763 4655 ad
793 4615 1035 4656 eremum
1079 4614 1199 4669 quae
1258 4598 1573 4654 Cistercium
1623 4598 1919 4666 dicebatur,
1972 4600 2076 4655 ala-

476 4689 636 4745 criter
666 4688 1041 4758 tetenderunt;
1076 4688 1168 4759 qui
1196 4688 1345 4743 locus
1385 4687 1440 4742 in
1496 4687 1809 4759 episcopatu
1860 4688 2076 4745 Cabilo—

476 4778 630 4834 neusi
681 4778 814 4833 situs
843 4784 895 4833 et
946 4793 1061 4848 pra;
1116 4792 1399 4832 nemorum
1447 4776 1829 4848 spinarumque
1885 4779 2074 4833 densi-

475 4883 583 4933 tate
614 4884 738 4933 tunc
765 4875 1024 4948 temporis
1077 4872 1314 4931 accessui
1360 4874 1641 4931 hominum
1722 4873 1984 4942 insolitus,
2042 4891 2076 4931 a

471 4966 603 5022 solis
630 4964 974 5021 habitabatur
1003 4963 1150 5019 feris.
1184 4963 1267 5019 Ad
1294 4964 1438 5020 hunc
1490 4964 1672 5033 itaque
1711 4963 1890 5019 locum
1938 4965 2072 5020 bor-

471 5054 610 5112 roris
637 5062 691 5111 et
710 5062 875 5111 vasta
903 5051 1208 5109 solitudinis
1233 5051 1333 5112 viri
1384 5051 1487 5108 Dei
1541 5051 1836 5121 venientes,
1901 5058 2072 5108 tauto-

473 5167 577 5222 que
604 5153 757 5209 illum
782 5150 1056 5226 religioni,
1088 5167 1249 5224 quam
1269 5149 1389 5221 jam
1434 5150 1639 5206 dudum
1687 5157 1870 5207 mente
1929 5166 2069 5206 con-

471 5250 742 5311 ceperant,
774 5249 829 5299 et
853 5249 1076 5314 propter
1103 5255 1265 5311 quam
1322 5239 1449 5295 illuc
1505 5239 1856 5307 advenerant,
1917 5239 2072 5294 habi-

469 5325 683 5396 liorem,
706 5338 905 5399 quanto
932 5329 1279 5386 smeularibus
1307 5327 1779 5398 despicabiliorem
1824 5335 1877 5385 et
1923 5327 2070 5385 inac-

473 5421 884 5493 oessibiliorem,
916 5425 1297 5498 intelligentes,
1346 5442 1625 5482 nemorum
1675 5442 1739 5482 ac
1790 5426 2066 5498 spinarum

475 5510 738 5571 densitate
768 5512 989 5579 praecisa
1031 5515 1366 5579 ac'remnta,
1409 5516 1792 5570 monasterium
1839 5516 2064 5586 ibidem,

471 5601 750 5660 voluntate
778 5596 1148 5653 Cabilonensis
1188 5603 1430 5673 episcOpi
1489 5611 1541 5658 et
1599 5619 1862 5660 consensu
1916 5606 2067 5660 istius

469 5697 627 5769 cujus
655 5693 774 5765 ipse
801 5691 950 5748 locus
976 5700 1109 5763 erat,
1139 5704 1442 5756 construere
1488 5707 1790 5774 coeperunt.
1857 5701 2062 5760 Eodem

2258 4510 2345 4562 15.
2406 4506 2525 4564 Odo
2584 4524 2798 4578 quoque
2853 4507 2963 4563 dux
3017 4509 3342 4582 Burgundiaa
3410 4526 3526 4567 non
3598 4530 3791 4585 parum

2185 4597 2498 4653 Cistercium
2529 4598 2722 4668 auxit;
2774 4597 2973 4653 fundos
3028 4599 3171 4654 enim
3238 4615 3273 4656 a
3326 4600 3581 4657 Belnensi
3638 4605 3793 4661 vice-

2184 4686 2379 4742 comite
2406 4694 2708 4743 reservatos
2752 4695 3113 4759 exceptusque
3159 4688 3378 4759 adjecit,
3436 4698 3493 4746 et
3542 4692 3790 4763 primam

2183 4785 2337 4842 novis
2354 4785 2690 4840 habitoribus
2714 4785 2937 4840 domum
2984 4785 3291 4843 aedificavit.
3342 4787 3496 4843 Prius
3539 4789 3604 4844 in
3660 4792 3791 4848 des-

2181 4875 2365 4946 criptis
2400 4874 2564 4930 modo
2618 4874 2815 4930 tabulis
2867 4874 2943 4930 ita
2989 4883 3233 4931 narratur
3280 4896 3293 4932 :
3354 4898 3377 4926 ι
3434 4877 3518 4933 De
3565 4881 3791 4937 residuo

2182 4979 2398 5034 quoque
2442 4962 2610 5034 ipsius
2656 4971 2831 5033 terrae,
2899 4963 3045 5033 quod
3091 4964 3235 5020 dicto
3309 4965 3604 5037 Raynardo
3664 4977 3793 5027 tunc

2177 5061 2379 5131 placuit
2400 5060 2650 5127 retinere,
2682 5061 2812 5116 fecit
2840 5059 2959 5117 Odo
2990 5060 3102 5116 dux
3131 5062 3477 5135 Burgundize,
3527 5066 3605 5120 ad
3646 5066 3793 5124 illius

2178 5150 2581 5206 concessionem
2611 5157 2661 5205 et
2690 5149 2924 5218 libitum,
2969 5151 3133 5206 talem
3188 5168 3312 5207 cum
3362 5168 3428 5209 eo
3485 5166 3794 5215 commuta-

2181 5238 2380 5294 tionem
2402 5246 2709 5310 etpactum,
2751 5237 2820 5292 ad
2852 5254 2990 5311 opus
3008 5240 3324 5296 eorumdem
3362 5246 3788 5315 monachorum,

2176 5345 2233 5391 ut
2258 5336 2458 5392 scilicet
2490 5351 2589 5408 pro
2620 5343 2759 5392 terra
2787 5336 2879 5391 illa
2907 5336 3137 5410 singulis
3151 5338 3308 5393 annis
3334 5339 3390 5394 in
3437 5349 3625 5399 castro
3672 5346 3791 5402 Bei-

2177 5425 2329 5481 neusi
2357 5425 2557 5482 solidos
2584 5425 2777 5498 viginti
2821 5426 3136 5496 'susciperet,
3183 5435 3291 5483 tam
3337 5428 3455 5500 ipse
3507 5448 3681 5501 quam
3738 5443 3792 5491 et

2175 5514 2341 5587 ipsius
2370 5523 2488 5585 post
2517 5531 2638 5570 eum
2669 5515 2929 5570 heredes.
2962 5515 3228 5572 Praeterea
3254 5517 3310 5571 in
3336 5517 3534 5574 eadem
3563 5523 3787 5578 cambi-

2175 5614 2318 5670 tione
2347 5612 2609 5669 concessit
2636 5613 2685 5667 ei
2715 5628 2777 5667 ac
2801 5611 2926 5667 ﬁliis
2973 5614 3085 5668 suis
3130 5614 3244 5684 ipse
3298 5614 3429 5685 dux,
3491 5629 3788 5689 quantum-

2173 5716 2384 5775 cunque
2435 5702 2714 5765 vinearum
2769 5700 2825 5758 iu
2884 5701 3148 5760 territorio
3224 5703 3470 5761 Belneusi
3548 5721 3783 5780 possent
