3972 6076
229 259 367 314 1265

1791 245 2000 306 ACTA.

3391 232 3528 311 iace

224 385 480 456 plantare
504 388 561 440 et
591 384 772 441 colere
802 382 856 437 in
887 381 1111 453 propria
1139 378 1548 436 dominicatura.
1588 400 1608 425 η
1643 377 1824 430 Poste-
1853 373 1907 433 A
1931 373 2091 443 jussu
2123 373 2368 445 praedicti
2399 375 2567 448 legati
2591 376 2851 447 suscepit,
2894 383 2946 430 et
2975 377 3272 433 monachos
3320 377 3410 450 qui
3440 395 3526 434 se-

223 473 340 528 rius
371 475 514 529 hunc
571 474 622 528 in
684 473 904 528 modum
955 470 1300 542 prosequitur
1345 468 1571 522 historia
1601 467 1812 521 Cister-

221 564 423 618 ciensis
457 580 564 617 ms.
597 562 818 632 collegii
852 562 1018 616 nostri
1047 560 1449 614 Embricensis:
1487 582 1508 605 α
1546 559 1813 611 Caeterum

216 661 684 730 archiepiscopus,
719 659 1032 728 apostolicae
1064 658 1210 712 sedis
1242 658 1478 729 legatus,
1510 654 1670 723 cujus
1711 654 1810 707 be-

214 749 544 815 nedictione,
579 757 852 820 priecepto
896 757 946 804 et
1005 747 1335 804 auctoritate
1366 750 1576 800 tantum
1607 745 1808 798 bonum

212 838 406 893 stabile
438 837 847 893 fundamentum
878 841 1169 908 acceperat
1209 856 1223 903 ;
1264 836 1623 892 considerans
1669 851 1808 905 pau-

210 943 473 1007 pertatem
506 953 788 991 servorum
818 936 936 1002 Dei,
971 944 1022 991 et
1054 936 1179 1007 quia
1210 936 1263 989 in
1292 934 1413 990 loco
1445 933 1616 988 sterili
1646 950 1805 1004 quem

211 1034 616 1094 occupaverant
654 1043 892 1097 prorsus
939 1041 1041 1080 nec
1090 1025 1384 1080 subsistere
1431 1038 1532 1078 nec
1577 1021 1806 1078 aedificia

209 1119 597 1170 construerere
627 1123 870 1185 possent,
899 1114 1002 1168 nisi
1035 1130 1282 1184 personae
1312 1113 1541 1180 alicujus
1571 1111 1804 1182 potentis

207 1208 560 1262 adminuculo
593 1207 934 1269 fulcircntur,
971 1207 1190 1276 scripsit
1247 1207 1314 1260 ad
1347 1205 1612 1260 illustrem
1645 1205 1797 1275 prin-

209 1296 390 1365 cipem
425 1296 671 1351 Odonem
710 1306 842 1352 tunc
891 1295 1219 1364 Burgundire
1268 1297 1482 1354 ducem.
1532 1301 1720 1362 petens
1751 1302 1802 1348 et

208 1387 468 1452 suadens,
503 1395 768 1457 quatenus
799 1403 1064 1454 pauperes
1117 1385 1331 1446 Christi,
1393 1384 1566 1436 zelum
1612 1382 1801 1453 glorise

207 1485 308 1539 Dei
339 1490 392 1538 et
426 1485 716 1540 monastici
747 1483 950 1538 ordinis
981 1483 1262 1543 habentes,
1295 1482 1496 1535 foveret
1529 1490 1579 1534 et
1610 1496 1800 1535 manu-

209 1580 418 1627 teneret
449 1589 742 1642 eorumque
775 1572 1184 1626 necessitatibus
1232 1571 1531 1626 secundum
1581 1570 1798 1638 magni-

205 1660 474 1717 ﬁcentiam
508 1662 843 1732 principatus
875 1662 956 1715 sui
991 1661 1322 1715 subveniret.
1357 1660 1521 1729 Cujus
1551 1658 1797 1729 petitioni

204 1767 262 1814 et
290 1760 525 1816 consilio
555 1760 821 1814 Dominus
879 1759 999 1814 Οᾱο
1057 1759 1389 1828 Burgundize
1435 1759 1541 1813 dux
1573 1757 1796 1828 aquies-

199 1864 355 1914 cens,
390 1847 616 1902 fratrum
676 1848 837 1902 etiam
900 1847 1121 1901 illorum
1156 1848 1370 1902 fervore
1401 1853 1454 1900 et
1503 1846 1793 1901 devotione

199 1938 529 2003 delectatus,
561 1936 950 1991 monasterium
993 1936 1256 2008 ligneum,
1293 1936 1433 2006 quod
1469 1936 1573 2006 ipsi
1604 1936 1656 1989 in
1699 1952 1799 1991 sua

196 2042 524 2104 paupertate
568 2033 924 2101 incmperant,
987 2032 1054 2086 de
1112 2032 1224 2086 suis
1279 2032 1568 2101 impendiis
1624 2039 1796 2086 totum

196 2123 618 2188 consummavit,
638 2138 844 2194 eosque
874 2121 1072 2175 ibidem
1104 2121 1157 2175 in
1189 2121 1439 2175 omnibus
1469 2122 1796 2176 necessariis

197 2217 291 2272 diu
322 2217 658 2288 procuravit,
691 2215 956 2289 terrisque
988 2223 1039 2272 et
1069 2216 1356 2287 pecoribus
1399 2216 1616 2272 abunde
1660 2217 1794 2272 sub-

197 2307 414 2363 levavit.
451 2327 474 2356 »
1743 2377 1772 2400 κ

273 2413 364 2464 16.
412 2409 792 2480 Auspicaturis
848 2425 1047 2464 novum
1105 2408 1353 2463 ordinem
1406 2408 1574 2464 fuisse
1614 2399 1792 2463 locum

197 2508 556 2554 monstratum
591 2499 869 2564 divinitus,
903 2506 1102 2568 praeter
1146 2514 1338 2552 omnes
1369 2506 1621 2553 auctores
1651 2496 1793 2553 illius

199 2589 460 2659 temporis
489 2595 676 2643 auctor
706 2589 1015 2658 Manriquez
1047 2595 1146 2648 est,
1181 2586 1448 2658 colligens
1487 2587 1542 2640 id
1591 2603 1654 2641 ex
1686 2587 1790 2654 his,

197 2687 378 2742 citatis
410 2701 440 2739 a
470 2685 635 2739 nobis
680 2684 843 2755 paulo
899 2693 1041 2750 ante,
1074 2685 1259 2756 magni
1291 2682 1521 2738 Exordii
1568 2683 1790 2738 verbis:

201 2799 225 2823 α
264 2777 340 2830 De
371 2775 619 2828 Molismo
661 2774 871 2843 egressi
919 2774 987 2828 ad
1033 2773 1235 2839 locum,
1297 2789 1455 2844 quem
1513 2774 1793 2843 proposito

195 2881 297 2918 suo
327 2879 625 2936 congruum
652 2863 766 2933 jam
799 2871 923 2917 ante
959 2879 1061 2933 per
1089 2862 1321 2934 gratiam
1369 2862 1469 2916 Dei
1518 2863 1790 2932 praevide-

194 2970 335 3025 rant,
402 2961 456 3016 id
513 2971 614 3027 est,
669 2978 909 3016 eremum
967 2977 1085 3032 qua;
1115 2961 1442 3015 Cistercium
1482 2961 1787 3023 dicebatur,

191 3050 452 3107 alacriter
483 3051 850 3104 tetenderunt.
889 3075 910 3098 η
947 3049 1240 3119 Templum
1263 3049 1419 3104 alium
1451 3050 1550 3103 Dei
1583 3048 1789 3119 parenti

191 3147 601 3207 consecrarunt,
669 3155 825 3194 more
879 3139 949 3193 ad
1005 3139 1190 3194 omnia
1253 3138 1455 3208 reliqua
1496 3137 1786 3209 prOpagati

190 3246 383 3308 postea
437 3236 648 3292 ordinis
710 3237 962 3292 cmnobia
1018 3236 1315 3291 derivato:
1371 3236 1515 3291 unde
1565 3236 1677 3291 hoc
1723 3236 1781 3289 B.

189 3333 474 3390 Humberti
504 3334 774 3406 generalis
833 3334 1046 3389 ordinis
1095 3334 1518 3390 Prasdicatorum
1551 3331 1784 3404 praecla-

190 3440 314 3478 rum
365 3423 417 3477 in
465 3423 579 3478 suis
635 3424 982 3478 sermonibus
1039 3423 1405 3478 testimonium
1438 3431 1539 3476 est.
1577 3446 1597 3469 υ
1636 3421 1785 3476 Ordo

181 3511 294 3568 iste
322 3511 485 3567 habet
537 3512 589 3566 in
651 3516 800 3566 tanta
857 3511 1163 3567 reverentia
1195 3513 1254 3566 Β.
1289 3511 1586 3581 Virginem,
1637 3511 1784 3580 quod

190 3625 382 3664 omnes
411 3608 659 3664 ecclesia:
679 3608 804 3679 ejus
835 3617 961 3663 sunt
1007 3617 1336 3664 consecratae
1377 3609 1429 3661 in
1462 3607 1581 3677 ejus
1612 3609 1784 3662 hono-

189 3715 334 3754 rem.
402 3699 532 3752 lnde
589 3698 692 3768 ipsi
750 3698 997 3752 monachi
1047 3698 1098 3750 in
1164 3698 1411 3753 ecclesiis
1459 3698 1594 3762 suis,
1626 3697 1783 3768 quasi

189 3803 408 3858 semper
437 3795 560 3841 sunt
589 3794 717 3841 ante
747 3787 956 3841 beatam
988 3787 1268 3858 Virginem
1301 3795 1351 3842 et
1383 3786 1575 3841 Filium
1606 3786 1776 3855 ejus.-

188 3888 452 3944 Similiter
507 3904 540 3942 a
596 3887 871 3960 Gregorio
927 3889 978 3942 Χ
1034 3887 1276 3943 dicitur:
1329 3911 1352 3936 α
1405 3886 1781 3943 Cisterciensis

185 3978 342 4044 ordo,
389 3976 587 4032 divinis
646 3980 991 4047 mancipatus
1045 3977 1346 4048 obsequiis,
1378 3984 1431 4033 et
1460 3977 1601 4032 inter
1646 3975 1779 4032 reli-

183 4065 383 4138 giones
414 4073 644 4122 crateras
674 4066 932 4138 gloriosae
968 4067 1174 4139 Virgini
1204 4065 1584 4137 singularitate
1615 4066 1779 4122 devo-

182 4154 349 4209 tionis
375 4155 647 4225 ascriptus
687 4172 750 4210 ex
783 4155 1120 4211 institutione
1149 4157 1351 4226 prima.
1397 4177 1419 4205 »

257 4254 350 4304 17.
390 4252 700 4322 Mam-ique:
731 4253 942 4319 scribit,
1003 4253 1066 4308 S.
1123 4254 1441 4317 Robertum,
1489 4258 1778 4322 antequam

184 4338 435 4394 Molismo
464 4337 662 4401 abiret,
697 4355 919 4410 gravem
952 4341 1019 4395 ad
1050 4341 1155 4396 illic
1187 4349 1537 4395 remanentes
1567 4341 1775 4396 oratio-

183 4444 306 4482 nem
339 4427 577 4495 dixisse;
612 4427 735 4482 illos
769 4444 898 4483 vero
959 4430 1246 4483 abeuntem
1292 4429 1544 4498 lacrymis
1575 4445 1769 4499 prose-
1800 4451 1852 4512 D

187 4535 364 4588 culos,
399 4524 652 4579 utensilia
682 4525 748 4578 ad
772 4527 1083 4580 monasterii
1116 4528 1244 4580 novi
1283 4527 1543 4588 otiiciuas,
1573 4527 1772 4596 praci-

183 4631 290 4685 pue
317 4622 494 4669 autem
529 4630 651 4685 quae
697 4614 765 4668 ad
815 4615 1056 4668 divinum
1089 4615 1289 4669 cultum
1323 4617 1660 4685 spectabant.
1693 4617 1773 4671 of-

186 4704 374 4760 ﬁciose
403 4719 468 4759 ac
497 4711 846 4773 peramenter
888 4703 1254 4760 ministrasse.
1301 4705 1645 4775 Subrogusse
1677 4706 1771 4763 de-

181 4800 347 4872 nique
391 4799 764 4856 amantissimo
828 4801 970 4854 Patri
1026 4801 1380 4867 Gaui’redum,
1413 4802 1532 4857 aliis
1564 4802 1772 4858 Gotfri-

179 4889 305 4944 dem
339 4890 544 4944 dictum
576 4906 589 4951 ;
627 4912 649 4938 α
686 4889 858 4944 virum
890 4889 1096 4962 utique,
1144 4899 1201 4946 ut
1241 4891 1357 4963 ipse
1390 4892 1485 4962 ait,
1527 4893 1771 4948 moribus

179 4979 559 5048 compositum,
593 4978 763 5034 sacris
792 4979 955 5032 etiam
1003 4979 1266 5034 imbutum
1311 4981 1637 5051 disciplinis,
1676 4982 1768 5052 qui

178 5083 362 5144 partes
419 5075 630 5130 abbatis
688 5075 942 5146 impleret
999 5093 1110 5130 non
1165 5077 1486 5148 incongrue,
1537 5079 1582 5132 si
1632 5079 1770 5135 tales

179 5164 364 5218 facere
397 5163 536 5219 alios
576 5172 772 5235 potens
829 5173 994 5232 esset,
1030 5167 1249 5238 qualem
1281 5167 1546 5236 seipsum.
1583 5192 1606 5216 ιι
1644 5169 1770 5223 Cis-

178 5250 344 5307 tercio
401 5260 601 5318 autem,
653 5268 686 5305 a
743 5251 1003 5308 Gualtero
1065 5255 1324 5325 episcOpo
1391 5255 1761 5324 Cabilonensi,

179 5351 507 5404 auctoritate
563 5349 732 5420 legati
787 5350 1067 5419 pontificii,
1121 5353 1330 5422 primus
1363 5353 1531 5407 abbas
1571 5355 1628 5409 S.
1662 5355 1770 5410 Ro-

180 5438 366 5491 bertus
397 5437 495 5490 fuit
525 5441 682 5491 datus
717 5455 727 5492 :
755 5439 823 5492 de
855 5456 962 5510 quo
993 5441 1090 5493 ista
1143 5443 1377 5496 Historia
1417 5459 1528 5496 ms.
1568 5443 1772 5498 Cister-

179 5526 417 5583 ciensis:
455 5551 476 5574 υ
517 5527 717 5581 Eodem
749 5535 991 5598 tempore
1021 5529 1191 5584 abbas
1221 5531 1310 5601 qui
1339 5531 1656 5600 advenerat,
1697 5533 1768 5587 ab

179 5624 435 5696 episcopo
466 5624 832 5691 Cabilonensi,
864 5627 934 5680 ad
965 5628 1116 5695 cujus
1147 5627 1426 5684 dioecesim
1467 5628 1620 5684 locus
1651 5629 1768 5700 ipse

178 5713 508 5784 pertinebat,
540 5713 754 5786 virgam
786 5716 1119 5787 pastoralem
1149 5733 1272 5774 cum
1299 5733 1432 5774 cura
1459 5718 1767 5776 animarum

1924 479 2045 518 cum
2076 465 2404 520 advenerant
2445 466 2496 518 in
2532 466 2728 520 eodem
2766 467 2888 520 loco
2920 466 3273 521 stabilitatem
3305 466 3524 524 tirmare

1923 553 2250 622 regulariter
2282 555 2431 619 fecit,
2486 555 2563 609 sic
2621 555 2767 626 quod
2818 555 3050 611 ecclesia
3079 557 3190 617 illa,
3218 557 3400 611 divino
3427 573 3524 627 pa-

1923 650 2054 704 riter
2085 660 2135 704 et
2166 652 2401 706 humano
2447 653 2630 707 favore
2689 654 2901 719 vallata,
2962 655 3257 724 apostolica
3307 671 3522 727 quoque

1919 739 2236 795 auctoritate
2268 741 2493 808 munita,
2519 742 2572 796 in
2599 743 2875 798 abbatiam
2905 744 3206 799 secundum
3240 744 3513 814 Regulam

1918 827 1974 883 S.
2007 829 2282 883 Benedicti
2313 830 2713 900 disponendam
2771 833 3032 888 surrexit.
3080 853 3101 880 ιι
3137 833 3265 887 Haec
3321 832 3518 887 iisdem

1915 923 2030 980 fere
2060 925 2243 980 verbis
2276 928 2566 982 Exordium
2625 929 2987 985 Cisterciense
3033 946 3256 1000 parvum
3306 938 3514 1000 narrat,

1915 1013 2162 1068 maximte
2185 1017 2538 1082 auctoritatis,
2577 1023 2766 1088 utpote
2798 1034 2830 1073 a
2876 1019 3068 1090 primis
3117 1017 3364 1074 Cistercii
3408 1018 3521 1074 Pa-

1913 1102 2083 1156 trihus
2113 1103 2397 1173 scriptum.
2434 1105 2581 1160 idem
2611 1115 2820 1161 constat
2876 1123 2942 1162 ex
3003 1107 3236 1177 epistola
3267 1107 3513 1179 episcOpi

1913 1199 2288 1255 Cabilonensis
2344 1202 2409 1254 ad
2469 1203 2870 1273 Lingonensem
2922 1205 3144 1276 scripta,
3178 1220 3339 1276 quam
3382 1221 3513 1259 mox

1911 1288 2178 1350 dabimus,
2213 1299 2266 1342 et
2296 1307 2360 1344 ex
2385 1291 2766 1347 Cisterciensis
2793 1293 3120 1348 Kalendario
3153 1294 3300 1348 edito
3322 1293 3512 1348 Divio—

1911 1394 1996 1432 ne.
2035 1378 2083 1430 in
2124 1395 2236 1448 quo
2269 1380 2324 1432 Β.
2373 1380 2664 1434 Albericus
2722 1383 2994 1437 secundus
3056 1383 3298 1437 Cistercii
3341 1383 3512 1436 abbas

1910 1485 2261 1529 memoratur.
2298 1477 2366 1530 [ta
2402 1486 2452 1529 ut
2478 1482 2589 1544 jam
2639 1488 2791 1532 extra
2855 1481 3280 1534 controversiam
3329 1479 3413 1542 sit,
3451 1481 3508 1535 S.

1908 1563 2205 1618 Robertum
2257 1566 2487 1634 primum
2561 1567 2822 1621 Cistercio
2878 1568 3130 1622 abbatem
3202 1568 3508 1639 praefuisse,

1908 1653 2059 1723 quod
2088 1654 2155 1707 ad
2185 1655 2253 1710 26
2283 1655 2524 1708 Januarii
2557 1655 2609 1708 in
2641 1657 2700 1709 B.
2751 1656 2988 1712 Alberici
3043 1657 3160 1711 Vita
3204 1656 3507 1711 iudecisum

1827 1731 1880 1791 Β
1909 1748 2297 1822 relinquentes,
2321 1751 2696 1820 rejeceramus
2720 1753 2775 1806 in
2805 1755 2952 1810 hunc
2981 1753 3183 1809 locum.

1904 1873 1936 1947 ἕ
1975 1875 2065 1930 ΙΙΙ.
2110 1878 2400 1932 Rcvocatio
2442 1881 2498 1933 et
2543 1878 2763 1933 reditus
2804 1879 2858 1934 S.
2903 1880 3122 1934 Roberti
3166 1897 3201 1934 α
3240 1877 3507 1935 Cistercio

1977 1947 2048 2001 ad
2083 1947 2400 2021 Molismum
2426 1965 2439 2002 :
2479 1950 2730 2021 ejusdem
2759 1953 2917 2018 tatas,
2943 1952 3136 2007 cultus
3166 1965 3346 2018 sacer,
3369 1953 3508 2008 scri-

1974 2021 2166 2090 ptores
2207 2020 2356 2074 vitae.

1979 2146 2062 2196 18.
2120 2143 2278 2198 Brevi
2336 2151 2539 2207 tamen,
2599 2143 2855 2200 abdicato
2907 2145 3051 2215 apud
3107 2145 3502 2202 Cistercienses

1902 2231 2244 2303 magistratu,
2274 2232 2329 2287 S.
2363 2232 2646 2288 Robertus
2709 2234 2777 2288 ad
2833 2233 3141 2289 Molismum
3198 2235 3381 2289 redire
3411 2235 3512 2290 de-

1904 2319 2037 2381 buit.
2071 2321 2334 2390 repetitus
2365 2321 2566 2376 iterum
2615 2337 2648 2376 a
2707 2322 2822 2376 suis
2865 2323 3309 2378 Molismensibus
3361 2323 3505 2394 apud

1902 2410 2180 2464 Urbanum
2213 2411 2279 2475 ll,
2309 2427 2454 2478 nam,
2484 2432 2506 2461 ι
2541 2411 2687 2465 haud
2745 2411 2914 2466 multo
2945 2421 3086 2482 post,
3126 2435 3148 2460 »
3207 2412 3502 2483 prosequi-

1901 2513 1990 2560 tur
2021 2507 2399 2562 Cistercieusis
2423 2525 2526 2563 ms.
2555 2508 2817 2574 Historia,
2856 2532 2876 2556 ιι
2913 2510 3016 2564 hoc
3067 2509 3252 2580 elapso
3283 2517 3503 2581 tempo-

1901 2596 1976 2650 ris
2006 2597 2200 2665 spatio,
2236 2597 2605 2651 Molism’ensis
2640 2598 2917 2664 monachi,
2950 2597 3228 2653 voluntate
3279 2598 3488 2654 domini

1903 2692 2147 2748 Gaufridi
2169 2693 2381 2747 abbatis
2429 2693 2513 2747 sui
2561 2694 2653 2765 qui
2683 2695 2922 2749 Roberto
2952 2703 3314 2758 successerat,
3349 2711 3501 2750 nun-

1901 2781 2007 2836 tios
2063 2781 2133 2836 ad
2192 2782 2500 2836 Romanam
2559 2782 2767 2837 curiam
2823 2783 3184 2851 destinarunt,
3216 2784 3501 2839 adomino

1899 2887 2037 2941 papa
2113 2871 2336 2926 Urbano
2412 2871 2723 2941 importune
2800 2871 3160 2942 postulantes,
3223 2880 3495 2943 quatenus

1897 2966 2156 3037 praefatus
2203 2967 2375 3022 abbas
2451 2967 2722 3023 Robertus
2781 2967 2907 3024 loco
2965 2969 3213 3039 pristino,
3274 2969 3328 3024 id
3387 2978 3490 3038 est,

1899 3057 2230 3111 Molismensi
2260 3056 2512 3111 ctenobio
2570 3056 2940 3114 ecclesiastica
2976 3058 3314 3115 redderetur.
3346 3057 3496 3128 Quo-

1895 3162 2016 3199 rum
2049 3146 2451 3215 importunitate
2480 3145 2739 3201 dominus
2770 3162 2916 3217 papa
2958 3147 3224 3211 devictus,
3257 3148 3493 3202 manda-

1893 3244 1968 3299 vit
2009 3243 2192 3314 legato
2224 3259 2323 3298 suo
2357 3242 2658 3299 venerabili
2687 3244 2893 3300 scilicet
2922 3245 3163 3315 Hugoni,
3204 3252 3280 3311 ut,
3300 3245 3346 3300 si
3376 3243 3502 3304 ﬁeri

1891 3341 2096 3404 posset,
2128 3331 2273 3387 idem
2327 3332 2502 3388 abbas
2559 3342 2953 3400 reverteretur,
2990 3342 3044 3390 et
3071 3333 3326 3390 monachi
3356 3350 3490 3391 ero-

1890 3438 2039 3475 mum
2062 3421 2356 3492 diligentes
2386 3421 2440 3475 in
2472 3436 2608 3492 pace
2638 3423 3028 3478 consisterent.
3070 3447 3094 3471 -
3117 3423 3347 3491 Eadem,
3379 3439 3490 3478 mu~

1893 3518 1994 3564 tata
2024 3509 2266 3566 nonnihil
2331 3510 2535 3579 phrasi,
2587 3511 2882 3566 Exordium
2940 3526 3168 3582 parvum
3218 3511 3403 3579 refert,
3435 3529 3492 3568 ω

1891 3624 1998 3679 quo
2025 3615 2078 3662 et
2106 3609 2220 3662 haec
2250 3607 2474 3673 Urbani,
2545 3624 2711 3679 super
2766 3609 2821 3665 S.
2871 3609 3090 3665 Roberti
3121 3610 3485 3677 revocatione,

1890 3697 2095 3766 scripta
2116 3697 2184 3751 ad
2217 3698 2504 3768 Hugonem
2534 3698 3011 3769 archiepiscopum
3063 3699 3487 3772 Lugdunensem

1890 3787 2118 3858 epistola
2149 3786 2349 3859 legitur
2382 3801 2395 3839 :
2424 3809 2445 3833 ιι
2481 3787 2733 3843 Urbanus
2765 3787 3084 3858 episcopus,
3115 3805 3311 3845 servus
3359 3805 3486 3845 ser-

1887 3897 2078 3937 vorum
2111 3881 2232 3946 Dei,
2280 3880 2582 3936 venerabili
2637 3881 2791 3936 fratri
2848 3890 2902 3936 et
2944 3882 3206 3954 episcOpo
3249 3883 3483 3953 Hugoni,

1886 3971 2203 4041 apostolicae
2231 3970 2378 4024 sedis
2401 3968 2625 4035 vicario,
2652 3969 2888 4024 salutem
2919 3977 2974 4024 et
3003 3970 3356 4040 apostolicam
3387 3970 3487 4026 bo-

1885 4059 2273 4113 nedictionem.
2329 4057 2757 4112 Molismensium
2833 4057 3058 4113 fratrum
3111 4074 3368 4131 magnum
3427 4059 3484 4116 in

1886 4147 2113 4203 consilio
2139 4146 2444 4202 clamorem
2477 4145 2810 4216 accepimus,
2870 4146 3082 4202 abbatis
3130 4147 3214 4202 sui
3243 4148 3484 4204 reditum

1885 4234 2260 4292 vehementius
2288 4233 2700 4305 postulantium.
2743 4235 3010 4290 Dicebant
3061 4235 3210 4292 enim
3247 4237 3481 4310 religio-

1883 4341 2009 4378 nem
2042 4323 2092 4377 in
2124 4339 2223 4379 suo
2253 4325 2427 4378 choro
2458 4338 2731 4390 eversam,
2765 4340 2934 4396 seque
2966 4340 3064 4395 pro
3093 4325 3306 4380 abbatis
3335 4325 3480 4382 illius

1885 4417 2132 4472 absentia
2160 4417 2286 4472 odio
2318 4417 2462 4486 apud
2494 4417 2771 4488 principes
2803 4425 2854 4472 et
2882 4425 3110 4474 caeteros
3150 4418 3359 4475 vicinos
3389 4420 3481 4475 ba-

1884 4507 2021 4561 beri.
2055 4507 2240 4561 Coacti
2274 4506 2493 4560 tandem
2547 4521 2580 4560 a
2635 4505 2896 4561 fratribus
2948 4507 3172 4571 nostris,
3205 4507 3482 4564 dilectioni

1883 4604 1988 4650 tua:
2019 4611 2117 4665 per
2146 4596 2442 4664 prmsentia
2473 4595 2679 4665 scripta
2709 4596 3054 4661 mandamus,
3105 4596 3478 4670 significantes

1881 4697 2095 4762 gratum
2126 4687 2284 4742 nobis
2307 4689 2565 4755 existere,
2598 4696 2676 4753 ut,
2708 4688 2755 4742 si
2805 4687 2924 4743 fieri
2953 4689 3148 4760 possit,
3180 4689 3354 4745 abbas
3384 4689 3477 4745 ille

1881 4778 1950 4834 ab
1977 4793 2163 4832 eremo
2202 4776 2271 4832 ad
2321 4776 2715 4832 monasterium
2767 4777 3084 4834 reducatur.
3118 4776 3277 4848 Quod
3309 4778 3355 4833 si
3376 4778 3477 4834 im-

1879 4875 2034 4947 plere
2095 4873 2413 4946 nequivit-is,
2471 4891 2615 4931 curas
2660 4875 2759 4930 tibi
2815 4875 2907 4942 sit,
2941 4883 2995 4930 ut
3026 4883 3080 4931 et
3109 4876 3202 4949 qui
3229 4892 3477 4933 eremum

1879 4973 2111 5046 diligunt
2131 4975 2546 5045 conquiescant,
2581 4979 2634 5028 et
2662 4973 2755 5046 qui
2786 4973 2842 5028 in
2864 4972 3117 5030 coenobio
3164 4983 3288 5030 sunt
3317 4989 3477 5050 regu-

1879 5062 2084 5118 laribus
2111 5061 2418 5132 disciplinis
2441 5061 2767 5119 inserviant.
2807 5086 2829 5111 ι.

1952 5161 2040 5215 19.
2089 5159 2326 5231 llugoni,
2385 5160 2528 5217 lecta
2578 5160 2678 5216 hac
2734 5159 2984 5232 epistola,
3048 5159 3185 5216 nihil
3214 5160 3314 5218 fuit
3339 5163 3476 5220 anti-

1881 5257 2058 5330 quius,
2115 5272 2273 5328 quam
2332 5255 2605 5326 pontiﬁcis
2659 5258 2911 5312 mandata
2957 5257 3229 5330 exsequi:
3289 5261 3481 5318 Mauri-

1878 5364 2013 5418 quez
2044 5346 2231 5400 scribit
2260 5345 2508 5417 Lugduni
2566 5363 2733 5418 super
2779 5347 2880 5403 hac
2909 5363 2968 5402 re
2988 5345 3058 5402 ad
3087 5349 3308 5404 Petram
3337 5349 3477 5408 Inci-

1879 5460 1997 5498 sam
2026 5444 2092 5498 ab
2125 5460 2191 5498 eo
2222 5443 2552 5514 provinciale
2575 5445 2861 5500 consilium
2877 5444 3045 5501 fuisse
3070 5457 3431 5503 convocatum
3457 5465 3470 5503 :

1881 5541 2171 5604 sequentes
2193 5533 2401 5599 saltem,
2433 5551 2554 5604 quae
2582 5543 2813 5607 utroque
2869 5544 3079 5591 exstant
3120 5535 3175 5590 in
3206 5537 3469 5606 Exordio,

1879 5631 1947 5686 ad
1980 5631 2380 5702 Lingonensem
2410 5632 2725 5704 episcopum
2767 5632 2974 5690 litteras
3006 5633 3226 5704 scripsit
3257 5652 3270 5689 :
3317 5655 3340 5680 α
3375 5633 3477 5688 Hu-

1880 5736 1974 5795 go,
2009 5721 2388 5794 Lugdunensis
2415 5721 2681 5782 Ecclesia
2705 5739 2919 5794 servus,
2952 5721 3278 5781 charissima
3317 5720 3476 5779 fratri
