3972 6076
505 306 640 359 1267

1435 302 1492 357 S.
1535 299 1832 356 ROBERTI
1871 298 2034 355 0RD.
2078 293 2383 354 CISTERC.
2426 296 2874 355 FUNDATORIS

3764 296 3881 351 ηεξ

505 425 741 481 Roberto
822 422 1250 498 Lingonensium
1319 423 1594 497 episeopo,
1655 422 1900 477 salutem.
1957 420 2098 492 Quid
2125 423 2185 485 Α
2215 438 2320 491 quo
2349 422 2502 490 obiit,
2550 422 2844 478 convenit:
2886 422 3025 477 hunc
3073 422 3263 478 Surius
3310 422 3371 476 in
3436 421 3636 487 Vita,
3678 430 3743 475 et
3774 421 3882 475 Ber-

508 515 574 568 de
604 514 820 587 negotio
851 515 1210 569 Molismensis
1248 513 1577 569 Eccleeim...
1616 513 1768 568 Hanc
1803 512 2102 584 epistolam

506 604 704 659 videin
725 604 952 674 Ilugone
976 603 1366 675 Lugdunensi,
1390 616 1582 675 supra,
1608 601 1778 673 hujus
1799 599 2103 656 voluminis

508 693 595 749 col
609 737 621 749 .
660 695 784 748 523.

575 788 778 844 20-21.
825 787 1294 857 Quemadmodum
1339 786 1583 860 Hugonis
1639 786 1827 842 litterae
1856 784 2103 841 effectum

510 892 667 933 suum
696 876 802 931 sint
828 878 1048 944 sortitae,
1088 878 1161 931 ita
1218 885 1504 946 utrumque
1556 874 1847 931 Exordium
1878 881 2057 929 narrat
2088 892 2100 928 :

516 989 538 1015 ιι
573 966 702 1021 Haec
737 966 923 1022 omnia
952 965 1120 1021 abbas
1142 964 1231 1022 ille
1251 965 1487 1020 laudavit
1508 974 1558 1019 et
1584 963 1743 1033 fecit;
1776 960 2105 1019 absolvendo

509 1063 896 1121 Cistercienses
950 1063 1019 1119 ab
1075 1062 1381 1119 obedientia
1439 1078 1598 1132 quam
1649 1058 1696 1115 ei
1730 1060 1785 1115 in
1813 1061 1905 1116 illo
1934 1061 2021 1117 vel
2050 1061 2105 1115 in

508 1152 834 1210 Molismensi
863 1153 983 1208 loco
1012 1151 1408 1223 promiserant;
1461 1158 1514 1206 et
1568 1150 1820 1206 dominus
1878 1150 2104 1205 Gualte-

508 1258 599 1298 rus
654 1241 1025 1297 Cabilonensis
1078 1241 1363 1312 episcopus
1410 1239 1662 1295 abbatem
1709 1255 1741 1293 a
1797 1255 1924 1293 cura
1965 1237 2108 1292 illius

513 1339 753 1397 ecclesia:
808 1339 1037 1394 liberum
1092 1338 1317 1406 remisit,
1377 1336 1559 1407 sicque
1614 1353 1858 1392 reversus
1903 1343 2000 1401 est,
2056 1343 2110 1389 et

512 1427 730 1500 quidam
762 1427 1010 1482 monachi
1040 1443 1162 1481 cum
1192 1442 1283 1480 eo.
1327 1448 1347 1473 ι
1414 1425 1651 1480 Gualteri
1712 1432 1889 1479 autem
1922 1424 2108 1479 littera:

515 1518 581 1572 ad
610 1517 1004 1587 Lingonensem
1037 1531 1249 1585 quoque
1297 1514 1608 1586 episcopum
1637 1514 1849 1583 scriptae
1893 1513 1947 1567 in
1976 1528 2107 1582 par-

516 1630 585 1669 vo
617 1612 851 1667 Exordio
874 1610 1180 1682 hujusmodi
1210 1618 1334 1666 sunt
1364 1630 1376 1667 :
1418 1635 1439 1659 «ε
1474 1610 1831 1665 Dilectissimo
1862 1611 2009 1665 fratri
2058 1617 2112 1664 et

516 1701 838 1771 coepiscOpo
868 1700 1119 1765 Roberto,
1154 1698 1478 1772 Lingonensi
1510 1699 1789 1772 episcopo,
1821 1698 2103 1764 Gauterus,

2210 510 2409 566 nardus
2466 511 2607 566 Brito
2664 511 2720 567 in
2776 510 3043 567 Chronico
3098 510 3489 578 Cisterciensi,
3568 513 3660 565 29
3696 512 3879 579 Apri}:

2210 608 2413 663 dicunt.
2470 609 2667 665 Verum
2723 609 2962 664 translati
3015 607 3134 662 festi
3192 608 3310 662 dies
3372 607 3482 661 ille
3550 614 3699 661 est:
3757 607 3871 659 uari»,

2211 697 2608 764 Cistereienses,
2668 696 2946 752 admonitu
3003 714 3217 751 suarum
3265 696 3720 760 Rubricarum,
3764 697 3871 750 dua

2211 786 2356 841 diem
2415 786 2571 841 istum
2625 785 2682 841 S.
2742 784 2977 841 Roberto
3035 785 3226 841 festum
3275 792 3488 857 agunt,
3546 801 3635 839 ex
3682 785 3871 854 hymno

2212 884 2343 941 Iesu
2371 900 2579 941 corona
2604 884 2827 949 celsior,
2885 899 3045 953 quem
3102 883 3168 938 de
3217 881 3703 938 Confessoribus
3742 894 3863 937 eam:

2210 971 2475 1039 Ecclesia,
2500 973 2641 1027 hunc
2671 987 2904 1039 versum,
2930 974 3080 1027 Anni
3116 987 3347 1027 recurro
3392 974 3725 1043 tempore,
3758 987 3861 1024 om

2212 1061 2381 1115 tribus
2416 1060 2662 1132 proxime
2691 1061 3038 1130 sequentibus
3087 1060 3525 1130 prsetermittere
3572 1058 3855 1128 jubentnr.

2211 1157 2561 1213 Rubricarum
2596 1157 2694 1212 ista
2720 1157 2888 1214 verba
2929 1164 3086 1213 sunt:
3133 1181 3155 1205 α

2212 1246 2405 1301 dicitur
2442 1247 2496 1300 in
2546 1245 2922 1301 festivitatibus
2962 1253 3263 1300 sanctorum
3297 1246 3593 1318 Remigii,
3641 1245 3849 1308 Juliaai,

2212 1334 2451 1404 Roberti,
2483 1336 2536 1389 in
2569 1335 2911 1390 translatione
2969 1335 3027 1390 S.
3087 1334 3386 1403 Benedicti,
3430 1350 3545 1389 nec
3585 1351 3852 1405 quorum-

2215 1440 2425 1494 cunque
2456 1423 2843 1488 confessorum,
2902 1423 3108 1494 quoties
3137 1423 3205 1479 ad
3235 1424 3409 1478 aliam
3479 1423 3647 1478 diem
3685 1432 3847 1476 ωας-

2217 1512 2473 1567 teruntur.
2513 1536 2534 1559 ιι
2571 1514 2840 1568 Consonat
2895 1528 3080 1568 versus
3134 1512 3201 1567 de
3260 1515 3365 1568 hoc
3398 1513 3537 1582 ipso
3572 1512 3849 1568 confectus

2216 1611 2435 1681 antiquo
2465 1626 2614 1665 more
2642 1629 2656 1666 :

3219 1157 3490 1227 Sequens
3523 1173 3744 1211 versus
3768 1172 3857 1209 nes

518 1754 889 1845 Cabilonensis
937 1788 1189 1844 Ecclesiae
1233 1754 1438 1854 sbrvus,
1498 1754 1744 1843 salutem.
1802 1789 2000 1842 Notum
2040 1760 2188 1842 sitB
2267 1756 2442 1819 Remi'
2477 1755 2665 1821 "Ober’
2695 1755 2834 1820 Ιυίίν
2873 1755 3200 1811 Τναηδιαίιθ
3231 1768 3353 1808 non
3394 1759 3593 1809 can“
3637 1769 3806 1808 anm'

514 1888 687 1953 vobis,
740 1885 957 1942 fratrem
1015 1887 1328 1953 Robertum,
1387 1885 1471 1940 cui
1529 1885 1801 1941 abbatiam
1858 1885 2004 1941 illam
2054 1886 2112 1940 in

514 1985 696 2033 nostro
727 1977 1036 2049 episcOpatu
1065 1974 1242 2043 sitam,
1303 1990 1423 2045 qua:
1478 1974 2109 2030 Novum-Monasterium

512 2067 725 2132 dicitur,
784 2065 1247 2128 commiseramus,
1313 2081 1346 2118 a
1393 2063 1726 2135 professione
1751 2080 1911 2133 quam
1942 2064 2108 2120 Cabi-

511 2163 718 2220 lonensi
751 2162 1005 2218 Ecclesia:
1034 2160 1178 2227 fecit,
1225 2168 1278 2215 et
1331 2160 1400 2216 ab
1421 2161 1726 2216 obedientia
1755 2176 1916 2231 quam
1952 2161 2111 2216 nobis

512 2252 777 2326 promisit,
809 2250 1103 2306 secundum
1160 2249 1364 2304 domini
1420 2250 1808 2321 archiepiscopi
1841 2249 2107 2305 deﬁnitis-

512 2366 659 2416 nem,
693 2366 724 2404 a
752 2347 909 2403 nobis
938 2364 1053 2401 esse
1084 2346 1412 2401 absolutum.
1453 2348 1573 2415 Ipse
1602 2355 1779 2401 autem
1814 2350 2109 2404 monachos

512 2437 653 2503 illos,
706 2436 794 2507 qui
853 2436 909 2490 in
961 2434 1188 2504 prmfato
1260 2435 1763 2490 Novo-Monasterio
1827 2452 2108 2493 remanere

510 2524 879 2591 decreverant,
940 2523 1008 2579 ab
1059 2522 1367 2578 obedientia
1421 2539 1582 2593 quam
1611 2523 1715 2578 sibi
1750 2525 2110 2594 promiserant

513 2631 566 2679 et
596 2640 627 2679 a
654 2622 988 2693 professione
1036 2621 1235 2676 liberos
1279 2628 1333 2675 et
1378 2620 1651 2676 absolutos
1695 2622 1914 2676 dimisit.
1950 2625 2105 2678 Illum

515 2727 646 2784 ergo
675 2711 872 2767 amodo
901 2710 1172 2779 suscipere
1226 2715 1280 2763 et
1334 2710 1627 2765 honoriﬁce
1657 2717 1882 2766 tractare
1910 2728 1977 2766 ne
2005 2727 2106 2767 ve-

513 2800 760 2855 reamini.
796 2799 999 2855 Valete.
1037 2821 1059 2846 η
1092 2798 1176 2852 Ex
1206 2798 1290 2852 his
1335 2799 1511 2868 prodit
1539 2815 1596 2853 se
1621 2799 1935 2854 manifestus
1964 2816 2112 2856 error

517 2894 748 2953 auctoris
775 2897 929 2963 Vitae,
978 2895 1203 2950 dicentis
1255 2894 1311 2949 S.
1363 2894 1673 2961 Robertum,
1707 2905 1827 2966 post
1855 2914 2011 2952 suum
2043 2899 2111 2953 ad

517 2984 885 3041 Molismenses
944 2983 1194 3048 reditum,
1260 2998 1381 3037 cum
1438 2991 1699 3054 potestate
1773 2985 2001 3049 abbatis.
2060 2995 2115 3042 et

517 3073 766 3130 Molismo
796 3071 1075 3143 prmfuisse
1105 3079 1157 3126 et
1175 3072 1429 3127 Cistercio
1454 3088 1465 3123 :
1489 3079 1543 3125 et
1581 3072 1833 3129 Cistercio
1871 3076 2108 3145 quidem,

524 3170 650 3241 quia
681 3170 867 3225 adesse
896 3184 1005 3223 non
1036 3175 1262 3239 poterat,
1294 3167 1553 3223 vicarium
1583 3170 1685 3224 sibi
1713 3170 1772 3225 B.
1805 3172 2111 3229 Albericum

520 3258 716 3332 primo,
749 3265 801 3313 et
830 3258 932 3313 hoc
959 3257 1178 3311 biennio
1237 3264 1357 3327 post
1384 3274 1413 3311 e
1445 3257 1583 3313 vivis
1610 3259 1839 3325 sublato,
1882 3262 1940 3315 Β.
1992 3263 2116 3318 Ste-

521 3350 761 3421 phanum
793 3346 1097 3419 prmlecisse
1138 3364 1150 3400 :
1182 3346 1283 3401 ista
1321 3346 1463 3400 enim
1493 3362 1624 3402 vero
1653 3349 1922 3404 adversari
1954 3352 2120 3407 lector

526 3460 594 3500 ex
626 3459 794 3515 parvo
844 3442 1083 3499 Exordio
1140 3441 1365 3515 colligit,
1418 3441 1510 3498 ubi
1568 3445 1744 3514 capite
1793 3446 2005 3504 decimo
2045 3449 2119 3505 ita

526 3532 775 3589 scribitur
811 3550 822 3587 :
862 3554 885 3581 (ι
918 3531 1146 3586 Viduata
1173 3530 1337 3603 igitur
1372 3547 1469 3587 suo
1514 3542 1728 3601 pastore
1760 3535 2120 3593 Cisterciensis

525 3619 769 3675 Ecclesia
797 3617 1067 3683 convenit,
1125 3633 1188 3673 ac
1233 3619 1466 3690 regulari
1523 3620 1783 3677 electione
1829 3626 2117 3694 quemdam

531 3716 770 3784 fratrem,
830 3710 1135 3770 Albericum
1190 3714 1433 3783 nomine,
1465 3715 1521 3770 in
1549 3716 1800 3774 abbatem
1854 3721 1955 3776 sibi
1983 3738 2118 3793 pro-

529 3804 717 3861 movit.
755 3828 777 3853 η

602 3906 692 3961 22.
734 3903 999 3958 Reversus
1026 3901 1331 3957 Molismum
1372 3898 1436 3957 S.
1504 3900 1782 3973 Robertus,
1832 3921 1950 3961 cum
1984 3907 2122 3965 duo-

533 3994 635 4051 bus
717 3992 975 4045 duntaxat
1039 3989 1336 4057 monachis,
1391 3990 1768 4047 Cistcrciensus
1822 4002 1996 4052 tamen
2056 4016 2123 4055 ex

538 4083 721 4141 animo
750 4096 857 4135 non
879 4079 1109 4147 delevit;
1170 4079 1374 4134 crebris
1414 4095 1507 4135 eos
1546 4080 1909 4151 interpellasse
1940 4088 2125 4144 litteris

544 4182 951 4250 Chrysostomus
1004 4173 1324 4245 Henriquez,
1393 4172 1448 4228 in
1504 4175 1759 4232 fasciculo
1813 4190 2123 4239 sanctorum

544 4266 763 4332 ordinis,
823 4271 1007 4318 auctor
1057 4268 1151 4330 est,
1213 4270 1265 4317 et
1320 4278 1503 4317 earum
1551 4280 1733 4334 unam,
1766 4283 1832 4321 ex
1864 4270 2126 4329 Chronico

543 4356 670 4413 Briti
696 4351 1018 4409 transcribit.
1051 4351 1070 4419 (
1082 4351 1204 4407 Vide
1232 4352 1389 4422 infra
1403 4354 1447 4422 .)

2220 1895 2431 1950 Festum
2479 1898 2536 1952 S.
2596 1895 2835 1961 Roberti,
2886 1904 3173 1966 antequam
3224 1894 3656 1959 transferretur,
3713 1894 3843 1947 diem

2220 1986 2286 2039 17
2325 1984 2520 2055 Aprilis
2570 1985 2887 2054 occupabat,
2947 2000 3140 2056 nempe
3189 1983 3353 2052 juxta
3411 1983 3584 2038 illam
3632 1983 3842 2052 capituli

2218 2072 2580 2128 Cisterciensis
2634 2073 3066 2128 constitutionem
3115 2091 3127 2127 :
3193 2096 3215 2120 σε
3286 2070 3370 2126 De
3434 2072 3511 2127 B.
3587 2072 3838 2134 Roberto,

2215 2171 2392 2240 primo
2451 2171 2687 2226 Cistercii
2744 2171 2962 2231 abbate,
3019 2168 3113 2224 ﬁat
3169 2169 3370 2225 festum
3421 2169 3840 2239 quintodecimo

2217 2259 2444 2314 Kalend.
2496 2260 2641 2324 Maii,
2700 2267 2802 2314 etc.
2872 2260 3008 2313 Huic
3063 2258 3436 2313 constitutioni
3520 2258 3839 2313 imbri-entes

2216 2349 2461 2404 canonici
2489 2349 2764 2421 regulares
2811 2349 3125 2403 monasterii
3155 2348 3503 2402 Bodeceusis
3538 2347 3599 2401 in
3629 2348 3835 2401 diuersi

2215 2447 2635 2525 Paderbonensi,
2695 2462 2816 2501 cum
2874 2462 2969 2500 suo
3027 2444 3225 2516 insigni
3256 2444 3435 2499 codici
3476 2446 3585 2501 fol.
3624 2450 3723 2501 178
3754 2448 3829 2499 in-

2214 2534 2457 2606 scripturi
2508 2542 2682 2590 essent
2740 2534 2934 2599 Vitam,
2995 2550 3155 2604 quam
3204 2532 3332 2588 inde
3373 2551 3408 2588 a
3438 2534 3668 2589 Joanne
3728 2534 3831 2589 Ga—

2216 2623 2424 2679 mansio
2448 2625 2808 2679 transmissum
2866 2623 3077 2687 damus,
3132 2622 3205 2677 ita
3235 2622 3421 2677 exorsi
3452 2632 3594 2678 sunt
3629 2644 3643 2679 :
3690 2648 3710 2671 ι
3745 2625 3830 2678 In-

2215 2713 2345 2784 cipit
2373 2712 2631 2784 prologus
2685 2713 2740 2767 in
2796 2712 2969 2767 Vitam
3001 2712 3065 2766 Β.
3106 2712 3349 2775 Roberti,
3414 2713 3594 2782 primi
3636 2712 3828 2767 abbatis

2216 2809 2572 2865 Molismensis
2600 2826 2699 2865 nec
2736 2825 2842 2865 non
2873 2818 2925 2863 et
2955 2808 3359 2864 Cistereiensis:
3409 2810 3582 2879 cujus
3634 2809 3823 2863 festivi-

2220 2906 2297 2953 tas
2325 2898 2625 2954 celebratur
2652 2915 2724 2953 xv
2744 2898 2864 2952 Kal.
2898 2896 3047 2952 Maii.
3093 2920 3114 2943 υ
3160 2896 3367 2952 Eodem
3402 2894 3521 2952 die.
3551 2897 3715 2967 juxta
3742 2898 3823 2953 Fi-

2219 2988 2521 3055 teriensem,
2548 3003 2734 3041 versus
2761 2987 2871 3051 ille,
2923 2986 2978 3040 in
3031 2985 3379 3040 translatione
3418 2987 3545 3040 festi
3590 2996 3826 3058 postmo-

2218 3083 2345 3137 dum
2379 3082 2517 3137 facta
2549 3081 2955 3153 prmtermissus,
2985 3081 3157 3137 omitii
3201 3097 3310 3136 non
3366 3081 3590 3136 solebat
3638 3102 3654 3136 :
3698 3083 3827 3136 unde

2222 3178 2368 3226 recte
2398 3170 2724 3243 colligimus,
2758 3172 2950 3225 festum
2981 3169 3128 3239 prius
3184 3185 3306 3224 cum
3360 3169 3448 3223 dis
3476 3170 3669 3225 obitus
3715 3188 3826 3228 cono

2224 3260 2443 3327 curisse,
2503 3260 2745 3329 adeoque
2795 3260 2852 3314 S.
2901 3260 3191 3313 Robertum
3247 3259 3453 3313 obiisse
3502 3260 3600 3314 die
3648 3262 3827 3331 Aprilis

2229 3358 2314 3422 1⁸7,
2346 3357 2462 3412 sive
2508 3374 2579 3412 xv
2626 3357 2745 3411 Kal.
2777 3356 2922 3423 Maii,
2971 3357 3047 3411 uti
3077 3356 3240 3412 habet
3267 3364 3459 3411 auctor
3486 3356 3633 3412 Vitae
3659 3359 3713 3411 in
3738 3358 3824 3411 Bo-

2225 3444 2441 3501 decensi
2471 3461 2572 3500 ms.

2296 3545 2355 3597 In
2388 3559 2516 3597 mss.
2540 3542 2917 3597 Additionibus
2945 3541 3305 3611 quorumdam
3348 3543 3819 3598 Carthusianomm

2224 3631 2649 3687 Bruxellensium
2691 3630 2759 3685 ad
2808 3631 3106 3687 Usuardum
3137 3635 3195 3685 21
3234 3631 3448 3695 Martii,
3503 3633 3566 3687 S.
3616 3633 3817 3689 Roberti

2226 3721 2443 3777 abbatis
2490 3720 2809 3776 Translatio
2850 3726 3082 3783 notatur,
3143 3719 3232 3788 qui
3261 3718 3306 3773 si
3354 3721 3447 3775 hic
3476 3720 3815 3775 Housm

2228 3826 2325 3885 est,
2358 3817 2615 3889 suspicari
2660 3816 2841 3873 licebit
2891 3816 3119 3886 alicujus
3174 3816 3491 3887 posterioris
3538 3819 3812 3872 translatio-

2228 3907 2331 3973 nis,
2390 3912 2513 3962 ante
2565 3922 2731 3960 unum
2790 3906 3013 3960 forsitan
3067 3905 3321 3961 saxulum
3373 3913 3471 3960 aut
3521 3907 3682 3977 paulo
3708 3921 3808 3961 am-

2231 3996 2369 4067 plius
2388 3996 2565 4060 factae,
2599 3996 2737 4049 hanc
2766 4002 2877 4050 este
2906 3994 3249 4049 memoriam.

2301 4094 2390 4147 21.
2434 4094 2496 4146 In
2554 4107 2834 4146 numerum
2920 4091 3204 4145 beatorum
3280 4090 3487 4146 relatus
3546 4092 3636 4146 fuit
3681 4106 3802 4143 anno

2236 4185 2371 4236 1222
2403 4180 2471 4236 ab
2498 4180 2736 4235 Honorio
2793 4181 2868 4235 Ill
2928 4195 3139 4234 summo
3170 4178 3446 4250 pontiﬁce,
3499 4180 3806 4251 permittente

2232 4269 2687 4334 Molismensibus,
2743 4275 2800 4323 ut
2855 4283 2981 4323 eum
3038 4277 3291 4338 tanquam
3340 4277 3593 4323 sanctum
3642 4270 3695 4321 in
3732 4283 3813 4321 sua

2236 4359 2475 4413 Ecclesia
2502 4365 2835 4422 venerantes,
2887 4358 3005 4427 ejus
3058 4356 3201 4427 apud
3248 4357 3547 4411 Dominum
3587 4357 3815 4428 suifragis

610 4454 705 4508 23.
749 4448 828 4503 De
875 4460 1015 4501 anno
1056 4446 1230 4536 obitus
1260 4446 1318 4501 S.
1383 4448 1601 4505 Roberti
1653 4452 1790 4507 inter
1842 4456 2127 4528 scriptores
2152 4472 2204 4536 Ι)
2235 4454 2461 4512 fideliter
2508 4455 2881 4526 implorarent.
2915 4478 2936 4503 ι»
3000 4455 3307 4523 Manriqucz
3337 4454 3390 4507 in
3423 4455 3718 4510 Annalibus
3759 4455 3813 4509 ad

538 4552 818 4597 conscnsw
849 4551 955 4589 non
985 4543 1098 4603 est;
1158 4535 1416 4591 Baronius
1444 4537 1499 4591 in
1528 4541 1666 4594 notis
1713 4541 1780 4596 ad
1811 4547 1877 4598 29
1908 4546 2119 4617 Aprilis,

536 4636 748 4687 secutus
803 4623 1123 4680 Chronicum
1183 4623 1471 4696 Sigeberti,
1530 4636 1755 4684 mortem
1803 4647 1944 4689 anno
1990 4638 2124 4691 1098

538 4725 773 4787 ascribit.
815 4721 1135 4787 Fiteriensis,
1188 4722 1242 4775 in
1282 4723 1420 4777 notis
1448 4723 1515 4779 ad
1554 4726 1850 4783 Exordium
1875 4731 2121 4802 Parvum,

538 4832 737 4875 annum
794 4824 980 4876 unum,
1018 4810 1150 4865 duos
1182 4809 1234 4863 in
1268 4812 1525 4867 Analibus
1559 4815 1866 4887 Manriquez
1906 4820 2114 4891 adjicit.

536 4906 641 4965 Sed
697 4901 891 4959 erroris
943 4897 1334 4953 convincuntur
1389 4916 1454 4955 ex
1512 4903 1704 4958 tabulis
1750 4903 2120 4979 donationum,

533 5007 727 5079 quibus
756 5002 898 5075 apud
929 5001 1275 5056 Camuzatum
1324 5001 1378 5055 in
1424 5004 1841 5073 Antiquitatibus
1874 5006 2123 5067 Ecclesia:

528 5094 807 5152 Trecensis
835 5092 891 5147 S.
923 5089 1187 5144 Robertus
1217 5103 1357 5144 anno
1413 5090 1628 5146 Domini
1674 5097 1833 5162 “04,
1884 5105 1936 5152 et
1978 5102 2121 5169 apud

527 5190 948 5246 Sanmarthanos
977 5187 1031 5240 in
1058 5184 1305 5241 Molismo
1335 5201 1475 5243 anno
1508 5191 1645 5245 1103
1678 5191 2013 5265 subscripsit.
2053 5199 2120 5252 Ili

524 5277 665 5333 illius
694 5279 867 5333 Vitam
901 5290 1041 5331 anno
1074 5276 1247 5343 1110;
1312 5275 1421 5343 ille,
1472 5293 1593 5332 cum
1647 5296 1819 5351 eoque
1844 5284 2120 5356 Jongheli-

522 5381 623 5419 nus
685 5364 1045 5433 Claudiusque
1110 5363 1372 5419 Robertus
1446 5366 1497 5419 in
1567 5367 1742 5423 Gallia
1795 5372 2112 5443 Christiana,

523 5475 663 5516 anno
693 5460 826 5513 1111
861 5460 1164 5513 terminant.
1196 5459 1472 5531 Quidquid
1522 5465 1607 5520 sit.
1642 5474 1801 5523 aetate
1845 5470 1981 5526 ultra
2012 5488 2112 5527 an-

517 5562 647 5603 num
680 5548 815 5598 1112
844 5560 949 5598 non
981 5549 1235 5613 processit
1266 5568 1277 5603 :
1314 5552 1413 5604 hoc
1444 5553 1645 5623 quippe
1692 5572 1833 5612 anno
1863 5560 2111 5617 Molismo

515 5641 819 5699 Guidonem
867 5639 1170 5708 praefuissse
1216 5654 1418 5701 constat
1450 5663 1517 5702 ex
1551 5651 1616 5703 iis
1646 5668 1766 5721 quae
1798 5654 1916 5710 loco
1945 5659 2107 5714 citato

512 5727 741 5783 morum
794 5721 1210 5781 Ben-Marthani.
1266 5731 1454 5801 Neque
1506 5738 1633 5793 satis
1679 5739 1750 5796 de
1786 5738 1872 5798 die
1916 5746 2100 5816 etiam,

2237 4547 2378 4600 hunc
2405 4560 2624 4611 annum,
2677 4559 2786 4598 non
2843 4544 3010 4598 multo
3075 4555 3195 4614 post
3239 4542 3695 4599 beatiﬁcationem
3739 4552 3814 4598 aut

2232 4634 2336 4688 sub
2410 4632 2618 4687 initium
2686 4632 2812 4686 anni
2888 4632 3179 4701 sequentis,
3258 4633 3456 4687 canoni
3526 4642 3813 4687 sanctorum

2233 4722 2520 4791 ascriptum
2544 4738 2658 4775 esse
2687 4720 2929 4788 sustinet,
2961 4730 3015 4774 et
3072 4721 3238 4775 missa
3266 4722 3431 4775 fuisse
3471 4721 3524 4774 iu
3557 4723 3692 4776 hanc
3718 4738 3811 4777 rem

2233 4834 2263 4874 a
2297 4816 2546 4890 pontiﬁce
2581 4818 2896 4888 diplomata.
2954 4818 3069 4872 Hoc
3124 4826 3350 4880 certum,
3384 4817 3689 4874 decievisse
3732 4835 3814 4874 eo-

2231 4909 2353 4963 dem
2385 4923 2525 4963 anno
2553 4907 2844 4978 capitulum
2886 4906 3139 4979 generale
3187 4907 3560 4963 Cistereiense.
3600 4932 3622 4955 α
3657 4909 3720 4964 Ut
3759 4907 3812 4960 de

2232 5006 2288 5062 S.
2340 5004 2593 5069 Roberto,
2647 5004 2824 5072 primo
2897 5004 3137 5058 Cistercii
3214 5003 3430 5065 abbate,
3494 5003 3590 5057 fiat
3641 5005 3811 5060 festum

2230 5093 2630 5164 quintodecimo
2659 5092 2888 5147 Kalend.
2936 5092 3064 5147 Maii
3094 5108 3216 5147 cum
3265 5092 3552 5147 duodecim
3594 5094 3813 5150 lectioni-

2225 5191 2345 5260 bus,
2377 5191 2513 5246 sicut
2539 5190 2605 5244 de
2661 5192 2724 5243 B.
2791 5190 3155 5260 Hieronymo;
3215 5197 3267 5244 et
3323 5205 3431 5243 una
3462 5189 3648 5257 missa,
3689 5194 3807 5248 sicut

2226 5291 2292 5344 de
2349 5291 2413 5344 Β.
2482 5289 2788 5344 Benedicto.
2828 5312 2849 5336 ιι
2900 5289 3110 5342 Nomen
3159 5288 3323 5342 variis
3378 5287 3638 5344 Ecclesia:
3680 5290 3807 5345 fastis

2224 5374 2539 5444 inscriptum
2630 5374 2857 5443 legitur;
2941 5373 3197 5439 Saussaii,
3266 5372 3532 5435 Menardi,
3589 5374 3804 5441 W’ionis,

2223 5463 2606 5534 Martyrologio
2638 5464 2900 5525 Romano,
2934 5462 3242 5534 Menologio
3284 5462 3625 5517 Cistercienst
3653 5464 3806 5536 Chry-

2220 5561 2441 5617 sostomi
2466 5561 2763 5631 chriquez
2795 5559 2862 5615 ad
2891 5559 2958 5613 29
2989 5560 3205 5630 Aprilis,
3268 5566 3319 5613 et
3373 5559 3518 5629 apud
3570 5562 3800 5616 eumdem

2217 5661 2286 5715 ad
2304 5663 2368 5716 21
2395 5660 2555 5714 etiam
2596 5659 2791 5726 Martii,
2827 5674 2932 5727 quo
2960 5657 3047 5712 die
3094 5674 3215 5712 eum
3248 5674 3279 5712 e
3310 5658 3419 5711 vita
3467 5657 3724 5728 migrasse
3746 5660 3798 5713 in

2214 5745 2548 5805 Kalendariis
2604 5744 2942 5804 Salmantlee
2987 5750 3042 5801 et
3084 5745 3313 5804 Divione
3372 5744 3533 5801 editis
3585 5743 3689 5819 legi
3731 5746 3799 5802 ait
