3972 6076
159 262 318 316 1269

1749 253 1909 313 VITA
1921 298 1935 311 .

3342 257 3367 309 1
3377 253 3480 312 270

170 384 241 438 In
275 382 604 439 Divionensi
636 383 704 439 ad
731 382 929 438 dictum
949 381 1091 437 diem
1124 381 1225 436 ista
1253 380 1487 438 vidimus
1518 398 1533 435 :
1570 404 1592 430 α
1627 381 1778 437 Ordo
1803 383 1856 446 A
1888 387 2148 452 acccepto
2199 379 2553 450 Ultrajectino
2612 397 2713 435 ms.
2773 379 3030 437 ecclesiae
3083 377 3146 433 S.
3186 378 3479 434 Salvatoris

177 472 576 528 Cisterciensis
606 473 707 525 sub
769 472 970 526 abbate
1014 470 1249 526 Roberto
1296 470 1523 527 feliciter
1560 471 1783 542 inempit

159 577 320 616 anno
375 562 532 617 1098.
579 561 850 617 Robertus
909 561 1029 630 ipse
1086 559 1281 615 eodem
1314 559 1421 628 die,
1453 561 1543 631 qui
1587 570 1780 615 sancto

164 658 345 713 etiam
378 660 440 713 P.
475 659 542 713 N.
577 658 871 713 Benedicto
902 672 1062 713 sacer
1090 665 1190 723 est,
1222 656 1561 713 obdormivit
1591 656 1646 711 in
1676 658 1783 712 Do-

161 748 333 802 mino
364 760 511 802 anno
541 748 699 801 1108.
738 769 761 794 n
796 746 1003 814 Vitam,
1063 756 1118 800 ut
1167 745 1577 801 San-Marthani
1607 746 1778 815 aiunt,

163 835 383 900 Guido,
416 835 624 907 primus
653 836 927 907 postfeum
945 835 1175 891 Molismi
1204 835 1373 889 abbas
1406 835 1732 907 conscripsit
1765 849 1778 889 :

163 931 340 987 aliam
371 931 574 987 saculo
606 932 961 996 duodecimo,
1022 939 1237 986 centum
1270 931 1384 986 fere
1424 939 1545 1003 post
1575 932 1632 985 S.
1665 931 1780 988 Ro-

168 1020 314 1075 berti
344 1028 578 1075 mortem
613 1020 795 1087 annis,
829 1020 1193 1074 Molismcnsis
1225 1020 1447 1091 quidam
1478 1035 1781 1091 anonymus

168 1110 482 1165 monachus
514 1108 731 1179 scripsit
773 1124 845 1163 ex
898 1108 1171 1176 jussione,
1206 1113 1263 1163 ut
1304 1107 1582 1178 prafatur,
1623 1131 1643 1157 α
1681 1107 1780 1163 viri

165 1205 629 1263 reverendissimi
661 1204 868 1259 domini
884 1204 1089 1259 Adonis
1106 1204 1470 1259 Molismensis
1492 1205 1722 1271 abbatis,
1751 1228 1773 1254 ι»

174 1310 347 1365 quem
377 1294 793 1349 San-Marthani
847 1294 1047 1348 docent
1103 1308 1246 1347 anno
1290 1294 1429 1348 1197
1471 1293 1694 1362 obiisse,
1728 1301 1782 1348 et

178 1384 429 1441 Odonem
450 1382 745 1454 appellant.
768 1405 789 1429 α
823 1383 1039 1436 Nomen
1068 1397 1272 1447 meum,
1292 1381 1483 1453 inquit,
1500 1382 1734 1438 subticui
1761 1402 1779 1439 :

166 1497 242 1536 ne
277 1481 415 1536 forte
442 1479 590 1552 apud
646 1479 930 1551 imperitos
987 1495 1125 1550 Opus
1154 1479 1330 1550 ipsum
1387 1479 1693 1545 vilesceret,
1734 1479 1781 1534 si

174 1570 487 1641 peccatoris
519 1585 731 1624 nomen
787 1567 842 1623 in
897 1569 1069 1638 prima
1102 1566 1287 1623 fronte
1329 1567 1516 1639 Operis
1544 1584 1780 1639 appare-

174 1668 295 1715 ret.
337 1683 360 1707 θ»
398 1658 547 1713 Idem
578 1657 825 1712 veritatis
854 1658 1090 1712 studium
1133 1658 1291 1713 unice
1327 1673 1448 1728 pra
1485 1673 1543 1713 se
1574 1655 1774 1723 ferens,

1888 471 2184 543 ecgrapho,
2236 470 2397 541 quale
2455 470 2619 525 etiam
2674 486 2777 525 nos
2830 469 3119 534 habemus,
3152 483 3262 521 non
3292 467 3479 522 habuit

1888 560 2199 631 prologum,
2228 566 2417 631 utpote
2448 559 2569 614 istic
2616 556 2958 614 deﬁcientem
2993 573 3007 626 ;
3060 565 3114 613 et
3142 555 3341 628 stylum
3380 555 3474 610 ali-

1888 658 2101 728 quoties
2129 656 2374 725 mutavit,
2426 657 2595 712 verba
2640 657 2803 712 etiam
2862 657 3061 727 sapius
3106 656 3477 713 contractiora

1886 755 1945 801 ut
1973 745 2182 801 invenit
2208 746 2290 801 sic
2317 744 2578 802 reddidit.
2602 747 2718 801 Nos
2748 747 3021 820 integram
3048 739 3480 818 invariatamqu‘e

1886 834 2083 889 damus
2113 851 2177 889 ex
2210 850 2355 904 saepe
2385 835 2604 889 laudato
2664 835 2856 891 codice
2900 834 3204 890 Bodecensi
3238 851 3250 891 :
3285 835 3342 889 in
3377 850 3480 907 qua

1888 931 2150 1002 quidquid
2204 932 2386 985 minus
2444 932 2738 998 sincerum,
2798 947 2873 987 ex
2931 931 3157 986 alienori
3204 947 3236 986 a
3273 931 3479 988 Cister-

1887 1018 2167 1074 ciensibus
2197 1019 2380 1074 animo
2439 1019 2722 1091 scriptum,
2778 1018 2834 1075 id
2885 1019 2972 1076 vel
2996 1019 3113 1090 jam
3143 1019 3481 1075 correximus

1888 1108 1941 1162 in
1966 1110 2069 1164 hoc
2101 1109 2300 1178 praevio
2332 1108 2746 1179 commentario,
2799 1108 2886 1164 vel
2927 1124 3093 1180 porro
3123 1109 3177 1162 in
3210 1109 3481 1165 adnotatis

1888 1205 2188 1260 cavendum
2232 1204 2595 1261 monebimus.
2638 1204 2806 1260 Annis
2844 1215 2967 1277 post
3004 1204 3212 1261 Adonis
3253 1214 3484 1262 mortem

1888 1298 1977 1359 30,
2011 1294 2113 1348 sub
2136 1292 2248 1349 alio
2279 1294 2468 1349 Adone
2499 1294 2614 1348 sive
2644 1292 2859 1359 Odone,
2892 1303 3071 1350 actum
3102 1310 3201 1365 pro
3225 1294 3484 1349 obtinen—

1887 1382 1959 1436 da
1991 1382 2407 1438 canonizatione
2437 1390 2538 1448 est,
2562 1390 2957 1454 peractumque
2978 1390 3037 1437 ut
3069 1383 3341 1438 diximus:
3376 1400 3482 1455 qua

1888 1480 1957 1534 de
1987 1496 2043 1533 re
2073 1488 2423 1535 monumenta
2453 1486 2670 1535 exstant
2699 1495 2732 1534 a
2763 1479 3013 1551 Philippo
3059 1478 3243 1535 Labbe
3277 1479 3483 1536 inserta

1887 1567 2240 1624 Bibliotheca
2269 1584 2411 1621 mss.
2451 1575 2599 1625 tomo
2628 1569 2650 1621 I
2676 1576 2729 1624 et
2758 1567 2884 1623 inde
2908 1567 3480 1638 buctranscribenda;

1888 1657 1945 1711 in
1977 1656 2172 1728 quibus
2200 1655 2300 1710 sub
2322 1653 2483 1711 finem
2508 1656 2576 1711 sit
2601 1656 2808 1711 mentio
2827 1656 2964 1711 Vita
2995 1673 3027 1712 a
3056 1656 3486 1712 Molismensium

172 1771 285 1811 non
318 1754 507 1810 dubito
537 1754 667 1827 quin
698 1753 875 1824 ipsum
907 1754 1070 1808 etiam
1104 1753 1414 1808 adhibuerit
1449 1771 1461 1817 ;
1498 1753 1773 1808 fatendum
1804 1744 1857 1803 B
1887 1754 2336 1827 procuratoribus
2366 1751 2609 1825 pontifici
2641 1754 2967 1810 exhibenda
3001 1773 3015 1821 ;
3049 1772 3171 1826 qua
3200 1755 3329 1827 quin
3362 1755 3487 1826 ipsa

176 1854 265 1900 est
293 1853 471 1899 tamen
503 1857 537 1896 a
568 1858 700 1898 vero
755 1844 1050 1898 abductum
1105 1842 1393 1912 aliquoties
1424 1842 1613 1907 fuisse,
1647 1842 1777 1896 dum

178 1934 298 1988 suis
318 1932 779 1995 Molismensibus,
812 1948 881 1986 ex
910 1931 1252 1986 aemulatione
1282 1931 1547 1985 adversus
1575 1931 1781 1986 Cister-

177 2022 399 2078 cienses
427 2020 672 2075 historia
718 2022 1003 2075 veritatem
1036 2020 1178 2073 haud
1210 2035 1401 2090 parum
1432 2019 1781 2074 obscuranti-

175 2122 302 2183 bus,
334 2119 565 2173 nimium
594 2118 851 2174 credidit.
890 2118 1073 2174 Sensit
1119 2119 1223 2172 hoc
1271 2116 1498 2188 primus,
1539 2115 1782 2171 Joannes

177 2209 512 2265 Grothusius
538 2216 725 2263 noster
780 2208 885 2277 pia
932 2207 1226 2273 memoria,
1261 2221 1382 2261 cum
1420 2204 1689 2260 Embrica
1724 2204 1778 2258 in

179 2298 416 2367 collegio
467 2304 655 2351 nostro
728 2296 1031 2367 reperisset
1086 2296 1335 2350 codicem
1395 2293 1779 2349 Cisterciensis

184 2397 426 2452 historia
449 2397 545 2453 Ms.
579 2411 723 2450 anno
756 2394 911 2457 1638,
955 2394 1241 2464 ipsumque
1272 2402 1324 2446 et
1364 2409 1425 2448 ea
1458 2408 1584 2464 qua
1616 2392 1672 2446 in
1706 2393 1769 2447 S.

186 2486 447 2539 Bernardi
478 2484 730 2556 Petrique
755 2483 1092 2538 Venerabilis
1120 2483 1381 2552 operibus
1403 2482 1615 2553 legerat
1641 2497 1777 2536 con-

186 2574 406 2629 tulisset
432 2589 559 2630 cum
588 2574 708 2629 Vita
736 2572 880 2644 apud
910 2571 1130 2627 Surium
1160 2570 1325 2626 edita.
1347 2572 1409 2624 Et
1438 2570 1524 2625 hic
1558 2570 1780 2641 quidem

1891 1842 1960 1896 sit
1991 1859 2150 1914 quam
2185 1843 2416 1906 edimus,
2450 1843 2545 1897 vix
2575 1851 2750 1913 potest
2780 1841 2955 1898 videri
2983 1842 3235 1898 dubium.
3284 1844 3365 1899 ‘Ex
3394 1861 3487 1899 re-

1890 1931 2222 1987 centioribus
2256 1931 2436 1986 Vitam
2468 1932 2739 2003 scripsere
2786 1930 3018 1997 Gallice,
3072 1932 3259 1987 Simon
3289 1933 3487 1987 Martia

1890 2028 2102 2083 ordinis
2151 2028 2500 2084 Minimorum
2542 2028 2595 2082 in
2629 2028 2879 2100 Floripus
2910 2028 3236 2094 solitudinis,
3268 2027 3491 2084 Lusita-

1890 2117 2010 2173 nice
2061 2118 2371 2172 Bernardus
2410 2118 2478 2173 de
2536 2116 2681 2172 Brito
2741 2114 2795 2171 in
2837 2125 2989 2188 parte
3020 2117 3198 2189 prima
3237 2116 3488 2175 Chronici

1891 2206 2295 2273 Cisterciensis,
2329 2205 2514 2262 Latine
2543 2206 2861 2278 Manriquez
2908 2204 2967 2260 in
2998 2206 3304 2261 Annalibus
3334 2207 3490 2276 ejus-

1890 2296 2016 2350 dem
2047 2294 2275 2361 ordinis,
2308 2304 2358 2350 et
2388 2296 2810 2367 Chrysostomus
2867 2293 3191 2366 ilenriquez,
3225 2294 3277 2350 in
3303 2294 3470 2351 fasci-

1890 2393 2014 2448 culo
2049 2393 2405 2449 Sanctorum.
2443 2394 2633 2448 Exstat
2663 2392 2821 2447 etiam
2870 2392 2924 2446 in
2968 2391 3226 2465 Legenda
3256 2393 3491 2449 Sancto-

1890 2498 2008 2536 rum
2040 2498 2241 2536 excusa
2270 2481 2499 2537 Lovanii
2520 2497 2664 2536 anno
2692 2484 2829 2536 1485
2858 2488 2912 2536 et
2941 2498 3081 2537 mss.
3120 2480 3492 2552 Ultrajectinis

1894 2570 1956 2626 S.
2004 2569 2323 2637 Salvatoris,
2356 2570 2453 2626 sed
2484 2570 2830 2626 contractior.

216 2774 3471 2802 ____________________________.________________,________________

1031 2967 1478 3117 VITA
1603 2965 1743 3117 S.

1876 2965 2684 3119 ROBEBTI

206 3272 489 3352 Auctore
533 3272 874 3338 monacho
921 3271 1353 3338 Molismensi
1408 3287 1749 3352 anonymo
1799 3270 1928 3336 sub
1970 3272 2211 3336 Adone
2243 3270 2488 3338 abbate
2517 3272 2766 3337 saculo
2807 3288 2924 3348 xu,
2980 3288 3066 3337 ex
3093 3287 3223 3337 ms.
3258 3270 3484 3337 Bode=

342 3351 621 3417 decensi
664 3357 857 3418 eruta
887 3370 927 3418 a
953 3352 1223 3418 Joanne
1254 3352 1550 3416 Gamans
1582 3351 1656 3413 S.
1695 3354 1786 3428 J.,
1820 3352 2068 3416 collata
2099 3369 2260 3416 cum
2296 3369 2460 3416 mss.
2504 3353 2957 3435 Ultrajectino
2986 3356 3055 3417 et
3087 3352 3312 3417 Surio.

770 3724 1172 3782 PROLOGUS.

262 3825 315 3877 1.
355 3821 627 3891 Quoniam
655 3821 784 3878 Jcsu
815 3822 1106 3879 sacerdote
1142 3837 1344 3895 magno
1374 3837 1472 3892 per
1499 3820 1778 3893 preprium

193 3912 507 3983 sanguinem
539 3911 591 3965 in
622 3921 809 3967 sancta
840 3897 1009 3967 semel
1070 3912 1349 3985 ingresso,
1384 3910 1667 3981 propalata
1697 3916 1782 3965 est

191 3999 272 4056 via
300 4009 608 4056 sanctorum
637 4018 650 4064 ;
684 4017 868 4072 opera
923 4001 1156 4072 pretium
1217 4016 1340 4056 reor
1365 3999 1528 4055 vitam
1557 3999 1779 4055 illorum

187 4114 475 4169 moresque
524 4098 861 4161 describere,
921 4100 1010 4170 qui
1086 4098 1429 4154 Salvatorem
1506 4104 1775 4161 nostrum,

190 4195 446 4256 quantum
477 4187 719 4258 permisit
748 4188 984 4242 humana
1040 4185 1327 4259 fragilitas,
1374 4185 1666 4251 imitantes,
1697 4184 1780 4237 in-

189 4281 266 4327 ter
315 4274 585 4343 procellas
632 4276 753 4329 vitae
807 4275 1117 4346 prasentis,
1152 4276 1205 4328 in
1237 4290 1415 4345 agone
1467 4272 1777 4328 certaminis

186 4370 387 4426 fortiter
444 4373 818 4442 perstiterunt,
879 4373 1155 4429 Christum
1232 4372 1521 4427 Dominum
1567 4371 1621 4423 in
1663 4368 1777 4423 suis

185 4459 495 4529 corporibus
526 4458 904 4532 glorificantes
936 4470 990 4515 et
1025 4469 1336 4531 'portantes,
1394 4468 1446 4513 et
1488 4473 1662 4528 usque
1705 4459 1776 4511 ad

186 4549 340 4604 tinem
376 4549 497 4603 vita
521 4549 962 4604 constantissime
984 4560 1372 4621 permanentes
1400 4548 1454 4603 in
1494 4546 1775 4619 proposito

185 4649 507 4703 sanctitatis.
548 4648 613 4702 Ili
644 4647 791 4703 enim
814 4657 962 4715 sunt,
1021 4649 1090 4704 de
1148 4648 1347 4720 quibus
1379 4646 1658 4719 Scriptura
1685 4644 1774 4700 lo-

187 4739 377 4810 quitur,
416 4762 437 4786 α
471 4738 749 4792 Justorum
781 4738 996 4802 semita,
1048 4738 1201 4808 quasi
1231 4738 1330 4792 lux
1361 4735 1772 4808 splendescens,

187 4827 377 4883 crescit
406 4836 458 4881 et
488 4827 703 4898 proficit
752 4844 924 4898 usque
957 4826 1027 4881 ad
1060 4826 1356 4897 perfectum
1415 4826 1557 4881 diem
1589 4825 1772 4895 (Prov.

188 4925 283 4996 ιν).
327 4948 347 4973 η
384 4924 449 4978 lli
480 4932 605 4979 sunt
637 4924 828 4989 stella,
863 4940 997 4995 quas
1021 4924 1295 4979 constituit
1320 4938 1563 4978 summus
1592 4920 1774 4991 ponti-

190 5014 273 5069 fex
302 5014 355 5067 in
386 5011 651 5068 Ecclesia
699 5011 1058 5080 firmamento,
1111 5029 1339 5084 quarum
1379 5011 1638 5083 splendor
1666 5010 1773 5063 hu-

1800 3724 1849 3787 C
1877 3734 1971 3781 aut
2000 3725 2229 3782 scientia
2257 3741 2612 3798 prasumens,
2635 3725 2738 3783 sed
2767 3726 2947 3798 potius
2975 3725 3031 3780 in
3059 3725 3157 3782 illo
3173 3740 3331 3798 spem
3360 3741 3479 3799 pro-

1887 3815 2062 3871 fectus
2119 3817 2399 3888 captique
2449 3816 2633 3888 operis
2687 3816 3213 3872 consummationem
3268 3817 3479 3871 consti-

1887 3911 2064 3968 tuens,
2098 3905 2191 3976 qui
2246 3905 2470 3977 linguas
2525 3904 2815 3959 infantium
2863 3904 2994 3960 facit
3036 3903 3293 3973 disertas,
3327 3914 3381 3960 et
3409 3906 3479 3961 ad

1886 4001 2296 4072 corripiendam
2347 4002 2628 4073 prepheta
2680 4003 2981 4069 vesaniam,
3031 4002 3299 4074 subjugali
3328 4010 3479 4059 muto

1891 4091 2166 4161 quondam
2218 4091 2467 4145 humana
2522 4089 2725 4172 lingua
2777 4091 2968 4145 tribuit
3014 4091 3348 4148 facultatem.
3394 4091 3477 4147 Ad

1889 4180 2007 4234 hac
2036 4179 2262 4234 accessit
2295 4178 2395 4232 viri
2427 4179 2869 4235 reverendissimi
2899 4179 3101 4235 domini
3130 4181 3338 4236 Adonis
3368 4183 3483 4238 Mo-

1888 4277 2164 4332 lismensis
2185 4278 2418 4345 abbatis,
2445 4278 2644 4347 jussio,
2674 4294 2776 4334 nec
2805 4294 2915 4333 non
2973 4287 3027 4334 et
3073 4280 3294 4335 fratrum
3324 4281 3481 4349 ejus-

1886 4367 2010 4421 dem
2038 4366 2144 4421 loci
2173 4367 2385 4421 instans
2414 4376 2466 4422 et
2505 4366 2702 4423 devota
2739 4368 3058 4439 postulatio,
3099 4369 3297 4440 quibus
3333 4369 3479 4425 indi-

1884 4468 2052 4523 gnum
2082 4467 2309 4522 prorsus
2339 4452 2575 4507 arbitror
2620 4452 2825 4525 aliquid
2880 4452 3168 4525 denegari.
3201 4454 3284 4509 Ne
3312 4454 3480 4526 igitur

1884 4564 2071 4604 coram
2130 4549 2363 4605 Domino
2418 4565 2623 4606 vacuus
2674 4566 3012 4620 apparerem,
3057 4551 3185 4605 licet
3232 4566 3338 4606 non
3370 4553 3473 4606 sim

1884 4646 2047 4693 tanta
2075 4638 2288 4693 virtutis
2317 4647 2406 4693 aut
2462 4638 2658 4705 meriti,
2720 4647 2776 4693 ut
2834 4655 2957 4694 esse
3011 4640 3216 4710 possim
3265 4641 3475 4695 aliisin

1884 4736 2221 4807 exemplum,
2251 4737 2379 4791 dedi
2411 4745 2591 4791 tamen
2641 4752 2883 4807 operam,
2916 4753 2985 4793 ne
3014 4737 3094 4794 eis
3122 4737 3339 4808 penitus
3385 4737 3473 4793 la-

1882 4834 2013 4891 teat,
2059 4827 2151 4899 qui
2190 4826 2386 4880 merito
2442 4825 2743 4881 sanctitatis
2798 4825 3059 4882 Ecclesia
3108 4835 3473 4884 sacrosancta

1881 4916 2042 4970 datus
2073 4922 2157 4970 est
2184 4915 2253 4969 ad
2282 4923 2561 4969 ornatum.
2593 4913 2806 4986 Quique
2828 4916 2994 4986 igitur
3020 4916 3195 4971 lector
3222 4930 3472 4971 accesse-

1881 5012 1982 5079 ris,
2014 5028 2214 5068 nomen
2268 5027 2455 5084 quaso
2511 5012 2792 5085 scriptoris
2837 5012 2892 5068 in
2923 5014 3027 5069 hoc
3056 5028 3164 5068 non
3201 5014 3470 5087 requiras,

188 5116 351 5157 mana
380 5101 706 5172 ignorantia
760 5101 1016 5156 tenebras
1081 5102 1273 5174 abigit,
1307 5109 1360 5157 ct
1389 5097 1764 5155 laborantibus
1797 5088 1854 5152 D
1885 5101 2011 5173 quia
2040 5101 2275 5173 gloriam
2304 5101 2583 5156 hominum
2635 5101 2848 5174 fugiens
2899 5110 2953 5158 et
2979 5117 3009 5157 ο
3041 5103 3154 5158 Deo
3199 5102 3319 5158 solo
3361 5102 3475 5158 lau-

187 5198 235 5252 in
288 5199 388 5254 hoc
434 5198 573 5253 mari
630 5214 829 5269 magno
884 5206 936 5253 et
1003 5199 1250 5269 spatioso
1306 5206 1522 5270 portum
1577 5193 1768 5250 salutis

188 5286 429 5348 ostendit,
463 5287 604 5341 inter
633 5302 772 5357 quos
802 5286 1116 5356 specialiter
1154 5286 1353 5342 eﬂ'ulsit
1390 5288 1471 5342 vir
1509 5286 1634 5341 vita
1662 5296 1769 5337 ve-

190 5374 441 5429 nerabilis
499 5376 558 5428 Β.
618 5376 908 5438 Robertus,
958 5375 1324 5431 Molismensis
1360 5375 1621 5432 Ecclesia
1650 5376 1769 5446 pri-

191 5489 298 5527 mus
354 5472 543 5534 abbas,
603 5474 755 5540 cujus
818 5473 1079 5528 sanctitas
1137 5473 1401 5530 defaecata
1453 5484 1601 5529 tanto
1642 5474 1771 5544 jure

196 5560 477 5635 gloriosior
509 5561 862 5632 pradicatur,
904 5571 1107 5632 quanto
1138 5562 1221 5615 vix
1259 5563 1455 5632 aliquis
1492 5563 1544 5616 in
1576 5563 1770 5619 diebus

196 5650 410 5716 nostris,
444 5651 535 5720 qui
559 5651 646 5704 vel
681 5651 856 5705 Deum
887 5651 1088 5717 timeat,
1124 5652 1418 5706 invenitur.
1460 5650 1631 5721 Cujus
1662 5667 1766 5724 ego

196 5738 350 5797 vitam
377 5736 609 5796 adorans
664 5752 781 5795 sum
840 5737 1102 5811 scribere,
1133 5751 1245 5795 non
1273 5738 1342 5797 de
1372 5736 1594 5813 ingenio
1646 5752 1771 5799 meo

1878 5191 1999 5245 dari
2028 5206 2301 5262 quarens,
2335 5189 2391 5246 in
2422 5190 2528 5246 hoc
2556 5206 2725 5261 opere
2754 5207 2956 5247 nomen
3003 5206 3185 5247 meum
3214 5191 3469 5263 subticui,

1879 5297 1932 5345 et
1958 5304 2027 5344 ne
2056 5288 2197 5343 forte
2225 5288 2367 5359 apud
2396 5288 2681 5359 imperitos
2712 5305 2851 5360 opus
2882 5289 3059 5360 ipsum
3090 5289 3396 5357 vilesceret,
3423 5291 3472 5347 si

1876 5377 2184 5449 peccatoris
2212 5393 2412 5432 nomen
2442 5377 2495 5431 in
2526 5377 2706 5448 prima
2737 5377 2910 5433 fronte
2938 5379 3124 5449 operis
3152 5392 3465 5451 appareret.

1880 5467 1937 5522 Si
1967 5466 2097 5538 quid
2123 5473 2304 5520 autem
2364 5465 2545 5521 minus
2600 5467 2883 5539 eleganter
2934 5468 3183 5524 minusve
3213 5470 3473 5525 decenter

1882 5564 2089 5627 dixero,
2123 5562 2338 5618 veniam
2368 5580 2563 5634 precor
2593 5564 2866 5619 humiliter
2895 5580 2928 5621 a
2956 5565 3195 5635 lectore;
3228 5582 3471 5621 commo-

1880 5668 2018 5707 nens
2049 5650 2337 5706 universos
2364 5650 2429 5705 ad
2468 5669 2613 5723 quos
2664 5669 2910 5723 praesens
2942 5655 3203 5725 scriptum
3237 5653 3465 5719 venerit,

1878 5747 1949 5797 ne
1982 5737 2273 5796 verborum
2302 5738 2551 5812 phaleras
2577 5755 2608 5798 α
2643 5756 2731 5799 me
2792 5743 3098 5816 requirant,
3158 5739 3283 5811 quia
3310 5738 3466 5796 varia-
