3972 6076
443 262 578 316 ητι
1369 256 1434 312 S.
1482 253 1781 309 ROBERTI
1819 250 1983 308 0RD.
2027 249 2345 306 CISTERC.
2398 249 2845 307 FUNDATORIS
3675 244 3803 301 i272

447 395 533 441 tas
563 400 664 457 per
685 399 746 439 se
777 381 881 438 sibi
913 379 1186 436 sufﬁciens
1227 387 1281 436 et
1321 380 1544 444 decora,
1590 378 1712 434 fuco
1743 377 2037 432 verborum
2069 377 2124 438 A
2153 377 2296 447 pulis
2334 384 2624 432 eructaret.
2661 376 2765 445 Qui
2819 391 2942 432 cum
2999 383 3143 430 esset
3197 389 3487 429 annorum
3546 369 3803 440 quindes

450 491 560 530 non
591 473 799 544 appetit
828 471 1092 536 colorari,
1132 485 1310 540 neque
1351 468 1652 522 meretricis
1694 465 1909 520 Jezabcl
1941 465 2042 519 sti-
2151 468 2279 530 cim,
2313 465 2587 520 mundana
2621 467 2820 520 vitans
2877 464 3156 536 contagia.
3216 473 3396 518 totum
3429 478 3502 516 se
3535 460 3800 514 decrevit

446 563 536 618 bio
563 561 810 633 depingi.
867 560 1114 631 Denique
1157 560 1443 613 Doctorem
1469 557 1735 628 gentium,
1759 554 2044 625 ipsiusque
2152 557 2383 611 Domino
2412 559 2845 611 consecrandum
2870 574 2884 616 ;
2919 555 3070 608 unde
3100 553 3290 608 florem
3311 549 3795 623 gratissimaeju-

446 659 706 717 Veritatis
765 658 1091 729 discipulum
1153 656 1374 710 audiant
1420 655 1716 717 dicentem,
1777 652 1904 722 quia
1950 668 2044 706 re-
2153 653 2388 707 ventutis
2419 653 2650 706 Domino
2681 650 2933 714 offerens,
2959 649 3100 719 apud
3143 650 3198 704 S.
3253 650 3495 702 Petrum
3524 647 3610 700 de
3647 645 3789 699 Celia

444 765 615 820 gnum
649 745 748 802 Dei
777 762 884 802 non
914 753 997 801 est
1052 745 1106 800 in
1159 759 1436 810 sermone,
1491 743 1588 798 sed
1632 743 1687 796 in
1717 741 1914 797 virtute
1943 756 2047 812 po—
2154 745 2232 812 (3)
2291 741 2529 811 suscepit
2587 741 2836 795 habitum
2895 739 3252 810 regularem;
3301 738 3401 791 ubi
3449 735 3718 805 jejuniis
3746 745 3793 788 et

445 838 553 894 tius
585 836 636 905 (Ι
663 837 784 893 Cor.
817 835 918 906 iv).
2155 830 2499 884 orationibus
2531 845 2735 885 vacans
2763 836 2924 884 nocte
2954 837 3005 882 et
3035 827 3141 891 die,
3176 835 3400 898 gratum
3455 826 3601 880 Deo
3634 823 3789 878 exhi-

973 932 1198 988 CAPUT
1239 929 1537 986 PRIMUM.
2157 919 2319 973 bebat
2378 919 2718 990 obsequium,
2781 933 3000 973 carnem
3059 915 3285 986 spiritui,
3338 915 3632 984 spiritum
3665 929 3787 966 vero

451 1033 519 1089 S.
553 1031 777 1090 Roberti
817 1031 1065 1093 natales,
1103 1030 1436 1085 tirocinium
1475 1028 1608 1082 vita:
1637 1027 1934 1098 religiosae,
1996 1030 2052 1082 et
2157 1017 2454 1084 SUbliCiODS
2483 1015 2754 1071 Creatori.
2809 1015 2943 1069 Cum
2993 1028 3124 1068 vero
3155 1021 3380 1082 tempus
3411 1019 3615 1074 esset,
3651 1019 3710 1064 ut
3739 1012 3787 1063 in

913 1104 1268 1174 praefectura
1297 1099 1576 1172 quaedam.

2194 1121 2324 1160 ervo
2371 1121 2470 1159 suo
2521 1103 2921 1176 gloriﬁcaretur
2950 1104 3099 1157 Deus
3130 1109 3182 1156 et
3211 1103 3466 1166 lucerna,
3499 1116 3649 1171 qua:
3691 1100 3784 1153 sub

518 1205 576 1258 2.
608 1201 804 1256 Beatus
834 1198 1006 1271 igitur
1036 1199 1308 1254 Robertus
1341 1197 1408 1252 de
1440 1196 1756 1267 Campaniae
1787 1197 1864 1267 (Ι)
1897 1194 2054 1266 parti.
2160 1194 2342 1249 modio
2373 1193 2625 1261 latuerat,
2678 1209 2845 1263 super
2903 1191 3295 1247 candelabrum
3343 1189 3424 1245 ad
3447 1189 3789 1244 illuminan-

449 1291 555 1346 bus
584 1288 871 1355 oriundus,
925 1287 1081 1358 quasi
1122 1286 1341 1356 quidam
1398 1287 1500 1339 110$
1540 1285 1713 1354 campi
1771 1285 2055 1354 speciosus
2159 1292 2286 1346 dam
2315 1291 2625 1346 Ecclesiam
2654 1297 2978 1366 poneretur:
3013 1288 3194 1354 ille,iu
3223 1288 3386 1357 cujus
3409 1303 3599 1343 manu
3623 1287 3788 1342 corda

452 1378 662 1444 enituit,
707 1378 865 1447 cujus
910 1375 1164 1430 nimirum
1213 1375 1378 1430 decor
1425 1374 1478 1426 in
1533 1375 1812 1428 honestate
1847 1389 2055 1428 morum

451 1475 786 1530 intuentibus
819 1482 1010 1545 gratus
1046 1479 1160 1525 erat
1195 1491 1208 1535 ;
1241 1479 1293 1525 et
1332 1478 1536 1525 sancta:
1574 1469 1845 1541 opinionis
1897 1471 2054 1532 odor,

450 1563 620 1636 longe
650 1563 864 1634 lateque
895 1559 1144 1626 diffusus,
1178 1560 1248 1614 ad
1280 1560 1632 1614 imitationem
1678 1560 1759 1612 sui
1792 1559 2059 1628 plurimos

452 1651 750 1708 invitabat.
792 1652 946 1705 Hunc
978 1659 1158 1703 autem
1217 1647 1391 1703 virum
1450 1656 1698 1702 sanctum
1737 1657 1887 1702 recte
1937 1646 2058 1701 flori

2164 1389 2288 1434 sunt
2318 1380 2618 1442 hominum,
2651 1379 2898 1447 ejusdem
2951 1379 3147 1432 domus
3207 1377 3484 1432 fratribus
3537 1377 3789 1446 inspira-

2164 1470 2258 1534 vit,
2293 1478 2348 1524 ut
2377 1470 2551 1522 virum
2584 1469 2682 1523 Dei
2711 1468 3010 1522 Robertum
3063 1467 3165 1521 sibi
3218 1467 3504 1537 eligerent
3538 1467 3601 1519 in
3638 1467 3787 1534 prio-

2163 1583 2301 1621 rem.
2336 1565 2578 1638 Dignum
2612 1566 2814 1635 quippe
2845 1570 2980 1627 erat,
3013 1571 3070 1616 ut
3099 1561 3189 1632 qui
3216 1561 3357 1616 duce
3389 1561 3586 1632 gratia
3623 1560 3794 1630 longe

2165 1681 2263 1719 usu
2295 1663 2566 1718 didicerat
2595 1671 2782 1716 tenere
2818 1660 3193 1715 moderamina
3236 1659 3363 1714 vita:
3413 1675 3568 1722 suae,
3620 1659 3794 1726 judex

452 1764 543 1803 me
571 1747 783 1803 aestimo
815 1761 1167 1816 comparasse
1200 1763 1214 1810 ;
1249 1744 1377 1816 quia
1408 1744 1474 1798 de
1506 1743 1709 1799 sanctis
1739 1743 1867 1798 dicit
1898 1743 2050 1798 Scri-
2084 1733 2137 1791 B
2168 1760 2222 1806 et
2274 1750 2590 1806 moderator
2635 1749 2790 1804 fieret
2843 1749 3094 1803 aliorum.
3149 1749 3279 1802 Erat
3326 1757 3466 1802 tunc
3515 1748 3796 1817 temporis

451 1844 630 1908 ptura,
663 1835 809 1907 quod
848 1858 868 1882 ιι
905 1834 1181 1889 florebunt
1209 1833 1277 1888 de
1311 1833 1532 1887 civitate
1563 1832 1697 1887 sicut
1730 1833 1911 1886 fenum
1943 1840 2058 1887 ter-

453 1941 530 1980 rae
562 1924 750 1990 (Psal.
783 1928 955 1989 wa).
986 1947 1007 1969 ι»
1046 1923 1217 1976 Porro
1249 1923 1380 1992 quia
1407 1920 1659 1975 nobilitas
1691 1928 1773 1975 est
1806 1921 2060 1990 quazdam

453 2021 576 2076 laus
607 2021 918 2092 procedens
945 2036 1013 2075 ex
1042 2019 1259 2073 meritis
1319 2027 1620 2088 parentum,
1654 2031 1686 2070 a
1716 2016 1912 2089 quibus
1976 2017 2060 2070 vir

455 2112 649 2166 beatus
680 2110 949 2177 originem
1002 2107 1242 2176 duxerit,
1290 2107 1663 2160 ostendemus.
1709 2107 1865 2160 Pater
1893 2104 2060 2176 igitur

457 2201 577 2268 ejus
608 2199 1001 2263 Tbeodoricus,
1033 2204 1206 2251 mater
1259 2211 1392 2249 vero
1441 2194 1800 2264 Ermegardis
1829 2193 2058 2248 diceba-

458 2305 564 2362 tur,
598 2296 760 2350 ambo
793 2295 1009 2366 quidem
1038 2292 1337 2348 secundum
1372 2291 1556 2346 saeculi
1587 2291 1906 2362 dignitatem
1941 2291 2059 2345 cla-

458 2385 526 2451 ri,
557 2384 656 2439 sed
687 2392 814 2438 ante
847 2384 1021 2436 Deum
1051 2397 1262 2435 morum
1297 2383 1580 2434 honestate
1611 2379 1940 2446 clarissimi;
1966 2395 2059 2433 re-

462 2489 583 2528 rum
616 2487 747 2528 vero
803 2471 986 2540 capia,
1035 2469 1232 2541 quibus
1265 2468 1646 2536 temporaliter
1689 2468 2061 2534 abundabant,

463 2570 545 2625 sic
573 2569 884 2632 utebantur,
927 2576 983 2622 ut
1013 2566 1209 2620 summi
1255 2565 1668 2620 Patrisfamilias
1695 2567 1873 2635 potius
1905 2565 2066 2620 vide-

465 2667 656 2714 rentur
684 2657 1110 2728 dispensatores,
1144 2671 1308 2727 quam
1339 2661 1570 2710 terrenae
1600 2654 1918 2709 substantiae
1936 2670 2070 2725 pos-

466 2761 742 2802 sessores.
777 2745 1030 2800 Scientes
1058 2753 1258 2811 autem,
1309 2743 1455 2814 quod
1506 2743 1784 2797 feneratur
1819 2744 2068 2813 Domino,

471 2843 564 2915 qui
595 2841 824 2914 pauperi
856 2842 1166 2906 miseretur,
1198 2840 1483 2910 pulverem
1517 2847 1742 2894 terrenae
1770 2855 2072 2894 conversa-

472 2933 637 2988 tionis
668 2932 777 3003 piis
809 2929 1176 3000 eleemosynis
1221 2928 1612 3000 abstergebant
1646 2945 1659 2983 :
1712 2930 1823 2982 imo
1863 2929 1988 2999 quia
2021 2929 2075 2982 in

475 3037 644 3078 carne
676 3019 859 3091 positi,
901 3035 1010 3074 nou
1048 3018 1350 3074 secundum
1387 3033 1605 3072 carnem
1646 3017 1926 3083 vivebant,
1974 3033 2078 3072 co-

2165 1848 2221 1902 in
2250 1847 2474 1902 remotis
2528 1862 2816 1900 nemorum
2850 1847 2928 1914 (4)
2957 1845 3182 1900 latebris
3240 1845 3482 1899 eremita
3540 1845 3796 1915 quidam,

2167 1936 2285 1990 Deo
2315 1935 2542 2004 cupiens
2585 1949 2650 1988 eo
2699 1933 2925 1988 liberius
2978 1949 3086 2004 quo
3143 1933 3411 1987 secretius
3468 1933 3792 1997 deservire,

2169 2023 2420 2094 quicum
2450 2021 2765 2076 assiduitate
2805 2021 3143 2091 jejuniorum
3201 2030 3518 2077 maceraret
3564 2037 3794 2076 carnem

2167 2122 2219 2168 et
2250 2113 2555 2167 orationum
2585 2111 2839 2164 instantia
2886 2111 3135 2181 spiritum
3175 2111 3493 2177 roboraret,
3549 2111 3797 2181 respexit

2167 2202 2434 2256 Dominus
2465 2200 2820 2254 humilitatem
2853 2199 2990 2268 ejus,
3040 2215 3144 2254 nec
3189 2200 3305 2254 sine
3356 2200 3573 2269 grandi
3633 2201 3796 2253 mira-

2171 2291 2294 2346 culo
2333 2306 2429 2362 per
2452 2290 2635 2361 ipsum
2688 2289 2860 2346 crevit
2905 2289 3262 2345 servientium
3304 2290 3557 2344 Domino
3610 2290 3794 2343 multi-

2173 2380 2328 2435 tudo.

2245 2492 2296 2546 4.
2326 2491 2445 2544 Duo
2477 2489 2620 2544 enim
2668 2489 2888 2554 milites,
2953 2487 3146 2544 fratres
3204 2489 3425 2559 quidem
3480 2490 3794 2545 secundum

2179 2580 2413 2646 earuem,
2449 2579 2546 2633 sed
2578 2579 2876 2633 secundum
2935 2579 3186 2648 spiritum
3234 2595 3342 2634 non
3395 2578 3606 2634 eadem
3665 2597 3794 2634 sen-

2180 2669 2396 2734 tientes,
2427 2669 2606 2721 studio
2648 2667 2828 2721 inanis
2869 2667 3062 2739 gloriae
3103 2667 3298 2732 dediti,
3360 2669 3436 2722 ad
3467 2671 3796 2724 ostentatio-

2181 2783 2305 2820 nem
2352 2766 2547 2820 virium
2600 2782 2839 2831 suarum,
2891 2766 3261 2820 exsecrabiles
3310 2767 3618 2833 nundinas,
3674 2785 3802 2839 quas

2184 2855 2382 2924 vulgus
2413 2863 2795 2908 torneamenta
2842 2855 3101 2921 nominat,
3139 2856 3492 2925 expetebant.
3540 2856 3652 2924 Qui
3683 2873 3802 2912 cum

2187 2960 2287 3014 per
2315 2960 2527 3007 nemus,
2561 2943 2613 2998 in
2645 2960 2751 3015 quo
2799 2943 3062 3014 praefatus
3097 2944 3326 2998 eremita
3365 2945 3638 3016 degebat,
3682 2947 3803 2999 soli-

2191 3043 2374 3096 tariam
2407 3043 2570 3097 vitam
2601 3042 2828 3106 ducens,
2854 3042 2957 3097 iter
3014 3051 3265 3113 agerent,
3323 3053 3624 3114 cmperunt
3669 3045 3803 3098 alte-

475 3119 736 3193 gitatione
766 3126 819 3173 et
846 3118 1104 3172 aviditate
1154 3117 1207 3171 in
1242 3116 1560 3172 coelestibus
1611 3117 1940 3184 habitantes,
1975 3133 2074 3172 co-

2195 3091 2374 3096 ----_.--
2605 3091 2945 3106 __----_,_---
3016 3091 3265 3113 _,,------,
3326 3091 3624 3114 -..ιω-η-
3670 3091 3769 3098 ----

2194 3140 2398 3186 rutrum
2430 3140 2638 3187 secreta
2668 3132 2999 3202 cogitatione
3043 3133 3111 3187 de
3144 3143 3330 3186 mutua
3363 3149 3503 3187 nece
3530 3142 3796 3188 tractare.

479 3224 650 3264 ronas
679 3223 808 3263 suas
859 3207 1115 3262 virtutum
1175 3205 1455 3277 operibus,
1513 3205 1668 3277 quasi
1720 3205 2078 3276 pretiosorum

479 3296 724 3369 lapidum
757 3295 955 3370 gloria,
989 3296 1351 3352 decorabant.
1419 3296 1548 3350 Hec
1594 3294 1796 3350 idcirco
1825 3295 2078 3362 dixerim,

483 3404 543 3451 ut
599 3395 966 3460 ostenderem,
1017 3409 1177 3465 quam
1217 3401 1405 3448 sancta
1464 3391 1616 3446 radix
1669 3393 1959 3457 exstiterit,
2013 3392 2084 3447 de

486 3499 598 3558 qua
653 3484 810 3540 nobis
865 3490 1088 3538 sanctus
1146 3482 1270 3550 iste,
1329 3481 1483 3551 quasi
1532 3481 1752 3552 quidam
1798 3481 2085 3552 liguivitaa

485 3573 758 3638 surculus,
792 3572 1096 3643 pullulavit.
1131 3572 1333 3627 Verum
1363 3570 1495 3643 quia
1524 3571 1591 3626 de
1624 3571 1948 3642 parentibus
1967 3572 2085 3640 eius

487 3670 718 3727 fecimus
747 3670 1098 3733 mentionem,
1155 3670 1385 3740 qualiter
1423 3672 1680 3724 eumdem
1729 3670 1907 3724 virum
1952 3686 2086 3724 san-

490 3763 640 3815 ctum
683 3758 914 3828 Spiritus
967 3759 1305 3828 pres-venerit
1361 3765 1582 3812 sanctus
1621 3759 1675 3812 in
1709 3759 2090 3814 benedictione

493 3845 820 3913 dulcedinis,
882 3846 1010 3900 dum
1061 3846 1239 3900 adhuc
1296 3846 1488 3899 matris
1525 3853 1680 3900 utero
1729 3846 2086 3916 clauderetur,

491 3945 736 4002 breviter
792 3944 1169 4000 absolvemus.
1229 3943 1535 4015 Prmgnanti
1592 3943 1744 3998 enim
1789 3944 1944 3999 matri
1974 3946 2092 4014 ejus

495 4033 734 4108 gloriosa
758 4033 859 4089 Dei
888 4033 1124 4106 geniti-ix
1162 4031 1324 4103 Virgo
1382 4033 1548 4086 Maria
1596 4031 1651 4085 in
1679 4033 1886 4087 somnis
1915 4049 2092 4104 appa-

496 4124 625 4190 ruit,
656 4139 886 4179 aureum
919 4121 1182 4178 annulum
1210 4122 1417 4176 habens
1464 4121 1518 4175 in
1568 4137 1733 4176 manu
1766 4138 1888 4189 sua,
1922 4122 2094 4177 dixit-

500 4238 605 4293 que
632 4221 682 4276 ei
715 4240 728 4276 :
764 4242 787 4272 ι
823 4221 866 4276 Ο
891 4218 1257 4290 Ermegardis,
1311 4218 1436 4273 volo
1495 4216 1684 4285 lilium,
1720 4235 1879 4289 quem
1911 4227 2096 4290 gestas

501 4310 559 4366 in
589 4319 760 4374 utero,
795 4325 858 4364 ex
889 4308 994 4362 isto
1026 4307 1153 4361 milii
1194 4306 1398 4362 annulo
1427 4306 1780 4377 desponsari.
1827 4330 1848 4355 ιι
1893 4308 1950 4361 lu
1982 4309 2098 4364 haec

501 4400 674 4456 verba
703 4398 982 4452 mulierem
1005 4396 1365 4452 dormientem
1385 4396 1702 4467 relinquens
1724 4397 1876 4451 beata
1905 4397 2092 4469 Virgo,

507 4496 813 4566 disparuit;
845 4493 940 4548 illa
993 4507 1124 4548 vero
1171 4493 1240 4547 de
1296 4509 1488 4548 somno
1518 4509 1881 4565 consurgens,
1915 4493 2096 4549 animo

507 4586 676 4656 capit
705 4583 990 4639 revolvere
1024 4582 1314 4637 visionem.
1353 4581 1567 4649 Adjecit
1596 4591 1777 4637 autem
1816 4583 1967 4638 beata
1999 4585 2100 4639 Dei

506 4675 746 4748 genitrix
799 4687 1066 4744 apparere
1124 4672 1318 4726 iterum
1376 4669 1640 4733 mulieri;
1699 4673 1840 4726 sicut
1869 4673 1998 4727 olim
2028 4673 2098 4728 ad

505 4770 934 4830 confirmandam
968 4769 1386 4840 promissionem
1433 4783 1613 4836 suam,
1663 4769 1925 4824 Dominus
1954 4770 2098 4844 legi-

507 4872 594 4920 tur
621 4860 942 4933 apparuisse
971 4860 1151 4914 deuuo
1183 4857 1451 4913 Samueli.

576 4963 631 5014 3.
688 4956 937 5026 Expletis
991 4955 1163 5027 igitur
1209 4953 1402 5010 diebus
1448 4953 1644 5009 mulier
1674 4955 1884 5026 peperit
1933 4955 2101 5010 filium

505 5051 606 5120 (2),
664 5063 828 5120 quam
883 5045 1207 5101 ablactatum
1269 5043 1492 5098 tradidit
1546 5043 1851 5098 litterarum
1906 5045 2101 5100 studiis

925 5155 939 5200 ;
979 5135 1035 5190 in
1071 5133 1274 5205 quibus
1327 5147 1496 5202 supra
1561 5147 1752 5188 omnes
1789 5142 2101 5189 coaetaneos

512 5251 640 5291 suos
670 5234 980 5306 proficiens,
1011 5232 1080 5288 de
1111 5229 1352 5286 fontibus
1393 5229 1688 5286 Salvatoris
1718 5247 1855 5300 puro
1885 5241 2101 5301 pectore

508 5324 814 5391 hauriebat,
847 5325 989 5378 unde
1017 5319 1335 5376 salvationis
1363 5319 1600 5390 gratiam
1631 5321 1974 5390 postmodum
2007 5338 2102 5393 po-

506 5135 864 5193 imbuendum

582 5501 663 5569 (1)
691 5497 972 5566 Maurique
1027 5514 1056 5569 e
1114 5499 1462 5555 Normannia
1509 5496 1815 5553 oriundum
1861 5497 2094 5569 scripsit,

510 5571 772 5644 proxima
792 5568 1088 5644 campania:
1115 5569 1416 5638 provincia.

583 5642 662 5712 (2)
695 5637 855 5712 addit
887 5637 1094 5697 Surius,
1119 5637 1334 5712 "vocaris
1364 5655 1491 5712 eum
1526 5637 1847 5712 Rabirium.

585 5706 666 5781 (3)
696 5710 775 5764 De
807 5706 913 5760 hoc
942 5706 1269 5762 monasterio
1289 5707 1342 5760 in
1365 5709 1623 5766 suburbio
1639 5709 1968 5780 Tricassino,
2002 5727 2097 5768 ac—

2191 3221 2420 3276 Invidia:
2459 3221 2657 3291 quippe
2710 3237 2924 3277 veneno
2978 3221 3366 3276 miserabiliter
3423 3223 3802 3288 tabescentes,

2191 3319 2332 3388 apud
2365 3335 2423 3373 se
2453 3319 2786 3389 cogitabant,
2823 3319 2970 3390 quod
2992 3319 3166 3374 altero
3199 3335 3393 3374 eorum
3427 3328 3676 3384 mortuo,
3715 3321 3802 3375 ille

2193 3409 2283 3479 qui
2318 3417 2648 3478 superesset,
2700 3409 2754 3462 in
2782 3408 3022 3464 defuncti
3081 3409 3493 3478 possessionem
3527 3410 3805 3465 succede-

2193 3507 2301 3553 ret.
2343 3499 2448 3552 Sed
2478 3498 2622 3552 Deus
2652 3498 3016 3569 omnipotens,
3049 3498 3142 3569 qui
3163 3498 3372 3552 sciebat
3393 3515 3492 3554 eos
3525 3515 3671 3554 vasa
3701 3500 3802 3552 mi-

2195 3595 2508 3652 sericordia:
2540 3612 2658 3651 mox
2694 3597 2925 3662 futuros,
2979 3612 3087 3652 non
3138 3595 3393 3667 permisit
3438 3596 3568 3652 illos
3611 3597 3803 3651 tentari

2195 3699 2358 3755 supra
2388 3701 2546 3755 quam
2579 3693 2860 3754 poterant;
2898 3685 2992 3739 sed
3026 3683 3151 3740 fecit
3181 3701 3304 3740 cum
3340 3686 3651 3740 tentatione
3681 3703 3802 3756 pro—

2198 3783 2442 3838 ventum,
2478 3789 2544 3826 ne
2571 3772 2931 3844 iniquitatem,
2957 3790 3116 3845 quam
3147 3783 3545 3845 conceperant,
3589 3774 3803 3830 effectui

2198 3870 2594 3940 manciparent.
2630 3871 2710 3924 Ad
2740 3873 2841 3926 hoc
2867 3879 3050 3926 autem
3097 3871 3345 3941 permisit
3394 3887 3496 3926 eos
3527 3873 3634 3926 Dei
3683 3890 3802 3943 pro-

2200 3958 2578 4013 videntiatam
2609 3959 2795 4031 iniqua
2850 3960 3144 4014 tentatione
3203 3960 3416 4025 vexari,
3471 3968 3530 4014 ut
3567 3971 3801 4030 postmo-

2203 4048 2331 4102 dum
2363 4047 2416 4101 in
2447 4046 2687 4117 profectu
2735 4048 2992 4103 virtutum
3051 4048 3212 4118 positi
3252 4049 3356 4102 sibi
3395 4051 3649 4120 superbe
3695 4067 3792 4104 non

2206 4146 2508 4200 tribuerent
2538 4147 2680 4217 quod
2713 4147 3000 4215 haberent,
3049 4148 3145 4202 sed
3204 4147 3383 4218 magis
3442 4149 3499 4202 in
3533 4149 3686 4203 illum
3712 4165 3792 4202 re-

2207 4234 2513 4299 funderent,
2545 4236 2698 4304 cujus
2750 4245 2932 4290 essent
2964 4236 3335 4292 misericordia
3369 4237 3627 4292 liberati.
3680 4239 3804 4292 Cum

2207 4323 2375 4394 igitur
2405 4324 2620 4391 expleto
2649 4325 2887 4394 negotio,
2919 4325 2985 4379 ad
3022 4326 3158 4398 quod
3193 4327 3391 4389 ierant,
3425 4327 3483 4380 in
3537 4343 3652 4397 quo
3684 4328 3810 4380 satis

2126 4447 2176 4505 D
2211 4431 2431 4478 strenue
2461 4426 2758 4479 secundum
2816 4439 2998 4478 mores
3057 4425 3235 4495 gentis
3293 4424 3437 4478 illius
3475 4437 3726 4497 egerant,
3761 4428 3813 4480 in

2211 4520 2442 4572 tantum.
2479 4513 2618 4583 quod
2651 4513 2827 4567 laudis
2854 4515 3103 4568 humana)
3165 4513 3395 4568 fructum
3427 4516 3498 4568 ab
3531 4517 3812 4582 omnibus,

2209 4601 2301 4672 qui
2333 4602 2634 4666 adfuerant,
2670 4610 3048 4672 reportarem;
3083 4602 3152 4656 ad
3204 4603 3425 4673 propria
3475 4614 3817 4673 remeantes,

2208 4700 2275 4753 ad
2306 4699 2504 4763 locum,
2539 4699 2592 4752 in
2623 4715 2731 4770 quo
2763 4699 2832 4754 de
2862 4715 2995 4753 nece
3026 4707 3204 4753 mutua
3237 4708 3447 4754 secreta
3477 4701 3819 4772 cogitatione

2209 4795 2614 4849 tractaverant,‘
2641 4805 2830 4859 gressu
2859 4804 3122 4858 prospero
3151 4797 3518 4858 pervenerunt
3542 4806 3555 4847 ;
3589 4789 3691 4850 ibi.
3719 4791 3824 4844 τρὶς

2208 4875 2284 4930 uti
2313 4877 2380 4930 ab
2413 4876 2532 4947 ipso
2562 4876 2682 4931 loco
2712 4877 2990 4940 admoniti,
3024 4876 3158 4948 quin
3203 4877 3382 4946 potius
3415 4876 3602 4931 divina
3636 4877 3820 4948 inspi-

2209 4965 2422 5020 ratione
2453 4966 2776 5035 compuncti,
2831 4965 3122 5038 cogitatam
3173 4977 3452 5035 cmperunt
3506 4966 3824 5022 exhorrere

2210 5054 2532 5125 nequitiam,
2566 5065 2621 5108 et
2651 5055 2702 5108 in
2735 5055 2928 5124 seipsis
2957 5055 3024 5109 de
3055 5064 3325 5123 concepto
3376 5054 3632 5110 facinore
3683 5071 3823 5110 con-

2210 5144 2436 5200 turbari.
2481 5145 2574 5199 Ad
2630 5144 2950 5198 memoriam
2997 5159 3132 5198 vero
3181 5144 3527 5208 reducentes,
3563 5145 3717 5214 quod
3766 5145 3825 5200 in

2211 5233 2460 5304 proximo
2493 5241 2611 5288 erat
2639 5233 2909 5304 tugurium
2943 5233 3185 5287 eremitm
3217 5233 3468 5302 superius
3499 5235 3821 5299 memorati,

2211 5323 2324 5394 pari
2350 5331 2475 5378 voto
2506 5323 2608 5378 iter
2638 5339 2794 5376 suum
2829 5323 2897 5376 ad
2939 5322 3083 5376 illius
3129 5321 3553 5376 mansiuuculam
3588 5322 3824 5379 direxe-

2210 5508 2320 5555 tum
2354 5508 2434 5555 est
2463 5499 2713 5570 superius
2727 5541 2740 5553 .

2281 5573 2359 5642 (4)
2391 5572 2650 5627 Colanum
2686 5571 2740 5625 id
2773 5587 2966 5624 nemus
3010 5570 3315 5639 dicebatur,
3342 5571 3490 5640 juxta
3527 5571 3820 5627 Tornodo-

2209 5660 2352 5709 rum,
2387 5654 2435 5698 et
2468 5642 2773 5698 nominatur
2805 5643 2940 5697 infra
2970 5659 3118 5697 nam.
3154 5647 3205 5697 8.
