3972 6076
175 283 318 339 1273

1729 272 1794 328 γι
1800 270 1887 327 ΤΛ
1899 311 1912 327 .

3340 272 3475 329 12ῖ4

176 411 311 462 runt
343 426 357 472 ;
390 414 439 463 et
472 422 573 478 per
601 405 1001 462 confessionem
1028 404 1180 461 virus
1233 400 1573 474 pestiferum,
1633 398 1774 469 quod
1806 396 1863 461 A
1891 413 2112 453 servum
2135 412 2290 452 suum
2313 395 2577 453 Dominus
2593 396 2662 453 de
2701 396 2930 452 aliorum
2960 394 3295 468 profectibus
3325 395 3480 451 ordi-

175 496 232 551 in
275 497 533 553 cordibus
564 512 754 551 eorum
799 496 1052 563 latuerat,
1098 500 1443 555 evomentes,
1500 488 1775 543 eliminata

178 586 449 658 spurcitia
488 595 709 658 gratum
748 585 801 638 in
860 585 1173 653 semetipsis
1232 583 1344 637 Deo
1401 578 1773 634 habitaculum

175 692 541 755 paraverunt.
580 683 829 754 Denique
869 698 900 736 a
930 682 1044 737 viro
1076 680 1174 737 Dei
1205 696 1374 751 super
1402 676 1641 749 cogitata
1671 692 1772 731 ne-

177 773 354 844 quitia
384 771 677 844 redarguti,
709 772 776 826 ab
807 771 1005 827 eodem
1047 775 1395 827 recesserunt
1446 766 1776 822 salutaribus

178 861 406 917 monitis
460 860 760 927 informati,
830 862 982 930 cujus
1037 859 1293 914 nimirum
1349 872 1531 913 sermo
1570 855 1775 910 ardens

179 967 442 1029 tanquam
474 958 653 1015 facula
682 957 936 1014 caelestes
965 955 1429 1029 concupiscentias
1456 954 1512 1009 in
1559 953 1777 1008 illorum

180 1049 459 1105 mentibus
532 1047 833 1113 excitabat,
890 1055 1125 1103 terrenae
1189 1044 1475 1119 dignitatis
1514 1042 1778 1098 ambitum

180 1138 242 1192 in
283 1136 361 1193 eis
402 1152 635 1207 prorsus
698 1136 1032 1207 exstirpans,
1090 1143 1145 1192 et
1210 1134 1466 1190 virtutum
1532 1132 1775 1188 fomitem

181 1250 295 1291 non
336 1234 519 1290 minus
556 1234 809 1298 suaviter,
866 1250 1029 1306 quam
1094 1232 1387 1289 salubriter
1448 1231 1502 1287 in
1567 1230 1777 1288 eisdem

180 1339 404 1382 creans.

255 1422 315 1474 5.
352 1419 489 1475 Cum
521 1419 688 1493 igitur
716 1420 784 1474 ad
814 1418 1017 1485 locum,
1049 1418 1105 1473 in
1137 1434 1242 1489 quo
1273 1417 1427 1489 prius
1446 1414 1588 1471 alter
1608 1414 1663 1469 in
1691 1414 1778 1469 al-

182 1515 357 1565 terum
388 1509 660 1581 cogitarat
686 1508 1003 1579 insurgere,
1049 1506 1447 1578 pervenissent,
1499 1511 1778 1575 coeperunt

183 1597 372 1652 dicere
400 1597 544 1652 inter
573 1614 653 1663 se,
689 1606 742 1653 et
770 1605 954 1653 mutuo
983 1596 1348 1668 loquebantur
1380 1613 1394 1650 :
1446 1618 1466 1644 «
1493 1594 1635 1664 Quid
1664 1593 1775 1663 hic,

181 1685 352 1759 inquit
384 1687 524 1741 alter
545 1702 757 1750 eorum,
783 1686 949 1741 frater
969 1686 1313 1751 charissime,
1336 1684 1494 1739 nobis
1517 1684 1778 1741 hesterna

180 1782 270 1838 die
301 1785 719 1840 transeuntibus
747 1785 1027 1856 cogitabas
1054 1785 1083 1838 ‘2
1110 1807 1130 1831 ιι
1164 1784 1241 1839 At
1270 1784 1364 1840 illo
1381 1784 1564 1840 cordis
1580 1785 1663 1839 sui
1683 1800 1774 1840 co-

180 1872 507 1945 gitationem
550 1881 831 1928 reserante
870 1871 1023 1926 fratri
1063 1888 1204 1928 suo:
1243 1894 1265 1924 ι
1298 1874 1367 1928 Et
1413 1889 1538 1946 ego,
1601 1873 1773 1944 inquit

178 1961 341 2028 alter,
382 1960 514 2015 nihil
552 1978 778 2032 prorsus
815 1961 1080 2016 dissimile
1132 1961 1397 2033 cogitavi.
1457 1960 1562 2031 Qui
1591 1962 1773 2016 statim

178 2060 494 2131 compuncti
525 2061 694 2117 corde
725 2060 793 2116 ad
826 2061 997 2116 virum
1027 2059 1129 2116 Dei
1156 2059 1419 2133 regressi,
1449 2068 1635 2131 spreta
1664 2076 1775 2115 sae-

179 2149 286 2205 culi
317 2166 518 2221 pompa
549 2150 798 2222 fastuque
828 2150 1054 2217 calcato,
1088 2164 1210 2205 cum
1250 2149 1444 2204 eodem
1489 2152 1775 2220 coeperunt

182 2238 539 2310 spiritualiter
568 2239 776 2307 vivere,
810 2246 865 2295 et
893 2239 963 2294 ad
994 2239 1323 2309 portandum
1371 2255 1534 2294 suave
1576 2238 1774 2310 jugum

180 2336 364 2392 cordis
395 2337 601 2392 Christi
634 2336 909 2393 cervicem
960 2337 1234 2392 humiliter
1290 2337 1571 2405 inclinare,
1630 2337 1775 2394 unde

183 2425 303 2496 quis
334 2442 525 2481 eorum
558 2426 975 2482 conversionem
1006 2426 1216 2482 meritis
1244 2427 1305 2482 B.
1338 2427 1560 2481 Roberti
1608 2426 1773 2481 dubi-

181 2523 254 2571 tet
283 2515 671 2570 ascribendam
702 2515 729 2569 ‘P
759 2515 922 2585 cujus
955 2515 1301 2588 magisterio,
1355 2516 1493 2570 sicut
1539 2532 1777 2588 sequens

182 2613 400 2670 docebit
425 2614 603 2684 lectio,
636 2614 941 2685 disciplinis
963 2623 1121 2671 erant
1141 2614 1488 2687 regularibus
1514 2615 1775 2670 imbuen-

182 2702 258 2758 di.
299 2704 444 2758 Deus
480 2711 678 2768 autem,
721 2703 812 2775 qui
881 2703 1194 2760 consolatur
1258 2704 1507 2768 humiles,
1575 2703 1777 2774 adjecit

182 2791 541 2863 multiplicare
579 2808 777 2848 servos
815 2809 964 2859 suos,
998 2801 1056 2847 ut
1084 2792 1223 2847 intra
1253 2793 1419 2848 breve
1448 2792 1682 2863 spatium
1710 2793 1780 2848 ad

185 2889 553 2961 septenarium
584 2906 870 2946 numerum
930 2891 1303 2962 pervenirent,
1365 2907 1474 2962 quo
1526 2891 1782 2947 videlicet

187 2994 416 3035 numero
449 2979 784 3050 septiformis
815 2980 986 3035 sancti
1018 2980 1253 3051 Spiritus
1291 2980 1463 3050 gratia
1490 2980 1776 3052 figuratur,

1882 495 2087 553 nasset,
2119 487 2265 542 unde
2294 486 2555 541 fratribus
2587 487 2832 555 ejusdem
2866 486 3080 552 domus,
3115 500 3222 541 nec
3268 501 3378 539 non
3425 493 3478 540 et

1881 576 2093 630 abbatis
2122 576 2284 631 sociis
2311 576 2609 646 persuasit,
2643 592 2712 629 ne
2767 575 3013 645 petitioni
3077 574 3321 640 fratrum,
3384 574 3478 645 qui

1881 664 1948 720 ad
1980 665 2386 737 requirendum,
2419 672 2475 718 ut
2504 664 2588 720 vir
2616 663 2714 719 Dei
2744 664 2848 718 sibi
2894 672 3139 733 prresset,
3200 671 3477 729 venerant,

1881 761 2227 816 assentirent.
2258 747 2661 816 'Verumtamen
2692 761 2757 815 B.
2799 760 3068 816 Robertus
3099 775 3287 815 eorum
3333 760 3478 830 peti-

1880 849 2013 905 tioni
2035 850 2305 921 justisque
2335 849 2473 905 votis
2504 850 2887 922 aggratulans,
2945 848 3191 917 ipsorum
3250 848 3474 904 satisfe-

1883 937 2049 994 cisset
2076 938 2369 1005 desiderio,
2403 938 2507 992 nisi
2539 937 2737 993 fratres
2766 937 3227 992 'l‘ornodorenses
3278 937 3477 991 unani-

1884 1026 2046 1081 miter
2074 1025 2435 1082 obstitissent.
2483 1026 2831 1081 Salutaribus
2873 1032 3056 1081 tamen
3116 1025 3335 1081 monitis
3391 1025 3483 1079 in-

1883 1123 2171 1191 formatos,
2211 1126 2494 1181 comitatos
2524 1125 2866 1181 orationibus
2897 1132 2947 1180 et
3005 1124 3247 1179 firmatos
3303 1124 3477 1181 bene-

1885 1212 2233 1279 dictionibus,
2265 1213 2479 1268 remisit
2506 1213 2632 1268 illos
2664 1214 2732 1267 ad
2766 1213 2989 1284 propria
3027 1232 3039 1269 :
3074 1221 3127 1268 et
3149 1213 3203 1267 in
3234 1229 3331 1284 spe
3362 1214 3480 1268 sin-

1885 1302 2145 1374 gulariter
2172 1302 2295 1358 illos
2325 1302 2625 1366 constituit,
2660 1301 2830 1373 quod,
2866 1318 3026 1373 quam
3087 1302 3194 1357 cito
3255 1301 3480 1358 facultas

1885 1390 1936 1446 ei
1976 1391 2307 1446 tribueretur
2344 1406 2378 1446 a
2430 1391 2683 1456 Domino,
2725 1389 2873 1460 ipsos
2910 1390 3229 1461 adimpleret
3297 1390 3482 1446 laetitia

1884 1504 2007 1545 cum
2035 1489 2183 1544 vultu
2214 1505 2340 1545 suo.
2380 1489 2534 1544 Libet
2563 1497 2743 1544 autem
2792 1490 2882 1544 hic
2938 1490 3218 1560 paululum
3280 1490 3482 1545 intueri

1885 1577 2348 1647 dispensationem
2380 1578 2497 1645 Dei,
2534 1578 2784 1649 quamvis
2826 1578 2972 1633 enim
3029 1587 3285 1633 sanctum
3335 1586 3484 1634 esset

1884 1665 2124 1737 ipsorum
2187 1667 2524 1736 prepositum
2582 1670 2897 1738 justumque
2985 1666 3337 1735 desiderium,
3411 1667 3482 1722 ad

1801 1754 1989 1816 Bhoc
2026 1762 2209 1810 tamen
2249 1755 2475 1809 dilatum
2534 1753 2652 1820 fuit,
2729 1763 2787 1809 ut
2853 1754 3173 1810 dilataretur
3237 1763 3290 1810 et
3357 1771 3481 1811 cre-

1881 1859 2104 1919 sceret;
2146 1860 2204 1906 ut
2240 1867 2364 1908 cum
2405 1851 2458 1906 id
2523 1852 2671 1923 quod
2738 1851 3070 1923 quaesierant
3137 1853 3319 1923 adepti
3386 1852 3473 1909 fo-

1881 1948 2020 2008 rent,
2053 1941 2108 1996 id
2139 1940 2404 1997 haberent
2432 1940 2652 1997 charius
2710 1948 2873 2013 atque
2932 1940 3145 1997 cautius
3204 1941 3475 1997 observa-

1880 2037 2026 2086 rent.

2512 2127 2735 2184 CAPUT
2773 2128 2821 2183 II
2836 2169 2849 2183 .

1957 2243 2210 2302 Camobia
2260 2245 2609 2301 Molismense
2640 2248 2697 2301 et
2730 2244 3099 2301 Cisterciense
3129 2245 3402 2317 fundata.

1953 2367 2013 2421 7.
2048 2367 2144 2423 Vir
2174 2374 2357 2423 autem
2392 2367 2609 2423 Domini
2639 2384 2855 2436 semper
2883 2367 3149 2440 cogitans,
3195 2383 3305 2424 non
3363 2385 3484 2438 quae

1883 2455 2074 2510 mundi
2103 2464 2246 2522 sunt,
2281 2456 2379 2512 sed
2407 2473 2527 2527 quae
2557 2455 2775 2511 Domini
2809 2475 2823 2522 ;
2852 2471 2974 2511 cum
3021 2456 3230 2511 videret
3287 2455 3484 2512 fratres

1884 2543 1987 2599 loci
2017 2544 2161 2598 illius
2189 2545 2257 2599 ab
2284 2545 2553 2616 aequitatis
2586 2545 2799 2599 tramite
2831 2544 3134 2613 declinare,
3166 2545 3365 2600 timens
3413 2561 3483 2602 ne

1885 2632 2157 2704 malignus
2186 2647 2371 2688 comes
2402 2633 2637 2689 candido
2670 2641 2722 2687 et
2770 2632 3003 2703 simplici
3063 2649 3216 2688 suam
3274 2633 3487 2707 rubigi-

1888 2745 2018 2784 nem
2049 2729 2343 2796 affricaret,
2377 2738 2431 2785 et
2460 2731 2747 2801 pulchram
2779 2730 2978 2784 anima;
3013 2729 3158 2784 illius
3180 2730 3373 2787 faciem
3399 2731 3489 2787 de-

1886 2817 2151 2874 formaret
2184 2837 2198 2882 ς
2230 2835 2296 2874 eo
2324 2819 2468 2891 quod
2500 2834 2679 2874 mores
2711 2818 2939 2873 formari
2968 2818 3181 2874 soleant
3211 2834 3243 2874 a
3292 2818 3488 2875 convi-

1888 2915 2000 2974 ctu,
2029 2908 2099 2961 ad
2129 2908 2423 2963 claustrum
2456 2908 2724 2973 Cellcnse,
2756 2908 2905 2962 unde
2944 2907 3230 2980 digressus
3284 2907 3482 2974 fuerat,

1886 2997 2174 3052 remeavit.
2210 2996 2311 3053 Ubi
2343 2997 2455 3062 Lia,
2484 3013 2608 3063 quas
2636 2996 2908 3051 laboriosa
2950 2996 3164 3061 dicitur,
3210 2996 3281 3051 ad
3342 3004 3492 3052 tem-

197 3085 359 3177 quem
390 3084 490 3139 per
519 3067 775 3175 famulum
809 3085 969 3177 suum
1023 3071 1099 3177 B.'
1122 3069 1467 3177 ‘Robertumh
1493 3070 1779 3177 multorum
1811 3113 1861 3177 Ο
1890 3110 1991 3165 pus
2023 3094 2341 3165 pastposita,
2374 3094 2588 3150 dilecte
2616 3093 2816 3165 diuque
2863 3093 3186 3150 desiderata:
3232 3094 3490 3150 Rachelis

188 3164 416 3220 salutem
446 3165 698 3221 novimus
728 3173 1038 3237 Operatum.
1078 3165 1228 3221 Idem
1259 3166 1403 3221 enim
1433 3166 1664 3237 Spiritus
1678 3168 1780 3223 hos

188 3262 392 3326 septem
420 3254 583 3318 viros,
611 3255 772 3326 quasi
792 3263 1000 3326 septem
1023 3255 1306 3311 columnas
1327 3256 1625 3327 spiritualis
1648 3256 1780 3312 aedi-

190 3342 297 3401 ficii
326 3344 674 3414 praeparavit,
707 3360 807 3415 per
835 3345 937 3400 hos
966 3343 1110 3399 enim
1138 3345 1304 3415 cmpit
1331 3344 1467 3400 ordo
1510 3347 1781 3401 monasti-

191 3457 289 3496 cus
316 3440 677 3508 reviviscere,
712 3450 767 3496 et
796 3442 965 3497 missa
986 3443 1171 3499 radice
1192 3443 1261 3497 ad
1284 3443 1565 3499 humorem
1586 3444 1780 3515 gratiae

193 3531 424 3587 fructum
457 3530 637 3587 facere
666 3532 991 3602 spiritalem,
1049 3540 1126 3598 ut,
1177 3546 1306 3587 cum
1345 3532 1563 3602 penitus
1621 3540 1779 3602 puta-

190 3628 342 3675 retur
371 3619 710 3691 absumptus,
744 3637 963 3675 rursum
995 3620 1062 3674 ad
1094 3618 1325 3675 odorem
1354 3620 1543 3692 gratias
1570 3620 1768 3692 germi-

190 3726 363 3785 naret,
411 3717 718 3791 faceretque
744 3733 975 3784 comam,
1007 3718 1165 3790 quasi
1196 3733 1320 3774 cum
1349 3718 1590 3790 primum
1617 3718 1774 3791 plan-

190 3811 336 3863 tatus
364 3815 474 3862 est.

262 3916 322 3968 6.
361 3913 548 3969 Iterim
575 3929 709 3970 vero
738 3914 803 3968 Β.
843 3912 1142 3980 Robertus,
1184 3914 1471 3971 sanctitate
1503 3922 1557 3970 et
1602 3914 1784 3986 gratia

191 4002 337 4073 apud
366 4004 538 4058 Deum
570 4011 624 4059 et
652 4003 900 4060 homines
928 4002 1062 4058 satis
1092 4002 1293 4071 clarus,
1325 4020 1360 4059 a
1390 4005 1670 4061 monachis
1709 4005 1773 4061 S.

192 4091 477 4147 Michaelis
506 4092 939 4148 Tornodorensis
965 4094 1045 4163 (5)
1073 4092 1282 4149 electus
1305 4100 1389 4149 est
1416 4094 1471 4148 in
1502 4094 1781 4150 abbatem.

193 4189 405 4245 Prtelati
435 4206 564 4246 vero
594 4191 834 4247 eremitae
862 4208 985 4247 cum
1028 4207 1139 4247 non
1192 4192 1482 4256 haberent,
1540 4191 1632 4262 qui
1690 4207 1785 4246 eos

194 4278 495 4348 disciplinis
534 4280 885 4351 regularibus
921 4279 1300 4349 informarent,
1353 4270 1640 4335 audientes.
1697 4279 1785 4334 fa-

194 4381 322 4419 nam
362 4365 506 4420 beati
545 4367 664 4433 viri,
707 4368 845 4423 duos
882 4384 914 4423 e
978 4368 1234 4422 fratribus
1297 4367 1412 4421 suis
1477 4368 1544 4421 ad
1605 4368 1784 4438 ipsum

1890 3182 2169 3240 fruebatur
2216 3183 2581 3255 amplexibus,
2642 3183 2896 3238 hauriens
2953 3183 3010 3238 in
3062 3182 3262 3253 gaudio
3318 3182 3489 3238 fonti-

1889 3274 1992 3328 bus
2033 3272 2334 3328 Salvatoris
2361 3272 2507 3343 quod
2538 3280 2726 3342 postea
2762 3272 3085 3343 propinaret
3132 3269 3388 3328 fidelibus
3433 3271 3492 3328 in

1889 3360 2143 3417 salutem.
2183 3361 2290 3418 Sed
2321 3360 2443 3433 quia
2473 3361 2647 3416 latere
2695 3376 2806 3417 non
2864 3361 3035 3430 potuit
3081 3360 3274 3416 civitas
3323 3376 3493 3432 supra

1888 3467 2129 3515 montem
2166 3459 2364 3530 posita,
2398 3460 2455 3514 Β.
2490 3459 2762 3514 Robertus
2801 3474 2975 3529 supra
3030 3465 3274 3514 montem
3330 3459 3491 3515 Chri-

1889 3556 2031 3603 stum
2057 3548 2336 3604 radicatus
2366 3546 2592 3604 firmiter
2622 3555 2676 3602 et
2705 3546 2978 3612 fundatus,
3012 3547 3273 3604 defuncto
3302 3549 3491 3618 priore

1890 3639 1954 3692 S.
1993 3635 2191 3710 Aigulfi
2222 3636 2295 3707 (7)
2328 3636 2399 3691 ad
2427 3637 2766 3708 pascendum
2798 3636 3055 3692 humilem
3079 3653 3302 3709 gregem
3334 3637 3492 3693 Chri‘

1889 3725 1958 3781 sti
1989 3742 2183 3781 rursus
2213 3726 2453 3798 eligitur,
2487 3727 2540 3780 in
2573 3726 2764 3781 eadem
2796 3726 2960 3781 domo
2980 3725 3224 3780 unanimi
3269 3724 3491 3781 fratrum

1889 3823 2021 3872 voto
2049 3815 2275 3889 parique
2306 3815 2579 3871 desiderio
2608 3815 2761 3887 prior
2788 3814 3037 3871 effectus.
3070 3815 3352 3871 Memorati
3383 3830 3489 3870 au-

1888 3921 1999 3970 tem
2029 3915 2285 3983 eremitaa,
2318 3929 2509 3969 amore
2538 3913 2659 3970 vitae
2690 3913 2928 3969 caelestis
2958 3912 3147 3980 afﬂati,
3170 3929 3295 3969 cum
3318 3913 3488 3968 virum

1891 4004 1991 4060 Dei
2020 4020 2238 4075 semper
2266 4003 2518 4059 viderent
2548 4002 2602 4056 in
2636 4003 2809 4056 Deum
2863 4001 3131 4071 proficere
3184 4009 3236 4056 et
3296 4001 3488 4072 seipso

1892 4091 2035 4148 effici
2063 4093 2369 4157 meliorem,
2403 4090 2537 4145 inito
2567 4089 2799 4146 consilio
2828 4089 2969 4144 duos
2999 4104 3064 4144 ex
3098 4089 3353 4144 fratribus
3376 4090 3491 4147 suis

1892 4181 1960 4236 ad
1989 4180 2178 4236 sedem
2208 4178 2563 4251 apostolicam
2622 4177 3069 4243 transmiserunt,
3132 4186 3398 4249 quatenus
3454 4196 3488 4233 a

1894 4294 2108 4333 summo
2139 4275 2396 4348 pontifice
2426 4278 2505 4346 (8)
2541 4275 2800 4346 precibus
2829 4274 3156 4340 obtinerent,
3189 4280 3248 4330 ut
3280 4275 3361 4330 vir
3391 4276 3492 4332 Dei

1894 4368 1952 4422 B.
1988 4366 2267 4422 Robertus
2288 4365 2485 4435 pusillo
2507 4364 2672 4437 gregi
2713 4364 2914 4420 Christi
2952 4364 3111 4419 Pater
3139 4362 3296 4420 ﬁeret
3323 4373 3490 4436 atque

195 4461 557 4519 transmittere
586 4473 934 4530 curaverunt,
968 4463 1205 4535 quicum
1238 4463 1308 4518 ad
1355 4462 1533 4520 locum
1583 4481 1781 4533 perve-
1813 4470 1866 4531 ι)
1897 4464 2093 4527 pastor
2126 4470 2140 4525 ;
2174 4455 2416 4511 sciebant
2450 4455 2616 4521 enim.
2651 4453 2792 4525 quod
2816 4452 3084 4508 ηεῖθνίυηὶ
3110 4461 3257 4509 esset
3279 4470 3492 4517 summo

196 4550 425 4616 nissent,
460 4552 513 4607 in
543 4569 653 4624 quo
683 4553 767 4607 vir
798 4552 1014 4608 Domini
1044 4553 1294 4607 sedulum
1329 4553 1441 4607 Deo
1488 4553 1787 4609 exhibebat

195 4641 540 4713 obsequium,
572 4641 924 4712 praepositum
972 4641 1168 4697 domus
1215 4642 1363 4696 illius
1407 4641 1463 4696 in
1514 4642 1786 4697 auditorio

194 4739 541 4803 repererunt.
581 4730 839 4801 Quicum
882 4747 1071 4787 eorum
1117 4731 1476 4801 prOpositum,
1527 4746 1785 4787 causam-

196 4836 301 4892 que
338 4820 546 4876 itineris
582 4820 925 4892 agnovisset,
970 4820 1055 4875 vix
1093 4820 1160 4874 ab
1200 4835 1265 4875 eo
1302 4819 1486 4874 multis
1525 4821 1785 4890 precibus

195 4908 558 4974 obtinuerunt,
594 4918 649 4964 ut
675 4910 745 4965 ad
774 4909 874 4966 viri
906 4909 1005 4966 Dei
1035 4909 1392 4965 secretarium
1422 4908 1777 4965 ducerentur.

198 4997 422 5053 Invidiae
452 4998 660 5069 quippe
689 5014 953 5054 mucrone
979 4997 1269 5054 confossus
1317 4997 1644 5068 praepositus
1707 4998 1785 5067 (6)

196 5085 301 5141 sibi
332 5086 699 5143 arbitrabatur
724 5088 927 5159 perire,
960 5087 1007 5144 si
1036 5086 1169 5160 quid
1210 5085 1371 5142 laude
1418 5085 1608 5160 digum
1654 5102 1785 5158 per-

267 5265 342 5333 (5)
371 5264 748 5338 Tot-nodorum
780 5265 952 5338 vulgo
985 5267 1285 5338 Tannerre,
1320 5263 1463 5338 haud
1505 5261 1669 5332 longe
1717 5264 1787 5318 ab

197 5335 551 5391 Armensione
581 5336 764 5402 fluvio,
802 5334 1063 5392 ubi'anno
1093 5337 1195 5391 980
1246 5334 1454 5390 exstrui
1512 5343 1788 5391 monaste-

201 5406 331 5459 rium
369 5415 633 5475 coeperat.

269 5477 346 5545 (6)
376 5477 703 5532 Guillericus
732 5478 819 5534 hic
852 5477 1095 5534 forsitam
1130 5476 1242 5540 fuit,
1277 5476 1363 5532 cui
1409 5476 1526 5546 ipse
1558 5484 1788 5531 sanctus

200 5556 391 5617 postea
419 5547 638 5613 cedens,
673 5549 946 5604 abbatiam
991 5549 1258 5604 dimiserit
1292 5563 1304 5603 :
1361 5557 1509 5603 certe
1564 5548 1788 5604 Roberti

202 5634 489 5674 successor
514 5634 580 5674 eo
610 5620 830 5676 nomine
860 5621 1035 5678 dictus
1066 5620 1299 5683 videtur,
1333 5619 1478 5689 quod
1522 5618 1787 5674 Sanmar-

199 5689 344 5744 thani
380 5705 469 5763 ex
510 5690 805 5760 diplomate
862 5691 1070 5748 Galteri
1128 5690 1490 5763 Lingonensis
1546 5690 1790 5763 episcOpi

195 5776 335 5817 anno
370 5760 499 5816 ΗἩ
538 5771 892 5836 acceperunt.

1894 4544 2136 4616 pontiﬁci
2166 4543 2567 4609 contradicere,
2601 4550 2694 4598 aut
2725 4542 2845 4611 ejus
2868 4542 3207 4610 jussionibus
3236 4559 3373 4597 ausu
3406 4551 3490 4599 te-

1893 4641 2126 4698 merario
2166 4640 2469 4697 contraire.
2508 4640 2764 4694 Summus
2792 4648 2973 4694 autem
2994 4639 3235 4709 pontifex
3265 4641 3492 4695 audiens

1893 4731 2132 4802 ipsorum
2161 4728 2519 4801 propositum,
2548 4728 2774 4799 gavisus
2839 4736 2921 4782 est
2970 4728 3152 4796 valde,
3204 4730 3491 4799 petitioni-

1895 4835 2003 4891 que
2032 4834 2223 4874 eorum
2246 4818 2484 4889 benigne
2512 4816 3095 4886 annuens,apostolica
3115 4816 3493 4874 benedL-Léme

1894 4907 2060 4963 fretos
2090 4907 2301 4962 remisit
2330 4907 2399 4963 ad
2431 4906 2652 4978 propria
2682 4906 3025 4979 gratulantes
3066 4920 3081 4974 ;
3127 4905 3401 4976 abbi.ti(9)
3424 4907 3494 4963 de

1897 5006 2048 5063 Cella
2075 5022 2175 5077 per
2204 5004 2507 5075 apostolica
2544 5005 2749 5075 scripta
2784 5004 3049 5058 mandans
3088 5012 3252 5074 atque
3293 5004 3492 5075 praeci-

1894 5095 2073 5166 piens,
2107 5100 2401 5167 quatenus,
2436 5107 2820 5165 quemcunque
2848 5090 2918 5146 de
2973 5092 3229 5147 fratribus
3286 5091 3495 5165 elegis-

1967 5262 2046 5329 (7)
2079 5259 2291 5315 Colitur
2320 5259 2383 5314 S.
2419 5258 2696 5327 Aigulfus,
2728 5257 2897 5312 abbas
2928 5256 3223 5312 Lirinensis
3257 5267 3311 5314 et
3338 5276 3492 5315 mar-

1897 5340 2002 5403 tyr,
2038 5337 2068 5385 3
2103 5332 2258 5403 Sept.
2290 5331 2395 5385 sub
2425 5332 2586 5403 cujus
2643 5330 2864 5403 nomine
2921 5331 2975 5384 in
3033 5329 3229 5403 vicinia
3287 5331 3496 5403 cellen-

1897 5400 2257 5525 éisucmnobii
2313 5402 2561 5457 exstabat
2615 5401 2912 5473 prioratus,
2970 5400 3249 5470 subjectus
3305 5402 3491 5459 abbati

1943 5491 1971 5525 e
2020 5490 2159 5525 ensr.
2952 5522 2957 5525 λ

1897 5474 2159 5529 Cellensi.
2952 5522 2957 5527 .

1969 5549 2047 5615 (8)
2081 5542 2390 5599 Alexander
2410 5543 2478 5597 ΙΙΙ
2506 5543 2595 5599 hic
2626 5542 2835 5599 videtur
2865 5540 3051 5609 fuisse,
3086 5543 3228 5599 sedit
3253 5544 3398 5600 enim
3422 5544 3493 5598 ab

1896 5631 2039 5671 anno
2076 5615 2207 5669 t159
2236 5618 2306 5669 ad
2324 5615 2481 5669 1181.

1969 5688 2046 5757 (9)
2077 5685 2356 5757 Guarinus
2387 5686 2572 5749 credo,
2602 5699 2745 5740 anno
2766 5685 2914 5757 A1050
2945 5684 3211 5757 indicatus
3253 5700 3297 5757 ‘a
3354 5685 3494 5738 San-

1897 5753 2217 5826 marthanis,
2248 5756 2511 5815 decessor
2539 5755 2800 5815 Bernardi
2829 5772 2901 5813 an
2933 5756 3065 5813 107i
3108 5753 3291 5812 electi.
