3972 6076
470 276 492 327 1
502 272 608 329 275

1385 276 1444 331 S.
1483 274 1787 333 ROBERTI
1825 277 1989 335 0RD.
2031 273 2342 333 CISTEBC.
2384 274 2833 335 FUNDATORIS

3682 273 3840 329 i276

465 405 603 466 sent,
636 397 766 469 ipsis
796 398 1026 454 traderet
1048 397 1102 454 in
1160 399 1432 455 abbatem.
1494 401 1701 458 Abbate
1759 410 1935 457 autem
1995 399 2063 455 de
2088 398 2145 460 A
2174 416 2283 455 non
2303 401 2579 467 haberent,
2606 399 2952 455 nihilominus
2973 401 3165 456 Trecas
3206 402 3325 472 (11)
3362 400 3703 456 transmisit
3738 415 3841 454 eos

466 487 619 541 Cella
649 487 890 557 cognito,
925 489 1066 558 quod
1097 506 1337 543 summus
1399 490 1647 560 pontifex
1705 490 1779 545 illi
1837 488 2068 544 manda-

466 583 635 639 verat,
680 575 897 630 beatum
958 578 1249 633 Robertum
1309 579 1572 633 concessit
1624 578 2063 648 postulantibus:

468 672 632 727 tristis
663 673 890 743 quidens
919 682 969 729 et
1000 691 1251 743 moerens,
1300 675 1397 729 sed
1446 675 1713 731 mandatis
1762 675 2070 745 apostolicis

470 762 736 816 contraire
766 778 871 817 non
905 764 1132 819 audens.
1177 763 1406 819 Videbat
1451 765 1595 819 enim
1655 763 1798 836 quod
1855 765 2067 819 illorum

471 850 769 905 consolatio
798 850 903 905 sibi
932 852 1146 922 suisque
1179 861 1318 908 esset
1356 851 1650 916 tribulatio,
1700 869 1764 909 eo
1812 853 1956 922 quod
2001 852 2067 907 de

472 936 691 994 domino
724 939 865 993 illius
892 940 1142 996 columna
1164 941 1403 1017 cedrina,
1435 941 1590 997 ﬁrma
1610 944 1790 1012 utique
1814 950 1865 997 et
1885 942 2067 1011 impu-

470 1035 681 1100 tribilis,
718 1038 1039 1093 auferretur.
1087 1040 1280 1095 Beatus
1334 1047 1511 1094 autem
1568 1039 1831 1093 Robertus
1884 1055 2065 1093 curam

471 1125 756 1194 pastoralis
784 1125 947 1179 ofticii
977 1126 1202 1180 devotus
1232 1129 1461 1197 accepit,
1494 1126 1683 1181 videns
1713 1125 1857 1196 quod
1913 1126 2068 1181 labor

471 1212 590 1281 ejus
617 1212 736 1267 sine
769 1214 938 1267 fructu
968 1231 1074 1269 non
1107 1223 1263 1277 esset,
1295 1231 1359 1270 eo
1390 1217 1533 1285 quod
1564 1215 1887 1270 unanimitas
1936 1231 2067 1286 gre-

472 1298 577 1373 gis,
612 1302 913 1373 respuendo
946 1310 1157 1357 terrena
1188 1311 1241 1357 et
1268 1302 1556 1373 quaerendo
1614 1304 1871 1371 caelestia,
1931 1303 2070 1357 salu-

476 1397 680 1452 taribus
716 1399 832 1467 ejus
878 1399 1094 1453 monitis
1152 1400 1437 1455 obediret:
1496 1400 1636 1455 unde
1691 1400 1881 1455 iterum
1937 1401 2066 1465 Line,

472 1487 598 1541 vitae
626 1488 825 1541 scilicet
856 1488 1063 1553 activa),
1097 1490 1377 1559 copulatus
1406 1498 1483 1544 est
1514 1489 1581 1545 ad
1612 1490 1749 1544 filios
1787 1507 2071 1560 procrean-

473 1575 571 1629 dos
599 1575 904 1644 spirituales
938 1595 949 1630 :
984 1577 1282 1631 secundum
1327 1578 1638 1634 interiorem
1688 1578 1905 1649 quidem
1962 1580 2070 1633 lio-

472 1662 673 1717 minem
705 1662 762 1717 in
793 1664 982 1735 spiritu
1015 1666 1327 1721 humilitatis
1377 1668 1610 1722 Domino
1660 1668 1918 1734 serviens,
1977 1684 2067 1721 se-

2178 489 2244 543 ad
2274 490 2525 545 victualia
2556 490 2940 560 comparanda,
2964 491 3255 545 secundum
3277 490 3525 545 litteram
3552 490 3833 560 prophe-

2180 585 2246 633 tae
2276 578 2511 633 consiliis
2533 577 2916 647 acquiescens:
2948 604 2969 628 α
2994 579 3059 633 Ει
3100 580 3189 649 qui
3229 579 3594 633 nonhabetis
3616 594 3833 649 argen-

2180 682 2311 743 tum,
2344 675 2541 740 venite,
2574 682 2879 745 properate,
2912 676 3073 730 emite
3093 682 3144 730 et
3171 676 3446 731 comedite
3467 676 3623 741 (Im.
3652 674 3778 731 ιτ).
3803 697 3825 721 ι

2180 765 2312 819 Cum
2374 771 2551 819 autem
2608 763 2956 819 Trecensiuru
3018 764 3288 827 civitatem
3348 764 3521 819 nudis
3573 763 3830 835 pedibus

2176 852 2404 908 fuissent
2432 853 2677 925 ingressi,
2710 854 2887 908 statim
2916 854 2984 908 de
3012 853 3141 923 ipsis
3196 854 3264 909 ad
3316 854 3669 924 episcopum
3739 869 3827 906 ru-

2177 959 2298 997 mor
2324 942 2580 1011 ascendit,
2612 958 2747 1011 quos
2776 941 2844 996 ad
2893 958 2951 997 se
2981 942 3182 998 faciens
3238 942 3543 1008 introduci,
3608 942 3825 995 devote

2176 1040 2303 1094 satis
2332 1039 2452 1094 illos
2479 1038 2791 1110 suscipiens,
2823 1055 3086 1106 amorem,
3137 1055 3296 1109 quem
3350 1040 3616 1094 habebat
3682 1054 3826 1109 erga

2175 1129 2370 1195 Deum,
2406 1128 2457 1182 in
2489 1128 2728 1183 exhibita
2758 1128 2927 1186 servis
2967 1128 3077 1182 suis
3125 1127 3469 1183 humanitate
3530 1137 3821 1182 monstra-

2177 1217 2273 1271 vit.
2343 1215 2586 1286 Denique
2651 1217 2807 1272 novis
2871 1216 3108 1271 vestibus
3169 1217 3502 1289 regulariter
3574 1217 3823 1271 induens

2178 1321 2289 1372 eos,
2320 1321 2442 1360 cum
2472 1306 2734 1377 quadriga
2801 1306 2991 1376 pannis
3017 1314 3071 1360 et
3113 1306 3348 1376 panibus
3397 1314 3649 1360 onerata
3710 1320 3815 1359 re-

2178 1403 2322 1457 misit
2351 1418 2444 1457 cos
2474 1403 2540 1456 ad
2572 1402 2763 1457 fratres
2794 1419 2937 1456 suos.
3000 1403 3113 1458 Hac
3164 1411 3347 1457 autem
3404 1403 3818 1457 benedictione

2178 1508 2285 1547 non
2316 1492 2651 1546 mediocriter
2703 1491 2987 1547 confortati
3038 1492 3244 1557 fratres,
3292 1491 3621 1547 didicerunt
3675 1492 3819 1545 inter

2177 1581 2403 1635 adversa
2433 1580 2695 1652 patientes
2726 1595 2887 1648 esse;
2949 1581 3078 1650 quin
3126 1580 3286 1635 etiam
3348 1595 3381 1634 a
3442 1580 3540 1634 die
3606 1580 3708 1635 illa
3765 1588 3817 1634 et

2177 1669 2431 1740 deinceps
2458 1684 2567 1724 non
2595 1668 2785 1734 defuit,
2816 1669 2906 1738 qui
2935 1668 3014 1723 eis
3042 1676 3148 1724 tam
3200 1669 3256 1724 in
3313 1667 3458 1724 cibis
3517 1685 3701 1739 quam
3760 1669 3813 1722 in

469 1759 703 1814 cundum
736 1761 1055 1818 exteriorem
1088 1780 1215 1819 vero
1263 1765 1389 1819 satis
1444 1774 1657 1820 strenue
1711 1764 2066 1820 ministerium
2096 1753 2149 1813 Β
2180 1758 2418 1814 Vestibus
2448 1758 2749 1812 nece-warm
2777 1757 3128 1813 ministraret-

468 1864 624 1902 suum
655 1849 907 1919 impleas.

541 1977 592 2026 8.
626 1974 684 2028 lu
714 1975 833 2030 loco
865 1976 1045 2047 igitur,
1077 1978 1166 2047 qui
1199 1994 1341 2033 nunc
1388 1978 1621 2033 Colanus
1675 1978 1887 2040 dicitur.
1950 1977 2064 2033 Do-

469 2070 617 2124 mino
647 2072 960 2137 servientes,
995 2072 1047 2126 in
1080 2073 1225 2127 fame
1255 2082 1307 2127 et
1335 2074 1441 2139 siti,
1473 2075 1524 2127 in
1562 2074 1760 2145 frigore
1805 2082 1859 2127 et
1902 2073 2065 2127 nudi-

470 2165 597 2225 tate,
624 2159 925 2229 jejunando
984 2169 1037 2215 et
1093 2162 1319 2230 orando,
1369 2162 1583 2231 pondus
1638 2163 1745 2217 diei
1802 2171 1855 2216 et
1905 2171 2067 2217 restas

468 2257 844 2325 aequanimiter
875 2258 1193 2326 tolerabant,
1223 2261 1551 2314 seminantes
1596 2260 1649 2313 iu
1694 2260 1957 2330 lacrymis,
2008 2267 2067 2313 ut

469 2344 524 2397 in
553 2346 907 2399 exsultatione
935 2363 1116 2400 secum
1149 2348 1215 2401 ad
1267 2349 1608 2402 Dominicum
1659 2347 1913 2402 horreum
1964 2347 2062 2417 ju-

467 2432 625 2485 stitiae
659 2433 965 2502 manipulos
995 2442 1348 2504 reportarent.
1384 2436 1489 2490 Sed
1519 2436 1643 2505 quia
1689 2437 1937 2491 solatium
1986 2442 2066 2491 est

466 2519 686 2583 laboris,
723 2522 857 2576 visio
888 2523 1287 2589 collaborantis,
1332 2526 1421 2593 qui
1468 2525 1753 2579 humilium
1800 2532 1925 2579 vota
1970 2541 2061 2581 re-

465 2618 624 2688 spicit
651 2619 812 2685 Deus,
846 2620 1050 2676 addidit
1079 2630 1138 2676 ut
1164 2623 1543 2693 multiplicaret
1574 2641 1757 2679 servos
1804 2640 1947 2691 suos,
2011 2634 2065 2682 ut

466 2708 521 2760 in
551 2708 701 2763 brevi
733 2708 987 2764 tredecim
1016 2710 1223 2776 fierent,
1257 2721 1309 2767 et
1360 2715 1634 2784 apostolis,
1696 2722 1952 2783 quantum
2009 2714 2063 2768 in

467 2797 599 2868 ipsis
627 2804 759 2863 erat,
814 2799 1088 2854 honestate
1145 2816 1357 2855 morum
1418 2818 1515 2856 nec
1572 2819 1679 2857 non
1735 2811 1785 2858 et
1840 2817 2064 2857 numero

468 2887 876 2941 concordarent.
911 2889 1004 2943 Vir
1033 2897 1210 2945 autem
1231 2891 1447 2946 Domini
1475 2892 1740 2947 Robertus
1759 2908 2063 2964 coagmen-

468 2982 598 3037 tiam
632 2984 1016 3054 locidesirans,
1075 2987 1274 3042 relictis
1330 2988 1406 3042 ibi
1463 2988 1792 3056 custodibus,
1851 3005 2063 3044 assum-

468 3071 573 3142 ptis
624 3072 893 3138 fratribus,
946 3073 1000 3128 in
1042 3076 1327 3146 .quoddam
1385 3094 1594 3144 nemus,
1650 3079 1737 3133 cui
1791 3078 2068 3133 Molismus

466 3175 664 3215 nomen
695 3168 793 3228 est,
818 3163 1036 3217 secessit
1069 3183 1080 3218 :
1116 3165 1206 3219 ubi
1237 3167 1469 3236 propriis
1517 3168 1766 3222 manibus
1815 3166 2059 3223 labamu-

468 3256 562 3314 tes,
593 3265 774 3305 ramos
801 3250 870 3306 de
899 3252 1184 3307 arboribus
1212 3255 1544 3322 exciderunt,
1590 3272 1658 3310 ex
1704 3255 1907 3310 eisdem
1956 3256 2060 3311 do-

464 3346 667 3401 micilia
696 3347 748 3401 in
796 3349 989 3418 quibus
1050 3358 1266 3421 possent
1323 3353 1617 3422 quiescere,
1674 3361 2059 3418 construentes,

465 3435 759 3490 oratorium
790 3451 1006 3506 quoque
1060 3439 1221 3494 simili
1277 3442 1548 3497 schemate
1603 3449 1945 3515 peregerunt,
2004 3441 2060 3496 in

465 3538 571 3592 quo
601 3524 836 3579 Domino
868 3526 1175 3596 frequenter
1220 3530 1478 3584 salutares
1534 3531 1734 3585 hostias
1773 3537 1826 3586 et
1861 3530 2060 3586 sacriﬁ-

466 3617 608 3671 cium
640 3619 851 3673 contriti
881 3620 1100 3691 spiritus
1146 3622 1487 3690 offerebant;
1539 3625 1628 3694 qui
1682 3642 1802 3680 cum
1860 3642 2056 3696 panem

463 3720 574 3760 non
604 3706 882 3775 haberent,
916 3724 1022 3777 quo
1055 3718 1177 3780 post
1204 3712 1511 3766 diuturnum
1544 3712 1783 3768 laborem
1832 3731 2059 3785 corpora

469 3802 689 3865 possent
713 3795 957 3861 reticere,
1004 3799 1375 3853 tantummodo
1432 3800 1794 3871 leguminibus
1839 3804 2060 3857 uteban-

469 3891 578 3937 tur.
609 3884 848 3955 Contigit
874 3893 1052 3940 autem
1084 3887 1402 3943 Trecensem
1444 3890 1753 3960 episcopum
1801 3892 1916 3961 (10)
1964 3908 2062 3963 per

471 4001 661 4039 nemus
688 3986 839 4054 illud,
871 3987 926 4041 in
958 4003 1064 4057 quo
1096 3986 1193 4042 Dei
1234 3988 1481 4044 homines
1540 3989 1595 4043 in
1649 4006 1861 4045 summa
1914 4006 2057 4059 pau-

471 4081 674 4143 pertate
703 4081 754 4129 et
782 4076 1082 4130 humilitate
1106 4076 1338 4132 Domino
1367 4076 1690 4145 serviebant,
1728 4077 1830 4133 iter
1874 4095 2055 4151 agere,

472 4169 523 4216 et
551 4162 619 4216 ad
648 4163 824 4219 locum
855 4165 1006 4219 illum
1062 4164 1373 4220 refectionis
1426 4168 1558 4222 hora
1605 4184 1728 4222 cum
1786 4168 2058 4223 sociorum

468 4258 769 4329 frequentia
799 4262 1104 4332 pervenire.
1146 4262 1296 4332 Quos
1342 4264 1441 4318 viri
1490 4265 1587 4318 Dei
1634 4266 1829 4322 devote
1884 4265 2056 4320 susci-

468 4347 696 4416 pientes,
748 4350 1150 4419 quodammodo
1226 4352 1713 4419 confundebantur,
1774 4354 1899 4424 quia
1948 4370 2059 4408 non

2252 1887 2303 1937 9.
2338 1883 2471 1937 Cum
2494 1890 2672 1937 autem
2705 1882 2758 1936 in
2788 1882 2884 1937 Dei
2919 1882 3136 1937 servitio
3188 1883 3653 1936 constantissime
3688 1899 3813 1954 per-

2177 1970 2448 2038 durarent,
2486 1970 2635 2026 multi
2668 1971 2960 2026 veniebant
2987 1971 3054 2025 ad
3088 1972 3225 2037 illos,
3267 1971 3537 2026 saeculum
3597 1971 3814 2043 fugiet»

2177 2069 2273 2130 tes,
2308 2068 2358 2116 et
2388 2061 2592 2130 rejecta
2648 2060 2834 2114 mundi
2895 2060 3106 2115 sarcina
3160 2060 3400 2115 cervices
3461 2077 3605 2114 suas
3658 2061 3809 2115 suavi

2171 2159 2306 2231 jugo
2338 2157 2553 2212 Domini
2584 2157 2985 2228 supponebant.
3018 2157 3249 2226 Quidam
3282 2174 3411 2214 vero
3447 2157 3524 2213 de
3577 2159 3805 2213 remotis

2174 2246 2417 2317 partibus
2447 2248 2523 2302 eis
2555 2247 2853 2302 necessaria
2882 2246 3333 2316 transmittebant,
3368 2256 3426 2301 ut
3480 2248 3799 2302 mercedem

2169 2336 2297 2407 justi
2328 2335 2649 2406 reciperent,
2674 2353 2794 2390 cum
2837 2335 2997 2405 justis
3028 2336 3306 2406 prresentis
3364 2336 3500 2390 vita:
3556 2353 3803 2392 necessa-

2172 2424 2251 2479 ria
2281 2423 2662 2479 ministrarent.
2698 2424 2805 2480 Sed
2838 2425 2965 2496 quia
3018 2424 3334 2495 plerumque
3384 2440 3577 2479 rerum
3642 2427 3800 2497 cepis

2173 2540 2383 2578 morum
2416 2522 2612 2594 ingerit
2642 2530 2959 2594 egestatem,
2991 2540 3112 2577 cum
3163 2522 3451 2593 cmpisscnt
3509 2523 3799 2579 abundare

2173 2611 2574 2683 temporalibus,
2635 2620 2913 2681 coeperunt
2966 2611 3329 2683 spiritualibus
3402 2613 3665 2679 vacuari,
3743 2622 3797 2666 nt

2172 2716 2356 2755 eorum
2388 2699 2638 2770 iniquitas
2667 2700 2884 2770 prodire
2914 2701 3062 2771 quasi
3121 2717 3187 2755 ex
3246 2699 3406 2772 adipe
3468 2700 3785 2755 videretur.

2172 2800 2362 2853 Beatus
2392 2806 2568 2853 autem
2602 2798 2890 2863 Robertus,
2944 2815 3035 2853 cor
3088 2816 3242 2853 suum
3292 2797 3500 2855 divitiis
3568 2797 3795 2853 afﬂuen-

2172 2886 2311 2942 tibus
2337 2903 2445 2942 non
2474 2902 2771 2958 apponens,
2806 2887 2981 2959 magis
3010 2903 3073 2942 ac
3101 2888 3277 2959 magis
3304 2887 3359 2941 in
3410 2888 3593 2941 Deum
3656 2903 3791 2959 pro-

2170 2974 2328 3031 ﬁcere
2360 2976 2670 3042 conabatur,
2706 2983 2757 3030 et
2795 2975 3088 3030 secundum
3138 2975 3378 3030 instituta
3424 2975 3490 3030 S.
3562 2977 3794 3031 Benedi-

2174 3065 2241 3119 cti
2267 3066 2410 3135 juste
2439 3072 2491 3119 et
2519 3064 2606 3134 pie
2639 3072 2691 3120 et
2718 3064 2897 3119 sobrie
2939 3065 3264 3120 conversari.
3320 3062 3481 3133 Quod
3533 3065 3791 3121 videntes

2171 3160 2264 3215 ﬁlii
2296 3161 2481 3225 Belial,
2513 3162 2569 3216 in
2596 3162 2770 3216 virum
2801 3162 2899 3216 Dei
2949 3163 3197 3217 atrociter
3250 3162 3634 3233 insurgebant.
3696 3164 3790 3234 ip-

2168 3266 2287 3305 sum
2317 3250 2385 3304 ad
2414 3250 2827 3306 amaritudinem
2859 3258 3236 3320 provocantes,
3270 3257 3325 3304 et
3346 3250 3481 3319 justi
3533 3251 3783 3306 animam

2169 3340 2365 3410 iniquis
2394 3339 2647 3410 operibus
2672 3339 2987 3395 cruciantes.
3018 3340 3132 3395 Nec
3178 3352 3228 3394 te
3284 3346 3523 3403 moveat,
3578 3341 3779 3407 lector,

2170 3428 2388 3498 quodin
2419 3428 2511 3483 illa
2538 3436 2720 3483 sancta
2776 3429 3199 3501 congregatione
3254 3428 3434 3484 locum
3495 3427 3605 3482 sibi
3668 3430 3779 3483 vin-

2168 3526 2308 3582 dicet
2337 3524 2605 3596 iniquitas,
2640 3542 2760 3581 eum
2810 3526 3082 3597 superbia,
3132 3526 3351 3582 natione
3403 3526 3615 3581 cmlesti
3673 3544 3779 3583 ca:-

2166 3613 2327 3670 lestes
2358 3620 2564 3668 mentes
2591 3629 2870 3679 revocans,
2904 3614 2973 3669 ad
3000 3616 3249 3686 prOprios
3286 3622 3454 3683 ortus,
3505 3616 3776 3685 invadat;

2166 3710 2219 3757 et
2246 3702 2301 3755 in
2330 3702 2510 3758 cinere
2538 3709 2592 3756 et
2618 3701 2794 3759 cilicio
2816 3704 2996 3768 lateat,
3030 3719 3149 3773 qua:
3171 3720 3436 3775 apparere
3466 3704 3523 3758 in
3549 3722 3773 3778 magno,

2166 3791 2221 3846 in
2250 3792 2409 3862 bysso
2438 3798 2490 3846 et
2546 3808 2780 3862 purpura
2834 3794 3134 3848 consuevit.
3189 3794 3439 3863 Denique
3492 3794 3770 3867 Scriptura

2166 3887 2299 3935 teste
2328 3879 2615 3935 didicimus
2642 3881 2787 3950 quia,
2818 3897 2940 3936 cum
2996 3901 3019 3931 ι
3081 3881 3313 3950 quadam
3368 3884 3461 3937 die
3518 3884 3619 3937 ﬁlii
3675 3886 3767 3939 Dei

2166 3977 2438 4032 venissent
2465 3985 2524 4031 ut
2569 3979 2875 4033 assisterent
2912 3993 3093 4033 coram
3133 3978 3387 4041 Domino,
3433 3979 3612 4034 adfuit
3641 3980 3771 4034 inter

2168 4080 2261 4120 ens
2290 4065 2452 4120 etiam
2486 4066 2649 4121 Satan
2681 4068 2798 4133 (Job
2827 4068 2868 4135 ι)
2903 4082 2916 4133 ;
2952 4088 2975 4114 ιι
3011 4068 3089 4121 sic
3116 4067 3185 4122 ab
3235 4068 3389 4122 initio
3444 4083 3559 4122 non
3607 4068 3761 4121 defuit

2167 4154 2221 4207 in
2254 4155 2493 4214 Ecclesia
2517 4154 2715 4224 justus,
2746 4156 2836 4225 qui
2867 4154 3166 4227 proliceret,
3198 4165 3252 4211 et
3278 4156 3486 4227 impius
3510 4157 3604 4226 qui
3648 4171 3759 4227 pro-

2166 4242 2339 4297 baret.

2242 4353 2328 4405 10.
2366 4350 2563 4404 Videns
2594 4359 2771 4406 autem
2826 4352 2911 4407 vir
2962 4352 3060 4407 Dei
3117 4352 3259 4421 quod
3314 4352 3371 4405 in
3425 4353 3765 4425 corripiendo

470 4437 743 4493 habebant
774 4439 917 4508 quod
945 4440 1226 4495 refecturis
1283 4450 1616 4513 apponerent
1647 4456 1661 4511 ;
1720 4443 1774 4496 in
1830 4458 2056 4513 quorum
2086 4466 2140 4527 D
2170 4455 2262 4494 eos
2293 4456 2403 4494 non
2431 4438 2717 4509 proﬁceret
2745 4448 2798 4495 et
2825 4442 2989 4511 quod,
3020 4442 3317 4510 disciplinas
3346 4443 3619 4513 regularis
3662 4444 3763 4497 (ὡς

470 4533 770 4589 humilitate
801 4543 853 4590 et
883 4546 1194 4608 paupertate
1224 4555 1332 4595 non
1379 4538 1725 4596 mediocriter
1769 4541 2060 4598 aedificatus

472 4622 756 4693 episcopus
776 4631 830 4678 et
857 4635 1227 4696 compunctus,
1262 4628 1513 4683 valefecit
1540 4636 1593 4683 et
1637 4632 1871 4685 recessit.
1923 4632 2057 4687 Pro-

470 4710 693 4767 cedente
722 4728 849 4767 vero
880 4721 1141 4783 tempore,
1173 4732 1292 4770 cum
1316 4733 1421 4771 non
1454 4718 1713 4773 haberent
1740 4720 1880 4774 unde
1926 4736 2056 4791 pos-

467 4816 586 4863 sent
613 4810 799 4865 fratres
829 4809 915 4865 vel
945 4811 1013 4865 ad
1042 4811 1313 4867 modicum
1344 4816 1648 4881 sustentari,
1692 4816 1758 4871 ad
1816 4817 1880 4871 Β.
1954 4815 2057 4871 Ro-

466 4895 604 4951 berti
633 4898 914 4953 consilium
955 4900 1331 4971 confugerunt.
1393 4902 1515 4974 Ipse
1571 4920 1721 4973 vero,
1778 4905 1867 4974 qui
1923 4918 2057 4959 nun-

467 5002 629 5055 quam
660 4988 835 5059 posuit
863 5004 1050 5043 aurum
1079 4989 1246 5044 robur
1271 5007 1449 5060 suum,
1500 5010 1600 5048 nec
1646 4993 1828 5048 obrizo
1875 4993 2011 5048 dixit
2038 5011 2050 5046 :

473 5108 494 5133 «ε
520 5085 739 5141 Fiducia
759 5103 879 5142 mea
902 5087 1037 5155 (Job.
1064 5090 1245 5158 XXXI),
1271 5112 1292 5138 η
1321 5090 1503 5146 docuit
1522 5091 1642 5146 illos
1660 5107 1860 5161 ponere
1882 5093 1934 5146 in
1956 5093 2056 5147 Do-

466 5174 613 5227 mino
632 5176 748 5230 Deo
780 5191 933 5246 spem
963 5193 1135 5243 suam,
1169 5178 1343 5233 sciens
1371 5180 1497 5249 quia
1525 5196 1633 5235 non
1661 5182 1856 5237 sineret
1912 5181 2056 5236 Deus

467 5268 664 5324 diutius
683 5271 847 5344 afﬂigi
871 5273 1014 5329 fame
1038 5274 1276 5330 animam
1292 5274 1443 5344 justi.
1468 5276 1602 5332 Cum
1625 5277 1788 5350 igitur
1824 5278 2054 5350 pretium

536 5457 648 5525 (10)
672 5456 972 5540 Everardus
1013 5461 1376 5540 dehAvesnis,
1411 5464 1691 5521 Treceusis
1747 5466 2052 5540 episc0pus,

466 5528 533 5581 ab
564 5541 706 5580 anno
739 5529 873 5580 H72
905 5530 972 5580 ad
1004 5533 1167 5585 1190.

538 5599 650 5661 (ll)
683 5597 890 5648 Distant
917 5600 1099 5653 Trecae
1129 5618 1159 5654 a
1180 5604 1427 5659 Molismo
1470 5607 1752 5661 intervallo
1795 5609 2057 5665 duntaxat

466 5666 736 5746 leucarum
764 5668 819 5746 ξι
852 5671 909 5717 ut
937 5682 1042 5746 non
1072 5669 1265 5746 mirum
1294 5675 1361 5726 sit
1413 5676 1538 5746 illuc
1593 5679 1770 5746 potius
1825 5681 2055 5736 destina-

467 5700 736 5720 ιςυωιωιι
766 5700 797 5716 υ
855 5700 909 5717 un
937 5700 1042 5719 uuu
1072 5700 1265 5723 nulum
1294 5700 1361 5726 δη
1413 5700 1538 5731 quc
1593 5700 1770 5746 potius
1825 5700 2054 5736 uesuna—

467 5738 549 5789 tos
575 5746 737 5803 quam
763 5700 1052 5805 Lingonas,
1084 5736 1153 5791 ad
1208 5746 1435 5806 quorum
1489 5740 1765 5801 dioecesim
1823 5746 2054 5823 pertint};

2168 4528 2473 4584 servatione
2501 4529 2818 4599 postposita,
2852 4531 3214 4599 unusquisque
3261 4538 3385 4600 post
3441 4532 3762 4600 pravitatem

2165 4617 2342 4673 cordis
2390 4618 2471 4671 sui
2527 4618 2846 4684 ambularet,
2905 4619 3083 4673 statuit
3138 4618 3258 4673 illos
3311 4619 3640 4689 relinquere,
3698 4637 3764 4676 ne

2165 4715 2293 4767 dum
2327 4714 2379 4767 in
2422 4714 2500 4769 eis
2536 4715 2727 4769 frustra
2768 4723 3027 4784 qamreret
3072 4716 3347 4786 spirituale
3387 4718 3619 4781 lucrum,
3651 4719 3763 4786 ipse

2166 4804 2362 4859 animae
2391 4819 2501 4857 suae
2534 4803 2733 4858 faceret
2779 4804 3176 4859 detrimentum.
3228 4805 3359 4861 Orta
3406 4806 3575 4877 igitur
3628 4807 3767 4861 inter

2165 4908 2258 4947 eos
2287 4891 2575 4958 discordia,
2606 4891 2826 4947 recessit
2872 4891 2940 4947 ab
2994 4893 3073 4947 eis
3126 4894 3377 4963 venitque
3432 4894 3500 4949 ad
3560 4895 3761 4961 locum,

2165 4988 2254 5059 qui
2284 4997 2508 5045 vocatur
2537 4993 2736 5044 Aurum
2782 4990 2915 5062 (l2),
2970 4990 3023 5044 in
3066 5007 3170 5060 quo
3226 4992 3466 5047 audierat
3514 4994 3761 5049 habitare

2165 5078 2375 5147 fratres,
2435 5079 2490 5133 in
2547 5079 2736 5151 spiritu
2795 5078 3109 5135 humilitatis
3155 5080 3386 5136 Domino
3440 5082 3758 5137 servientes.

2163 5166 2243 5220 Ad
2273 5184 2410 5237 quos
2435 5185 2558 5222 cum
2588 5168 2838 5235 venisset,
2863 5168 3057 5223 devote
3096 5177 3371 5240 susceptus
3397 5178 3475 5223 est
3532 5170 3605 5223 ab
3663 5171 3757 5238 eis,

2163 5261 2408 5333 vixitque
2440 5263 2753 5334 aliquandiu
2790 5264 2928 5319 inter
2955 5279 3048 5320 eos
3075 5264 3326 5320 laborans
3371 5266 3608 5337 propriis
3656 5285 3763 5323 ma-

2163 5467 2312 5533 bant,
2346 5465 2512 5537 duplo
2544 5465 2735 5535 majori
2765 5466 2939 5537 spatio
2970 5465 3202 5523 dissitos.

2236 5540 2601 5613 (iitdut‘ttnl,
2636 5538 2869 5613 vicinum
2901 5540 3148 5613 lilolismo
3191 5539 3611 5613 monasterium,
3673 5560 3761 5613 ap-

2163 5611 2327 5677 pellat
2359 5610 2635 5676 Manrique
2670 5625 2682 5661 :
2717 5610 2833 5678 ejus
2864 5610 2991 5664 alibi
3041 5610 3295 5663 indicium
3351 5611 3553 5663 nullum
3616 5610 3755 5664 ἰηιοῖη

2164 5680 2359 5753 nimus,
2393 5696 2464 5733 ex
2495 5696 2600 5753 quo
2627 5679 2695 5732 de
2736 5682 2843 5753 situ
2899 5688 2989 5753 aut
3041 5682 3308 5753 praeterito
3359 5679 3755 5753 subsecutoque

2163 5747 2268 5806 loci
2296 5755 2435 5805 statu
2463 5750 2757 5821 quidquam
2788 5747 3173 5823 intelligath
