3972 6076
218 328 361 385 12⁸77

1776 319 1956 377 VITA.

3378 327 3514 381 1278

219 453 405 518 nibus,
434 460 493 506 ut
521 451 768 517 haberet,
810 451 954 506 unde
992 452 1260 505 tribueret
1298 449 1675 504 necessitatem
1707 462 1810 518 pa-
1840 448 1895 507 Α
1926 448 2121 518 spiritu
2154 449 2446 519 ferventes,
2490 458 2543 505 et
2581 450 2991 524 infatigabiliter
3020 451 3107 504 die
3139 467 3199 506 ac
3231 460 3386 505 nocte
3418 454 3517 503 U0-

220 541 407 596 tienti.
448 540 661 611 Vigiliis
689 548 869 594 autem
902 548 955 595 et
1008 539 1341 595 orationibus
1371 538 1708 593 incessanter
1736 537 1815 590 in-

223 629 442 694 sistens,
478 628 887 701 infatigabiliter
917 628 1149 683 Domino
1179 628 1448 682 serviebat
1482 646 1494 682 :
1528 635 1727 682 etcum
1758 625 1813 679 in

227 728 518 782 sanctitate
575 735 804 782 cunctos
860 726 1199 789 excelleret;
1242 726 1494 781 omnibus
1547 724 1811 791 serviens,

226 816 471 870 omnium
528 831 587 869 se
628 812 911 869 minimum
971 817 1286 886 reputabat.
1326 816 1480 870 Unde
1511 828 1616 868 non
1650 812 1815 866 multo

222 911 349 975 post
378 903 448 958 ab
478 904 559 958 eis
589 909 795 959 electus
825 909 910 959 est
938 903 993 958 in
1019 904 1290 969 abbatem,
1350 902 1546 974 quibus
1574 916 1816 972 praeesse

226 993 434 1048 curavit
463 992 519 1047 in
547 993 696 1048 omni
734 993 1023 1058 modestia,
1080 992 1312 1047 infirmis
1367 1007 1551 1047 curam
1600 991 1818 1060 impen-

224 1092 384 1157 dens,
417 1102 470 1147 et
499 1109 662 1149 sanos
693 1093 903 1159 fovens,
935 1109 1044 1148 non
1065 1093 1219 1164 quasi
1257 1092 1547 1148 dominans
1566 1090 1620 1145 in
1641 1089 1814 1155 clero,

229 1182 327 1236 sed
358 1180 534 1236 forma
564 1183 757 1255 gregis
784 1183 956 1237 factus
987 1198 1052 1237 ex
1082 1182 1283 1237 animo.

298 1271 384 1324 11.
434 1271 820 1326 Molismenses
878 1279 1063 1327 autem
1105 1270 1425 1341 poenitentia
1462 1268 1630 1333 ducti,
1672 1267 1819 1338 quod

226 1358 398 1412 virum
432 1359 531 1413 Dei
580 1359 957 1424 offendissent,
1000 1368 1053 1414 et
1106 1375 1138 1414 a
1176 1375 1236 1414 se
1285 1356 1686 1428 quodammodo
1723 1371 1820 1426 per

226 1456 661 1512 inobedientiam
695 1458 1047 1528 expulissent,
1112 1457 1337 1523 ruinam
1387 1458 1541 1510 suam
1597 1464 1707 1507 tam
1765 1453 1821 1506 in

223 1544 477 1598 mOt‘lbUS
508 1559 669 1616 quam
698 1546 753 1599 in
784 1546 1229 1615 possessionibus
1251 1545 1412 1599 anxie
1431 1544 1817 1613 deplorabant:

225 1636 280 1683 et
308 1628 364 1682 in
395 1643 527 1683 casu
559 1645 660 1684 suo
690 1630 899 1699 experti
930 1638 1074 1695 sunt,
1125 1631 1268 1701 quod
1298 1630 1359 1684 B.
1393 1628 1615 1684 Roberti
1646 1627 1819 1682 tueri-

224 1715 296 1767 tis
324 1712 431 1765 illis
466 1713 729 1768 Dominus
774 1714 1159 1768 abundantiam
1216 1714 1379 1768 etiam
1437 1712 1818 1783 temporalium

1920 538 2069 592 mino
2110 539 2435 594 servientes.
2486 540 2733 595 Audiens
2765 549 2951 595 autern
2983 542 3038 595 Β.
3084 540 3355 593 ltobert'is
3391 557 3514 593 aon-

1921 634 2063 681 ctam
2120 628 2358 698 ipsorum
2427 630 2925 695 conversationem,
2976 629 3270 698 assumptis
3331 645 3512 683 secum

1922 715 2124 787 viginti
2152 725 2203 770 et
2235 718 2448 772 duobus
2480 717 2756 781 fratribus,
2784 720 3024 788 perrexit
3055 718 3123 772 ad
3155 734 3267 777 eos,
3294 725 3349 769 ut
3380 733 3510 770 san-

1922 803 1994 858 cti
2034 819 2220 858 eorum
2291 806 2553 876 propositi
2623 816 2768 861 esset
2811 807 3084 877 particeps
3107 815 3158 859 et
3190 806 3407 871 adiutor
3441 821 3453 858 :
3488 821 3520 859 a

1923 892 2121 963 quibus
2152 910 2362 947 summa
2420 910 2541 948 cum
2608 894 2898 949 devotione
2955 902 3267 965 susceptus,
3311 895 3519 947 eisdem

1922 980 2243 1050 aliquandiu
2271 991 2498 1051 paterna
2527 983 2899 1038 sollicitudino
2928 983 3163 1054 praefuit,
3196 982 3519 1051 regulariter

1923 1068 2165 1138 ipsorum
2197 1070 2359 1124 vitam
2391 1078 2447 1124 et
2498 1087 2681 1125 mores
2714 1072 3023 1135 instituens,
3084 1082 3136 1126 et
3167 1071 3517 1140 semetipsum

1924 1157 2213 1226 religionis
2268 1167 2321 1213 et
2358 1160 2657 1214 honestatis
2706 1160 2932 1215 formam
2966 1162 3231 1215 exhibens
3263 1171 3313 1212 et
3337 1176 3523 1213 exeni-

1922 1246 2093 1317 plum.

1998 1345 2083 1399 12.
2113 1344 2488 1400 Molismenses
2516 1355 2719 1410 autem,
2778 1364 2925 1419 aegre
2960 1348 3193 1401 ferentes
3226 1364 3283 1400 se
3315 1364 3341 1398 a
3376 1354 3521 1400 tanto

1923 1441 2138 1502 pastore
2167 1434 2408 1501 destitui,
2452 1452 2724 1490 summum
2758 1434 3064 1506 pontiﬁcem
3095 1436 3205 1506 (t7)
3243 1436 3513 1502 adierunt,

1925 1538 1981 1582 ut
2012 1530 2091 1583 vir
2116 1531 2333 1585 Domini
2366 1533 2421 1586 Β.
2455 1532 2728 1588 Robertus
2779 1533 2846 1587 ad
2878 1533 3178 1589 Ecclesiam
3213 1533 3523 1587 Molismen-

1924 1641 2061 1691 sem,
2139 1644 2302 1699 quam
2342 1630 2488 1699 prius
2528 1630 2875 1693 fundaverat,
2933 1630 3149 1699 regredi
3207 1639 3519 1700 cogeretur.

1927 1715 2183 1770 Summus
2221 1733 2349 1771 vero
2398 1718 2636 1789 pontifex
2671 1720 2900 1774 audiens
2932 1719 3201 1774 novellam
3236 1719 3523 1787 plantatio-

226 1811 540 1865 tribuisset.
582 1811 720 1866 Inito
759 1829 895 1884 ergo
927 1812 1115 1867 salutis
1145 1813 1372 1868 consilio
1394 1827 1661 1866 summum
1687 1826 1822 1880 pon-
1848 1794 1901 1859 B
1932 1828 2057 1867 nem
2098 1813 2543 1869 Cisterciensium
2588 1816 2640 1867 in
2681 1814 2895 1869 Christo
2937 1815 3169 1869 ﬁrmiter
3199 1815 3521 1880 radicatam,

227 1900 427 1954 titicem
457 1901 730 1966 adierunt,
798 1903 953 1970 cujus
983 1902 1302 1957 auctoritate
1340 1902 1479 1965 freti,
1514 1900 1684 1955 virum
1718 1899 1815 1954 Dei

223 2004 564 2044 revocavere
595 1990 925 2055 Molismum,
959 1991 1050 2044 ubi
1072 1991 1296 2059 jejuniis
1317 1998 1364 2046 et
1385 1988 1721 2045 orationibus
1741 1987 1815 2041 in-

224 2086 510 2133 sessanter
566 2079 825 2144 intentus,
897 2080 1246 2135 aemulatione
1300 2079 1402 2134 Dei
1458 2077 1817 2133 aemulabatur

224 2174 505 2243 subjectos
535 2174 660 2241 sibi,
703 2184 760 2230 ut
799 2177 853 2230 in
888 2176 1040 2231 brevi
1080 2176 1487 2231 observantiam
1544 2176 1625 2230 eis
1653 2173 1817 2228 disci-

230 2264 396 2335 plinae
423 2266 739 2320 monasticte
771 2265 1114 2320 reformaret.
1174 2267 1340 2320 Erant
1364 2274 1543 2320 autem
1573 2263 1716 2318 inter
1744 2262 1815 2317 il-

226 2352 310 2408 los
345 2361 579 2424 quatuor
608 2353 710 2409 viri
742 2353 934 2425 spiritu
994 2355 1262 2422 fortiores,
1296 2354 1500 2409 scilicet
1530 2352 1814 2408 Albericus

230 2442 344 2512 (13)
375 2451 428 2496 et
459 2443 767 2512 Stephanus
824 2453 877 2498 et
932 2443 1023 2497 alii
1080 2444 1206 2508 duo,
1240 2443 1330 2514 qui
1360 2452 1479 2513 post
1510 2440 1817 2498 claustralis

232 2531 480 2585 exercitii
512 2531 819 2586 rudimenta
872 2533 940 2586 ad
993 2532 1267 2603 singulare
1324 2544 1595 2587 certamen
1648 2530 1817 2585 eremi

232 2620 600 2689 suSpirabant.
636 2620 861 2690 Egressi
915 2622 1083 2690 igitur
1137 2622 1205 2675 de
1264 2620 1593 2675 monasterio
1625 2619 1815 2674 idolis-

232 2707 432 2773 mensi,
465 2718 730 2763 venerunt
758 2710 825 2763 ad
854 2710 1054 2773 locum,
1088 2710 1175 2764 cui
1224 2710 1445 2764 Vinicus
1474 2709 1587 2779 (1-1)
1619 2723 1817 2762 nomen

233 2805 317 2852 est
351 2815 365 2863 ;
399 2813 561 2868 quem
592 2814 713 2852 cum
747 2797 1023 2869 aliquanto
1053 2807 1294 2868 tempore
1348 2797 1717 2861 incoluissent,
1750 2796 1820 2849 ad

229 2894 537 2948 instantiam
579 2895 1003 2951 Molismensium
1034 2912 1066 2950 a
1125 2895 1243 2951 viro
1301 2895 1602 2950 venerabili
1655 2896 1819 2951 Joce-

230 2998 420 3038 ramno
450 2985 563 3054 (15)
608 2984 938 3054 Lingonensi
996 2984 1276 3056 episcOpo,
1317 2984 1421 3038 nisi
1460 2991 1819 3040 reverteren-

228 3091 318 3137 tur
346 3084 481 3155 (16),
512 3085 1063 3141 excommunicationi
1096 3085 1422 3140 sententiam
1444 3093 1817 3155 susceperunt.

1924 1902 2145 1971 gavisus
2175 1912 2258 1957 est
2315 1902 2495 1967 valde,
2535 1912 2819 1974 comperto
2849 1905 2989 1973 quod
3046 1904 3098 1956 in
3125 1904 3271 1958 omni
3306 1919 3516 1957 morum

1924 2000 2211 2055 honestate
2261 2000 2544 2071 pollerent,
2588 2010 2641 2055 et
2697 2001 2842 2072 quod
2890 2002 2946 2055 Β.
3017 2000 3235 2056 Roberti
3276 2000 3523 2069 exempla

1926 2087 2142 2144 formati
2170 2090 2232 2144 S.
2301 2089 2579 2145 Benedicti
2631 2088 2895 2161 Regulam
2928 2089 3229 2143 ferventius
3260 2093 3516 2143 observa-

1925 2186 2070 2231 rent.
2126 2178 2324 2232 Videns
2353 2186 2530 2232 autem
2567 2178 2712 2248 quod
2772 2178 3216 2232 Molismensibus
3274 2175 3523 2229 immine-

1926 2275 2011 2321 ret
2042 2266 2331 2330 excidium,
2374 2266 2420 2320 si
2478 2266 2578 2319 viri
2623 2267 2721 2320 Dei
2774 2267 3067 2335 praesentia
3122 2265 3521 2328 fraudarentur,

1926 2354 2145 2423 scripsit
2203 2356 2462 2425 episcOpo
2509 2356 2620 2421 (18)
2690 2354 3039 2409 Cabilonensi
3085 2362 3370 2423 quatenus.
3414 2351 3522 2405 alio

1925 2443 2121 2498 abbate
2176 2443 2629 2498 Cisterciensibus
2686 2443 2958 2507 ordinato,
3005 2444 3065 2495 Β.
3106 2442 3403 2498 Robertum
3434 2457 3524 2496 co-

1925 2541 2082 2603 geret
2112 2532 2317 2586 reverti
2348 2530 2679 2586 Molismum.
2706 2529 2828 2598 Quo
2859 2540 3159 2601 comperto,
3221 2531 3281 2584 B.
3315 2530 3522 2584 Rober-

1927 2637 2035 2692 tur,
2070 2628 2248 2683 sciens
2276 2629 2409 2699 quia
2434 2652 2456 2675 α
2483 2629 2676 2683 melior
2696 2629 3102 2683 estobedicntia
3119 2644 3283 2698 quam
3306 2627 3521 2682 victima

1927 2718 1978 2775 (Ι
1995 2720 2122 2787 Reg.
2147 2723 2257 2784 xv),
2294 2742 2315 2763 ιι
2378 2727 2431 2771 et
2460 2719 2604 2788 quod
2646 2741 2667 2766 ‹‹
2704 2717 2857 2787 quasi
2892 2716 3077 2771 scelus
3113 2740 3135 2765 io
3172 2728 3251 2770 est
3291 2740 3310 2761 η
3348 2717 3523 2770 idolo-

1929 2810 2102 2867 latriae
2132 2811 2274 2865 nolle
2312 2812 2631 2879 acquiscere
2663 2810 2869 2879 (ibid.i,
2932 2833 2953 2856 η
2990 2809 3265 2878 dispositis
3296 2809 3519 2871 ibidem,

1930 2916 2052 2969 quas
2081 2900 2148 2952 ad
2181 2914 2337 2954 novre
2357 2898 2710 2953 institutionis
2739 2898 3145 2953 observantiam
3160 2897 3518 2966 pertinebant,

1930 2988 2185 3041 abbatem
2207 2992 2322 3059 t19}
2340 2987 2418 3043 eis
2440 2986 2681 3057 prmfccit
2704 2988 3014 3041 virum‘Deo
3038 2986 3284 3056 dignum,
3306 2986 3524 3039 nomine

1931 3085 2384 3156 Albericum,qui
2401 3084 2495 3138 fuit
2516 3102 2655 3139 unus
2677 3085 2744 3138 de
2766 3085 2952 3153 primis
2967 3084 3243 3139 monachis
3268 3084 3524 3139 Ecclesia:

230 3179 516 3250 Compulsi
545 3197 681 3253 ergo
737 3181 1019 3252 praefatum
1066 3182 1250 3237 locum
1288 3182 1621 3254 relinquere,
1654 3198 1818 3238 vene-
1848 3152 1898 3217 Ο
1930 3175 2292 3230 Molismensis
2326 3192 2340 3227 :
2374 3174 2562 3242 sicque
2618 3174 2875 3228 omnibus
2907 3173 3202 3227 salubriter
3229 3173 3520 3237 ordinatis,

230 3286 358 3331 runt
405 3277 474 3332 ad
506 3278 800 3348 quamdam
858 3276 1069 3342 silvam,
1128 3278 1448 3332 Cistercium
1505 3278 1576 3332 ab
1628 3277 1821 3332 incolis

230 3374 620 3436 nuncupatam,
664 3366 753 3420 ubi
790 3365 845 3419 in
880 3366 1145 3421 honorem
1198 3366 1372 3421 beata:
1404 3366 1501 3420 Dei
1531 3365 1822 3421 Genitricis

233 3455 420 3510 Marias
448 3454 739 3510 oratorium
770 3463 1171 3518 construentes,
1221 3470 1324 3510 nec
1351 3454 1537 3518 minis,
1568 3470 1672 3509 nec
1701 3470 1825 3524 pre-

235 3544 392 3599 cibus
430 3559 463 3598 a
491 3559 590 3599 suo
621 3542 883 3615 deinceps
910 3551 1205 3614 potuerunt
1232 3544 1513 3614 proposito
1558 3543 1821 3612 revocari,

306 3730 422 3800 (13)
453 3728 744 3800 Albericus
769 3731 836 3784 26
883 3727 1141 3800 Januarii,
1192 3727 1498 3800 stephanus
1530 3730 1596 3780 17
1626 3727 1827 3800 Aprilis

235 3797 507 3867 coluntur,
567 3798 786 3870 quando
846 3798 1359 3870 utriugsqueAVitam
1389 3797 1823 3870 illustravimus:

235 3873 326 3926 alii
355 3873 462 3927 duo
489 3868 839 3926 nominantur
864 3870 934 3922 ab
966 3868 1231 3924 Orderico
1244 3869 1403 3923 Vitali
1434 3883 1565 3923 mox
1587 3868 1824 3935 citando,

234 3943 478 3998 Joannes
508 3952 559 3997 et
592 3940 883 3995 Hilbodus.

311 4017 424 4083 (14)
473 4014 756 4083 Maurique
824 4011 1049 4067 Unicum
1089 4011 1280 4067 scribit
1322 4027 1336 4064 :
1398 4011 1581 4066 Codex
1640 4012 1830 4068 Ultra-

232 4085 471 4156 jectinus
504 4084 808 4141 Viviticum.
866 4084 1123 4139 Neutrius
1152 4083 1535 4155 appellationis
1564 4092 1691 4138 nota
1723 4085 1830 4138 ulla

239 4172 472 4213 usmam.

346 4176 472 4211 tam.

309 4176 426 4297 f()15)
475 4229 817 4282 Jocerannus
875 4225 994 4280 sive
1050 4225 1482 4288 Gauceramnus,
1542 4227 1830 4297 episcOpus

242 4300 624 4367 Liugonensis,
656 4297 799 4351 sedit
828 4296 900 4350 ab
929 4312 1074 4351 anno
1112 4297 1330 4351 circiter
1361 4298 1497 4349 1114
1527 4301 1596 4352 ad
1625 4314 1826 4351 annum

244 4372 405 4423 1127.
438 4369 539 4422 Est
568 4369 734 4438 igitur
767 4367 819 4420 in
843 4368 1081 4432 nomine,
1115 4367 1159 4421 si
1190 4383 1298 4438 non
1323 4367 1550 4422 etiamin
1576 4385 1657 4432 re,
1685 4385 1835 4424 error

242 4441 428 4517 gravis
463 4436 615 4517 :_n_cc
656 4446 739 4492 est
768 4438 906 4491 alius
934 4438 986 4490 in
1019 4438 1176 4506 cujus
1207 4436 1579 4517 episcopatum
1614 4439 1730 4517 haec
1749 4455 1833 4494 ac-

1926 3265 1995 3318 ad
2025 3263 2416 3317 monasterium
2443 3262 2811 3326 Molismense,
2868 3263 3012 3332 quod
3042 3262 3158 3331 ipse
3178 3261 3231 3314 in
3266 3263 3523 3315 honorem

1927 3361 2103 3414 Beataa
2141 3359 2323 3414 Mariae
2361 3359 2695 3426 fundaverat,
2757 3375 3014 3414 reversus
3069 3372 3171 3414 est.
3207 3378 3221 3421 ;
3263 3357 3526 3413 Defuncto

1928 3464 2059 3503 vero
2088 3456 2212 3518 post
2269 3448 2545 3503 biennium
2610 3449 2723 3517 (20)
2769 3448 3041 3513 Alberico,
3106 3446 3372 3503 successit
3410 3448 3527 3501 Ste-

1929 3538 2144 3609 phanus
2180 3552 2214 3591 a
2251 3537 2311 3591 B.
2355 3537 2593 3593 Roberto
2623 3538 2737 3607 (:21)
2760 3536 2931 3591 abbas
2962 3535 3412 3592 Cisterciensibus
3441 3551 3518 3590 or-

1932 3733 2148 3789 dericus
2177 3732 2373 3788 Vitalis
2401 3732 2627 3806 lib.vui
2647 3748 2821 3806 agens
2878 3732 2948 3787 de
2975 3732 3041 3787 S.
3078 3731 3319 3806 Boberto
3350 3730 3529 3806 Molis-

1934 3821 2078 3859 mum
2120 3820 2374 3860 reverso:
2405 3826 2426 3851 α
2449 3803 2757 3859 Albericum
2790 3821 3005 3875 magnae
3037 3803 3317 3875 religionis
3347 3803 3522 3875 virum

1934 3876 2002 3930 ad
2024 3891 2164 3945 opus
2193 3875 2441 3930 Cistercii
2473 3876 2735 3930 vicarium
2788 3872 2908 3928 sibi‘
2926 3873 3109 3944 elegit,
3143 3872 3198 3927 et.
3229 3872 3519 3945 Joanni‘ac

1932 3942 2170 4001 Hilbodo
2201 3948 2650 4001 Atrebatensibus
2679 3946 2906 4014 aliisque
2936 3942 3151 3999 duobus
3177 3944 3391 4014 Aviginti
3426 3942 3530 3996 fra-

1932 4019 2105 4071 tribus
2134 4018 2390 4071 abhatem
2420 4017 2661 4070 Cistereii
2721 4012 3000 4071 con—stituit
3057 4012 3189 4084 :qui
3236 4012 3288 4067 in
3323 4030 3524 4081 magna

1936 4097 2182 4158 egestate
2215 4104 2311 4158 per
2340 4087 2529 4158 decem
2571 4102 2745 4158 annos
2802 4087 2873 4139 ibi
2913 4086 3116 4158 deguit,
3161 4093 3212 4138 et
3247 4100 3374 4158 cum
3410 4088 3526 4158 suis

1935 4156 2423 4213 contubernalibus
2450 4157 2564 4211 Deo
2594 4156 2834 4226 gloriose
2866 4156 3136 4209 militavit.
3182 4179 3202 4202 ι»
3243 4156 3448 4209 Floruit
3481 4164 3531 4206 «εί

1936 4228 2157 4297 scripsit
2202 4226 2503 4282 Ordericus
2539 4229 2687 4281 circa
2743 4243 2944 4280 annum
2990 4229 3149 4290 1120,
3231 4227 3531 4279 monachus

1937 4298 2209 4355 Uticensis
2239 4298 2292 4352 in
2325 4298 2551 4352 dimcesi
2586 4298 2903 4351 Lexoviensi
2937 4315 2950 4357 ;
2994 4307 3049 4351 ut
3081 4298 3195 4350 iure
3224 4297 3535 4351 anessariO

1938 4370 2203 4425 habuisse
2234 4369 2483 4423 debuerit
2513 4385 2578 4423 ex
2626 4369 2758 4437 ipsis
2819 4368 3284 4429 Molismensibus,
3342 4372 3536 4436 primis

1940 4442 2009 4496 de
2036 4458 2131 4495 sua
2163 4441 2500 4494 institutione
2558 4439 2917 4509 scriptoribus
2947 4457 2960 4502 ;
3004 4439 3068 4492 ab
3099 4439 3289 4493 iisdem
3319 4438 3371 4492 in
3435 4439 3538 4492 hoc

242 4502 317 4567 ἱῖο
354 4509 526 4583 possit
556 4512 851 4573 incurrere,
920 4502 1100 4578 quam'
1140 4502 1255 4563 vel'
1292 4502 1615 4583 Rainardus,
1683 4511 1827 4583 circa
1860 4502 1913 4568 D
1942 4528 2047 4566 uno
2075 4510 2355 4580 deceptus,
2384 4509 2541 4583 quod
2572 4502 2815 4564 dicerent
2850 4511 2906 4564 S.
2967 4510 3256 4583 Bobertum
3290 4508 3533 4583 superio-

240 4581 621 4638 annum1065
688 4587 1036 4633 consecratus
1101 4586 1155 4633 et
1220 4594 1364 4633 anno
1405 4582 1541 4634 1080
1595 4581 1826 4636 concilio

244 4652 568 4712 Santonensi
596 4650 939 4719 subscriptus
970 4665 983 4713 ;
1026 4650 1112 4703 vel
1150 4650 1268 4715 ejus
1306 4665 1595 4706 successor
1635 4653 1834 4707 Rebar-

243 4735 326 4781 tus
358 4723 704 4795 Burguntlus,
737 4721 1030 4795 Joeeranui
1053 4721 1328 4795 decessor.
1361 4722 1496 4795 Cum
1526 4732 1706 4795 autem
1764 4724 1833 4777 de

244 4797 334 4851 tali
393 4791 579 4850 eorum
615 4795 918 4852 eoat-tione.
963 4792 1095 4845 nihil
1134 4791 1378 4845 scribant
1418 4794 1828 4853 Cistercienses.

244 4879 296 4923 et
325 4868 410 4922 hic
440 4866 530 4937 qui
564 4864 752 4919 scribit
798 4862 873 4937 ita
902 4868 1140 4925 exerret,
1171 4878 1544 4937 ve_remur,_ne
1604 4881 1690 4919 res
1723 4872 1833 4937 tota

244 4934 473 4995 conﬁcta
501 4939 588 4999 sit,
631 4952 733 4990 nec
773 4934 874 4987 nisi
914 4949 1034 4986 cum
1074 4949 1174 4987 suo
1203 4934 1400 4987 abbate
1441 4935 1674 4989 Robcrto
1704 4935 1832 4989 illo-

243 5027 369 5065 rum
400 5008 684 5077 quisquam
717 5005 1033 5061 Cistercium
1067 5004 1686 5077 habitarturus‘adivet‘it.

317 5074 433 5148 16f
461 5074 598 5133 Hinc
645 5077 960 5148 intulimus,
990 5077 1145 5148 quod
1184 5074 1596 5148 etiatn‘aliunde
1627 5077 1830 5146 proba-

246 5144 428 5214 batur,
506 5165 573 5204 ex
642 5147 830 5201 Vinico
897 5144 1197 5201 Molismum
1253 5144 1482 5200 rediisse
1548 5144 1831 5217 praedictos

246 5223 493 5284 Sanctos,
528 5234 639 5273 non
668 5229 851 5272 autem
882 5218 1191 5272 immediate
1220 5218 1539 5272 Cistercium
1572 5219 1791 5272 abiisse.

316 5295 429 5363 (17)
464 5291 710 5347 Urbanus
738 5291 782 5343 li
809 5288 893 5343 hic
916 5289 1032 5357 fuit,
1058 5292 1146 5359 qui
1170 5292 1238 5342 ab
1267 5304 1411 5343 anno
1434 5291 1571 5343 1088
1596 5290 1661 5343 ad
1698 5294 1830 5344 1000

285 5363 475 5418 raefuit.

243 5380 752 5497 prﬁlgitcunlterus
780 5429 1071 5501 episc0pus
1115 5428 1494 5484 Cabilonensis
1524 5446 1694 5501 supra
1718 5446 1830 5485 me-

244 5514 487 5559 moratus
550 5518 709 5556 num.
782 5508 868 5566 21,
947 5517 973 5554 a
1049 5501 1480 5556 Sammarthanis
1530 5500 1827 5555 Walterius

241 5578 571 5637 nominatur,
600 5574 923 5644 praefuitque
947 5573 1015 5625 ab
1044 5588 1186 5627 anno
1220 5576 1355 5626 1080
1388 5573 1456 5627 ad
1494 5573 1647 5626 1115.

313 5649 427 5714 (19)
459 5642 694 5700 Econtra
722 5642 1000 5700 ostensum
1059 5644 1312 5713 superius
1337 5652 1590 5714 est.,post
1618 5643 1682 5698 S.
1721 5642 1827 5697 Ro-

241 5713 382 5774 berti
411 5718 734 5783 discessum,
769 5732 803 5770 a
830 5714 1092 5770 fratribus
1120 5717 1355 5770 electum
1389 5713 1574 5769 fuisse.

314 5791 429 5860 (20')
461 5786 576 5845 [mo
615 5795 740 5860 post
766 5786 1090 5846 decennium
1124 5796 1138 5856 ε
1171 5784 1251 5843 sio
1279 5783 1420 5840 enim
1444 5797 1702 5856 expresse
1731 5784 1823 5843 Or-

1942 4583 2114 4635 ritatis
2148 4583 2350 4651 aliquid
2380 4580 2432 4635 in
2466 4582 2858 4636 Cistercienses
2892 4581 3175 4633 retinuisse.
3209 4596 3331 4635 cum
3378 4580 3535 4632 rediit

1940 4653 2272 4713 Molismum,
2312 4652 2469 4720 cujus
2499 4653 2832 4707 contrarium
2861 4652 3288 4705 demonstratum
3324 4658 3403 4702 est
3462 4667 3531 4702 ex

1940 4726 2073 4793 ipStS
2103 4723 2265 4791 legali
2294 4723 2581 4791 apostolici
2612 4733 2665 4776 et
2698 4724 2922 4793 Gauteri
2983 4722 3358 4793 Cabilonensis
3388 4721 3531 4773 enis-

1942 4790 2063 4861 copi
2094 4795 2288 4848 litteris
2322 4790 2488 4864 :unin
2511 4795 2627 4860 ipse
2659 4793 2780 4847 vitae
2813 4790 2975 4860 hujus
3000 4806 3190 4846 auctor
3222 4792 3379 4860 paulo
3406 4800 3532 4843 ante

1941 4867 2164 4930 indicat,
2201 4880 2392 4933 papam
2425 4864 2773 4918 Cabilonensi
2840 4865 3129 4917 mandasse
3161 4869 3218 4916 ut
3249 4864 3410 4915 alium
3443 4864 3533 4915 ab-

1940 4938 2126 4991 batem
2162 4936 2409 4989 Cistercii
2439 4936 2741 4988 ordinaret.

2011 5009 2124 5078 (21)
2158 5006 2637 5078 Vixeritnetandiu
2671 5004 3261 5078 Altobertusincertuin
3292 5012 3397 5069 est,
3434 5005 3536 5058 hnc

1940 5075 2150 5134 constat
2182 5076 2311 5129 nihil
2342 5076 2446 5146 ipsi
2470 5076 2610 5145 juris
2667 5076 2719 5130 in
2754 5075 3146 5131 Cisterciences
3174 5075 3360 5136 fuisse,
3416 5091 3535 5138 eius

1940 5158 2119 5203 tamen
2152 5147 2381 5202 consilio
2412 5147 2462 5200 in
2494 5157 2723 5217 utraque
2758 5147 3046 5217 relemione
3077 5146 3241 5217 dirigi
3269 5146 3417 5214 ipsos
3446 5164 3535 5216 po-

1939 5222 2106 5273 tuisse
2155 5233 2261 5272 non
2321 5216 2657 5287 negaverim.
2735 5216 2882 5271 Obiit
2930 5225 3110 5270 autem
3153 5216 3442 5271 A’Inericus
3482 5224 3534 5270 et

1939 5292 2145 5344 electus
2203 5298 2284 5343 est
2337 5289 2641 5356 Stephanus
2700 5290 2866 5355 prior,
2921 5295 3047 5341 tunc
3090 5288 3310 5345 absens.
3390 5303 3534 5340 anno

1941 5365 2097 5425 1109,
2138 5360 2207 5413 de
2247 5375 2355 5429 quo
2394 5359 2759 5427 praelaudatus
2799 5358 3096 5413 Orderieus
3137 5360 3344 5421 scribit,
3388 5360 3532 5426 quod

1938 5434 2042 5486 fuit
2077 5454 2097 5481 α
2135 5438 2348 5484 natione
2382 5431 2660 5500 Anglicus,
2703 5430 2786 5481 vir
2817 5446 3033 5499 magna:
3073 5432 3350 5499 religionis
3373 5440 3531 5500 elisa-

1938 5504 2156 5571 pientiae
2187 5520 2201 5564 ;
2235 5511 2286 5554 et
2345 5499 2633 5571 plusquam
2669 5500 2857 5572 viginti
2911 5508 3145 5572 quatuor
3192 5518 3371 5557 anuis,
3408 5499 3533 5572 doc-

1937 5569 2079 5628 trina
2118 5581 2169 5626 et
2199 5569 2512 5641 Operatione
2530 5569 2990 5643 sancta'gloriom
3023 5571 3250 5640 polletis,
3284 5569 3448 5619 σινιιςιὶι
3481 5585 3525 5621 ευ

1935 5662 2103 5715 seque
2133 5659 2276 5696 anno
2332 5646 2465 5696 1133
2527 5642 2788 5711 regimine
2847 5642 3135 5705 abdicans,
3195 5643 3323 5693 Ubii!
3385 5656 3528 5687 nium

1933 5715 2200 5787 sequenti,
2234 5723 2293 5768 ut
2321 5728 2423 5768 suo
2452 5715 2573 5769 loco
2602 5723 2883 5770 ostensum
2913 5723 3016 5769 est.
