3972 6076
1020 228 1047 245 ι

466 271 603 327 12⁸79

466 398 699 464 dinatus,
732 397 919 469 sicque
966 397 1113 454 illius
1141 398 1368 455 novellae
1400 398 1752 470 plantationis
1782 398 2054 453 institutor
2080 395 2136 457 A

470 487 727 555 existens,
769 504 890 543 cum
915 488 982 543 ad
1013 490 1134 559 ejus
1163 489 1443 544 arbitrium
1474 489 1753 561 utriusque
1783 495 2059 543 monaste-

470 577 539 633 rii
571 577 933 634 Molismensis
965 578 1216 633 videlicet
1281 587 1334 633 et
1371 578 1749 634 Cisterciensis
1787 577 2061 634 ordinatio

469 675 784 747 pertineret,
819 693 942 732 cum
973 677 1184 732 duobus
1214 677 1492 732 monachis
1522 676 1822 732 Molismum
1855 676 2014 731 rediit
2045 690 2060 745 ;

470 764 926 822 Cisterciensibus
958 766 1179 836 quidem
1229 767 1299 821 de
1338 766 1511 837 ipsius
1539 767 1882 823 discessione
1919 782 2061 820 mua-

475 853 737 921 rentibus,
774 854 1219 910 Molismensibus
1251 871 1388 911 vero
1420 864 1635 911 econtra
1667 855 2061 910 exsultantibus

469 952 540 1008 de
580 969 864 1023 regressu.
915 955 1265 1029 Fueruntque
1306 956 1529 1011 obviam
1567 957 1637 1011 de
1674 954 1901 1011 Barensi
1947 954 2062 1023 (ἥδ

471 1041 674 1112 oppido
705 1043 1087 1099 honoratorum
1144 1054 1197 1100 et
1252 1046 1427 1116 plebis
1477 1045 1764 1100 multitudo
1800 1045 2058 1111 maxima,

473 1130 563 1200 qui
604 1147 729 1185 eum
754 1148 875 1186 cum
907 1133 1104 1202 grandi
1135 1135 1367 1204 tripudio
1397 1142 1451 1189 et
1479 1134 1678 1189 divinis
1706 1134 1956 1188 laudibus
1970 1150 2063 1189 ex-

470 1228 761 1291 ceperunt.
797 1224 865 1275 At
902 1221 991 1276 ille
1031 1238 1154 1278 cum
1194 1239 1311 1291 suo,
1364 1222 1475 1278 imo
1514 1222 1711 1278 Christi
1750 1239 1923 1295 grege
1953 1239 2061 1293 pu-

476 1312 620 1378 sillo,
645 1313 855 1369 scilicet
908 1315 1243 1371 Molismensi
1298 1317 1554 1387 collegio,
1596 1326 1845 1387 paratum
1886 1317 1986 1371 sibi
2028 1331 2061 1370 a

473 1401 592 1457 Deo
622 1402 798 1457 locum
835 1403 1135 1474 ingressus,
1172 1405 1433 1470 divinam,
1476 1423 1596 1477 quas
1623 1414 1813 1461 cuncta
1844 1406 2057 1475 dispen-

474 1491 650 1554 sabat,
686 1492 1084 1547 Providentiam
1118 1502 1222 1548 tota
1250 1495 1447 1550 mentis
1478 1496 1756 1550 alacritate
1796 1495 2054 1566 magnifi-

468 1602 627 1654 cans,
667 1605 898 1661 gregem
940 1591 1042 1645 sibi
1080 1593 1429 1647 commissum
1472 1602 1698 1663 paterno
1735 1594 2059 1650 confovebat

469 1676 683 1741 affectu,
715 1678 1019 1750 disciplinis
1049 1682 1386 1752 regularibus
1407 1682 1529 1738 illos
1557 1683 1862 1750 instituens,
1906 1684 2055 1755 quin-

467 1764 578 1820 imo
608 1767 921 1837 exemplum
964 1751 1167 1840 regulae
1205 1769 1376 1828 factus
1441 1776 1526 1828 est
1563 1771 1687 1840 illis,
1731 1751 2058 1844 regulariter
2083 1751 2142 1815 Β

468 1859 607 1917 inter
637 1877 733 1920 eos
760 1863 980 1922 vivens.

1085 1957 1315 2014 CAPUT
1352 1959 1455 2014 III.

472 2050 611 2107 Mors
631 2067 697 2108 ac
716 2053 1035 2125 sepultura,
1058 2056 1113 2112 S.
1155 2057 1374 2112 Roberti
1393 2056 1647 2130 quaedam
1676 2057 1961 2114 miracula
1991 2057 2065 2114 ad

1150 2148 1349 2216 funus.

540 2240 651 2293 12'.
681 2238 922 2309 Qualiter
948 2249 1128 2298 autem
1160 2243 1247 2296 vir
1274 2250 1497 2299 sanctus
1544 2244 1613 2299 de
1640 2244 1918 2318 ergastulo
1945 2259 2068 2299 car-

476 2327 563 2382 nis
589 2326 863 2400 migravit,
905 2331 1100 2401 quibus
1129 2332 1286 2386 etiam
1327 2332 1500 2401 signis
1529 2333 1824 2403 pretiosam
1853 2333 1906 2387 in
1929 2349 2067 2388 con-

471 2433 663 2493 spectu
696 2441 796 2480 suo
827 2435 1054 2482 mortem
1087 2428 1209 2497 ejus
1267 2429 1529 2484 Dominus
1558 2429 1934 2495 illustraverit,
1965 2446 2067 2486 ve-

467 2522 597 2567 strae
624 2514 753 2569 libet
783 2514 994 2585 plenius
1026 2520 1268 2587 pandere
1305 2518 1576 2573 charitati.
1625 2518 1760 2574 Cum
1807 2518 1974 2590 igitur
2004 2520 2063 2573 Β.

472 2601 748 2658 Robertus
775 2604 958 2658 multis
990 2605 1239 2661 laborum
1270 2608 1659 2663 certaminibus
1699 2608 1934 2664 Domino
1971 2608 2069 2662 mi-

467 2699 694 2769 litasset,
738 2702 861 2758 vitae
910 2705 1194 2773 prmsentis
1227 2706 1392 2760 taedio
1422 2706 1715 2775 plurimum
1771 2706 2049 2773 fatigatus,

468 2789 694 2845 dissolvi
751 2799 801 2845 et
851 2807 974 2848 esse
1012 2809 1132 2849 cum
1168 2793 1378 2848 Christo
1415 2795 1627 2848 ardenti
1657 2794 1935 2849 desiderio
1965 2810 2066 2849 cu-

466 2878 653 2950 piebat
682 2880 1004 2953 (Philip.1).
1035 2883 1199 2951 Cujus
1230 2882 1557 2938 desiderium
1585 2884 1728 2939 Deus
1748 2884 2064 2948 exaudiens,

471 2967 521 3023 ei
563 2968 646 3022 sui
687 2969 863 3025 exitus
902 2972 1091 3026 horam
1130 2988 1239 3025 non
1278 2973 1465 3042 paucis
1503 2980 1630 3028 ante
1667 2972 1885 3039 diebus,
1947 2972 2065 3027 sic-

465 3072 528 3163 ut.
559 3065 676 3134 ipse
740 3075 1141 3137 praeoptaverint
1190 3070 1447 3124 revelavit
1490 3085 1505 3138 ;
1574 3084 1741 3136 quam
1800 3069 1917 3136 ipse
1948 3068 2056 3121 im-
2085 3110 2137 3177 ϐ

458 3153 665 3209 minere
720 3171 1091 3225 prtenoscens,
1158 3157 1410 3214 fratribus
1441 3157 1721 3215 indicavit.
1768 3156 2042 3230 Aliquan-

461 3242 558 3297 diu
596 3243 781 3316 itaque
842 3248 1091 3317 corporis
1140 3248 1449 3304 infirmitate
1502 3251 1778 3318 detentus,
1837 3253 2055 3322 gratia-

465 3357 589 3397 rum
618 3343 811 3397 merita
866 3343 1063 3400 virtute
1101 3345 1375 3416 patientiae
1431 3348 1743 3413 cumulavit,
1794 3356 1847 3404 et
1883 3348 1937 3403 in
1978 3349 2066 3403 in-

466 3430 809 3488 ﬁrmitatibus
839 3434 954 3489 suis
984 3434 1246 3507 glorians,
1279 3441 1331 3492 ct
1389 3436 1572 3492 virtuti
1627 3437 1823 3493 Christi
1853 3445 2067 3509 gratum

466 3520 832 3577 habitaculum
870 3524 924 3577 in
956 3541 1015 3579 se
1044 3541 1267 3595 parans.
1324 3530 1486 3582 Anno
1518 3527 1691 3599 igitur
1746 3526 1920 3582 aetatis
1950 3544 2065 3583 suae

469 3611 807 3682 octogesimo
837 3614 1011 3679 tertio,
1034 3615 1249 3671 decimo
1272 3616 1457 3687 quinto
1483 3616 1758 3673 Kalendas
1775 3617 1899 3672 Maii
1920 3618 2057 3689 (23),

471 3721 670 3778 corpus
702 3716 861 3764 terra:
893 3710 1145 3777 reddidit,
1186 3712 1434 3782 spiritum
1465 3729 1599 3768 vero
1632 3715 1700 3769 ad
1729 3715 1923 3777 Deum,
1966 3730 2063 3771 cu-

464 3794 560 3866 jus
606 3797 826 3854 servitio
882 3798 1189 3855 indefessus
1236 3801 1560 3870 adhatserat,
1600 3812 1747 3859 terra
1796 3803 2057 3874 plorante,

469 3885 606 3942 caelo
635 3887 935 3959 gaudente,
1003 3890 1233 3944 remisit.
1280 3890 1401 3946 Filii
1454 3900 1630 3948 autem
1672 3894 1814 3963 ejus,
1854 3896 2062 3954 scilicet

470 3984 728 4037 monachi
774 3984 1168 4051 Molismenses,
1210 4002 1435 4058 quorum
1474 4004 1636 4044 omne
1694 3992 1954 4063 gaudium
2007 3994 2064 4049 in

471 4068 596 4141 ipso
626 4080 748 4126 erat
773 4082 933 4144 atque
970 4074 1240 4139 solatium,
1282 4077 1630 4135 amarissime
1658 4083 1869 4150 flentes,
1904 4099 2063 4139 reve-

471 4161 633 4215 reudi
673 4162 843 4219 Patris
883 4165 1158 4238 exsequiis
1211 4166 1496 4223 ardentius
1553 4169 1904 4226 insistebant.
1953 4172 2057 4242 Qui

470 4256 598 4313 licet
626 4259 694 4315 de
722 4277 955 4331 superna
1003 4263 1319 4319 meritorum
1351 4266 1471 4336 ejus
1502 4268 1854 4324 retributione
1882 4269 2048 4324 mini-

474 4364 563 4403 me
591 4349 990 4416 dubitarent,et
1011 4350 1285 4425 suffragiis
1315 4355 1417 4409 sibi
1448 4372 1547 4424 per
1563 4356 1682 4425 ejus
1702 4358 1903 4411 merita
1924 4374 2063 4413 con-

478 4436 765 4507 ferendis;
797 4439 865 4494 de
926 4440 1097 4495 Patris
1151 4451 1326 4496 tamen
1384 4447 1678 4514 praesentia
1709 4447 1811 4501 sibi
1852 4447 1921 4502 ab
1962 4451 2142 4528 hacD

470 4524 593 4581 luce
633 4527 906 4585 subtracta
971 4530 1340 4586 vehementius
1392 4533 1760 4604 angebantur.
1823 4538 1888 4591 Et
1940 4538 2065 4608 quia

473 4624 612 4679 lucis
652 4625 817 4679 tilium
859 4642 919 4681 se
957 4627 1146 4693 fuisse,
1187 4628 1315 4683 dum
1371 4631 1547 4687 adhuc
1609 4642 1754 4687 esset
1807 4633 1861 4687 in
1894 4643 2061 4699 terra,

466 4712 631 4782 justis
685 4715 946 4784 operibus
1000 4718 1395 4787 comprobavit,
1439 4721 1626 4791 quanti
1664 4722 1808 4792 apud
1887 4723 2066 4794 ipsum

474 4811 620 4858 esset
649 4804 843 4871 meriti,
878 4806 1024 4860 Deus
1054 4806 1109 4861 in
1139 4808 1259 4878 ejus
1292 4809 1517 4864 transitu
1549 4810 1880 4866 declaravit.

546 4902 634 4958 13.
666 4904 805 4960 Nam
836 4920 1002 4975 super
1030 4906 1420 4976 habitaculum,
1476 4908 1533 4963 in
1577 4926 1685 4981 quo
1738 4911 1803 4965 B.
1844 4911 2065 4967 Roberti

473 5005 676 5063 corpus
725 4994 938 5061 jacebat
993 4995 1261 5061 examine,
1303 4996 1482 5065 primo
1519 4999 1693 5053 noctis
1747 5000 2068 5070 crepusculo

474 5079 582 5137 duo
637 5080 958 5139 lucidissimi
988 5090 1042 5137 et
1068 5083 1273 5139 diversi
1318 5085 1518 5141 coloris
1571 5103 1731 5142 arcus
1794 5104 2068 5159 apparue-

472 5179 616 5238 runt,
659 5173 749 5244 qui
785 5174 853 5229 ad
892 5172 1303 5245 amplitudinem
1353 5191 1569 5249 magna:
1623 5176 1816 5248 platea:
1845 5194 1905 5235 se
1933 5178 2069 5234 dila-

501 5520 511 5531 ,
549 5451 661 5529 (ἳῖ)
695 5451 916 5531 Βίὶνιζυιη
940 5456 1007 5518 ad
1029 5457 1333 5531 Sequanam
1366 5458 1493 5531 (hoc
1524 5458 1667 5512 enim
1720 5460 1904 5515 addito
1949 5461 2071 5518 dis-

477 5526 742 5598 tinguitur
772 5526 840 5575 ab
870 5527 1042 5598 altero
1072 5529 1240 5582 Barro
1296 5530 1364 5582 ad
1405 5529 1621 5593 Albam)
1677 5531 1904 5585 duarum
1961 5533 2074 5588 leu-

479 5604 667 5664 carum
690 5594 996 5664 intervallo
1026 5598 1235 5663 adjaeet
1264 5599 1534 5664 Molismo,
1552 5600 1621 5654 ad
1652 5602 1851 5656 ostium
1884 5604 2073 5659 ﬂuvio-

482 5659 518 5712 li
591 5657 993 5783 igtSequanam
1070 5657 1363 5738 inﬂuentis,
1419 5657 1928 5729 cui'monasterium
1973 5657 2074 5730 Vin-

482 5744 607 5783 cum
651 5745 665 5782 ι
695 5766 709 5783 .

482 5744 709 5783 cumbit.

1350 271 1412 328 S.
1459 270 1759 328 ROBERTI
1822 268 1988 328 0RD.
2028 269 2336 327 CISTERC.
2373 268 2826 331 FUNDATORIS

3683 264 3833 324 1286

2167 405 2361 462 tantes,
2396 398 2449 454 in
2484 409 2722 472 quatuor
2750 408 2931 472 partes
2986 407 3148 458 terrae
3206 395 3447 472 protrahi
3511 394 3831 451 videban-

2171 497 2274 554 tur,
2318 506 2553 561 quorum
2592 492 2732 547 alter
2770 493 2839 547 ab
2877 491 3132 562 aquilone
3192 490 3262 545 ad
3318 496 3616 550 austrum,
3671 484 3826 539 alter

2168 594 2306 633 vero
2337 595 2369 633 a
2398 583 2764 650 septentrione
2795 582 2863 636 ad
2885 580 3222 637 occidentem
3252 589 3564 650 protensus
3600 583 3729 629 est.
3760 575 3822 627 In

2170 679 2478 734 summitate
2517 696 2666 743 vero,
2698 680 2787 735 ubi
2844 681 2956 735 duo
2989 695 3152 735 arcus
3177 678 3602 751 jungebantur,
3648 673 3817 730 clara

2170 770 2283 837 lux,
2316 771 2387 825 ad
2416 771 2823 826 similitudinem
2851 770 3070 826 lunaris
3098 768 3305 833 circuli,
3337 764 3757 839 praefulgebat
3784 782 3800 827 ;

2171 876 2293 930 quae
2323 876 2383 915 se
2412 860 2464 914 in
2495 860 2666 915 altum
2693 861 3050 932 protendens,
3082 858 3341 914 tenebras
3369 856 3567 912 noctis
3602 869 3646 909 ε.
3676 854 3807 909 loco

2169 956 2264 1011 illo
2301 957 2519 1029 penitus
2548 958 2895 1014 excludehat.
2932 959 2996 1013 In
3026 957 3125 1013 hac
3163 971 3296 1012 vero
3321 955 3447 1011 luce
3482 968 3653 1009 crux
3675 952 3807 1006 ruti-

2169 1045 2293 1101 lans
2324 1047 2596 1117 apparuit,
2627 1048 2802 1118 primo
2832 1047 3050 1118 quidem
3080 1047 3315 1110 modica,
3372 1044 3480 1099 sed
3505 1043 3797 1114 paulatim

2171 1137 2540 1191 excrescendo
2573 1136 2714 1191 facta
2734 1144 2817 1192 est
2845 1152 3040 1208 magna
3074 1155 3086 1190 :
3127 1136 3268 1191 circa
3299 1150 3469 1204 quam
3518 1134 3799 1187 innumeo

2170 1222 2373 1278 rabiles
2402 1222 2538 1277 varii
2565 1222 2767 1278 coloris
2800 1231 2954 1277 crant
2973 1221 3187 1285 circuli,
3219 1220 3273 1274 in
3305 1220 3507 1290 quibus
3539 1216 3799 1289 singulis

2167 1321 2398 1393 singulae
2427 1330 2633 1377 exorta)
2663 1328 2788 1375 sunt
2816 1319 3112 1376 cruciculae
3142 1318 3455 1379 rutilantes,
3498 1332 3640 1371 cum
3677 1315 3795 1368 suis

2168 1409 2382 1465 circulis
2414 1410 2738 1464 mirabiliter
2764 1412 3170 1472 excrescentes,
3197 1408 3288 1479 qui
3318 1423 3449 1463 cum
3482 1421 3548 1460 se
3586 1419 3798 1473 usque-

2169 1514 2385 1568 quaque
2433 1499 2485 1552 in
2519 1497 2857 1553 firmamento
2910 1498 3243 1565 dilatassent,
3302 1504 3480 1551 totum
3538 1492 3793 1549 Molismi

2168 1594 2344 1651 locum
2374 1596 2691 1651 mirabiliter
2715 1595 3073 1661 illustrabant,
3114 1604 3171 1649 ut
3201 1594 3377 1665 signis
3417 1591 3795 1646 evidentibus

2169 1695 2481 1755 appareret,
2525 1686 2670 1758 quod
2695 1686 2776 1739 vir
2812 1686 3023 1749 beatus,
3055 1683 3145 1754 qui
3174 1684 3228 1737 in
3259 1683 3455 1737 eodem
3489 1681 3627 1736 loco
3657 1694 3793 1734 cum

2172 1776 2369 1845 pietate
2399 1775 2775 1831 dormitionem
2842 1782 3151 1845 acceperat,
3216 1771 3359 1827 filius
3400 1771 3550 1826 lucis
3595 1777 3783 1825 esset.

2162 1865 2281 1920 Nec
2310 1864 2687 1933 dubitandum,
2729 1863 2860 1935 quin
2898 1863 2966 1917 ad
3018 1862 3409 1918 declarandum
3452 1859 3789 1915 sanctitatis

2164 1963 2282 2032 ejus
2311 1963 2581 2027 meritum,
2623 1963 2807 2018 lumen
2836 1978 2960 2017 cum
2985 1962 3242 2018 crucibus
3274 1961 3490 2017 caelitus
3505 1961 3583 2014 sit
3617 1960 3788 2015 emis-

2164 2068 2305 2119 sum,
2345 2060 2405 2105 ut
2434 2069 2530 2122 per
2565 2052 2670 2107 hoc
2700 2052 2922 2107 daretur
2950 2050 3180 2122 intelligi
3211 2051 3359 2122 quod
3387 2057 3623 2105 sanctus
3654 2050 3781 2117 Dei,

2164 2141 2380 2214 fugiens
2410 2158 2574 2212 opera
2606 2142 2973 2206 tenebrarum,
3005 2156 3226 2197 carnem
3257 2155 3415 2195 suam
3447 2138 3783 2195 crucifixis-

2167 2247 2249 2294 set
2275 2255 2396 2296 cum
2428 2239 2570 2294 vitiis
2608 2248 2662 2295 et
2700 2239 3159 2311 concupiscentiis
3191 2256 3206 2293 :
3239 2255 3363 2310 qum
3402 2237 3627 2293 idcirco
3660 2237 3783 2307 plu-

2166 2354 2256 2392 res
2295 2345 2657 2408 apparuerunt
2700 2344 2758 2391 ut
2796 2337 3078 2391 manifeste
3145 2336 3384 2392 clareret
3413 2334 3568 2407 quod
3608 2333 3779 2388 futuri

2167 2435 2351 2482 essent
2407 2426 2707 2481 imitaIOres
2763 2427 2884 2495 ejus
2947 2424 3189 2495 plurimi,
3231 2424 3371 2479 sicut
3410 2433 3467 2478 et
3508 2424 3639 2493 ipse
3679 2422 3780 2477 fuit

2167 2515 2390 2571 Christi.
2438 2515 2575 2584 Quid
2610 2531 2739 2571 vero
2768 2516 2837 2570 de
2872 2515 3105 2570 arcubus
3134 2515 3336 2576 dicam,
3362 2513 3470 2567 nisi
3506 2513 3662 2583 quod
3695 2512 3777 2566 si-

2167 2621 2277 2675 gna
2316 2613 2468 2660 erant
2508 2605 2727 2660 foederis
2767 2604 2911 2660 inter
2950 2604 3121 2659 Deum
3164 2612 3218 2659 et
3260 2601 3565 2667 hominem,
3632 2602 3775 2657 inter

2168 2708 2482 2757 creaturam
2516 2709 2567 2754 et
2601 2700 2914 2755 Creatorem
2949 2717 2962 2753 :
3006 2706 3060 2752 ut
3094 2699 3242 2754 enim
3274 2697 3484 2768 aliquid
3509 2698 3582 2752 de
3601 2698 3775 2752 veteri

2166 2797 2381 2859 tangam
2414 2788 2658 2853 historia,
2691 2805 2812 2843 curn
2842 2789 2908 2842 de
2939 2787 3112 2843 sancti
3140 2788 3260 2843 Noe
3290 2787 3631 2858 patriarcha:
3663 2788 3772 2841 ob-

2165 2879 2459 2934 lationibus
2499 2879 2753 2933 odoratus
2797 2885 2942 2933 esset
2997 2876 3266 2932 Dominus
3322 2875 3553 2930 odorem
3586 2876 3780 2930 suavi-

2166 2968 2291 3023 tatis
2322 2967 2492 3036 (Gen.
2518 2972 2634 3035 νιιι)
2670 2986 2681 3022 :
2713 2989 2734 3017 ι
2774 2969 2997 3028 Portam,
3031 2966 3231 3037 inquit,
3275 2982 3460 3020 arcum
3496 2982 3689 3021 meum
3718 2965 3777 3020 in

2169 3068 2384 3122 nubilus
2414 3068 2569 3145 cmli,
2593 3076 2646 3123 et
2664 3066 3001 3122 recOrdabor
3030 3066 3253 3122 foederis
3266 3065 3395 3130 mei,
3415 3064 3563 3136 quod
3586 3065 3777 3136 pepigi

2180 3165 2359 3214 tecum
2390 3157 2558 3226 (Gen.
2592 3160 2690 3222 ix).
2729 3179 2750 3205 ι
2778 3155 2937 3224 Quod
2986 3155 3239 3211 nimirum
3269 3154 3571 3224 Scriptura;
3600 3170 3780 3210 sacrae

2179 3248 2548 3303 testimonium
2575 3247 2707 3303 mihi
2739 3262 2848 3303 non
2888 3246 3187 3317 incongrue
3216 3245 3412 3300 videor
3437 3245 3775 3315 assumpsis-

2177 3353 2256 3404 se,
2300 3337 2425 3392 licct
2454 3337 2634 3409 magis
2662 3337 2732 3390 sit
2759 3336 2829 3392 ad
2860 3334 3186 3407 mysterium
3216 3333 3571 3389 referendum
3598 3352 3613 3399 ;
3650 3334 3777 3405 quia

2175 3450 2413 3505 pergens
2444 3433 2498 3487 in
2529 3434 2703 3487 Deum
2732 3431 2956 3502 spiritus
2984 3431 3086 3486 viri
3107 3431 3300 3493 sancti,
3335 3429 3493 3502 quasi
3517 3431 3771 3501 quaedam

2176 3523 2269 3578 fuit
2300 3522 2557 3578 delibatio
2588 3520 2866 3586 sacrificii,
2903 3530 2951 3575 et
2985 3520 3143 3591 quasi
3169 3520 3390 3591 quidam
3419 3528 3623 3592 gustus
3653 3520 3773 3574 odo-

2173 3612 2248 3668 ris
2281 3611 2613 3666 suavissimi.
2657 3612 2720 3665 Et
2758 3625 2881 3665 cum
2921 3608 3107 3664 nullus
3147 3610 3355 3664 dubitet
3403 3625 3506 3679 per
3538 3617 3768 3664 saneto-

2171 3727 2287 3765 rum
2337 3710 2527 3765 merita
2567 3717 2713 3763 stare
2742 3708 3021 3775 mundum,
3074 3707 3409 3763 credendum
3442 3715 3531 3761 est
3561 3707 3772 3761 indubi-

2170 3806 2348 3853 tantes
2385 3799 2563 3854 virum
2596 3806 2844 3854 sanctum
2868 3800 2977 3866 jam
3031 3813 3196 3853 carne
3241 3796 3475 3852 solutum
3522 3795 3633 3850 sibi
3684 3795 3772 3852 de-

2170 3889 2312 3943 votis
2368 3887 2580 3943 veniam
2639 3887 2887 3942 obtinere
2925 3886 3322 3957 peccaminum,
3373 3893 3430 3942 et
3467 3885 3767 3958 gratiarum

2170 3992 2399 4032 munera
2429 3976 2765 4049 frequentius
2793 3976 3084 4047 impetrare
3113 3977 3249 4047 (24).

2247 4076 2338 4129 14.
2376 4075 2462 4129 Ad
2502 4074 2662 4146 cujus
2699 4076 3041 4132 sanctitatem
3079 4075 3330 4130 humanis
3366 4077 3649 4132 mentibus
3687 4076 3758 4130 al-

2172 4165 2279 4219 tius
2313 4164 2757 4234 imprimendam,
2791 4164 2955 4219 etiam
2986 4164 3125 4220 circa
3156 4164 3493 4237 languentes
3513 4173 3757 4237 Operatus

2173 4262 2258 4309 est
2286 4254 2514 4308 salutem
2546 4252 2917 4310 universitatis
2975 4253 3255 4318 Conditor,
3304 4253 3398 4325 qui
3430 4254 3639 4310 devote
3674 4253 3766 4308 viri

2173 4342 2348 4396 sancti
2387 4342 2659 4413 exsequiis
2697 4341 3044 4407 assistebant,
3087 4342 3256 4413 quod,
3296 4343 3603 4412 adjuvante
3656 4343 3768 4398 Do-

2173 4440 2341 4502 mino,
2377 4456 2613 4508 sequens
2645 4439 2801 4494 lectio
2855 4439 3178 4495 declarabit.
3221 4440 3342 4495 Duo
3370 4441 3509 4511 aegri
3539 4440 3651 4496 ﬁde
3678 4440 3771 4495 fer-

2174 4528 2282 4584 vidi
2312 4529 2379 4582 ad
2412 4529 2611 4594 locum,
2652 4528 2704 4582 in
2746 4545 2851 4599 quo
2891 4528 3065 4585 sancti
3101 4529 3353 4598 corporis
3418 4529 3584 4602 gleba
3623 4530 3770 4585 vitali

2174 4624 2367 4694 spiritu
2400 4632 2625 4678 vacuata
2654 4626 2889 4694 jacebat,
2922 4625 3291 4691 accedentes;
3325 4633 3622 4696 postquam
3652 4644 3772 4697 sup-

2174 4712 2304 4783 poni
2334 4712 2533 4769 feretro
2563 4712 2794 4785 ejusque
2832 4713 3119 4773 sudarium
3178 4714 3505 4786 contingere
3542 4731 3770 4771 meme-

2175 4809 2324 4870 runt,
2358 4803 2540 4857 statim
2572 4810 2900 4872 receperunt
2929 4802 3211 4872 pristinam
3236 4803 3531 4858 sanitatem
3565 4821 3581 4872 ;
3616 4804 3771 4874 plan-

2177 4907 2431 4971 ctumque
2491 4899 2719 4954 fratrum
2750 4900 3093 4956 maerentium
3140 4900 3197 4954 in
3227 4900 3480 4956 solemne
3507 4901 3772 4972 gaudium

2177 5012 2278 5069 pro
2307 5004 2518 5068 patrato
2548 5012 2648 5068 per
2677 5014 2894 5053 servum
2925 4997 3024 5053 Dei
3054 4997 3318 5054 miraculo
3345 5006 3763 5056 converterunt.

2180 5086 2287 5141 Sed
2319 5095 2371 5141 et
2400 5086 2537 5141 sicut
2568 5086 2841 5157 quondam
2883 5104 2980 5156 per
3009 5086 3243 5157 puellam
3276 5086 3542 5158 captivam
3594 5088 3771 5144 virtus

2180 5174 2365 5231 Elismi
2397 5175 2941 5247 prophetzeinnotuit
2971 5176 3087 5250 regi
3113 5176 3303 5249 Syriae,
3352 5176 3431 5232 sic
3462 5177 3625 5231 etiam
3673 5194 3773 5249 per

2253 5462 2365 5531 (23)
2397 5460 2601 5527 Surius,
2635 5470 2787 5516 ratus
2847 5476 3089 5517 errorem
3120 5461 3433 5531 Obrepsisse
3486 5461 3537 5517 in
3570 5478 3769 5520 nume-

2182 5548 2292 5656 rKos‘,
2328 5531 2692 5656 earavitgipse,
2756 5533 2887 5587 dum
2944 5534 3233 5604 corrigens
3261 5533 3504 5604 scripsit,
3549 5556 3574 5581 α
3610 5537 3767 5591 tertio

2232 5618 2260 5656 a
2287 5620 2351 5656 en
2396 5619 2477 5656 as.
2516 5626 2536 5648 η

2181 5605 2642 5799 ξίᾶἐὲἳξὲἒλὶίίθηε
2707 5684 2856 5733 totus
2894 5675 3041 5746 apud
3106 5675 3323 5731 Surium
3368 5675 3427 5732 in
3470 5674 3580 5732 ﬁne
3640 5676 3763 5732 Vita

2183 5760 2364 5799 inveni
2396 5760 2478 5799 ur.

2183 5760 2478 5800 invenitur.
