3972 6076
150 243 287 303 1281

1703 228 1886 302 VITA.

3310 229 3446 312 list

144 383 347 428 sexum
390 366 713 427 muliebrem
768 364 911 441 apud
970 365 1343 443 Francigenas
1398 365 1744 425 innotescere
1774 374 1830 432 Α
1860 367 1997 425 visio
2019 362 2374 441 corporalis;
2417 363 2460 423 si
2493 352 2710 440 quando
2740 376 2925 427 essent
2974 356 3027 429 in
3076 357 3177 432 Dei
3230 378 3450 436 servitio

144 460 327 517 voluit
355 474 572 515 servum
604 457 725 515 Dei.
757 458 1115 514 Nivernensis
1145 461 1257 529 (25)
1290 457 1432 513 enim
1461 457 1742 514 comitissa

146 566 273 607 cum
304 549 358 604 in
389 551 621 619 quodam
652 549 853 620 Oppido
886 561 1010 604 cum
1051 548 1355 619 puellarum
1404 549 1741 621 militumque

148 646 459 717 frequentia
487 652 793 701 moraretur
824 659 837 713 ;
866 660 989 701 cum
1029 642 1363 700 firmaculum
1394 660 1621 700 aureum
1640 646 1740 698 ha-

147 736 305 790 beret
333 735 399 790 ad
434 735 631 790 collum
663 750 840 800 suum,
873 741 979 788 tam
1012 734 1130 788 auri
1187 734 1410 789 materia
1458 750 1620 805 quam
1659 733 1742 788 in-

149 832 360 888 cisione
392 831 631 903 lapidum
664 832 985 900 pretiosum,
1045 831 1289 903 contigit,
1334 832 1405 885 ud
1458 831 1527 885 ad
1583 832 1743 887 deco-

150 938 269 977 rem
292 920 417 990 ejus
447 920 848 976 ostendendum
876 930 929 976 et
958 921 1218 992 pretium,
1270 921 1447 991 ipsum
1504 921 1742 976 ablatum

152 1020 223 1075 de
252 1019 395 1074 collo
416 1034 515 1075 suo
563 1025 778 1073 teneret
820 1019 875 1074 in
932 1019 1183 1073 manibus
1215 1019 1446 1091 aliisque
1503 1021 1744 1075 traderet

149 1108 512 1178 bajulandum
526 1148 539 1161 .
581 1107 685 1176 Qui
709 1123 829 1163 cum
844 1125 1009 1179 super
1025 1106 1315 1174 ﬁrmaculi,
1347 1109 1744 1178 pulchritudine

152 1206 513 1273 mirarentur,
546 1205 835 1277 ipsumque
864 1206 1102 1261 vicissim
1144 1206 1421 1261 traderent
1475 1216 1745 1262 contuen-

152 1296 304 1363 dum,
346 1295 572 1367 contigit
629 1304 702 1360 ut,
757 1311 879 1351 cum
938 1294 1006 1349 de
1063 1296 1228 1350 rebus
1281 1296 1402 1350 aliis
1458 1296 1748 1351 miscerent

152 1384 442 1454 colloquia,
476 1383 1227 1450 obliviscerenturfirmaculi,
1262 1384 1405 1455 quod
1455 1390 1736 1439 tenebant.

154 1473 443 1529 Comitissa
470 1488 604 1528 vero
659 1488 881 1527 manum
934 1487 1089 1527 suam
1138 1472 1359 1527 mittens
1416 1474 1488 1527 ad
1545 1472 1743 1529 collum

154 1587 335 1636 suum,
368 1578 559 1641 postea
589 1585 755 1641 quam
784 1568 917 1624 illud
956 1569 1217 1641 comperit
1270 1578 1594 1638 reseratum,
1637 1571 1747 1626 sol—

156 1659 303 1716 licite
330 1659 493 1730 coapit
522 1659 819 1730 inquirere,
854 1658 1069 1714 cuinam
1101 1659 1383 1730 praefatum
1407 1659 1746 1715 ﬁrmaculum
1818 1704 1823 1711 .

1848 459 2210 533 negligentes,
2242 464 2333 513 aut
2360 456 2432 513 ad
2462 459 2747 515 Mututinas
2790 461 3002 519 tardius
3054 466 3444 539 surrexissent,

1849 555 2123 613 multeties
2154 556 2433 613 consuevit
2464 558 2700 614 excitare
2731 559 3030 629 sacristam,
3066 578 3307 635 arguens
3337 582 3443 621 ne-

1849 643 2125 721 gligentes
2157 655 2209 701 et
2237 649 2459 701 hortans
2495 647 2560 701 ad
2614 648 2833 703 meliora
2870 650 3123 706 devotos.
3189 653 3318 710 Haec
3346 671 3448 708 au-

1850 751 1960 800 tem
1990 736 2057 791 de
2087 735 2195 791 vita
2226 744 2278 789 et
2307 736 2550 790 moribus
2573 736 2713 790 beati
2745 736 2846 791 viri
2877 740 3015 810 stle
3047 741 3169 795 rudi
3200 742 3299 796 sub
3326 742 3449 799 bre-

1853 832 2018 886 vitate
2049 832 2489 899 transcurrimus,
2531 832 2605 886 ita
2655 843 2905 889 curantes
2950 835 3167 892 devotis
3223 840 3452 895 satista-

1851 934 1997 985 cere,
2056 935 2122 975 ne
2158 919 2465 975 fastidiosos
2522 920 2812 976 verborum
2846 924 3007 993 copia
3054 942 3439 996 gravaremus.

1854 1007 2047 1062 Omnia
2125 1024 2257 1063 vero
2313 1008 2619 1064 sanctitatis
2674 1011 2789 1077 ejus
2841 1024 3189 1069 monumenta
3265 1017 3446 1073 nullus

1853 1096 2087 1151 testimet
2113 1097 2354 1167 potuisse
2374 1097 2648 1153 conscribi
2693 1100 2829 1167 ;sed
2878 1102 3007 1155 mihi
3064 1104 3272 1159 noverit
3328 1123 3455 1162 eve-

1854 1188 2023 1246 nisse.
2065 1186 2210 1256 quod
2267 1187 2446 1256 poetis
2500 1190 2767 1245 inertibus
2829 1191 3078 1247 accidere
3144 1194 3454 1261 consuevit,

1853 1283 1911 1330 ut
1939 1292 2061 1331 cum
2089 1281 2371 1331 materiam
2419 1276 2564 1332 vires
2615 1295 2740 1332 suas
2797 1281 3146 1335 excedentem
3190 1300 3457 1354 praesum-

1854 1364 2083 1435 pserint,
2154 1364 2402 1433 ejusdem
2457 1366 2606 1421 mole
2654 1367 2926 1435 depressi,
2987 1386 3095 1424 non
3173 1370 3452 1441 perliciant

1856 1454 2002 1524 quod
2068 1463 2352 1524 coeperunt
2411 1470 2424 1507 :
2492 1455 2681 1526 sicqne
2737 1472 2847 1510 non
2880 1456 3053 1512 solum
3101 1458 3293 1526 Judzei,
3354 1476 3454 1517 ve-

1855 1558 1972 1597 rum
2001 1543 2160 1597 etiam
2210 1542 2494 1597 Christiani
2534 1543 2704 1599 nostri
2757 1547 3024 1615 temporis
3079 1546 3235 1617 signa
3293 1565 3450 1620 quae-

1856 1639 1999 1697 runt,
2042 1647 2164 1687 cum
2197 1647 2306 1687 non
2363 1631 2430 1686 sit
2484 1633 2747 1687 sanctitas
2812 1633 2868 1687 in
2908 1634 3298 1691 miraculorum
3355 1653 3446 1692 os-

156 1729 472 1813 tradidisset
507 1771 520 1810 :
554 1772 786 1828 cumque
816 1755 1095 1828 sigillatim
1127 1756 1370 1826 requisiti
1393 1755 1524 1811 illud
1579 1772 1639 1812 se
1668 1758 1747 1812 di-

1866 1730 2129 1796 tensione,
2188 1729 2285 1785 sed
2333 1730 2511 1801 potius
2565 1732 2621 1785 in
2696 1733 3011 1809 operatione
3072 1734 3307 1790 virtutis.
3371 1737 3454 1793 Ad

156 1854 349 1905 cerent
381 1862 490 1901 non
528 1846 757 1912 habere,
788 1843 955 1916 coepit
980 1844 1455 1900 matronanobillis
1483 1846 1658 1917 magis
1687 1862 1753 1902 ac

154 1940 334 2011 magis
364 1938 546 1994 animo
575 1938 911 1995 conturbari.
983 1937 1112 1992 Erat
1143 1947 1322 1994 autem
1354 1937 1581 1994 multum
1604 1948 1751 1994 stra-

154 2028 316 2084 minis
346 2029 402 2083 in
435 2029 576 2094 loco,
621 2028 772 2100 quod
802 2028 1060 2099 praecepit
1096 2028 1290 2083 eadem
1340 2028 1534 2084 mulier
1569 2029 1753 2085 venti-

152 2118 277 2185 lari,
309 2117 585 2191 lucernam
608 2117 936 2183 accendens,
974 2124 1025 2173 et
1056 2116 1383 2189 inquirendo
1418 2126 1587 2172 totam
1648 2119 1755 2174 do-

158 2224 289 2263 mun
319 2215 592 2263 evertens.
635 2205 743 2263 Sed
774 2221 898 2262 cum
927 2205 1060 2260 illud
1094 2206 1239 2278 quod
1271 2208 1563 2278 quaerebat,
1595 2205 1754 2263 inve-

159 2294 279 2351 nire
327 2311 435 2351 non
466 2302 673 2367 posset,
732 2295 919 2366 puella
950 2294 1219 2367 quaedam,
1254 2311 1376 2366 qua:
1405 2295 1459 2348 in
1489 2296 1607 2366 ejus
1663 2298 1757 2351 ob-

164 2392 352 2465 sequio
382 2399 519 2458 erat,
552 2390 789 2448 accessit
818 2391 888 2447 ad
921 2391 1095 2457 illam,
1120 2392 1559 2447 constantissime
1606 2409 1757 2448 asse-

163 2497 295 2537 rens
338 2483 482 2554 quod
523 2481 569 2536 si
618 2481 838 2536 beatum
876 2482 1173 2537 Bobertum
1210 2479 1442 2536 ﬁdeliter
1490 2481 1756 2553 implora-

164 2579 264 2640 ret,
286 2571 427 2626 idem
459 2579 681 2627 sanctus
729 2571 779 2625 ei
811 2572 928 2625 sine
959 2571 1124 2626 dubio
1181 2571 1440 2626 redderet
1496 2568 1756 2628 ﬁrmacu-

165 2661 278 2716 lum
308 2676 491 2716 suum.
523 2660 692 2730 Cujus
722 2660 955 2715 consilio
984 2659 1262 2715 comitissa
1284 2658 1515 2714 ﬁdeliter
1541 2661 1758 2733 acquie-

167 2772 347 2828 scens,
380 2774 599 2815 cereum
647 2759 702 2812 in
759 2759 1026 2813 honorem
1085 2757 1223 2813 beati
1279 2757 1499 2812 Roberti
1547 2759 1759 2813 abbatis

166 2847 394 2904 accendi
418 2847 610 2919 jussit.
641 2845 807 2916 Quod
839 2862 960 2902 cum
1002 2845 1200 2902 factum
1230 2846 1441 2911 fuisset,
1461 2847 1644 2902 statim
1667 2864 1761 2905 co-

174 2953 294 2993 ram
324 2953 527 3010 magna
555 2936 736 3008 plebis
771 2935 1114 2991 multitudine
1142 2933 1482 2993 firmaculum
1521 2937 1590 2993 de
1634 2954 1760 3009 gre-

165 3021 275 3075 mio
298 3022 415 3089 ejus
441 3020 718 3075 inventum
751 3028 853 3074 est.
887 3020 1271 3076 Convenerunt
1310 3029 1421 3075 tam
1456 3020 1557 3079 viri
1588 3038 1757 3093 quam

165 3117 441 3184 mulieres,
471 3132 574 3188 pro
603 3125 752 3172 tanto
789 3116 1054 3173 miraculo
1081 3118 1256 3173 Deum
1277 3116 1671 3189 gloriﬁcantes,
1705 3128 1758 3175 et

163 3207 343 3278 ipsum
374 3207 442 3261 de
472 3206 533 3261 B.
567 3206 802 3262 Roberto
831 3205 1034 3261 famulo
1064 3222 1161 3263 suo
1198 3207 1503 3263 mirabilem
1553 3209 1758 3280 praedi-

165 3302 370 3352 cantes.
404 3295 521 3351 lloc
548 3303 729 3350 autem
764 3293 1089 3351 miraculum
1130 3303 1240 3350 tam
1283 3296 1498 3353 celebre
1557 3298 1757 3354 factum

164 3401 262 3461 est,
314 3397 375 3448 ut
423 3392 729 3465 quicunque
781 3392 838 3446 in
884 3400 997 3448 tota
1033 3391 1257 3465 regione
1314 3395 1406 3449 illa
1461 3395 1758 3468 quidquam

164 3480 426 3551 amiserit,
472 3481 541 3536 ad
585 3481 689 3535 viri
734 3482 832 3537 Dei
863 3482 1119 3536 auxilium
1150 3482 1448 3556 confugere
1478 3501 1586 3539 non
1643 3501 1760 3541 mo-

164 3579 333 3639 retur,
376 3579 430 3626 et
460 3571 539 3626 sic
567 3586 705 3637 rem,
748 3586 909 3642 quam
948 3571 1099 3641 prius
1130 3571 1407 3641 amiserat,
1457 3573 1574 3629 sine
1614 3574 1758 3628 dila-

163 3669 309 3725 tione
338 3668 588 3740 recipiat.
627 3669 745 3723 Nec
773 3667 968 3722 mirum
998 3669 1043 3723 si
1073 3668 1157 3724 vir
1185 3678 1402 3725 sanctus
1431 3671 1487 3725 in
1540 3680 1760 3727 restau-

164 3758 374 3814 ratione
404 3773 584 3813 rerum
641 3757 965 3811 amissarum
1022 3759 1289 3829 accepita
1328 3759 1558 3815 Domino
1624 3777 1758 3833 gra-

165 3848 289 3904 tiam
316 3847 675 3920 singularem,
707 3861 831 3901 cum
862 3846 982 3917 ipse
1011 3845 1231 3902 lucerna
1270 3848 1338 3901 sit
1369 3848 1423 3902 in
1453 3849 1617 3906 domo
1648 3852 1759 3907 Do-

163 3945 293 4000 mini
313 3945 515 4000 ardens
544 3950 597 3999 et
624 3942 836 4012 lucens,
870 3950 926 3998 ut
957 3944 1157 4016 quique
1197 3944 1265 3999 ad
1294 3943 1446 4000 illum
1500 3961 1758 4005 accesse-

164 4035 254 4102 rit,
284 4031 642 4101 illuminetur,
671 4039 725 4087 et
753 4048 854 4103 per
882 4031 1031 4087 illum
1061 4032 1320 4089 drachma
1348 4035 1563 4107 perdita
1592 4053 1756 4109 repa-

160 4139 305 4187 ratur
334 4130 399 4205 [f.
435 4129 736 4203 reperiatur
776 4148 791 4198 ;
826 4130 940 4199 sin,
973 4131 1304 4205 reparetnr].

232 4232 320 4285 15.
352 4226 597 4300 Expletis
620 4236 805 4285 autem
836 4243 912 4285 ex
942 4246 1096 4286 more
1132 4230 1285 4287 circa
1320 4231 1465 4288 beati
1494 4231 1599 4290 viri
1630 4248 1757 4289 cor-

164 4344 267 4401 pus
299 4330 599 4400 exsequiis,
633 4329 799 4401 gleba
827 4329 916 4384 illa
951 4330 1346 4387 sanctissimae.
1373 4332 1566 4389 vicinis
1592 4335 1757 4390 abba-

166 4417 332 4485 tibus,
365 4416 592 4489 aliisque
620 4418 941 4473 reverendis
970 4419 1220 4488 personis
1277 4420 1346 4474 ad
1403 4419 1512 4477 hoc
1569 4422 1747 4493 ipsum

164 4506 565 4578 congregratis,
598 4505 980 4562 venerabiliter
1010 4515 1093 4561 est
1118 4508 1308 4562 tradita
1340 4510 1637 4580 sepulturae
1661 4532 1676 4580 ;
1704 4521 1757 4570 et

166 4596 222 4651 in
249 4595 479 4651 ecclesia
509 4596 568 4649 B.
602 4595 868 4665 Virginis,
903 4611 1065 4667 quam
1097 4595 1216 4667 ipse
1246 4598 1302 4651 in
1332 4598 1604 4656 honorem
1644 4604 1764 4672 ejus

169 4692 501 4761 fundaverat,
534 4691 837 4749 honorifice
866 4693 1152 4749 tumulata.
1192 4695 1337 4751 Deus
1393 4706 1583 4755 autem
1639 4717 1764 4757 om-

169 4784 439 4856 nipotens,
497 4791 556 4838 ut
603 4790 729 4855 post
774 4782 958 4839 carnis
1026 4783 1427 4855 depositionem
1502 4788 1765 4847 famulum

171 4889 323 4929 suum
355 4875 414 4929 B.
448 4872 742 4928 Robertum
771 4872 955 4928 vivere
1008 4875 1413 4945 comprobaret,
1466 4878 1764 4936 multorum

172 4971 311 5028 enim
337 4970 724 5027 miraculorum
753 4968 932 5043 gloria
980 4970 1274 5029 decoravit.
1338 4973 1487 5029 Idem
1548 4992 1766 5049 quoque

172 5069 256 5127 vir
284 5075 519 5138 sanctus,
543 5072 602 5123 ut
636 5084 696 5124 se
715 5068 1033 5124 ostenderet
1054 5084 1241 5125 curam
1272 5087 1470 5144 gerere
1501 5073 1761 5143 filiorum,

173 5167 331 5223 etiam
368 5175 657 5241 postquam
679 5165 959 5222 subtracta
987 5175 1071 5223 est
1096 5167 1168 5223 ab
1207 5184 1394 5225 eorum
1424 5170 1617 5241 oculis,
1639 5172 1764 5245 ejus

244 5370 358 5441 (25)
382 5369 568 5447 Fuerit
599 5370 715 5447 haec
756 5384 897 5447 uxor
926 5368 1214 5447 Guillelmi
1243 5371 1339 5447 III,
1370 5372 1461 5447 qui
1484 5375 1643 5445 hujus
1664 5391 1765 5434 co-

175 5441 392 5517 mitatus
420 5442 561 5496 inter
607 5442 975 5517 Burgund‘iam
1006 5459 1071 5498 ac
1110 5443 1348 5517 Ligerim
1390 5441 1507 5512 'siti,
1539 5441 1593 5504 et
1620 5464 1767 5505 nunc

177 5512 230 5566 in
250 5512 503 5567 ducatum
536 5512 809 5578 conversi,
842 5514 1050 5568 titulum
1083 5512 1253 5570 tenuit
1281 5517 1351 5571 ab
1399 5535 1544 5573 anno
1600 5520 1764 5576 circi—

178 5591 259 5659 ter
290 5584 427 5637 1100
457 5584 528 5638 ad
564 5585 717 5653 1148,
749 5600 857 5659 quo
886 5586 1217 5659 grandaevus
1246 5596 1297 5641 et
1344 5591 1488 5659 apud
1532 5590 1764 5645 Carthu-

179 5655 362 5742 sianos
391 5670 694 5742 conversus
744 5654 878 5737 obiit
896 5654 931 5742 λι
967 5657 1151 5713 uxoris
1178 5654 1394 5741 nomen
1428 5661 1755 5742 ignoratur.

177 5725 293 5784 Nisi
325 5726 465 5784 forte
503 5727 679 5784 acrius
697 5726 1013 5784 miraculum
1044 5729 1274 5805 contigit
1301 5725 1594 5790 comitissze
1622 5733 1756 5803 Idas,

1860 1818 2306 1873 satisfaciendum
2363 1819 2607 1891 utrisque
2655 1836 2828 1890 pauca
2883 1821 2951 1876 de
3000 1821 3268 1893 pluribus,
3319 1842 3448 1896 quas

1859 1931 1957 1987 per
1977 1915 2124 1970 illum
2140 1924 2397 1986 operatus
2418 1924 2501 1971 est
2516 1918 2800 1984 Dominus,
2824 1918 3063 1974 breviter
3077 1922 3412 1993 attingemus
3426 1965 3441 1979 .

1936 2005 2028 2060 l6.
2066 2005 2355 2077 Postquam
2386 2014 2565 2061 autem
2611 2006 2693 2061 vir
2744 2016 2967 2064 sanctus
3026 2009 3171 2066 felici
3222 2012 3451 2067 transitu

1858 2104 2117 2176 migravit
2146 2109 2216 2159 ad
2247 2105 2537 2174 Christum,
2578 2106 2742 2177 cmpit
2771 2107 3030 2162 virtutum
3087 2109 3206 2178 ejus
3255 2110 3445 2182 opinio

1860 2192 2026 2266 longe
2064 2193 2279 2264 lateque
2306 2192 2554 2261 diffundi,
2597 2203 2651 2249 et
2679 2211 2854 2267 pr0pe
2884 2205 3001 2251 erat
3043 2198 3309 2253 Dnminus
3362 2200 3455 2254 in-

1866 2282 2181 2337 vocantibus
2204 2297 2402 2338 nomen
2432 2284 2630 2338 sancti.
2668 2285 2834 2340 Beala
2864 2301 3081 2357 quoque
3135 2287 3235 2343 Dei
3281 2289 3453 2360 geni-

1862 2378 1982 2443 trix,
2025 2396 2146 2451 quae
2174 2379 2279 2434 sibi
2309 2380 2739 2451 desponsaverat
2767 2382 2940 2437 virum
2974 2382 3090 2447 Dei,
3114 2383 3246 2439 dum
3272 2386 3452 2441 adhuc

1862 2468 1999 2523 uteri
2028 2468 2259 2523 materni
2291 2469 2634 2524 clauderetur
2653 2470 2943 2543 angustiis,
2982 2473 3231 2543 gratiam,
3290 2489 3455 2546 quam

1864 2566 2215 2638 singulariter
2270 2568 2826 2638 accepitaDomino,
2885 2570 3290 2627 communicare
3346 2588 3457 2628 non

1864 2655 2079 2710 desistit
2108 2671 2270 2711 servo
2301 2661 2419 2711 suo.
2479 2658 2617 2711 Nam
2650 2672 2683 2712 a
2712 2658 2800 2712 die
2830 2658 3012 2713 exitus
3044 2660 3184 2714 beati
3233 2661 3460 2716 Roberti

1865 2762 2149 2824 coaperunt
2205 2753 2464 2809 miracula
2538 2754 2865 2810 creberrime
2929 2754 3046 2811 ﬁeri
3098 2756 3155 2811 in
3223 2758 3457 2813 ecclesia

1865 2842 2219 2909 Molismeusi,
2251 2860 2416 2914 quam
2453 2842 2596 2898 idem
2654 2844 2735 2899 vir
2786 2852 3008 2901 sanctus
3063 2854 3458 2915 construxerat,

1864 2936 1920 2992 in
1948 2939 2215 2994 honorem
2246 2937 2496 3008 ejusdem
2526 2937 2785 3008 Virginis,
2817 2938 2959 2994 cuia
2988 2939 3250 3010 primaeva
3302 2948 3460 2997 astate

1867 3040 2036 3089 totum
2057 3049 2116 3089 se
2146 3033 2389 3102 dederat,
2431 3041 2485 3089 et
2521 3034 2813 3091 devotione
2870 3036 3142 3092 servierat
3209 3037 3460 3109 speciali.

1866 3122 2072 3179 Divinas
2136 3121 2306 3195 igitur
2361 3123 2788 3195 dispensationis
2844 3125 3024 3197 gratia
3109 3126 3162 3179 in
3235 3142 3457 3182 omnem

1864 3227 2066 3275 terram
2121 3220 2499 3292 promulgante
2575 3220 2862 3291 miracula,
2931 3238 3052 3294 quae
3125 3223 3271 3278 Deus
3330 3239 3455 3279 om-

1864 3308 2116 3381 nipotens
2169 3309 2427 3380 precibus
2480 3326 2593 3365 suae
2647 3309 2840 3365 matris
2897 3320 2949 3365 et
3014 3311 3159 3366 beati
3233 3312 3463 3368 Roberti

1865 3406 2075 3461 meritis
2130 3405 2346 3476 operari
2399 3405 2654 3477 dignatus
2709 3410 2794 3461 est
2850 3407 2905 3461 in
2965 3407 3213 3463 Ecclesia
3267 3408 3462 3464 Molis—

1866 3490 2060 3558 mensi,
2095 3489 2258 3561 ccepit
2300 3490 2661 3562 undequaque
2708 3492 2949 3562 gentium
3009 3492 3283 3548 conﬂuere
3327 3493 3459 3548 mul-

1867 3579 2056 3634 titudo.

1938 3680 2025 3735 17.
2057 3677 2278 3735 Accidit
2306 3684 2485 3734 autem
2514 3678 2662 3751 quod
2692 3679 2943 3752 quaedam
2982 3680 3176 3738 mulier
3228 3698 3461 3756 pauper-

1865 3767 2005 3835 cula,
2040 3768 2248 3824 caduco
2304 3767 2555 3825 laborans
2612 3768 2978 3839 incommodo,
3030 3771 3100 3825 ad
3157 3772 3452 3828 ecclesiam

1864 3867 2267 3923 llIolismensem
2312 3866 2501 3922 venire
2557 3866 2887 3937 disponeret,
2921 3868 3180 3923 auxilium
3211 3884 3244 3923 a
3294 3871 3463 3925 Matre

1864 3955 2081 4011 Domini
2110 3963 2164 4011 et
2204 3955 2367 4011 beato
2423 3954 2669 4011 Roberto
2714 3957 2832 4024 ejus
2886 3955 3095 4011 famulo
3126 3957 3450 4026 quaesitura.

1862 4045 2168 4115 Assumptis
2195 4042 2365 4115 igitur
2406 4059 2592 4098 secum
2641 4044 2855 4098 duobus
2906 4043 3166 4114 puerulis,
3226 4061 3457 4116 quorum

1862 4133 1998 4188 alter
2023 4134 2093 4188 ad
2122 4132 2244 4202 ejus
2274 4130 2549 4203 pendebat
2577 4132 2769 4200 ubera,
2794 4132 2934 4188 alter
2962 4148 3097 4189 vero
3122 4150 3348 4205 gacssus
3369 4135 3461 4192 de-

1861 4229 1956 4285 bili
1983 4228 2174 4285 matris
2204 4228 2439 4300 vestigia
2460 4230 2811 4301 sequebatur,
2846 4229 2950 4287 iter
2987 4232 3342 4304 prosequitur
3361 4233 3465 4290 de-

1863 4319 2149 4375 stinatum.
2190 4317 2453 4373 Inclinata
2477 4327 2658 4373 autem
2684 4320 2798 4389 jam
2828 4321 2935 4389 die,
2970 4322 3119 4376 venit
3148 4322 3216 4376 ad
3267 4337 3465 4378 mona-

1786 4446 1838 4507 D
1869 4417 2095 4473 sterium
2126 4417 2356 4485 Quincei
2386 4418 2521 4487 (26),
2558 4417 2849 4489 hospitium
2882 4419 3197 4475 mendicans
3226 4434 3259 4474 a
3288 4436 3473 4476 mona-

1867 4508 2031 4573 chis;
2076 4507 2173 4561 sed
2224 4508 2357 4578 quia
2410 4506 2633 4562 illorum
2691 4507 2912 4563 traditio
2958 4508 3096 4562 intra
3148 4509 3289 4565 lines
3337 4525 3467 4566 suos

1872 4621 2061 4660 sexum
2092 4604 2417 4659 muliebrem
2446 4620 2555 4659 non
2590 4603 2840 4670 admittit,
2908 4605 3187 4676 compulsa
3236 4616 3319 4662 est
3369 4606 3469 4661 mi-

1873 4718 1999 4758 sera
2029 4702 2220 4758 mulier
2247 4702 2375 4757 inde
2416 4701 2685 4758 recedens
2742 4702 2797 4756 in
2843 4718 3062 4758 nemore
3115 4713 3467 4775 pernoctare.

1872 4794 2039 4848 Porro
2069 4808 2199 4848 casu
2230 4791 2448 4847 fortuito
2486 4791 2666 4847 focum
2696 4790 2920 4862 reperit,
2981 4808 3138 4863 quem
3179 4791 3249 4849 de
3281 4793 3466 4865 sopito

1872 4891 2056 4947 cinere
2090 4889 2483 4956 reaccendens,
2515 4905 2637 4946 cum
2658 4888 2872 4945 duobus
2907 4890 3150 4960 parvulis
3190 4890 3266 4946 ibi
3314 4907 3470 4947 man-

1872 4989 1967 5044 sit.
1991 4988 2170 5044 Media
2190 4996 2374 5043 autem
2398 4996 2559 5044 nocte
2588 4986 2750 5059 lupus
2778 4986 3018 5055 advenit,
3042 4994 3239 5044 etcum
3264 4988 3463 5046 mulier

1872 5093 1937 5133 ex
1976 5091 2085 5132 una
2121 5076 2267 5150 ignis
2297 5084 2452 5148 parte
2481 5075 2716 5143 sederet,
2759 5076 2994 5132 crudelis
3025 5077 3200 5132 bestia
3222 5077 3275 5132 in
3289 5079 3460 5135 altera

1872 5175 2143 5232 recubuit.
2183 5174 2303 5244 Quo
2334 5174 2470 5244 viso,
2504 5174 2699 5230 muleir
2727 5173 2887 5230 fronti
2917 5191 3028 5231 suae
3070 5174 3286 5247 signum
3339 5192 3467 5235 cru-

1873 5372 2029 5430 uxori
2059 5372 2334 5430 Guillelmi
2390 5373 2483 5441 IV,
2541 5371 2834 5430 nominatae
2880 5371 2936 5427 in
2986 5371 3220 5444 quadam
3270 5373 3463 5432 charta

1876 5445 2275 5502 Pontiniaccnsi
2306 5461 2450 5500 anno
2493 5447 2658 5500 1156.

1947 5520 2057 5588 (26)
2098 5518 2156 5570 In
2186 5517 2409 5573 dimcesi
2450 5516 2779 5588 Lingonensi
2814 5513 3133 5584 Quinceium
3190 5526 3465 5573 monaste-

1874 5588 2036 5653 rium,
2072 5588 2235 5659 vulgo
2270 5589 2508 5659 Quincy,
2542 5587 2830 5643 fundatum
2862 5601 3002 5659 anno
3060 5590 3196 5642 1133
3257 5587 3463 5643 ordinis

1873 5668 1958 5716 est
1985 5658 2366 5715 Cisterciensis
2399 5677 2412 5723 ;
2445 5658 2722 5715 diversum
2777 5675 2808 5714 a
2867 5658 3185 5727 Quinciaco,
3244 5665 3464 5714 vetusto

1872 5729 2033 5803 plane
2070 5731 2216 5804 apud
2247 5731 2496 5789 Pictavos
2525 5730 2798 5802 coenobio,
2830 5732 2999 5804 vulgo
3031 5730 3299 5799 Quincay.
