  <div class='ocr_page' id='page_1' title='image "/cluster/home/n/w/nwhite01/storage/ocr_20150623/157/hvd.32044054760152/647.png"; bbox 0 0 3972 6076; ppageno 0'>
   <div class='ocr_carea' id='block_1_1' title="bbox 468 180 602 239">
    <p class='ocr_par' dir='ltr' id='par_1_1' title="bbox 468 180 602 239">
     <span class='ocr_line' id='line_1_1' title="bbox 468 180 602 239; baseline 0.007 -3"><span class='ocrx_word' id='word_1_1' title='bbox 468 180 602 239; x_wconf 70' lang='grc'><strong>1283</strong></span> 
     </span>
    </p>
   </div>
   <div class='ocr_carea' id='block_1_2' title="bbox 1384 181 2853 248">
    <p class='ocr_par' dir='ltr' id='par_1_2' title="bbox 1384 181 2853 248">
     <span class='ocr_line' id='line_1_2' title="bbox 1384 181 2853 248; baseline 0.006 -10"><span class='ocrx_word' id='word_1_2' title='bbox 1384 182 1448 238; x_wconf 92' lang='lat' dir='ltr'><strong>S.</strong></span> <span class='ocrx_word' id='word_1_3' title='bbox 1491 181 1791 240; x_wconf 81' lang='lat' dir='ltr'><strong>ROBERTI</strong></span> <span class='ocrx_word' id='word_1_4' title='bbox 1826 184 1998 242; x_wconf 81' lang='lat' dir='ltr'><strong>OBD.</strong></span> <span class='ocrx_word' id='word_1_5' title='bbox 2046 184 2359 245; x_wconf 84' lang='lat' dir='ltr'><strong>CISTERC.</strong></span> <span class='ocrx_word' id='word_1_6' title='bbox 2407 188 2853 248; x_wconf 75' lang='lat' dir='ltr'><strong>FUNDATORIS</strong></span> 
     </span>
    </p>
   </div>
   <div class='ocr_carea' id='block_1_3' title="bbox 3664 192 3829 249">
    <p class='ocr_par' dir='ltr' id='par_1_3' title="bbox 3664 192 3829 249">
     <span class='ocr_line' id='line_1_3' title="bbox 3664 192 3829 249; baseline 0.012 -1"><span class='ocrx_word' id='word_1_7' title='bbox 3664 192 3829 249; x_wconf 65' lang='grc'><strong>1284</strong></span> 
     </span>
    </p>
   </div>
   <div class='ocr_carea' id='block_1_4' title="bbox 464 306 3819 390">
    <p class='ocr_par' dir='ltr' id='par_1_4' title="bbox 464 306 3819 390">
     <span class='ocr_line' id='line_1_4' title="bbox 464 306 3819 390; baseline 0.003 -29"><span class='ocrx_word' id='word_1_8' title='bbox 464 308 543 361; x_wconf 89' lang='lat' dir='ltr'><strong>eis</strong></span> <span class='ocrx_word' id='word_1_9' title='bbox 592 306 938 377; x_wconf 86' lang='lat' dir='ltr'><strong>imprimens,</strong></span> <span class='ocrx_word' id='word_1_10' title='bbox 973 324 1033 361; x_wconf 89' lang='lat' dir='ltr'><strong>se</strong></span> <span class='ocrx_word' id='word_1_11' title='bbox 1090 315 1143 364; x_wconf 88' lang='lat' dir='ltr'><strong>et</strong></span> <span class='ocrx_word' id='word_1_12' title='bbox 1196 323 1397 381; x_wconf 89' lang='lat' dir='ltr'><strong>pueros</strong></span> <span class='ocrx_word' id='word_1_13' title='bbox 1458 309 1575 365; x_wconf 87' lang='lat' dir='ltr'><strong>Deo</strong></span> <span class='ocrx_word' id='word_1_14' title='bbox 1642 317 1695 365; x_wconf 92' lang='lat' dir='ltr'><strong>et</strong></span> <span class='ocrx_word' id='word_1_15' title='bbox 1745 312 1810 364; x_wconf 88' lang='grc' dir='ltr'><strong>Β.</strong></span> <span class='ocrx_word' id='word_1_16' title='bbox 1876 312 2055 367; x_wconf 75' lang='lat' dir='ltr'><strong>Mariae</strong></span> <span class='ocrx_word' id='word_1_17' title='bbox 2084 312 2142 374; x_wconf 84' lang='lat' dir='ltr'><strong>A</strong></span> <span class='ocrx_word' id='word_1_18' title='bbox 2171 314 2497 370; x_wconf 86' lang='lat' dir='ltr'><strong>arridentem</strong></span> <span class='ocrx_word' id='word_1_19' title='bbox 2531 335 2546 382; x_wconf 86' lang='lat'><strong>;</strong></span> <span class='ocrx_word' id='word_1_20' title='bbox 2579 326 2631 372; x_wconf 92' lang='lat' dir='ltr'><strong>et</strong></span> <span class='ocrx_word' id='word_1_21' title='bbox 2653 316 2926 374; x_wconf 89' lang='lat' dir='ltr'><strong>cunabulo</strong></span> <span class='ocrx_word' id='word_1_22' title='bbox 2955 332 3076 375; x_wconf 91' lang='lat' dir='ltr'><strong>cum</strong></span> <span class='ocrx_word' id='word_1_23' title='bbox 3106 316 3418 390; x_wconf 85' lang='lat' dir='ltr'><strong>panniculis</strong></span> <span class='ocrx_word' id='word_1_24' title='bbox 3441 316 3819 381; x_wconf 81' lang='lat' dir='ltr'><strong>incinerato,</strong></span> 
     </span>
    </p>
   </div>
   <div class='ocr_carea' id='block_1_5' title="bbox 464 396 2051 467">
    <p class='ocr_par' dir='ltr' id='par_1_5' title="bbox 464 396 2051 467">
     <span class='ocr_line' id='line_1_5' title="bbox 464 396 2051 467; baseline 0.005 -20"><span class='ocrx_word' id='word_1_25' title='bbox 464 396 673 467; x_wconf 78' lang='lat' dir='ltr'><strong>Virgini</strong></span> <span class='ocrx_word' id='word_1_26' title='bbox 712 405 765 451; x_wconf 88' lang='lat' dir='ltr'><strong>et</strong></span> <span class='ocrx_word' id='word_1_27' title='bbox 794 398 853 449; x_wconf 89' lang='grc' dir='ltr'><strong>Β.</strong></span> <span class='ocrx_word' id='word_1_28' title='bbox 903 397 1143 452; x_wconf 86' lang='lat' dir='ltr'><strong>Roberto</strong></span> <span class='ocrx_word' id='word_1_29' title='bbox 1208 397 1563 453; x_wconf 86' lang='lat' dir='ltr'><strong>devotissime</strong></span> <span class='ocrx_word' id='word_1_30' title='bbox 1623 401 2051 457; x_wconf 78' lang='lat' dir='ltr'><strong>commendavit.</strong></span> 
     </span>
    </p>
   </div>
   <div class='ocr_carea' id='block_1_6' title="bbox 464 490 2062 566">
    <p class='ocr_par' dir='ltr' id='par_1_6' title="bbox 464 490 2062 566">
     <span class='ocr_line' id='line_1_6' title="bbox 464 490 2062 566; baseline 0.005 -23"><span class='ocrx_word' id='word_1_31' title='bbox 464 490 670 546; x_wconf 88' lang='lat' dir='ltr'><strong>Interea</strong></span> <span class='ocrx_word' id='word_1_32' title='bbox 701 508 1133 566; x_wconf 86' lang='lat' dir='ltr'><strong>energumenam</strong></span> <span class='ocrx_word' id='word_1_33' title='bbox 1191 510 1344 548; x_wconf 90' lang='lat' dir='ltr'><strong>suam</strong></span> <span class='ocrx_word' id='word_1_34' title='bbox 1402 495 1602 549; x_wconf 90' lang='lat' dir='ltr'><strong>invasit</strong></span> <span class='ocrx_word' id='word_1_35' title='bbox 1650 495 1956 566; x_wconf 73' lang='lat' dir='ltr'><strong>infirmitas,</strong></span> <span class='ocrx_word' id='word_1_36' title='bbox 2008 504 2062 551; x_wconf 89' lang='lat' dir='ltr'><strong>et</strong></span> 
     </span>
    </p>
   </div>
   <div class='ocr_carea' id='block_1_7' title="bbox 461 588 2060 664">
    <p class='ocr_par' dir='ltr' id='par_1_7' title="bbox 461 588 2060 664">
     <span class='ocr_line' id='line_1_7' title="bbox 461 588 2060 664; baseline 0.004 -23"><span class='ocrx_word' id='word_1_37' title='bbox 461 588 587 643; x_wconf 89' lang='lat' dir='ltr'><strong>dum</strong></span> <span class='ocrx_word' id='word_1_38' title='bbox 616 604 814 659; x_wconf 89' lang='lat' dir='ltr'><strong>corpus</strong></span> <span class='ocrx_word' id='word_1_39' title='bbox 871 591 1121 645; x_wconf 89' lang='lat' dir='ltr'><strong>exanime</strong></span> <span class='ocrx_word' id='word_1_40' title='bbox 1175 590 1429 664; x_wconf 78' lang='lat' dir='ltr'><strong>palpitat,</strong></span> <span class='ocrx_word' id='word_1_41' title='bbox 1483 591 1664 663; x_wconf 88' lang='lat' dir='ltr'><strong>lupus,</strong></span> <span class='ocrx_word' id='word_1_42' title='bbox 1711 593 1857 648; x_wconf 87' lang='lat' dir='ltr'><strong>velut</strong></span> <span class='ocrx_word' id='word_1_43' title='bbox 1887 594 1954 648; x_wconf 91' lang='lat' dir='ltr'><strong>de</strong></span> <span class='ocrx_word' id='word_1_44' title='bbox 1984 593 2060 648; x_wconf 89' lang='lat' dir='ltr'><strong>in-</strong></span> 
     </span>
    </p>
   </div>
   <div class='ocr_carea' id='block_1_8' title="bbox 459 676 2056 755">
    <p class='ocr_par' dir='ltr' id='par_1_8' title="bbox 459 676 2056 755">
     <span class='ocr_line' id='line_1_8' title="bbox 459 676 2056 755; baseline 0.004 -25"><span class='ocrx_word' id='word_1_45' title='bbox 459 676 676 731; x_wconf 87' lang='lat' dir='ltr'><strong>dustria</strong></span> <span class='ocrx_word' id='word_1_46' title='bbox 707 687 1100 749; x_wconf 82' lang='lat' dir='ltr'><strong>exspectasset,</strong></span> <span class='ocrx_word' id='word_1_47' title='bbox 1161 679 1429 735; x_wconf 82' lang='lat' dir='ltr'><strong>minorem</strong></span> <span class='ocrx_word' id='word_1_48' title='bbox 1489 698 1717 752; x_wconf 88' lang='lat' dir='ltr'><strong>puerum</strong></span> <span class='ocrx_word' id='word_1_49' title='bbox 1784 683 2056 755; x_wconf 73' lang='lat' dir='ltr'><strong>praedatus</strong></span> 
     </span>
    </p>
   </div>
   <div class='ocr_carea' id='block_1_9' title="bbox 460 765 2059 841">
    <p class='ocr_par' dir='ltr' id='par_1_9' title="bbox 460 765 2059 841">
     <span class='ocr_line' id='line_1_9' title="bbox 460 765 2059 841; baseline 0.006 -22"><span class='ocrx_word' id='word_1_50' title='bbox 460 765 693 838; x_wconf 83' lang='lat' dir='ltr'><strong>aufugit.</strong></span> <span class='ocrx_word' id='word_1_51' title='bbox 741 768 1119 824; x_wconf 88' lang='lat' dir='ltr'><strong>Evanescente</strong></span> <span class='ocrx_word' id='word_1_52' title='bbox 1158 776 1344 824; x_wconf 90' lang='lat' dir='ltr'><strong>autem</strong></span> <span class='ocrx_word' id='word_1_53' title='bbox 1383 779 1540 841; x_wconf 80' lang='lat' dir='ltr'><strong>peste</strong></span> <span class='ocrx_word' id='word_1_54' title='bbox 1595 771 1795 836; x_wconf 84' lang='lat' dir='ltr'><strong>morbi,</strong></span> <span class='ocrx_word' id='word_1_55' title='bbox 1864 771 2059 829; x_wconf 83' lang='lat' dir='ltr'><strong>mulier</strong></span> 
     </span>
    </p>
   </div>
   <div class='ocr_carea' id='block_1_10' title="bbox 460 862 2057 942">
    <p class='ocr_par' dir='ltr' id='par_1_10' title="bbox 460 862 2057 942">
     <span class='ocr_line' id='line_1_10' title="bbox 460 862 2057 942; baseline 0.005 -25"><span class='ocrx_word' id='word_1_56' title='bbox 460 864 616 933; x_wconf 69' lang='lat' dir='ltr'><strong>quasi</strong></span> <span class='ocrx_word' id='word_1_57' title='bbox 651 881 942 936; x_wconf 81' lang='lat' dir='ltr'><strong>resurgens</strong></span> <span class='ocrx_word' id='word_1_58' title='bbox 974 881 1006 921; x_wconf 88' lang='lat' dir='ltr'><strong>a</strong></span> <span class='ocrx_word' id='word_1_59' title='bbox 1034 867 1285 932; x_wconf 75' lang='lat' dir='ltr'><strong>mortuis,</strong></span> <span class='ocrx_word' id='word_1_60' title='bbox 1315 867 1459 922; x_wconf 86' lang='lat' dir='ltr'><strong>inter</strong></span> <span class='ocrx_word' id='word_1_61' title='bbox 1498 867 1725 924; x_wconf 86' lang='lat' dir='ltr'><strong>brachia</strong></span> <span class='ocrx_word' id='word_1_62' title='bbox 1756 870 1954 942; x_wconf 65' lang='lat' dir='ltr'><strong>quaerit</strong></span> <span class='ocrx_word' id='word_1_63' title='bbox 1974 862 2057 925; x_wconf 82' lang='lat' dir='ltr'><strong>iu-</strong></span> 
     </span>
    </p>
   </div>
   <div class='ocr_carea' id='block_1_11' title="bbox 463 953 2057 1027">
    <p class='ocr_par' dir='ltr' id='par_1_11' title="bbox 463 953 2057 1027">
     <span class='ocr_line' id='line_1_11' title="bbox 463 953 2057 1027; baseline 0.003 -20"><span class='ocrx_word' id='word_1_64' title='bbox 463 953 750 1019; x_wconf 88' lang='lat' dir='ltr'><strong>fantnlum,</strong></span> <span class='ocrx_word' id='word_1_65' title='bbox 784 971 947 1026; x_wconf 86' lang='lat' dir='ltr'><strong>quem</strong></span> <span class='ocrx_word' id='word_1_66' title='bbox 985 954 1146 1025; x_wconf 91' lang='lat' dir='ltr'><strong>paulo</strong></span> <span class='ocrx_word' id='word_1_67' title='bbox 1177 964 1306 1011; x_wconf 90' lang='lat' dir='ltr'><strong>ante</strong></span> <span class='ocrx_word' id='word_1_68' title='bbox 1336 966 1604 1027; x_wconf 91' lang='lat' dir='ltr'><strong>tenuerat,</strong></span> <span class='ocrx_word' id='word_1_69' title='bbox 1638 966 1691 1013; x_wconf 93' lang='lat' dir='ltr'><strong>et</strong></span> <span class='ocrx_word' id='word_1_70' title='bbox 1720 974 1898 1013; x_wconf 85' lang='lat' dir='ltr'><strong>senon</strong></span> <span class='ocrx_word' id='word_1_71' title='bbox 1920 958 2057 1013; x_wconf 86' lang='lat' dir='ltr'><strong>alias</strong></span> 
     </span>
    </p>
   </div>
   <div class='ocr_carea' id='block_1_12' title="bbox 463 1041 2053 1118">
    <p class='ocr_par' dir='ltr' id='par_1_12' title="bbox 463 1041 2053 1118">
     <span class='ocr_line' id='line_1_12' title="bbox 463 1041 2053 1118; baseline 0.006 -24"><span class='ocrx_word' id='word_1_72' title='bbox 463 1041 736 1096; x_wconf 83' lang='lat' dir='ltr'><strong>dimisisse</strong></span> <span class='ocrx_word' id='word_1_73' title='bbox 765 1042 988 1097; x_wconf 82' lang='lat' dir='ltr'><strong>sciebat.</strong></span> <span class='ocrx_word' id='word_1_74' title='bbox 1020 1043 1268 1099; x_wconf 84' lang='lat' dir='ltr'><strong>Liberari</strong></span> <span class='ocrx_word' id='word_1_75' title='bbox 1302 1062 1361 1101; x_wconf 90' lang='lat' dir='ltr'><strong>se</strong></span> <span class='ocrx_word' id='word_1_76' title='bbox 1379 1047 1585 1118; x_wconf 86' lang='lat' dir='ltr'><strong>gaudet</strong></span> <span class='ocrx_word' id='word_1_77' title='bbox 1636 1046 1830 1101; x_wconf 86' lang='lat' dir='ltr'><strong>mulier</strong></span> <span class='ocrx_word' id='word_1_78' title='bbox 1876 1063 1908 1100; x_wconf 89' lang='lat' dir='ltr'><strong>a</strong></span> <span class='ocrx_word' id='word_1_79' title='bbox 1957 1048 2053 1103; x_wconf 92' lang='lat' dir='ltr'><strong>do-</strong></span> 
     </span>
    </p>
   </div>
   <div class='ocr_carea' id='block_1_13' title="bbox 460 1130 2056 1207">
    <p class='ocr_par' dir='ltr' id='par_1_13' title="bbox 460 1130 2056 1207">
     <span class='ocr_line' id='line_1_13' title="bbox 460 1130 2056 1207; baseline 0.004 -24"><span class='ocrx_word' id='word_1_80' title='bbox 460 1130 593 1193; x_wconf 90' lang='lat' dir='ltr'><strong>lore,</strong></span> <span class='ocrx_word' id='word_1_81' title='bbox 637 1131 733 1184; x_wconf 83' lang='lat' dir='ltr'><strong>sed</strong></span> <span class='ocrx_word' id='word_1_82' title='bbox 766 1131 890 1186; x_wconf 85' lang='lat' dir='ltr'><strong>huic</strong></span> <span class='ocrx_word' id='word_1_83' title='bbox 921 1132 1167 1187; x_wconf 86' lang='lat' dir='ltr'><strong>succedit</strong></span> <span class='ocrx_word' id='word_1_84' title='bbox 1197 1133 1356 1189; x_wconf 92' lang='lat' dir='ltr'><strong>dolor</strong></span> <span class='ocrx_word' id='word_1_85' title='bbox 1384 1134 1527 1190; x_wconf 85' lang='lat' dir='ltr'><strong>forte</strong></span> <span class='ocrx_word' id='word_1_86' title='bbox 1556 1135 1859 1200; x_wconf 82' lang='lat' dir='ltr'><strong>crudelior,</strong></span> <span class='ocrx_word' id='word_1_87' title='bbox 1910 1136 2056 1207; x_wconf 90' lang='lat' dir='ltr'><strong>quod</strong></span> 
     </span>
    </p>
   </div>
   <div class='ocr_carea' id='block_1_14' title="bbox 461 1218 2053 1287">
    <p class='ocr_par' dir='ltr' id='par_1_14' title="bbox 461 1218 2053 1287">
     <span class='ocr_line' id='line_1_14' title="bbox 461 1218 2053 1287; baseline 0.006 -17"><span class='ocrx_word' id='word_1_88' title='bbox 461 1219 718 1285; x_wconf 84' lang='lat' dir='ltr'><strong>majorem</strong></span> <span class='ocrx_word' id='word_1_89' title='bbox 756 1218 924 1274; x_wconf 81' lang='lat' dir='ltr'><strong>filium</strong></span> <span class='ocrx_word' id='word_1_90' title='bbox 954 1221 1266 1287; x_wconf 81' lang='lat' dir='ltr'><strong>consulens,</strong></span> <span class='ocrx_word' id='word_1_91' title='bbox 1305 1222 1373 1276; x_wconf 92' lang='lat' dir='ltr'><strong>de</strong></span> <span class='ocrx_word' id='word_1_92' title='bbox 1414 1223 1626 1278; x_wconf 89' lang='lat' dir='ltr'><strong>minore</strong></span> <span class='ocrx_word' id='word_1_93' title='bbox 1672 1223 1746 1278; x_wconf 87' lang='lat' dir='ltr'><strong>rei</strong></span> <span class='ocrx_word' id='word_1_94' title='bbox 1799 1232 2053 1279; x_wconf 86' lang='lat' dir='ltr'><strong>eventum</strong></span> 
     </span>
    </p>
   </div>
   <div class='ocr_carea' id='block_1_15' title="bbox 458 1306 2057 1382">
    <p class='ocr_par' dir='ltr' id='par_1_15' title="bbox 458 1306 2057 1382">
     <span class='ocr_line' id='line_1_15' title="bbox 458 1306 2057 1382; baseline 0.006 -23"><span class='ocrx_word' id='word_1_95' title='bbox 458 1306 821 1363; x_wconf 86' lang='lat' dir='ltr'><strong>miserabilem</strong></span> <span class='ocrx_word' id='word_1_96' title='bbox 851 1324 1075 1380; x_wconf 84' lang='lat' dir='ltr'><strong>prorsus</strong></span> <span class='ocrx_word' id='word_1_97' title='bbox 1119 1310 1363 1382; x_wconf 79' lang='lat' dir='ltr'><strong>agnovit.</strong></span> <span class='ocrx_word' id='word_1_98' title='bbox 1425 1310 1571 1380; x_wconf 88' lang='lat' dir='ltr'><strong>Quid</strong></span> <span class='ocrx_word' id='word_1_99' title='bbox 1604 1311 1815 1368; x_wconf 81' lang='lat' dir='ltr'><strong>faceret</strong></span> <span class='ocrx_word' id='word_1_100' title='bbox 1851 1313 2057 1368; x_wconf 84' lang='lat' dir='ltr'><strong>misera</strong></span> 
     </span>
    </p>
   </div>
   <div class='ocr_carea' id='block_1_16' title="bbox 459 1405 2055 1481">
    <p class='ocr_par' dir='ltr' id='par_1_16' title="bbox 459 1405 2055 1481">
     <span class='ocr_line' id='line_1_16' title="bbox 459 1405 2055 1481; baseline 0.004 -22"><span class='ocrx_word' id='word_1_101' title='bbox 459 1405 653 1460; x_wconf 89' lang='lat' dir='ltr'><strong>mulier</strong></span> <span class='ocrx_word' id='word_1_102' title='bbox 674 1405 703 1462; x_wconf 88' lang='lat'>?</span> <span class='ocrx_word' id='word_1_103' title='bbox 735 1423 839 1477; x_wconf 91' lang='lat' dir='ltr'><strong>quo</strong></span> <span class='ocrx_word' id='word_1_104' title='bbox 880 1424 944 1463; x_wconf 91' lang='lat' dir='ltr'><strong>se</strong></span> <span class='ocrx_word' id='word_1_105' title='bbox 973 1415 1229 1473; x_wconf 86' lang='lat' dir='ltr'><strong>verteret,</strong></span> <span class='ocrx_word' id='word_1_106' title='bbox 1264 1408 1563 1464; x_wconf 82' lang='lat' dir='ltr'><strong>nesciebat.</strong></span> <span class='ocrx_word' id='word_1_107' title='bbox 1594 1410 1715 1465; x_wconf 91' lang='lat' dir='ltr'><strong>Non</strong></span> <span class='ocrx_word' id='word_1_108' title='bbox 1739 1410 1883 1465; x_wconf 91' lang='lat' dir='ltr'><strong>enim</strong></span> <span class='ocrx_word' id='word_1_109' title='bbox 1904 1420 2055 1481; x_wconf 91' lang='lat' dir='ltr'><strong>pote-</strong></span> 
     </span>
    </p>
   </div>
   <div class='ocr_carea' id='block_1_17' title="bbox 456 1494 2054 1569">
    <p class='ocr_par' dir='ltr' id='par_1_17' title="bbox 456 1494 2054 1569">
     <span class='ocr_line' id='line_1_17' title="bbox 456 1494 2054 1569; baseline 0.006 -22"><span class='ocrx_word' id='word_1_110' title='bbox 456 1495 522 1547; x_wconf 89' lang='lat' dir='ltr'><strong>rit</strong></span> <span class='ocrx_word' id='word_1_111' title='bbox 545 1494 651 1548; x_wconf 88' lang='lat' dir='ltr'><strong>vim</strong></span> <span class='ocrx_word' id='word_1_112' title='bbox 682 1496 817 1549; x_wconf 91' lang='lat' dir='ltr'><strong>tanti</strong></span> <span class='ocrx_word' id='word_1_113' title='bbox 847 1495 1055 1551; x_wconf 90' lang='lat' dir='ltr'><strong>doloris</strong></span> <span class='ocrx_word' id='word_1_114' title='bbox 1095 1495 1421 1566; x_wconf 86' lang='lat' dir='ltr'><strong>exprimere,</strong></span> <span class='ocrx_word' id='word_1_115' title='bbox 1480 1498 1590 1552; x_wconf 88' lang='lat' dir='ltr'><strong>nisi</strong></span> <span class='ocrx_word' id='word_1_116' title='bbox 1630 1498 1751 1569; x_wconf 87' lang='lat' dir='ltr'><strong>quis</strong></span> <span class='ocrx_word' id='word_1_117' title='bbox 1806 1509 2054 1556; x_wconf 88' lang='lat' dir='ltr'><strong>materna</strong></span> 
     </span>
    </p>
   </div>
   <div class='ocr_carea' id='block_1_18' title="bbox 456 1582 2040 1654">
    <p class='ocr_par' dir='ltr' id='par_1_18' title="bbox 456 1582 2040 1654">
     <span class='ocr_line' id='line_1_18' title="bbox 456 1582 2040 1654; baseline 0.008 -20"><span class='ocrx_word' id='word_1_118' title='bbox 456 1582 665 1637; x_wconf 81' lang='lat' dir='ltr'><strong>viscera</strong></span> <span class='ocrx_word' id='word_1_119' title='bbox 708 1582 958 1648; x_wconf 90' lang='lat' dir='ltr'><strong>induens,</strong></span> <span class='ocrx_word' id='word_1_120' title='bbox 998 1585 1372 1654; x_wconf 86' lang='lat' dir='ltr'><strong>experimento</strong></span> <span class='ocrx_word' id='word_1_121' title='bbox 1415 1586 1665 1642; x_wconf 88' lang='lat' dir='ltr'><strong>didicerit</strong></span> <span class='ocrx_word' id='word_1_122' title='bbox 1718 1588 1801 1644; x_wconf 93' lang='lat' dir='ltr'><strong>sic</strong></span> <span class='ocrx_word' id='word_1_123' title='bbox 1830 1588 2040 1647; x_wconf 91' lang='lat' dir='ltr'><strong>dolere.</strong></span> 
     </span>
    </p>
   </div>
   <div class='ocr_carea' id='block_1_19' title="bbox 455 1671 2133 1741">
    <p class='ocr_par' dir='ltr' id='par_1_19' title="bbox 455 1671 2133 1741">
     <span class='ocr_line' id='line_1_19' title="bbox 455 1671 2133 1741; baseline 0.005 -16"><span class='ocrx_word' id='word_1_124' title='bbox 455 1672 655 1725; x_wconf 85' lang='lat' dir='ltr'><strong>Tamen</strong></span> <span class='ocrx_word' id='word_1_125' title='bbox 687 1671 829 1726; x_wconf 90' lang='lat' dir='ltr'><strong>inter</strong></span> <span class='ocrx_word' id='word_1_126' title='bbox 858 1672 1172 1741; x_wconf 87' lang='lat' dir='ltr'><strong>ejulationis</strong></span> <span class='ocrx_word' id='word_1_127' title='bbox 1203 1675 1393 1738; x_wconf 87' lang='lat' dir='ltr'><strong>verba,</strong></span> <span class='ocrx_word' id='word_1_128' title='bbox 1426 1674 1531 1730; x_wconf 89' lang='lat' dir='ltr'><strong>ista</strong></span> <span class='ocrx_word' id='word_1_129' title='bbox 1589 1684 1703 1730; x_wconf 89' lang='lat' dir='ltr'><strong>erat</strong></span> <span class='ocrx_word' id='word_1_130' title='bbox 1760 1678 2049 1734; x_wconf 82' lang='lat' dir='ltr'><strong>verborum</strong></span> <span class='ocrx_word' id='word_1_131' title='bbox 2079 1671 2133 1733; x_wconf 90' lang='lat' dir='ltr'><strong>B</strong></span> 
     </span>
    </p>
   </div>
   <div class='ocr_carea' id='block_1_20' title="bbox 456 1759 2045 1834">
    <p class='ocr_par' dir='ltr' id='par_1_20' title="bbox 456 1759 2045 1834">
     <span class='ocr_line' id='line_1_20' title="bbox 456 1759 2045 1834; baseline 0.006 -23"><span class='ocrx_word' id='word_1_132' title='bbox 456 1759 704 1829; x_wconf 76' lang='lat' dir='ltr'><strong>repetitio</strong></span> <span class='ocrx_word' id='word_1_133' title='bbox 748 1775 760 1813; x_wconf 89' lang='lat'>:</span> <span class='ocrx_word' id='word_1_134' title='bbox 800 1783 820 1808; x_wconf 77' lang='grc' dir='ltr'>α</span> <span class='ocrx_word' id='word_1_135' title='bbox 855 1760 1065 1826; x_wconf 87' lang='lat' dir='ltr'><strong>Redde,</strong></span> <span class='ocrx_word' id='word_1_136' title='bbox 1104 1762 1276 1817; x_wconf 85' lang='lat' dir='ltr'><strong>redde</strong></span> <span class='ocrx_word' id='word_1_137' title='bbox 1327 1763 1655 1834; x_wconf 86' lang='lat' dir='ltr'><strong>depositum,</strong></span> <span class='ocrx_word' id='word_1_138' title='bbox 1706 1765 1765 1819; x_wconf 90' lang='grc' dir='ltr'><strong>Β.</strong></span> <span class='ocrx_word' id='word_1_139' title='bbox 1826 1766 1989 1821; x_wconf 83' lang='lat' dir='ltr'><strong>Maria</strong></span> <span class='ocrx_word' id='word_1_140' title='bbox 2034 1788 2045 1823; x_wconf 95' lang='lat'>:</span> 
     </span>
    </p>
   </div>
   <div class='ocr_carea' id='block_1_21' title="bbox 456 1847 2049 1919">
    <p class='ocr_par' dir='ltr' id='par_1_21' title="bbox 456 1847 2049 1919">
     <span class='ocr_line' id='line_1_21' title="bbox 456 1847 2049 1919; baseline 0.008 -20"><span class='ocrx_word' id='word_1_141' title='bbox 456 1847 624 1901; x_wconf 84' lang='lat' dir='ltr'><strong>redde</strong></span> <span class='ocrx_word' id='word_1_142' title='bbox 675 1848 1005 1919; x_wconf 89' lang='lat' dir='ltr'><strong>depositum,</strong></span> <span class='ocrx_word' id='word_1_143' title='bbox 1043 1851 1200 1904; x_wconf 86' lang='lat' dir='ltr'><strong>Pater</strong></span> <span class='ocrx_word' id='word_1_144' title='bbox 1231 1851 1625 1905; x_wconf 73' lang='lat' dir='ltr'><strong>Molismeusis.</strong></span> <span class='ocrx_word' id='word_1_145' title='bbox 1681 1877 1701 1900; x_wconf 73' lang='grc' dir='ltr'><strong>α</strong></span> <span class='ocrx_word' id='word_1_146' title='bbox 1734 1853 1883 1907; x_wconf 85' lang='lat' dir='ltr'><strong>Mara</strong></span> <span class='ocrx_word' id='word_1_147' title='bbox 1909 1872 2000 1910; x_wconf 89' lang='lat' dir='ltr'><strong>res</strong></span> <span class='ocrx_word' id='word_1_148' title='bbox 2036 1858 2049 1911; x_wconf 88' lang='lat' dir='ltr'><strong>l</strong></span> 
     </span>
    </p>
   </div>
   <div class='ocr_carea' id='block_1_22' title="bbox 453 1935 2052 2016">
    <p class='ocr_par' dir='ltr' id='par_1_22' title="bbox 453 1935 2052 2016">
     <span class='ocr_line' id='line_1_22' title="bbox 453 1935 2052 2016; baseline 0.007 -27"><span class='ocrx_word' id='word_1_149' title='bbox 453 1935 578 1989; x_wconf 89' lang='lat' dir='ltr'><strong>dum</strong></span> <span class='ocrx_word' id='word_1_150' title='bbox 609 1936 726 1992; x_wconf 63' lang='lat' dir='ltr'><strong>hrec</strong></span> <span class='ocrx_word' id='word_1_151' title='bbox 747 1938 920 1991; x_wconf 84' lang='lat' dir='ltr'><strong>verba</strong></span> <span class='ocrx_word' id='word_1_152' title='bbox 949 1938 1159 2008; x_wconf 75' lang='lat' dir='ltr'><strong>repetit,</strong></span> <span class='ocrx_word' id='word_1_153' title='bbox 1210 1948 1263 1993; x_wconf 92' lang='lat' dir='ltr'><strong>et</strong></span> <span class='ocrx_word' id='word_1_154' title='bbox 1292 1942 1356 1993; x_wconf 87' lang='grc' dir='ltr'><strong>Β.</strong></span> <span class='ocrx_word' id='word_1_155' title='bbox 1416 1941 1644 1994; x_wconf 84' lang='lat' dir='ltr'><strong>Mariam</strong></span> <span class='ocrx_word' id='word_1_156' title='bbox 1697 1951 2052 2016; x_wconf 89' lang='lat' dir='ltr'><strong>sanctumque</strong></span> 
     </span>
    </p>
   </div>
   <div class='ocr_carea' id='block_1_23' title="bbox 453 2024 2051 2104">
    <p class='ocr_par' dir='ltr' id='par_1_23' title="bbox 453 2024 2051 2104">
     <span class='ocr_line' id='line_1_23' title="bbox 453 2024 2051 2104; baseline 0.006 -25"><span class='ocrx_word' id='word_1_157' title='bbox 453 2024 759 2079; x_wconf 81' lang='lat' dir='ltr'><strong>Ronertum</strong></span> <span class='ocrx_word' id='word_1_158' title='bbox 790 2026 990 2096; x_wconf 66' lang='lat' dir='ltr'><strong>smpius</strong></span> <span class='ocrx_word' id='word_1_159' title='bbox 1029 2027 1370 2083; x_wconf 89' lang='lat' dir='ltr'><strong>inclamando</strong></span> <span class='ocrx_word' id='word_1_160' title='bbox 1394 2028 1501 2082; x_wconf 90' lang='lat' dir='ltr'><strong>vim</strong></span> <span class='ocrx_word' id='word_1_161' title='bbox 1530 2028 1804 2084; x_wconf 91' lang='lat' dir='ltr'><strong>doroloris</strong></span> <span class='ocrx_word' id='word_1_162' title='bbox 1821 2048 2051 2104; x_wconf 80' lang='lat' dir='ltr'><strong>exagge-</strong></span> 
     </span>
    </p>
   </div>
   <div class='ocr_carea' id='block_1_24' title="bbox 452 2114 2048 2191">
    <p class='ocr_par' dir='ltr' id='par_1_24' title="bbox 452 2114 2048 2191">
     <span class='ocr_line' id='line_1_24' title="bbox 452 2114 2048 2191; baseline 0.007 -25"><span class='ocrx_word' id='word_1_163' title='bbox 452 2121 556 2178; x_wconf 89' lang='lat' dir='ltr'><strong>rat,</strong></span> <span class='ocrx_word' id='word_1_164' title='bbox 590 2130 723 2169; x_wconf 88' lang='lat' dir='ltr'><strong>ecce</strong></span> <span class='ocrx_word' id='word_1_165' title='bbox 756 2114 933 2168; x_wconf 84' lang='lat' dir='ltr'><strong>bellua</strong></span> <span class='ocrx_word' id='word_1_166' title='bbox 982 2131 1096 2170; x_wconf 64' lang='lat' dir='ltr'><strong>suae</strong></span> <span class='ocrx_word' id='word_1_167' title='bbox 1150 2116 1379 2170; x_wconf 81' lang='lat' dir='ltr'><strong>feritatis</strong></span> <span class='ocrx_word' id='word_1_168' title='bbox 1428 2116 1593 2171; x_wconf 89' lang='lat' dir='ltr'><strong>oblita</strong></span> <span class='ocrx_word' id='word_1_169' title='bbox 1631 2118 1741 2186; x_wconf 91' lang='lat' dir='ltr'><strong>(cui</strong></span> <span class='ocrx_word' id='word_1_170' title='bbox 1772 2122 2048 2191; x_wconf 86' lang='lat' dir='ltr'><strong>prOprium</strong></span> 
     </span>
    </p>
   </div>
   <div class='ocr_carea' id='block_1_25' title="bbox 452 2203 2050 2277">
    <p class='ocr_par' dir='ltr' id='par_1_25' title="bbox 452 2203 2050 2277">
     <span class='ocr_line' id='line_1_25' title="bbox 452 2203 2050 2277; baseline 0.006 -22"><span class='ocrx_word' id='word_1_171' title='bbox 452 2208 535 2255; x_wconf 90' lang='lat' dir='ltr'><strong>est</strong></span> <span class='ocrx_word' id='word_1_172' title='bbox 564 2217 670 2256; x_wconf 91' lang='lat' dir='ltr'><strong>non</strong></span> <span class='ocrx_word' id='word_1_173' title='bbox 701 2218 952 2272; x_wconf 83' lang='lat' dir='ltr'><strong>parcere,</strong></span> <span class='ocrx_word' id='word_1_174' title='bbox 995 2203 1090 2257; x_wconf 91' lang='lat' dir='ltr'><strong>sed</strong></span> <span class='ocrx_word' id='word_1_175' title='bbox 1123 2206 1363 2274; x_wconf 80' lang='lat' dir='ltr'><strong>vorare),</strong></span> <span class='ocrx_word' id='word_1_176' title='bbox 1400 2204 1468 2259; x_wconf 90' lang='lat' dir='ltr'><strong>de</strong></span> <span class='ocrx_word' id='word_1_177' title='bbox 1496 2205 1631 2259; x_wconf 83' lang='lat' dir='ltr'><strong>silva</strong></span> <span class='ocrx_word' id='word_1_178' title='bbox 1681 2208 1940 2277; x_wconf 90' lang='lat' dir='ltr'><strong>prodiens</strong></span> <span class='ocrx_word' id='word_1_179' title='bbox 1997 2218 2050 2265; x_wconf 89' lang='lat' dir='ltr'><strong>et</strong></span> 
     </span>
    </p>
   </div>
   <div class='ocr_carea' id='block_1_26' title="bbox 452 2301 2048 2369">
    <p class='ocr_par' dir='ltr' id='par_1_26' title="bbox 452 2301 2048 2369">
     <span class='ocr_line' id='line_1_26' title="bbox 452 2301 2048 2369; baseline 0.007 -18"><span class='ocrx_word' id='word_1_180' title='bbox 452 2314 548 2351; x_wconf 88' lang='lat' dir='ltr'><strong>ore</strong></span> <span class='ocrx_word' id='word_1_181' title='bbox 575 2309 857 2353; x_wconf 87' lang='lat' dir='ltr'><strong>mansueto</strong></span> <span class='ocrx_word' id='word_1_182' title='bbox 914 2317 1140 2369; x_wconf 86' lang='lat' dir='ltr'><strong>puerum</strong></span> <span class='ocrx_word' id='word_1_183' title='bbox 1200 2301 1474 2366; x_wconf 83' lang='lat' dir='ltr'><strong>deferens,</strong></span> <span class='ocrx_word' id='word_1_184' title='bbox 1533 2318 1664 2357; x_wconf 89' lang='lat' dir='ltr'><strong>eum</strong></span> <span class='ocrx_word' id='word_1_185' title='bbox 1714 2304 2048 2362; x_wconf 87' lang='lat' dir='ltr'><strong>incolumem</strong></span> 
     </span>
    </p>
   </div>
   <div class='ocr_carea' id='block_1_27' title="bbox 450 2386 2047 2460">
    <p class='ocr_par' dir='ltr' id='par_1_27' title="bbox 450 2386 2047 2460">
     <span class='ocr_line' id='line_1_27' title="bbox 450 2386 2047 2460; baseline 0.008 -21"><span class='ocrx_word' id='word_1_186' title='bbox 450 2386 685 2441; x_wconf 87' lang='lat' dir='ltr'><strong>reddidit</strong></span> <span class='ocrx_word' id='word_1_187' title='bbox 725 2386 882 2441; x_wconf 87' lang='lat' dir='ltr'><strong>matri</strong></span> <span class='ocrx_word' id='word_1_188' title='bbox 912 2404 1042 2450; x_wconf 66' lang='lat' dir='ltr'><strong>suae,</strong></span> <span class='ocrx_word' id='word_1_189' title='bbox 1078 2404 1197 2460; x_wconf 65' lang='lat' dir='ltr'><strong>qvae</strong></span> <span class='ocrx_word' id='word_1_190' title='bbox 1220 2389 1571 2460; x_wconf 88' lang='lat' dir='ltr'><strong>subsequenti</strong></span> <span class='ocrx_word' id='word_1_191' title='bbox 1600 2390 1780 2446; x_wconf 73' lang='lat' dir='ltr'><strong>lzetitia</strong></span> <span class='ocrx_word' id='word_1_192' title='bbox 1810 2410 2047 2451; x_wconf 76' lang='lat' dir='ltr'><strong>mmrore</strong></span> 
     </span>
    </p>
   </div>
   <div class='ocr_carea' id='block_1_28' title="bbox 449 2486 2046 2560">
    <p class='ocr_par' dir='ltr' id='par_1_28' title="bbox 449 2486 2046 2560">
     <span class='ocr_line' id='line_1_28' title="bbox 449 2486 2046 2560; baseline 0.006 -22"><span class='ocrx_word' id='word_1_193' title='bbox 449 2491 796 2550; x_wconf 53' lang='lat' dir='ltr'><strong>consumi-to,</strong></span> <span class='ocrx_word' id='word_1_194' title='bbox 829 2492 1023 2554; x_wconf 70' lang='lat' dir='ltr'><strong>empta:</strong></span> <span class='ocrx_word' id='word_1_195' title='bbox 1054 2486 1513 2556; x_wconf 81' lang='lat' dir='ltr'><strong>peregrinationis</strong></span> <span class='ocrx_word' id='word_1_196' title='bbox 1574 2487 1678 2543; x_wconf 91' lang='lat' dir='ltr'><strong>iter</strong></span> <span class='ocrx_word' id='word_1_197' title='bbox 1734 2488 2046 2560; x_wconf 85' lang='lat' dir='ltr'><strong>perficiens,</strong></span> 
     </span>
    </p>
   </div>
   <div class='ocr_carea' id='block_1_29' title="bbox 451 2571 2046 2650">
    <p class='ocr_par' dir='ltr' id='par_1_29' title="bbox 451 2571 2046 2650">
     <span class='ocr_line' id='line_1_29' title="bbox 451 2571 2046 2650; baseline 0.008 -26"><span class='ocrx_word' id='word_1_198' title='bbox 451 2571 507 2624; x_wconf 88' lang='lat' dir='ltr'><strong>in</strong></span> <span class='ocrx_word' id='word_1_199' title='bbox 538 2572 825 2626; x_wconf 89' lang='lat' dir='ltr'><strong>multorum</strong></span> <span class='ocrx_word' id='word_1_200' title='bbox 858 2573 1147 2642; x_wconf 60' lang='lat' dir='ltr'><strong>praesentia</strong></span> <span class='ocrx_word' id='word_1_201' title='bbox 1174 2574 1248 2627; x_wconf 87' lang='lat' dir='ltr'><strong>rei</strong></span> <span class='ocrx_word' id='word_1_202' title='bbox 1284 2576 1483 2631; x_wconf 91' lang='lat' dir='ltr'><strong>seriem</strong></span> <span class='ocrx_word' id='word_1_203' title='bbox 1539 2580 1816 2634; x_wconf 87' lang='lat' dir='ltr'><strong>enarravit</strong></span> <span class='ocrx_word' id='word_1_204' title='bbox 1862 2595 1876 2650; x_wconf 88' lang='lat'><strong>;</strong></span> <span class='ocrx_word' id='word_1_205' title='bbox 1910 2590 1962 2636; x_wconf 88' lang='lat' dir='ltr'><strong>et</strong></span> <span class='ocrx_word' id='word_1_206' title='bbox 1993 2583 2046 2636; x_wconf 92' lang='lat' dir='ltr'><strong>in</strong></span> 
     </span>
    </p>
   </div>
   <div class='ocr_carea' id='block_1_30' title="bbox 454 2660 2047 2738">
    <p class='ocr_par' dir='ltr' id='par_1_30' title="bbox 454 2660 2047 2738">
     <span class='ocr_line' id='line_1_30' title="bbox 454 2660 2047 2738; baseline 0.008 -25"><span class='ocrx_word' id='word_1_207' title='bbox 454 2660 618 2715; x_wconf 87' lang='lat' dir='ltr'><strong>dorso</strong></span> <span class='ocrx_word' id='word_1_208' title='bbox 649 2661 811 2714; x_wconf 90' lang='lat' dir='ltr'><strong>etiam</strong></span> <span class='ocrx_word' id='word_1_209' title='bbox 841 2661 994 2731; x_wconf 89' lang='lat' dir='ltr'><strong>pueri</strong></span> <span class='ocrx_word' id='word_1_210' title='bbox 1036 2663 1371 2733; x_wconf 88' lang='lat' dir='ltr'><strong>apparebant</strong></span> <span class='ocrx_word' id='word_1_211' title='bbox 1401 2665 1633 2738; x_wconf 89' lang='lat' dir='ltr'><strong>vestigia</strong></span> <span class='ocrx_word' id='word_1_212' title='bbox 1653 2666 1914 2737; x_wconf 85' lang='lat' dir='ltr'><strong>dentium,</strong></span> <span class='ocrx_word' id='word_1_213' title='bbox 1965 2669 2047 2725; x_wconf 90' lang='lat' dir='ltr'><strong>rei</strong></span> 
     </span>
    </p>
   </div>
   <div class='ocr_carea' id='block_1_31' title="bbox 446 2748 1405 2823">
    <p class='ocr_par' dir='ltr' id='par_1_31' title="bbox 446 2748 1405 2823">
     <span class='ocr_line' id='line_1_31' title="bbox 446 2748 1405 2823; baseline 0.004 -19"><span class='ocrx_word' id='word_1_214' title='bbox 446 2757 622 2823; x_wconf 65' lang='lat' dir='ltr'><strong>gestae</strong></span> <span class='ocrx_word' id='word_1_215' title='bbox 653 2748 968 2805; x_wconf 79' lang='lat' dir='ltr'><strong>familiarius</strong></span> <span class='ocrx_word' id='word_1_216' title='bbox 997 2760 1405 2823; x_wconf 81' lang='lat' dir='ltr'><strong>argumentum.</strong></span> 
     </span>
    </p>
   </div>
   <div class='ocr_carea' id='block_1_32' title="bbox 514 2836 2045 2905">
    <p class='ocr_par' dir='ltr' id='par_1_32' title="bbox 514 2836 2045 2905">
     <span class='ocr_line' id='line_1_32' title="bbox 514 2836 2045 2905; baseline 0.008 -15"><span class='ocrx_word' id='word_1_217' title='bbox 514 2836 605 2891; x_wconf 91' lang='lat'><strong>18.</strong></span> <span class='ocrx_word' id='word_1_218' title='bbox 647 2837 857 2905; x_wconf 85' lang='lat' dir='ltr'><strong>Quanta</strong></span> <span class='ocrx_word' id='word_1_219' title='bbox 888 2839 956 2893; x_wconf 87' lang='lat' dir='ltr'><strong>ad</strong></span> <span class='ocrx_word' id='word_1_220' title='bbox 1003 2839 1224 2895; x_wconf 89' lang='lat' dir='ltr'><strong>laudem</strong></span> <span class='ocrx_word' id='word_1_221' title='bbox 1255 2858 1371 2898; x_wconf 69' lang='lat' dir='ltr'><strong>suae</strong></span> <span class='ocrx_word' id='word_1_222' title='bbox 1403 2844 1591 2900; x_wconf 81' lang='lat' dir='ltr'><strong>Matris</strong></span> <span class='ocrx_word' id='word_1_223' title='bbox 1624 2853 1676 2901; x_wconf 90' lang='lat' dir='ltr'><strong>et</strong></span> <span class='ocrx_word' id='word_1_224' title='bbox 1714 2847 1773 2901; x_wconf 90' lang='lat' dir='ltr'><strong>B.</strong></span> <span class='ocrx_word' id='word_1_225' title='bbox 1815 2847 2045 2903; x_wconf 83' lang='lat' dir='ltr'><strong>Roberti</strong></span> 
     </span>
    </p>
   </div>
   <div class='ocr_carea' id='block_1_33' title="bbox 440 2932 2041 3013">
    <p class='ocr_par' dir='ltr' id='par_1_33' title="bbox 440 2932 2041 3013">
     <span class='ocr_line' id='line_1_33' title="bbox 440 2932 2041 3013; baseline 0.01 -28"><span class='ocrx_word' id='word_1_226' title='bbox 440 2932 634 2987; x_wconf 89' lang='lat' dir='ltr'><strong>merita</strong></span> <span class='ocrx_word' id='word_1_227' title='bbox 674 2934 1000 2990; x_wconf 87' lang='lat' dir='ltr'><strong>declaranda</strong></span> <span class='ocrx_word' id='word_1_228' title='bbox 1067 2937 1167 2993; x_wconf 89' lang='lat' dir='ltr'><strong>Dei</strong></span> <span class='ocrx_word' id='word_1_229' title='bbox 1218 2939 1381 2995; x_wconf 87' lang='lat' dir='ltr'><strong>Filius</strong></span> <span class='ocrx_word' id='word_1_230' title='bbox 1424 2951 1685 3013; x_wconf 90' lang='lat' dir='ltr'><strong>operetur</strong></span> <span class='ocrx_word' id='word_1_231' title='bbox 1704 2944 1757 2998; x_wconf 93' lang='lat' dir='ltr'><strong>in</strong></span> <span class='ocrx_word' id='word_1_232' title='bbox 1799 2945 2041 3001; x_wconf 86' lang='lat' dir='ltr'><strong>Ecclesia</strong></span> 
     </span>
    </p>
   </div>
   <div class='ocr_carea' id='block_1_34' title="bbox 440 3017 2121 3115">
    <p class='ocr_par' dir='ltr' id='par_1_34' title="bbox 440 3017 2121 3115">
     <span class='ocr_line' id='line_1_34' title="bbox 440 3017 2121 3115; baseline 0.01 -31"><span class='ocrx_word' id='word_1_233' title='bbox 440 3029 795 3095; x_wconf 85' lang='lat' dir='ltr'><strong>Molismensi,</strong></span> <span class='ocrx_word' id='word_1_234' title='bbox 849 3040 906 3087; x_wconf 89' lang='lat' dir='ltr'><strong>et</strong></span> <span class='ocrx_word' id='word_1_235' title='bbox 943 3041 1092 3103; x_wconf 89' lang='lat' dir='ltr'><strong>patet</strong></span> <span class='ocrx_word' id='word_1_236' title='bbox 1121 3050 1193 3089; x_wconf 81' lang='lat' dir='ltr'><strong>ex</strong></span> <span class='ocrx_word' id='word_1_237' title='bbox 1214 3038 1514 3106; x_wconf 71' lang='lat' dir='ltr'><strong>praemissis</strong></span> <span class='ocrx_word' id='word_1_238' title='bbox 1537 3048 1589 3095; x_wconf 94' lang='lat' dir='ltr'><strong>et</strong></span> <span class='ocrx_word' id='word_1_239' title='bbox 1616 3057 1689 3095; x_wconf 83' lang='lat' dir='ltr'><strong>ex</strong></span> <span class='ocrx_word' id='word_1_240' title='bbox 1711 3042 2042 3115; x_wconf 89' lang='lat' dir='ltr'><strong>subsequen-</strong></span> <span class='ocrx_word' id='word_1_241' title='bbox 2069 3017 2121 3083; x_wconf 72' lang='grc' dir='ltr'>Ο</span> 
     </span>
    </p>
   </div>
   <div class='ocr_carea' id='block_1_35' title="bbox 440 3119 2044 3197">
    <p class='ocr_par' dir='ltr' id='par_1_35' title="bbox 440 3119 2044 3197">
     <span class='ocr_line' id='line_1_35' title="bbox 440 3119 2044 3197; baseline 0.012 -26"><span class='ocrx_word' id='word_1_242' title='bbox 440 3119 582 3172; x_wconf 90' lang='lat' dir='ltr'><strong>tibus</strong></span> <span class='ocrx_word' id='word_1_243' title='bbox 612 3120 951 3179; x_wconf 86' lang='lat' dir='ltr'><strong>declaratur.</strong></span> <span class='ocrx_word' id='word_1_244' title='bbox 994 3121 1056 3176; x_wconf 90' lang='lat' dir='ltr'><strong>In</strong></span> <span class='ocrx_word' id='word_1_245' title='bbox 1086 3123 1213 3178; x_wconf 87' lang='lat' dir='ltr'><strong>villa</strong></span> <span class='ocrx_word' id='word_1_246' title='bbox 1257 3143 1378 3197; x_wconf 69' lang='lat' dir='ltr'><strong>qua:</strong></span> <span class='ocrx_word' id='word_1_247' title='bbox 1427 3137 1650 3184; x_wconf 90' lang='lat' dir='ltr'><strong>vocatur</strong></span> <span class='ocrx_word' id='word_1_248' title='bbox 1699 3131 2044 3190; x_wconf 85' lang='lat' dir='ltr'><strong>Novallavies</strong></span> 
     </span>
    </p>
   </div>
   <div class='ocr_carea' id='block_1_36' title="bbox 436 3208 2043 3293">
    <p class='ocr_par' dir='ltr' id='par_1_36' title="bbox 436 3208 2043 3293">
     <span class='ocr_line' id='line_1_36' title="bbox 436 3208 2043 3293; baseline 0.011 -33"><span class='ocrx_word' id='word_1_249' title='bbox 436 3208 569 3277; x_wconf 69' lang='lat'><strong>(27),</strong></span> <span class='ocrx_word' id='word_1_250' title='bbox 603 3209 767 3264; x_wconf 91' lang='lat' dir='ltr'><strong>homo</strong></span> <span class='ocrx_word' id='word_1_251' title='bbox 804 3210 1023 3282; x_wconf 86' lang='lat' dir='ltr'><strong>quidam</strong></span> <span class='ocrx_word' id='word_1_252' title='bbox 1064 3211 1119 3265; x_wconf 92' lang='lat' dir='ltr'><strong>in</strong></span> <span class='ocrx_word' id='word_1_253' title='bbox 1140 3215 1502 3271; x_wconf 79' lang='lat' dir='ltr'><strong>exterioribus</strong></span> <span class='ocrx_word' id='word_1_254' title='bbox 1533 3219 1769 3291; x_wconf 84' lang='lat' dir='ltr'><strong>negotiis</strong></span> <span class='ocrx_word' id='word_1_255' title='bbox 1799 3236 2043 3293; x_wconf 88' lang='lat' dir='ltr'><strong>occupa-</strong></span> 
     </span>
    </p>
   </div>
   <div class='ocr_carea' id='block_1_37' title="bbox 438 3308 2043 3375">
    <p class='ocr_par' dir='ltr' id='par_1_37' title="bbox 438 3308 2043 3375">
     <span class='ocr_line' id='line_1_37' title="bbox 438 3308 2043 3375; baseline 0.011 -18"><span class='ocrx_word' id='word_1_256' title='bbox 438 3311 522 3357; x_wconf 88' lang='lat' dir='ltr'><strong>tus</strong></span> <span class='ocrx_word' id='word_1_257' title='bbox 546 3320 668 3359; x_wconf 92' lang='lat' dir='ltr'><strong>cum</strong></span> <span class='ocrx_word' id='word_1_258' title='bbox 703 3322 870 3362; x_wconf 84' lang='lat' dir='ltr'><strong>uxore</strong></span> <span class='ocrx_word' id='word_1_259' title='bbox 902 3322 1018 3375; x_wconf 86' lang='lat' dir='ltr'><strong>sua,</strong></span> <span class='ocrx_word' id='word_1_260' title='bbox 1052 3308 1214 3364; x_wconf 90' lang='lat' dir='ltr'><strong>domo</strong></span> <span class='ocrx_word' id='word_1_261' title='bbox 1245 3327 1344 3365; x_wconf 90' lang='lat' dir='ltr'><strong>sua</strong></span> <span class='ocrx_word' id='word_1_262' title='bbox 1385 3313 1638 3369; x_wconf 83' lang='lat' dir='ltr'><strong>obserata</strong></span> <span class='ocrx_word' id='word_1_263' title='bbox 1694 3316 1867 3372; x_wconf 88' lang='lat' dir='ltr'><strong>solum</strong></span> <span class='ocrx_word' id='word_1_264' title='bbox 1923 3320 2043 3375; x_wconf 88' lang='lat' dir='ltr'><strong>reli—</strong></span> 
     </span>
    </p>
   </div>
   <div class='ocr_carea' id='block_1_38' title="bbox 435 3394 2042 3464">
    <p class='ocr_par' dir='ltr' id='par_1_38' title="bbox 435 3394 2042 3464">
     <span class='ocr_line' id='line_1_38' title="bbox 435 3394 2042 3464; baseline 0.011 -18"><span class='ocrx_word' id='word_1_265' title='bbox 435 3403 625 3463; x_wconf 89' lang='lat' dir='ltr'><strong>querat</strong></span> <span class='ocrx_word' id='word_1_266' title='bbox 664 3394 983 3450; x_wconf 86' lang='lat' dir='ltr'><strong>infantulum</strong></span> <span class='ocrx_word' id='word_1_267' title='bbox 1013 3397 1067 3451; x_wconf 91' lang='lat' dir='ltr'><strong>in</strong></span> <span class='ocrx_word' id='word_1_268' title='bbox 1084 3399 1366 3454; x_wconf 88' lang='lat' dir='ltr'><strong>cunabulis</strong></span> <span class='ocrx_word' id='word_1_269' title='bbox 1391 3402 1779 3460; x_wconf 78' lang='lat' dir='ltr'><strong>dormientem.</strong></span> <span class='ocrx_word' id='word_1_270' title='bbox 1815 3409 2042 3464; x_wconf 84' lang='lat' dir='ltr'><strong>Interea</strong></span> 
     </span>
    </p>
   </div>
   <div class='ocr_carea' id='block_1_39' title="bbox 433 3486 2041 3576">
    <p class='ocr_par' dir='ltr' id='par_1_39' title="bbox 433 3486 2041 3576">
     <span class='ocr_line' id='line_1_39' title="bbox 433 3486 2041 3576; baseline 0.013 -36"><span class='ocrx_word' id='word_1_271' title='bbox 433 3486 577 3558; x_wconf 85' lang='lat' dir='ltr'><strong>ignis</strong></span> <span class='ocrx_word' id='word_1_272' title='bbox 606 3491 892 3546; x_wconf 83' lang='lat' dir='ltr'><strong>inveniens</strong></span> <span class='ocrx_word' id='word_1_273' title='bbox 924 3509 1039 3549; x_wconf 85' lang='lat' dir='ltr'><strong>suae</strong></span> <span class='ocrx_word' id='word_1_274' title='bbox 1096 3498 1535 3568; x_wconf 90' lang='lat' dir='ltr'><strong>consumptionis</strong></span> <span class='ocrx_word' id='word_1_275' title='bbox 1566 3501 1873 3571; x_wconf 89' lang='lat' dir='ltr'><strong>materiem,</strong></span> <span class='ocrx_word' id='word_1_276' title='bbox 1906 3521 2041 3576; x_wconf 86' lang='lat' dir='ltr'><strong>pau-</strong></span> 
     </span>
    </p>
   </div>
   <div class='ocr_carea' id='block_1_40' title="bbox 433 3576 2037 3649">
    <p class='ocr_par' dir='ltr' id='par_1_40' title="bbox 433 3576 2037 3649">
     <span class='ocr_line' id='line_1_40' title="bbox 433 3576 2037 3649; baseline 0.013 -21"><span class='ocrx_word' id='word_1_277' title='bbox 433 3576 579 3630; x_wconf 89' lang='lat' dir='ltr'><strong>latim</strong></span> <span class='ocrx_word' id='word_1_278' title='bbox 618 3581 917 3635; x_wconf 83' lang='lat' dir='ltr'><strong>crescendo</strong></span> <span class='ocrx_word' id='word_1_279' title='bbox 972 3599 1094 3638; x_wconf 90' lang='lat' dir='ltr'><strong>sese</strong></span> <span class='ocrx_word' id='word_1_280' title='bbox 1134 3586 1368 3641; x_wconf 88' lang='lat' dir='ltr'><strong>exterius</strong></span> <span class='ocrx_word' id='word_1_281' title='bbox 1425 3589 1757 3645; x_wconf 87' lang='lat' dir='ltr'><strong>manifestat.</strong></span> <span class='ocrx_word' id='word_1_282' title='bbox 1798 3593 2037 3649; x_wconf 86' lang='lat' dir='ltr'><strong>Flamma</strong></span> 
     </span>
    </p>
   </div>
   <div class='ocr_carea' id='block_1_41' title="bbox 424 3663 2033 3755">
    <p class='ocr_par' dir='ltr' id='par_1_41' title="bbox 424 3663 2033 3755">
     <span class='ocr_line' id='line_1_41' title="bbox 424 3663 2033 3755; baseline 0.015 -39"><span class='ocrx_word' id='word_1_283' title='bbox 424 3663 538 3755; x_wconf 85' lang='lat' dir='ltr'><strong>jam</strong></span> <span class='ocrx_word' id='word_1_284' title='bbox 569 3664 623 3755; x_wconf 82' lang='lat' dir='ltr'><strong>in</strong></span> <span class='ocrx_word' id='word_1_285' title='bbox 650 3672 777 3721; x_wconf 84' lang='lat' dir='ltr'><strong>tecti</strong></span> <span class='ocrx_word' id='word_1_286' title='bbox 809 3669 1152 3738; x_wconf 87' lang='lat' dir='ltr'><strong>superﬁciem</strong></span> <span class='ocrx_word' id='word_1_287' title='bbox 1184 3673 1586 3742; x_wconf 77' lang='lat' dir='ltr'><strong>drbacehante,</strong></span> <span class='ocrx_word' id='word_1_288' title='bbox 1630 3681 1872 3737; x_wconf 87' lang='lat' dir='ltr'><strong>cucurrit</strong></span> <span class='ocrx_word' id='word_1_289' title='bbox 1920 3683 2033 3755; x_wconf 89' lang='lat' dir='ltr'><strong>[po-</strong></span> 
     </span>
    </p>
   </div>
   <div class='ocr_carea' id='block_1_42' title="bbox 428 3752 2037 3836">
    <p class='ocr_par' dir='ltr' id='par_1_42' title="bbox 428 3752 2037 3836">
     <span class='ocr_line' id='line_1_42' title="bbox 428 3752 2037 3836; baseline 0.014 -32"><span class='ocrx_word' id='word_1_290' title='bbox 428 3752 610 3825; x_wconf 83' lang='lat' dir='ltr'><strong>pulus]</strong></span> <span class='ocrx_word' id='word_1_291' title='bbox 641 3756 753 3824; x_wconf 71' lang='lat'><strong>(28)</strong></span> <span class='ocrx_word' id='word_1_292' title='bbox 795 3755 873 3809; x_wconf 92' lang='lat' dir='ltr'><strong>illi</strong></span> <span class='ocrx_word' id='word_1_293' title='bbox 929 3756 1259 3815; x_wconf 91' lang='lat' dir='ltr'><strong>detrimento</strong></span> <span class='ocrx_word' id='word_1_294' title='bbox 1316 3764 1507 3818; x_wconf 88' lang='lat' dir='ltr'><strong>volens</strong></span> <span class='ocrx_word' id='word_1_295' title='bbox 1564 3782 1874 3836; x_wconf 89' lang='lat' dir='ltr'><strong>sucurrere,</strong></span> <span class='ocrx_word' id='word_1_296' title='bbox 1922 3752 2037 3828; x_wconf 57' lang='lat' dir='ltr'><strong>sed</strong></span> 
     </span>
    </p>
   </div>
   <div class='ocr_carea' id='block_1_43' title="bbox 428 3839 2030 3933">
    <p class='ocr_par' dir='ltr' id='par_1_43' title="bbox 428 3839 2030 3933">
     <span class='ocr_line' id='line_1_43' title="bbox 428 3839 2030 3933; baseline 0.014 -39"><span class='ocrx_word' id='word_1_297' title='bbox 428 3839 701 3909; x_wconf 81' lang='lat' dir='ltr'><strong>incassum</strong></span> <span class='ocrx_word' id='word_1_298' title='bbox 726 3861 740 3896; x_wconf 87' lang='lat'><strong>:</strong></span> <span class='ocrx_word' id='word_1_299' title='bbox 797 3860 923 3900; x_wconf 88' lang='lat' dir='ltr'><strong>nam</strong></span> <span class='ocrx_word' id='word_1_300' title='bbox 954 3861 1240 3902; x_wconf 85' lang='lat' dir='ltr'><strong>accessum</strong></span> <span class='ocrx_word' id='word_1_301' title='bbox 1266 3851 1521 3920; x_wconf 89' lang='lat' dir='ltr'><strong>prohibet</strong></span> <span class='ocrx_word' id='word_1_302' title='bbox 1549 3854 1782 3912; x_wconf 68' lang='lat' dir='ltr'><strong>flammae</strong></span> <span class='ocrx_word' id='word_1_303' title='bbox 1807 3874 2030 3933; x_wconf 85' lang='lat' dir='ltr'><strong>vorago,</strong></span> 
     </span>
    </p>
   </div>
   <div class='ocr_carea' id='block_1_44' title="bbox 427 3930 2032 4012">
    <p class='ocr_par' dir='ltr' id='par_1_44' title="bbox 427 3930 2032 4012">
     <span class='ocr_line' id='line_1_44' title="bbox 427 3930 2032 4012; baseline 0.012 -27"><span class='ocrx_word' id='word_1_304' title='bbox 427 3930 852 4005; x_wconf 87' lang='lat' dir='ltr'><strong>circumquaque</strong></span> <span class='ocrx_word' id='word_1_305' title='bbox 914 3933 1135 3992; x_wconf 78' lang='lat' dir='ltr'><strong>diﬂusa.</strong></span> <span class='ocrx_word' id='word_1_306' title='bbox 1172 3937 1417 3994; x_wconf 86' lang='lat' dir='ltr'><strong>Tandem</strong></span> <span class='ocrx_word' id='word_1_307' title='bbox 1474 3952 1733 4012; x_wconf 86' lang='lat' dir='ltr'><strong>parentes</strong></span> <span class='ocrx_word' id='word_1_308' title='bbox 1771 3930 2032 4004; x_wconf 76' lang='lat' dir='ltr'><strong>immatu-</strong></span> 
     </span>
    </p>
   </div>
   <div class='ocr_carea' id='block_1_45' title="bbox 425 4018 2034 4102">
    <p class='ocr_par' dir='ltr' id='par_1_45' title="bbox 425 4018 2034 4102">
     <span class='ocr_line' id='line_1_45' title="bbox 425 4018 2034 4102; baseline 0.014 -31"><span class='ocrx_word' id='word_1_309' title='bbox 425 4018 540 4074; x_wconf 86' lang='lat' dir='ltr'><strong>rius</strong></span> <span class='ocrx_word' id='word_1_310' title='bbox 567 4030 920 4078; x_wconf 88' lang='lat' dir='ltr'><strong>accurrentes</strong></span> <span class='ocrx_word' id='word_1_311' title='bbox 952 4043 965 4089; x_wconf 88' lang='lat'><strong>;</strong></span> <span class='ocrx_word' id='word_1_312' title='bbox 1001 4033 1053 4079; x_wconf 87' lang='lat' dir='ltr'><strong>et</strong></span> <span class='ocrx_word' id='word_1_313' title='bbox 1082 4026 1239 4096; x_wconf 89' lang='lat' dir='ltr'><strong>pueri</strong></span> <span class='ocrx_word' id='word_1_314' title='bbox 1266 4044 1465 4083; x_wconf 86' lang='lat' dir='ltr'><strong>nomen</strong></span> <span class='ocrx_word' id='word_1_315' title='bbox 1493 4033 1694 4102; x_wconf 73' lang='lat' dir='ltr'><strong>saepius</strong></span> <span class='ocrx_word' id='word_1_316' title='bbox 1734 4033 2034 4093; x_wconf 88' lang='lat' dir='ltr'><strong>inclaman-</strong></span> 
     </span>
    </p>
   </div>
   <div class='ocr_carea' id='block_1_46' title="bbox 423 4110 2029 4186">
    <p class='ocr_par' dir='ltr' id='par_1_46' title="bbox 423 4110 2029 4186">
     <span class='ocr_line' id='line_1_46' title="bbox 423 4110 2029 4186; baseline 0.014 -25"><span class='ocrx_word' id='word_1_317' title='bbox 423 4114 527 4174; x_wconf 91' lang='lat' dir='ltr'><strong>tes,</strong></span> <span class='ocrx_word' id='word_1_318' title='bbox 561 4110 787 4164; x_wconf 89' lang='lat' dir='ltr'><strong>tendunt</strong></span> <span class='ocrx_word' id='word_1_319' title='bbox 818 4119 1060 4181; x_wconf 88' lang='lat' dir='ltr'><strong>pectora,</strong></span> <span class='ocrx_word' id='word_1_320' title='bbox 1091 4125 1346 4186; x_wconf 87' lang='lat' dir='ltr'><strong>rumpunt</strong></span> <span class='ocrx_word' id='word_1_321' title='bbox 1378 4118 1582 4186; x_wconf 88' lang='lat' dir='ltr'><strong>crines,</strong></span> <span class='ocrx_word' id='word_1_322' title='bbox 1616 4129 1670 4177; x_wconf 89' lang='lat' dir='ltr'><strong>et</strong></span> <span class='ocrx_word' id='word_1_323' title='bbox 1695 4123 1890 4182; x_wconf 87' lang='lat' dir='ltr'><strong>domus</strong></span> <span class='ocrx_word' id='word_1_324' title='bbox 1919 4143 2029 4184; x_wconf 90' lang='lat' dir='ltr'><strong>non</strong></span> 
     </span>
    </p>
   </div>
   <div class='ocr_carea' id='block_1_47' title="bbox 422 4204 2028 4292">
    <p class='ocr_par' dir='ltr' id='par_1_47' title="bbox 422 4204 2028 4292">
     <span class='ocr_line' id='line_1_47' title="bbox 422 4204 2028 4292; baseline 0.015 -36"><span class='ocrx_word' id='word_1_325' title='bbox 422 4204 582 4259; x_wconf 86' lang='lat' dir='ltr'><strong>sentit</strong></span> <span class='ocrx_word' id='word_1_326' title='bbox 633 4205 948 4263; x_wconf 76' lang='lat' dir='ltr'><strong>incendium</strong></span> <span class='ocrx_word' id='word_1_327' title='bbox 1004 4220 1299 4279; x_wconf 85' lang='lat' dir='ltr'><strong>parentum</strong></span> <span class='ocrx_word' id='word_1_328' title='bbox 1361 4212 1603 4283; x_wconf 90' lang='lat' dir='ltr'><strong>dilectio,</strong></span> <span class='ocrx_word' id='word_1_329' title='bbox 1664 4219 1733 4274; x_wconf 89' lang='lat' dir='ltr'><strong>de</strong></span> <span class='ocrx_word' id='word_1_330' title='bbox 1784 4224 2028 4292; x_wconf 88' lang='lat' dir='ltr'><strong>periculo</strong></span> 
     </span>
    </p>
   </div>
   <div class='ocr_carea' id='block_1_48' title="bbox 419 4292 2024 4372">
    <p class='ocr_par' dir='ltr' id='par_1_48' title="bbox 419 4292 2024 4372">
     <span class='ocr_line' id='line_1_48' title="bbox 419 4292 2024 4372; baseline 0.015 -27"><span class='ocrx_word' id='word_1_331' title='bbox 419 4292 576 4359; x_wconf 89' lang='lat' dir='ltr'><strong>pueri</strong></span> <span class='ocrx_word' id='word_1_332' title='bbox 608 4295 808 4349; x_wconf 59' lang='lat' dir='ltr'><strong>saevius</strong></span> <span class='ocrx_word' id='word_1_333' title='bbox 831 4298 1112 4353; x_wconf 84' lang='lat' dir='ltr'><strong>acerbata.</strong></span> <span class='ocrx_word' id='word_1_334' title='bbox 1148 4301 1202 4355; x_wconf 93' lang='lat' dir='ltr'><strong>Si</strong></span> <span class='ocrx_word' id='word_1_335' title='bbox 1236 4303 1457 4372; x_wconf 89' lang='lat' dir='ltr'><strong>quando</strong></span> <span class='ocrx_word' id='word_1_336' title='bbox 1487 4313 1669 4361; x_wconf 85' lang='lat' dir='ltr'><strong>autem</strong></span> <span class='ocrx_word' id='word_1_337' title='bbox 1690 4318 1919 4366; x_wconf 87' lang='lat' dir='ltr'><strong>matrem</strong></span> <span class='ocrx_word' id='word_1_338' title='bbox 1942 4315 2024 4369; x_wconf 87' lang='lat' dir='ltr'><strong>vis</strong></span> 
     </span>
    </p>
   </div>
   <div class='ocr_carea' id='block_1_49' title="bbox 423 4375 2104 4469">
    <p class='ocr_par' dir='ltr' id='par_1_49' title="bbox 423 4375 2104 4469">
     <span class='ocr_line' id='line_1_49' title="bbox 423 4375 2104 4469; baseline 0.015 -35"><span class='ocrx_word' id='word_1_339' title='bbox 423 4381 630 4437; x_wconf 90' lang='lat' dir='ltr'><strong>doloris</strong></span> <span class='ocrx_word' id='word_1_340' title='bbox 663 4384 929 4454; x_wconf 85' lang='lat' dir='ltr'><strong>respirare</strong></span> <span class='ocrx_word' id='word_1_341' title='bbox 964 4388 1250 4457; x_wconf 88' lang='lat' dir='ltr'><strong>permittit,</strong></span> <span class='ocrx_word' id='word_1_342' title='bbox 1286 4393 1401 4447; x_wconf 77' lang='lat' dir='ltr'><strong>haec</strong></span> <span class='ocrx_word' id='word_1_343' title='bbox 1453 4393 1618 4449; x_wconf 89' lang='lat' dir='ltr'><strong>verba</strong></span> <span class='ocrx_word' id='word_1_344' title='bbox 1672 4396 1973 4469; x_wconf 82' lang='lat' dir='ltr'><strong>ingeminat</strong></span> <span class='ocrx_word' id='word_1_345' title='bbox 2006 4422 2018 4458; x_wconf 91' lang='lat'><strong>:</strong></span> <span class='ocrx_word' id='word_1_346' title='bbox 2051 4375 2104 4437; x_wconf 83' lang='lat' dir='ltr'><strong>D</strong></span> 
     </span>
    </p>
   </div>
   <div class='ocr_carea' id='block_1_50' title="bbox 429 4479 2023 4569">
    <p class='ocr_par' dir='ltr' id='par_1_50' title="bbox 429 4479 2023 4569">
     <span class='ocr_line' id='line_1_50' title="bbox 429 4479 2023 4569; baseline 0.019 -43"><span class='ocrx_word' id='word_1_347' title='bbox 429 4501 449 4526; x_wconf 78' lang='grc' dir='ltr'>α</span> <span class='ocrx_word' id='word_1_348' title='bbox 486 4479 609 4569; x_wconf 63' lang='lat' dir='ltr'><strong>:l‘ibi</strong></span> <span class='ocrx_word' id='word_1_349' title='bbox 640 4483 965 4569; x_wconf 82' lang='lat' dir='ltr'><strong>commendo</strong></span> <span class='ocrx_word' id='word_1_350' title='bbox 997 4484 1165 4540; x_wconf 85' lang='lat' dir='ltr'><strong>filium</strong></span> <span class='ocrx_word' id='word_1_351' title='bbox 1198 4503 1404 4558; x_wconf 90' lang='lat' dir='ltr'><strong>meum,</strong></span> <span class='ocrx_word' id='word_1_352' title='bbox 1436 4498 1490 4545; x_wconf 90' lang='lat' dir='ltr'><strong>tu</strong></span> <span class='ocrx_word' id='word_1_353' title='bbox 1517 4501 1635 4548; x_wconf 84' lang='lat' dir='ltr'><strong>esto</strong></span> <span class='ocrx_word' id='word_1_354' title='bbox 1656 4494 1881 4567; x_wconf 82' lang='lat' dir='ltr'><strong>clypeus</strong></span> <span class='ocrx_word' id='word_1_355' title='bbox 1907 4502 2023 4569; x_wconf 85' lang='lat' dir='ltr'><strong>ejus</strong></span> 
     </span>
    </p>
   </div>
   <div class='ocr_carea' id='block_1_51' title="bbox 417 4561 2024 4644">
    <p class='ocr_par' dir='ltr' id='par_1_51' title="bbox 417 4561 2024 4644">
     <span class='ocr_line' id='line_1_51' title="bbox 417 4561 2024 4644; baseline 0.017 -29"><span class='ocrx_word' id='word_1_356' title='bbox 417 4578 446 4615; x_wconf 92' lang='lat' dir='ltr'><strong>a</strong></span> <span class='ocrx_word' id='word_1_357' title='bbox 480 4561 616 4619; x_wconf 86' lang='lat' dir='ltr'><strong>facie</strong></span> <span class='ocrx_word' id='word_1_358' title='bbox 646 4565 788 4637; x_wconf 85' lang='lat' dir='ltr'><strong>igois</strong></span> <span class='ocrx_word' id='word_1_359' title='bbox 820 4567 1140 4625; x_wconf 89' lang='lat' dir='ltr'><strong>devorantis</strong></span> <span class='ocrx_word' id='word_1_360' title='bbox 1170 4571 1222 4626; x_wconf 93' lang='lat' dir='ltr'><strong>in</strong></span> <span class='ocrx_word' id='word_1_361' title='bbox 1255 4588 1419 4644; x_wconf 85' lang='lat' dir='ltr'><strong>gyro,</strong></span> <span class='ocrx_word' id='word_1_362' title='bbox 1460 4576 1582 4632; x_wconf 84' lang='lat' dir='ltr'><strong>fons</strong></span> <span class='ocrx_word' id='word_1_363' title='bbox 1631 4561 2024 4644; x_wconf 64' lang='lat' dir='ltr'><strong>misericordiae</strong></span> 
     </span>
    </p>
   </div>
   <div class='ocr_carea' id='block_1_52' title="bbox 418 4651 2020 4736">
    <p class='ocr_par' dir='ltr' id='par_1_52' title="bbox 418 4651 2020 4736">
     <span class='ocr_line' id='line_1_52' title="bbox 418 4651 2020 4736; baseline 0.017 -31"><span class='ocrx_word' id='word_1_364' title='bbox 418 4651 641 4709; x_wconf 89' lang='lat' dir='ltr'><strong>domina</strong></span> <span class='ocrx_word' id='word_1_365' title='bbox 669 4654 1047 4712; x_wconf 77' lang='lat' dir='ltr'><strong>Molismensis.</strong></span> <span class='ocrx_word' id='word_1_366' title='bbox 1088 4682 1110 4708; x_wconf 78' lang='grc' dir='ltr'><strong>ιι</strong></span> <span class='ocrx_word' id='word_1_367' title='bbox 1144 4660 1232 4714; x_wconf 83' lang='lat' dir='ltr'><strong>Ad</strong></span> <span class='ocrx_word' id='word_1_368' title='bbox 1261 4662 1507 4718; x_wconf 88' lang='lat' dir='ltr'><strong>ultimum</strong></span> <span class='ocrx_word' id='word_1_369' title='bbox 1537 4674 1789 4736; x_wconf 87' lang='lat' dir='ltr'><strong>parentes</strong></span> <span class='ocrx_word' id='word_1_370' title='bbox 1819 4661 2020 4731; x_wconf 87' lang='lat' dir='ltr'><strong>accur-</strong></span> 
     </span>
    </p>
   </div>
   <div class='ocr_carea' id='block_1_53' title="bbox 414 4754 2019 4829">
    <p class='ocr_par' dir='ltr' id='par_1_53' title="bbox 414 4754 2019 4829">
     <span class='ocr_line' id='line_1_53' title="bbox 414 4754 2019 4829; baseline 0.018 -28"><span class='ocrx_word' id='word_1_371' title='bbox 414 4756 559 4815; x_wconf 88' lang='lat' dir='ltr'><strong>runt,</strong></span> <span class='ocrx_word' id='word_1_372' title='bbox 591 4758 836 4820; x_wconf 86' lang='lat' dir='ltr'><strong>orantes,</strong></span> <span class='ocrx_word' id='word_1_373' title='bbox 870 4761 928 4809; x_wconf 91' lang='lat' dir='ltr'><strong>ut</strong></span> <span class='ocrx_word' id='word_1_374' title='bbox 957 4754 1025 4811; x_wconf 91' lang='lat' dir='ltr'><strong>de</strong></span> <span class='ocrx_word' id='word_1_375' title='bbox 1056 4771 1287 4827; x_wconf 88' lang='lat' dir='ltr'><strong>corpore</strong></span> <span class='ocrx_word' id='word_1_376' title='bbox 1317 4759 1598 4818; x_wconf 88' lang='lat' dir='ltr'><strong>inveniant</strong></span> <span class='ocrx_word' id='word_1_377' title='bbox 1628 4766 1822 4824; x_wconf 87' lang='lat' dir='ltr'><strong>saltem</strong></span> <span class='ocrx_word' id='word_1_378' title='bbox 1876 4772 2019 4829; x_wconf 87' lang='lat' dir='ltr'><strong>cine-</strong></span> 
     </span>
    </p>
   </div>
   <div class='ocr_carea' id='block_1_54' title="bbox 414 4839 2014 4931">
    <p class='ocr_par' dir='ltr' id='par_1_54' title="bbox 414 4839 2014 4931">
     <span class='ocr_line' id='line_1_54' title="bbox 414 4839 2014 4931; baseline 0.017 -39"><span class='ocrx_word' id='word_1_379' title='bbox 414 4853 533 4893; x_wconf 86' lang='lat' dir='ltr'><strong>rem</strong></span> <span class='ocrx_word' id='word_1_380' title='bbox 563 4847 614 4894; x_wconf 92' lang='lat' dir='ltr'><strong>et</strong></span> <span class='ocrx_word' id='word_1_381' title='bbox 643 4839 878 4898; x_wconf 85' lang='lat' dir='ltr'><strong>favillas.</strong></span> <span class='ocrx_word' id='word_1_382' title='bbox 913 4842 1047 4911; x_wconf 85' lang='lat' dir='ltr'><strong>Quis</strong></span> <span class='ocrx_word' id='word_1_383' title='bbox 1076 4861 1187 4900; x_wconf 89' lang='lat' dir='ltr'><strong>non</strong></span> <span class='ocrx_word' id='word_1_384' title='bbox 1218 4846 1448 4905; x_wconf 84' lang='lat' dir='ltr'><strong>miretur</strong></span> <span class='ocrx_word' id='word_1_385' title='bbox 1483 4849 1513 4905; x_wconf 70' lang='lat'><strong>7</strong></span> <span class='ocrx_word' id='word_1_386' title='bbox 1563 4855 1871 4927; x_wconf 82' lang='lat' dir='ltr'><strong>Attendant,</strong></span> <span class='ocrx_word' id='word_1_387' title='bbox 1921 4863 2014 4931; x_wconf 88' lang='lat' dir='ltr'><strong>qui</strong></span> 
     </span>
    </p>
   </div>
   <div class='ocr_carea' id='block_1_55' title="bbox 414 4936 2014 5013">
    <p class='ocr_par' dir='ltr' id='par_1_55' title="bbox 414 4936 2014 5013">
     <span class='ocr_line' id='line_1_55' title="bbox 414 4936 2014 5013; baseline 0.016 -24"><span class='ocrx_word' id='word_1_388' title='bbox 414 4936 658 5001; x_wconf 89' lang='lat' dir='ltr'><strong>audiunt,</strong></span> <span class='ocrx_word' id='word_1_389' title='bbox 689 4948 739 4994; x_wconf 88' lang='lat' dir='ltr'><strong>et</strong></span> <span class='ocrx_word' id='word_1_390' title='bbox 770 4942 902 4995; x_wconf 90' lang='lat' dir='ltr'><strong>tanti</strong></span> <span class='ocrx_word' id='word_1_391' title='bbox 936 4942 1185 4998; x_wconf 87' lang='lat' dir='ltr'><strong>miraculi</strong></span> <span class='ocrx_word' id='word_1_392' title='bbox 1215 4944 1514 5002; x_wconf 88' lang='lat' dir='ltr'><strong>novitatem</strong></span> <span class='ocrx_word' id='word_1_393' title='bbox 1550 4951 1775 5009; x_wconf 86' lang='lat' dir='ltr'><strong>miretur</strong></span> <span class='ocrx_word' id='word_1_394' title='bbox 1803 4964 1855 5010; x_wconf 89' lang='lat' dir='ltr'><strong>et</strong></span> <span class='ocrx_word' id='word_1_395' title='bbox 1902 4967 2014 5013; x_wconf 88' lang='lat' dir='ltr'><strong>stu-</strong></span> 
     </span>
    </p>
   </div>
   <div class='ocr_carea' id='block_1_56' title="bbox 410 5029 2008 5104">
    <p class='ocr_par' dir='ltr' id='par_1_56' title="bbox 410 5029 2008 5104">
     <span class='ocr_line' id='line_1_56' title="bbox 410 5029 2008 5104; baseline 0.016 -26"><span class='ocrx_word' id='word_1_396' title='bbox 410 5034 537 5095; x_wconf 89' lang='lat' dir='ltr'><strong>peat</strong></span> <span class='ocrx_word' id='word_1_397' title='bbox 583 5032 727 5082; x_wconf 88' lang='lat' dir='ltr'><strong>totus</strong></span> <span class='ocrx_word' id='word_1_398' title='bbox 754 5029 919 5085; x_wconf 89' lang='lat' dir='ltr'><strong>orbis.</strong></span> <span class='ocrx_word' id='word_1_399' title='bbox 944 5032 1232 5087; x_wconf 84' lang='lat' dir='ltr'><strong>Inveniunt</strong></span> <span class='ocrx_word' id='word_1_400' title='bbox 1292 5033 1618 5094; x_wconf 84' lang='lat' dir='ltr'><strong>infantulum</strong></span> <span class='ocrx_word' id='word_1_401' title='bbox 1675 5044 2008 5104; x_wconf 86' lang='lat' dir='ltr'><strong>carbonibus</strong></span> 
     </span>
    </p>
   </div>
   <div class='ocr_carea' id='block_1_57' title="bbox 480 5202 1999 5293">
    <p class='ocr_par' dir='ltr' id='par_1_57' title="bbox 480 5202 1999 5293">
     <span class='ocr_line' id='line_1_57' title="bbox 480 5202 1999 5293; baseline 0.02 -41"><span class='ocrx_word' id='word_1_402' title='bbox 480 5202 591 5293; x_wconf 48' lang='lat'><strong>(‘27)</strong></span> <span class='ocrx_word' id='word_1_403' title='bbox 621 5205 829 5271; x_wconf 73' lang='lat' dir='ltr'><strong>Surius,</strong></span> <span class='ocrx_word' id='word_1_404' title='bbox 865 5207 1221 5293; x_wconf 52' lang='lat' dir='ltr'><strong>Novellum“</strong></span> <span class='ocrx_word' id='word_1_405' title='bbox 1262 5228 1281 5265; x_wconf 89' lang='lat'><strong><em>:</em></strong></span> <span class='ocrx_word' id='word_1_406' title='bbox 1302 5222 1495 5293; x_wconf 75' lang='lat' dir='ltr'><strong>neutra</strong></span> <span class='ocrx_word' id='word_1_407' title='bbox 1515 5217 1749 5293; x_wconf 73' lang='lat' dir='ltr'><strong>scriptio</strong></span> <span class='ocrx_word' id='word_1_408' title='bbox 1780 5224 1958 5293; x_wconf 87' lang='lat' dir='ltr'><strong>placet</strong></span> <span class='ocrx_word' id='word_1_409' title='bbox 1986 5246 1999 5282; x_wconf 90' lang='lat'><strong>:</strong></span> 
     </span>
    </p>
   </div>
   <div class='ocr_carea' id='block_1_58' title="bbox 408 5274 2001 5355">
    <p class='ocr_par' dir='ltr' id='par_1_58' title="bbox 408 5274 2001 5355">
     <span class='ocr_line' id='line_1_58' title="bbox 408 5274 2001 5355; baseline 0.019 -34"><span class='ocrx_word' id='word_1_410' title='bbox 408 5274 711 5355; x_wconf 47' lang='lat' dir='ltr'><strong>sed&#39;vemm</strong></span> <span class='ocrx_word' id='word_1_411' title='bbox 744 5293 849 5332; x_wconf 88' lang='lat' dir='ltr'><strong>non</strong></span> <span class='ocrx_word' id='word_1_412' title='bbox 882 5289 963 5355; x_wconf 81' lang='lat' dir='ltr'><strong>est</strong></span> <span class='ocrx_word' id='word_1_413' title='bbox 1016 5281 1174 5355; x_wconf 76' lang='lat' dir='ltr'><strong>facile</strong></span> <span class='ocrx_word' id='word_1_414' title='bbox 1232 5285 1455 5352; x_wconf 80' lang='lat' dir='ltr'><strong>assequi</strong></span> <span class='ocrx_word' id='word_1_415' title='bbox 1484 5274 2001 5355; x_wconf 23' lang='lat' dir='ltr'><strong>&#39;divin&#39;andoii—dum</strong></span> 
     </span>
    </p>
   </div>
   <div class='ocr_carea' id='block_1_59' title="bbox 405 5342 1999 5438">
    <p class='ocr_par' dir='ltr' id='par_1_59' title="bbox 405 5342 1999 5438">
     <span class='ocr_line' id='line_1_59' title="bbox 405 5342 1999 5438; baseline 0.021 -47"><span class='ocrx_word' id='word_1_416' title='bbox 405 5342 990 5438; x_wconf 44' lang='lat' dir='ltr'><strong>plillu‘mcirlcumcirca</strong></span> <span class='ocrx_word' id='word_1_417' title='bbox 1020 5350 1199 5438; x_wconf 65' lang='lat' dir='ltr'><strong>locum</strong></span> <span class='ocrx_word' id='word_1_418' title='bbox 1218 5342 1546 5438; x_wconf 53' lang='lat' dir='ltr'><strong>__exbi_&#39;bent_</strong></span> <span class='ocrx_word' id='word_1_419' title='bbox 1572 5342 1807 5430; x_wconf 46' lang='lat' dir='ltr'><strong>tabula:</strong></span> 
     </span>
    </p>
   </div>
   <div class='ocr_carea' id='block_1_60' title="bbox 401 5412 1999 5498">
    <p class='ocr_par' dir='ltr' id='par_1_60' title="bbox 401 5412 1999 5498">
     <span class='ocr_line' id='line_1_60' title="bbox 401 5412 1999 5498; baseline 0.021 -35"><span class='ocrx_word' id='word_1_420' title='bbox 401 5412 692 5490; x_wconf 69' lang='lat' dir='ltr'><strong>appellatio</strong></span> <span class='ocrx_word' id='word_1_421' title='bbox 718 5420 822 5470; x_wconf 81' lang='lat' dir='ltr'><strong>liuc</strong></span> <span class='ocrx_word' id='word_1_422' title='bbox 880 5424 1149 5475; x_wconf 78' lang='lat' dir='ltr'><strong>accedat:</strong></span> <span class='ocrx_word' id='word_1_423' title='bbox 1212 5425 1312 5478; x_wconf 81' lang='lat' dir='ltr'><strong>MS.</strong></span> <span class='ocrx_word' id='word_1_424' title='bbox 1376 5412 1792 5498; x_wconf 57' lang='lat' dir='ltr'><strong>Ultmjectlnutn</strong></span> <span class='ocrx_word' id='word_1_425' title='bbox 1848 5412 1999 5496; x_wconf 48' lang='lat' dir='ltr'><strong>83E?</strong></span> 
     </span>
    </p>
   </div>
   <div class='ocr_carea' id='block_1_61' title="bbox 403 5498 650 5534">
    <p class='ocr_par' dir='ltr' id='par_1_61' title="bbox 403 5498 650 5534">
     <span class='ocr_line' id='line_1_61' title="bbox 403 5498 650 5534; baseline 0 0"><span class='ocrx_word' id='word_1_426' title='bbox 403 5498 650 5534; x_wconf 83' lang='lat' dir='ltr'><strong>nomine.</strong></span> 
     </span>
    </p>
   </div>
   <div class='ocr_carea' id='block_1_62' title="bbox 474 5552 1997 5639">
    <p class='ocr_par' dir='ltr' id='par_1_62' title="bbox 474 5552 1997 5639">
     <span class='ocr_line' id='line_1_62' title="bbox 474 5552 1997 5639; baseline 0.024 -34"><span class='ocrx_word' id='word_1_427' title='bbox 474 5552 820 5639; x_wconf 9' lang='lat' dir='ltr'><strong>(723)7ri&#39;ocem</strong></span> <span class='ocrx_word' id='word_1_428' title='bbox 849 5555 1005 5618; x_wconf 89' lang='lat' dir='ltr'><strong>hanc.</strong></span> <span class='ocrx_word' id='word_1_429' title='bbox 1066 5561 1121 5639; x_wconf 60' lang='lat' dir='ltr'><strong>in</strong></span> <span class='ocrx_word' id='word_1_430' title='bbox 1171 5569 1458 5639; x_wconf 77' lang='lat' dir='ltr'><strong>eegrapho</strong></span> <span class='ocrx_word' id='word_1_431' title='bbox 1500 5580 1685 5631; x_wconf 89' lang='lat' dir='ltr'><strong>nostro</strong></span> <span class='ocrx_word' id='word_1_432' title='bbox 1739 5578 1997 5639; x_wconf 79' lang='lat' dir='ltr'><strong>deﬁcien-</strong></span> 
     </span>
    </p>
   </div>
   <div class='ocr_carea' id='block_1_63' title="bbox 398 5621 1241 5690">
    <p class='ocr_par' dir='ltr' id='par_1_63' title="bbox 398 5621 1241 5690">
     <span class='ocr_line' id='line_1_63' title="bbox 398 5621 1241 5690; baseline 0.02 -19"><span class='ocrx_word' id='word_1_433' title='bbox 398 5626 530 5690; x_wconf 89' lang='lat' dir='ltr'><strong>tem,</strong></span> <span class='ocrx_word' id='word_1_434' title='bbox 560 5621 940 5690; x_wconf 84' lang='lat' dir='ltr'><strong>supplevimus</strong></span> <span class='ocrx_word' id='word_1_435' title='bbox 967 5643 1033 5682; x_wconf 80' lang='lat' dir='ltr'><strong>ex</strong></span> <span class='ocrx_word' id='word_1_436' title='bbox 1063 5630 1241 5689; x_wconf 90' lang='lat' dir='ltr'><strong>Surio.</strong></span> 
     </span>
    </p>
   </div>
   <div class='ocr_carea' id='block_1_64' title="bbox 2170 403 3819 477">
    <p class='ocr_par' dir='ltr' id='par_1_64' title="bbox 2170 403 3819 477">
     <span class='ocr_line' id='line_1_64' title="bbox 2170 403 3819 477; baseline 0.001 -20"><span class='ocrx_word' id='word_1_437' title='bbox 2170 403 2227 457; x_wconf 91' lang='lat' dir='ltr'><strong>in</strong></span> <span class='ocrx_word' id='word_1_438' title='bbox 2253 404 2371 460; x_wconf 89' lang='lat' dir='ltr'><strong>solo</strong></span> <span class='ocrx_word' id='word_1_439' title='bbox 2401 422 2569 477; x_wconf 89' lang='lat' dir='ltr'><strong>puero</strong></span> <span class='ocrx_word' id='word_1_440' title='bbox 2600 407 2793 463; x_wconf 69' lang='lat' dir='ltr'><strong>saevire</strong></span> <span class='ocrx_word' id='word_1_441' title='bbox 2820 407 2992 463; x_wconf 83' lang='lat' dir='ltr'><strong>nescit</strong></span> <span class='ocrx_word' id='word_1_442' title='bbox 3022 407 3357 463; x_wconf 87' lang='lat' dir='ltr'><strong>incendium.</strong></span> <span class='ocrx_word' id='word_1_443' title='bbox 3399 408 3558 463; x_wconf 83' lang='lat' dir='ltr'><strong>Ecce</strong></span> <span class='ocrx_word' id='word_1_444' title='bbox 3584 406 3637 461; x_wconf 89' lang='lat' dir='ltr'><strong>si</strong></span> <span class='ocrx_word' id='word_1_445' title='bbox 3672 407 3819 477; x_wconf 88' lang='lat' dir='ltr'><strong>quis</strong></span> 
     </span>
    </p>
   </div>
   <div class='ocr_carea' id='block_1_65' title="bbox 2168 492 3816 567">
    <p class='ocr_par' dir='ltr' id='par_1_65' title="bbox 2168 492 3816 567">
     <span class='ocr_line' id='line_1_65' title="bbox 2168 492 3816 567; baseline 0.003 -22"><span class='ocrx_word' id='word_1_446' title='bbox 2168 492 2295 547; x_wconf 87' lang='lat' dir='ltr'><strong>velit</strong></span> <span class='ocrx_word' id='word_1_447' title='bbox 2323 495 2627 564; x_wconf 88' lang='lat' dir='ltr'><strong>exprimere</strong></span> <span class='ocrx_word' id='word_1_448' title='bbox 2656 496 3079 560; x_wconf 88' lang='lat' dir='ltr'><strong>similitudinem,</strong></span> <span class='ocrx_word' id='word_1_449' title='bbox 3116 501 3171 551; x_wconf 88' lang='lat' dir='ltr'><strong>et</strong></span> <span class='ocrx_word' id='word_1_450' title='bbox 3201 497 3493 566; x_wconf 68' lang='lat' dir='ltr'><strong>praesentia</strong></span> <span class='ocrx_word' id='word_1_451' title='bbox 3555 512 3816 567; x_wconf 66' lang='lat' dir='ltr'><strong>aequare</strong></span> 
     </span>
    </p>
   </div>
   <div class='ocr_carea' id='block_1_66' title="bbox 2168 582 3811 650">
    <p class='ocr_par' dir='ltr' id='par_1_66' title="bbox 2168 582 3811 650">
     <span class='ocr_line' id='line_1_66' title="bbox 2168 582 3811 650; baseline 0.001 -16"><span class='ocrx_word' id='word_1_452' title='bbox 2168 582 2478 650; x_wconf 72' lang='lat' dir='ltr'><strong>praeteritis,</strong></span> <span class='ocrx_word' id='word_1_453' title='bbox 2512 584 2581 637; x_wconf 92' lang='lat' dir='ltr'><strong>ad</strong></span> <span class='ocrx_word' id='word_1_454' title='bbox 2615 584 2836 638; x_wconf 89' lang='lat' dir='ltr'><strong>laudem</strong></span> <span class='ocrx_word' id='word_1_455' title='bbox 2867 601 2980 639; x_wconf 67' lang='lat' dir='ltr'><strong>suae</strong></span> <span class='ocrx_word' id='word_1_456' title='bbox 3010 584 3194 639; x_wconf 76' lang='lat' dir='ltr'><strong>Matris</strong></span> <span class='ocrx_word' id='word_1_457' title='bbox 3218 593 3273 639; x_wconf 90' lang='lat' dir='ltr'><strong>et</strong></span> <span class='ocrx_word' id='word_1_458' title='bbox 3302 584 3484 639; x_wconf 86' lang='lat' dir='ltr'><strong>sancti</strong></span> <span class='ocrx_word' id='word_1_459' title='bbox 3547 584 3811 639; x_wconf 78' lang='lat' dir='ltr'><strong>Roberti</strong></span> 
     </span>
    </p>
   </div>
   <div class='ocr_carea' id='block_1_67' title="bbox 2166 679 3807 761">
    <p class='ocr_par' dir='ltr' id='par_1_67' title="bbox 2166 679 3807 761">
     <span class='ocr_line' id='line_1_67' title="bbox 2166 679 3807 761; baseline 0 -28"><span class='ocrx_word' id='word_1_460' title='bbox 2166 679 2362 735; x_wconf 87' lang='lat' dir='ltr'><strong>merita</strong></span> <span class='ocrx_word' id='word_1_461' title='bbox 2385 679 2728 745; x_wconf 79' lang='lat' dir='ltr'><strong>declaranda,</strong></span> <span class='ocrx_word' id='word_1_462' title='bbox 2761 681 2927 736; x_wconf 83' lang='lat' dir='ltr'><strong>Filius</strong></span> <span class='ocrx_word' id='word_1_463' title='bbox 2960 681 3058 737; x_wconf 90' lang='lat' dir='ltr'><strong>Dei</strong></span> <span class='ocrx_word' id='word_1_464' title='bbox 3104 681 3290 761; x_wconf 17' lang='lat' dir='ltr'><strong>kPatris</strong></span> <span class='ocrx_word' id='word_1_465' title='bbox 3337 680 3645 751; x_wconf 81' lang='lat' dir='ltr'><strong>antiquum</strong></span> <span class='ocrx_word' id='word_1_466' title='bbox 3702 696 3807 734; x_wconf 84' lang='lat' dir='ltr'><strong>re-</strong></span> 
     </span>
    </p>
   </div>
   <div class='ocr_carea' id='block_1_68' title="bbox 2165 769 3803 843">
    <p class='ocr_par' dir='ltr' id='par_1_68' title="bbox 2165 769 3803 843">
     <span class='ocr_line' id='line_1_68' title="bbox 2165 769 3803 843; baseline 0.001 -21"><span class='ocrx_word' id='word_1_467' title='bbox 2165 783 2369 824; x_wconf 88' lang='lat' dir='ltr'><strong>novare</strong></span> <span class='ocrx_word' id='word_1_468' title='bbox 2398 769 2655 841; x_wconf 84' lang='lat' dir='ltr'><strong>dignatus</strong></span> <span class='ocrx_word' id='word_1_469' title='bbox 2672 780 2754 826; x_wconf 89' lang='lat' dir='ltr'><strong>est</strong></span> <span class='ocrx_word' id='word_1_470' title='bbox 2784 770 3101 827; x_wconf 90' lang='lat' dir='ltr'><strong>miraculum</strong></span> <span class='ocrx_word' id='word_1_471' title='bbox 3131 770 3445 843; x_wconf 81' lang='lat' dir='ltr'><strong>Babylonis,</strong></span> <span class='ocrx_word' id='word_1_472' title='bbox 3480 786 3627 825; x_wconf 87' lang='lat' dir='ltr'><strong>nam</strong></span> <span class='ocrx_word' id='word_1_473' title='bbox 3664 785 3803 824; x_wconf 87' lang='lat' dir='ltr'><strong>cum</strong></span> 
     </span>
    </p>
   </div>
   <div class='ocr_carea' id='block_1_69' title="bbox 2165 857 3794 932">
    <p class='ocr_par' dir='ltr' id='par_1_69' title="bbox 2165 857 3794 932">
     <span class='ocr_line' id='line_1_69' title="bbox 2165 857 3794 932; baseline 0.001 -22"><span class='ocrx_word' id='word_1_474' title='bbox 2165 857 2339 911; x_wconf 90' lang='lat' dir='ltr'><strong>tribus</strong></span> <span class='ocrx_word' id='word_1_475' title='bbox 2362 858 2468 913; x_wconf 91' lang='lat' dir='ltr'><strong>illis</strong></span> <span class='ocrx_word' id='word_1_476' title='bbox 2496 859 2682 930; x_wconf 89' lang='lat' dir='ltr'><strong>pueris</strong></span> <span class='ocrx_word' id='word_1_477' title='bbox 2714 860 2816 915; x_wconf 90' lang='lat' dir='ltr'><strong>iste</strong></span> <span class='ocrx_word' id='word_1_478' title='bbox 2846 869 3076 932; x_wconf 86' lang='lat' dir='ltr'><strong>quartus</strong></span> <span class='ocrx_word' id='word_1_479' title='bbox 3117 864 3305 931; x_wconf 86' lang='lat' dir='ltr'><strong>posset</strong></span> <span class='ocrx_word' id='word_1_480' title='bbox 3372 859 3703 923; x_wconf 85' lang='lat' dir='ltr'><strong>numerari,</strong></span> <span class='ocrx_word' id='word_1_481' title='bbox 3743 859 3794 911; x_wconf 85' lang='lat' dir='ltr'><strong>si</strong></span> 
     </span>
    </p>
   </div>
   <div class='ocr_carea' id='block_1_70' title="bbox 2165 944 3795 1021">
    <p class='ocr_par' dir='ltr' id='par_1_70' title="bbox 2165 944 3795 1021">
     <span class='ocr_line' id='line_1_70' title="bbox 2165 944 3795 1021; baseline 0.001 -22"><span class='ocrx_word' id='word_1_482' title='bbox 2165 944 2385 1002; x_wconf 85' lang='lat' dir='ltr'><strong>ﬂamma</strong></span> <span class='ocrx_word' id='word_1_483' title='bbox 2415 949 2790 1004; x_wconf 90' lang='lat' dir='ltr'><strong>tantummodo</strong></span> <span class='ocrx_word' id='word_1_484' title='bbox 2815 949 3120 1021; x_wconf 89' lang='lat' dir='ltr'><strong>panniculis</strong></span> <span class='ocrx_word' id='word_1_485' title='bbox 3140 948 3507 1019; x_wconf 90' lang='lat' dir='ltr'><strong>pepercisset.</strong></span> <span class='ocrx_word' id='word_1_486' title='bbox 3538 949 3631 1003; x_wconf 83' lang='lat' dir='ltr'><strong>Eo</strong></span> <span class='ocrx_word' id='word_1_487' title='bbox 3652 963 3795 1002; x_wconf 82' lang='lat' dir='ltr'><strong>vero</strong></span> 
     </span>
    </p>
   </div>
   <div class='ocr_carea' id='block_1_71' title="bbox 2163 1033 3786 1108">
    <p class='ocr_par' dir='ltr' id='par_1_71' title="bbox 2163 1033 3786 1108">
     <span class='ocr_line' id='line_1_71' title="bbox 2163 1033 3786 1108; baseline 0.001 -22"><span class='ocrx_word' id='word_1_488' title='bbox 2163 1033 2324 1090; x_wconf 86' lang='lat' dir='ltr'><strong>allato</strong></span> <span class='ocrx_word' id='word_1_489' title='bbox 2353 1051 2386 1090; x_wconf 87' lang='lat' dir='ltr'><strong>a</strong></span> <span class='ocrx_word' id='word_1_490' title='bbox 2414 1036 2732 1106; x_wconf 88' lang='lat' dir='ltr'><strong>parentibus</strong></span> <span class='ocrx_word' id='word_1_491' title='bbox 2786 1045 2838 1092; x_wconf 91' lang='lat' dir='ltr'><strong>et</strong></span> <span class='ocrx_word' id='word_1_492' title='bbox 2868 1038 3122 1093; x_wconf 68' lang='lat' dir='ltr'><strong>ecclesiae</strong></span> <span class='ocrx_word' id='word_1_493' title='bbox 3167 1045 3525 1108; x_wconf 70' lang='lat' dir='ltr'><strong>przesentato,</strong></span> <span class='ocrx_word' id='word_1_494' title='bbox 3566 1051 3786 1092; x_wconf 86' lang='lat' dir='ltr'><strong>conve-</strong></span> 
     </span>
    </p>
   </div>
   <div class='ocr_carea' id='block_1_72' title="bbox 2162 1142 3794 1215">
    <p class='ocr_par' dir='ltr' id='par_1_72' title="bbox 2162 1142 3794 1215">
     <span class='ocr_line' id='line_1_72' title="bbox 2162 1142 3794 1215; baseline 0.001 -19"><span class='ocrx_word' id='word_1_495' title='bbox 2162 1151 2357 1197; x_wconf 90' lang='lat' dir='ltr'><strong>nerunt</strong></span> <span class='ocrx_word' id='word_1_496' title='bbox 2408 1142 2631 1214; x_wconf 90' lang='lat' dir='ltr'><strong>plurimi</strong></span> <span class='ocrx_word' id='word_1_497' title='bbox 2682 1144 2975 1199; x_wconf 90' lang='lat' dir='ltr'><strong>Dominum</strong></span> <span class='ocrx_word' id='word_1_498' title='bbox 3049 1144 3470 1210; x_wconf 86' lang='lat' dir='ltr'><strong>callaudantes;</strong></span> <span class='ocrx_word' id='word_1_499' title='bbox 3537 1159 3794 1215; x_wconf 87' lang='lat' dir='ltr'><strong>quorum</strong></span> 
     </span>
    </p>
   </div>
   <div class='ocr_carea' id='block_1_73' title="bbox 2163 1239 3797 1311">
    <p class='ocr_par' dir='ltr' id='par_1_73' title="bbox 2163 1239 3797 1311">
     <span class='ocr_line' id='line_1_73' title="bbox 2163 1239 3797 1311; baseline -0.001 -16"><span class='ocrx_word' id='word_1_500' title='bbox 2163 1239 2413 1310; x_wconf 90' lang='lat' dir='ltr'><strong>consilio,</strong></span> <span class='ocrx_word' id='word_1_501' title='bbox 2443 1257 2509 1296; x_wconf 89' lang='lat' dir='ltr'><strong>ne</strong></span> <span class='ocrx_word' id='word_1_502' title='bbox 2529 1257 2673 1297; x_wconf 87' lang='lat' dir='ltr'><strong>resa</strong></span> <span class='ocrx_word' id='word_1_503' title='bbox 2731 1243 2995 1297; x_wconf 91' lang='lat' dir='ltr'><strong>memoria</strong></span> <span class='ocrx_word' id='word_1_504' title='bbox 3047 1243 3347 1311; x_wconf 89' lang='lat' dir='ltr'><strong>tolleretur,</strong></span> <span class='ocrx_word' id='word_1_505' title='bbox 3401 1241 3568 1296; x_wconf 78' lang='lat' dir='ltr'><strong>fideli</strong></span> <span class='ocrx_word' id='word_1_506' title='bbox 3632 1257 3797 1298; x_wconf 80' lang='lat' dir='ltr'><strong>com-</strong></span> 
     </span>
    </p>
   </div>
   <div class='ocr_carea' id='block_1_74' title="bbox 2162 1330 3103 1388">
    <p class='ocr_par' dir='ltr' id='par_1_74' title="bbox 2162 1330 3103 1388">
     <span class='ocr_line' id='line_1_74' title="bbox 2162 1330 3103 1388; baseline 0.005 -5"><span class='ocrx_word' id='word_1_507' title='bbox 2162 1330 2455 1385; x_wconf 89' lang='lat' dir='ltr'><strong>mendatur</strong></span> <span class='ocrx_word' id='word_1_508' title='bbox 2482 1330 2745 1386; x_wconf 65' lang='lat' dir='ltr'><strong>custodite</strong></span> <span class='ocrx_word' id='word_1_509' title='bbox 2772 1331 3103 1388; x_wconf 83' lang='lat' dir='ltr'><strong>litterarum.</strong></span> 
     </span>
    </p>
   </div>
   <div class='ocr_carea' id='block_1_75' title="bbox 2766 1421 3138 1477">
    <p class='ocr_par' dir='ltr' id='par_1_75' title="bbox 2766 1421 3138 1477">
     <span class='ocr_line' id='line_1_75' title="bbox 2766 1421 3138 1477; baseline -0.008 -1"><span class='ocrx_word' id='word_1_510' title='bbox 2766 1421 2991 1477; x_wconf 79' lang='lat' dir='ltr'><strong>CAPUT</strong></span> <span class='ocrx_word' id='word_1_511' title='bbox 3047 1422 3138 1475; x_wconf 84' lang='lat' dir='ltr'><strong>IV.</strong></span> 
     </span>
    </p>
   </div>
   <div class='ocr_carea' id='block_1_76' title="bbox 2241 1516 3711 1582">
    <p class='ocr_par' dir='ltr' id='par_1_76' title="bbox 2241 1516 3711 1582">
     <span class='ocr_line' id='line_1_76' title="bbox 2241 1516 3711 1582; baseline 0 -10"><span class='ocrx_word' id='word_1_512' title='bbox 2241 1516 2390 1572; x_wconf 79' lang='lat' dir='ltr'><strong>Varii</strong></span> <span class='ocrx_word' id='word_1_513' title='bbox 2418 1516 2597 1573; x_wconf 82' lang='lat' dir='ltr'><strong>morbi</strong></span> <span class='ocrx_word' id='word_1_514' title='bbox 2626 1518 2840 1582; x_wconf 77' lang='lat' dir='ltr'><strong>curati,</strong></span> <span class='ocrx_word' id='word_1_515' title='bbox 2873 1519 3451 1576; x_wconf 72' lang='lat' dir='ltr'><strong>cwcusilluminatus</strong></span> <span class='ocrx_word' id='word_1_516' title='bbox 3500 1525 3711 1575; x_wconf 78' lang='lat' dir='ltr'><strong>erecta</strong></span> 
     </span>
    </p>
   </div>
   <div class='ocr_carea' id='block_1_77' title="bbox 2411 1616 3511 1690">
    <p class='ocr_par' dir='ltr' id='par_1_77' title="bbox 2411 1616 3511 1690">
     <span class='ocr_line' id='line_1_77' title="bbox 2411 1616 3511 1690; baseline 0.002 -19"><span class='ocrx_word' id='word_1_517' title='bbox 2411 1616 2756 1690; x_wconf 83' lang='lat' dir='ltr'><strong>paralytica,</strong></span> <span class='ocrx_word' id='word_1_518' title='bbox 2809 1633 3202 1689; x_wconf 79' lang='lat' dir='ltr'><strong>energumeme</strong></span> <span class='ocrx_word' id='word_1_519' title='bbox 3234 1620 3511 1674; x_wconf 65' lang='lat' dir='ltr'><strong>liberatae.</strong></span> 
     </span>
    </p>
   </div>
   <div class='ocr_carea' id='block_1_78' title="bbox 2232 1705 3783 1778">
    <p class='ocr_par' dir='ltr' id='par_1_78' title="bbox 2232 1705 3783 1778">
     <span class='ocr_line' id='line_1_78' title="bbox 2232 1705 3783 1778; baseline 0.002 -19"><span class='ocrx_word' id='word_1_520' title='bbox 2232 1709 2319 1761; x_wconf 76' lang='lat' dir='ltr'><strong>i9.</strong></span> <span class='ocrx_word' id='word_1_521' title='bbox 2340 1705 2457 1760; x_wconf 82' lang='lat' dir='ltr'><strong>Jam</strong></span> <span class='ocrx_word' id='word_1_522' title='bbox 2491 1721 2623 1761; x_wconf 90' lang='lat' dir='ltr'><strong>vero</strong></span> <span class='ocrx_word' id='word_1_523' title='bbox 2650 1706 2697 1759; x_wconf 91' lang='lat' dir='ltr'><strong>si</strong></span> <span class='ocrx_word' id='word_1_524' title='bbox 2728 1707 2998 1771; x_wconf 81' lang='lat' dir='ltr'><strong>universa,</strong></span> <span class='ocrx_word' id='word_1_525' title='bbox 3026 1724 3146 1778; x_wconf 74' lang='lat' dir='ltr'><strong>qua:</strong></span> <span class='ocrx_word' id='word_1_526' title='bbox 3188 1724 3288 1778; x_wconf 87' lang='lat' dir='ltr'><strong>per</strong></span> <span class='ocrx_word' id='word_1_527' title='bbox 3333 1724 3565 1763; x_wconf 88' lang='lat' dir='ltr'><strong>servum</strong></span> <span class='ocrx_word' id='word_1_528' title='bbox 3611 1724 3783 1762; x_wconf 88' lang='lat' dir='ltr'><strong>suum</strong></span> 
     </span>
    </p>
   </div>
   <div class='ocr_carea' id='block_1_79' title="bbox 2158 1795 3782 1868">
    <p class='ocr_par' dir='ltr' id='par_1_79' title="bbox 2158 1795 3782 1868">
     <span class='ocr_line' id='line_1_79' title="bbox 2158 1795 3782 1868; baseline 0.002 -19"><span class='ocrx_word' id='word_1_529' title='bbox 2158 1795 2424 1849; x_wconf 85' lang='lat' dir='ltr'><strong>Dominus</strong></span> <span class='ocrx_word' id='word_1_530' title='bbox 2454 1803 2730 1867; x_wconf 87' lang='lat' dir='ltr'><strong>operatur,</strong></span> <span class='ocrx_word' id='word_1_531' title='bbox 2765 1796 3005 1851; x_wconf 89' lang='lat' dir='ltr'><strong>scribere</strong></span> <span class='ocrx_word' id='word_1_532' title='bbox 3036 1806 3338 1863; x_wconf 85' lang='lat' dir='ltr'><strong>tentavero,</strong></span> <span class='ocrx_word' id='word_1_533' title='bbox 3398 1813 3514 1851; x_wconf 90' lang='lat' dir='ltr'><strong>non</strong></span> <span class='ocrx_word' id='word_1_534' title='bbox 3569 1806 3782 1868; x_wconf 82' lang='lat' dir='ltr'><strong>potem</strong></span> 
     </span>
    </p>
   </div>
   <div class='ocr_carea' id='block_1_80' title="bbox 2158 1881 3777 1958">
    <p class='ocr_par' dir='ltr' id='par_1_80' title="bbox 2158 1881 3777 1958">
     <span class='ocr_line' id='line_1_80' title="bbox 2158 1881 3777 1958; baseline 0.002 -21"><span class='ocrx_word' id='word_1_535' title='bbox 2158 1883 2334 1938; x_wconf 90' lang='lat' dir='ltr'><strong>labori</strong></span> <span class='ocrx_word' id='word_1_536' title='bbox 2376 1881 2644 1950; x_wconf 80' lang='lat' dir='ltr'><strong>sufficere,</strong></span> <span class='ocrx_word' id='word_1_537' title='bbox 2703 1884 2959 1957; x_wconf 89' lang='lat' dir='ltr'><strong>quoniam</strong></span> <span class='ocrx_word' id='word_1_538' title='bbox 3005 1894 3129 1941; x_wconf 86' lang='lat' dir='ltr'><strong>ante</strong></span> <span class='ocrx_word' id='word_1_539' title='bbox 3184 1902 3273 1942; x_wconf 89' lang='lat' dir='ltr'><strong>me</strong></span> <span class='ocrx_word' id='word_1_540' title='bbox 3326 1894 3544 1957; x_wconf 83' lang='lat' dir='ltr'><strong>tempus</strong></span> <span class='ocrx_word' id='word_1_541' title='bbox 3594 1903 3777 1958; x_wconf 82' lang='lat' dir='ltr'><strong>quam</strong></span> 
     </span>
    </p>
   </div>
   <div class='ocr_carea' id='block_1_81' title="bbox 2153 1972 3779 2047">
    <p class='ocr_par' dir='ltr' id='par_1_81' title="bbox 2153 1972 3779 2047">
     <span class='ocr_line' id='line_1_81' title="bbox 2153 1972 3779 2047; baseline 0.002 -19"><span class='ocrx_word' id='word_1_542' title='bbox 2153 1972 2308 2044; x_wconf 90' lang='lat' dir='ltr'><strong>copia</strong></span> <span class='ocrx_word' id='word_1_543' title='bbox 2339 1972 2698 2046; x_wconf 82' lang='lat' dir='ltr'><strong>derelinquet.</strong></span> <span class='ocrx_word' id='word_1_544' title='bbox 2734 1972 2990 2042; x_wconf 88' lang='lat' dir='ltr'><strong>Quotidie</strong></span> <span class='ocrx_word' id='word_1_545' title='bbox 3022 1975 3220 2047; x_wconf 88' lang='lat' dir='ltr'><strong>quippe</strong></span> <span class='ocrx_word' id='word_1_546' title='bbox 3254 1976 3305 2030; x_wconf 94' lang='lat' dir='ltr'><strong>in</strong></span> <span class='ocrx_word' id='word_1_547' title='bbox 3337 1976 3615 2031; x_wconf 84' lang='lat' dir='ltr'><strong>Ecclesia</strong></span> <span class='ocrx_word' id='word_1_548' title='bbox 3658 1978 3779 2032; x_wconf 73' lang='lat' dir='ltr'><strong>Mo-</strong></span> 
     </span>
    </p>
   </div>
   <div class='ocr_carea' id='block_1_82' title="bbox 2157 2062 3777 2135">
    <p class='ocr_par' dir='ltr' id='par_1_82' title="bbox 2157 2062 3777 2135">
     <span class='ocr_line' id='line_1_82' title="bbox 2157 2062 3777 2135; baseline 0.003 -19"><span class='ocrx_word' id='word_1_549' title='bbox 2157 2062 2484 2117; x_wconf 81' lang='lat' dir='ltr'><strong>lismensiB.</strong></span> <span class='ocrx_word' id='word_1_550' title='bbox 2523 2064 2746 2118; x_wconf 83' lang='lat' dir='ltr'><strong>Roberti</strong></span> <span class='ocrx_word' id='word_1_551' title='bbox 2799 2063 3061 2118; x_wconf 78' lang='lat' dir='ltr'><strong>auxilium</strong></span> <span class='ocrx_word' id='word_1_552' title='bbox 3119 2064 3540 2135; x_wconf 88' lang='lat' dir='ltr'><strong>implorantibus</strong></span> <span class='ocrx_word' id='word_1_553' title='bbox 3606 2066 3777 2121; x_wconf 80' lang='lat' dir='ltr'><strong>adest</strong></span> 
     </span>
    </p>
   </div>
   <div class='ocr_carea' id='block_1_83' title="bbox 2156 2151 3778 2223">
    <p class='ocr_par' dir='ltr' id='par_1_83' title="bbox 2156 2151 3778 2223">
     <span class='ocr_line' id='line_1_83' title="bbox 2156 2151 3778 2223; baseline 0.004 -19"><span class='ocrx_word' id='word_1_554' title='bbox 2156 2151 2535 2206; x_wconf 88' lang='lat' dir='ltr'><strong>misericordia</strong></span> <span class='ocrx_word' id='word_1_555' title='bbox 2562 2153 2856 2209; x_wconf 84' lang='lat' dir='ltr'><strong>Salvatoris</strong></span> <span class='ocrx_word' id='word_1_556' title='bbox 2899 2171 2913 2207; x_wconf 89' lang='lat'><strong>:</strong></span> <span class='ocrx_word' id='word_1_557' title='bbox 2950 2169 3070 2207; x_wconf 90' lang='lat' dir='ltr'><strong>nam</strong></span> <span class='ocrx_word' id='word_1_558' title='bbox 3104 2154 3221 2223; x_wconf 86' lang='lat' dir='ltr'><strong>ejus</strong></span> <span class='ocrx_word' id='word_1_559' title='bbox 3268 2153 3778 2210; x_wconf 88' lang='lat' dir='ltr'><strong>intervenientibus</strong></span> 
     </span>
    </p>
   </div>
   <div class='ocr_carea' id='block_1_84' title="bbox 2155 2240 3775 2313">
    <p class='ocr_par' dir='ltr' id='par_1_84' title="bbox 2155 2240 3775 2313">
     <span class='ocr_line' id='line_1_84' title="bbox 2155 2240 3775 2313; baseline 0.003 -19"><span class='ocrx_word' id='word_1_560' title='bbox 2155 2240 2364 2295; x_wconf 80' lang='lat' dir='ltr'><strong>meritis</strong></span> <span class='ocrx_word' id='word_1_561' title='bbox 2421 2241 2493 2296; x_wconf 89' lang='lat' dir='ltr'><strong>ad</strong></span> <span class='ocrx_word' id='word_1_562' title='bbox 2545 2242 2850 2313; x_wconf 83' lang='lat' dir='ltr'><strong>sepulcrum</strong></span> <span class='ocrx_word' id='word_1_563' title='bbox 2902 2242 3273 2296; x_wconf 88' lang='lat' dir='ltr'><strong>illuminantur</strong></span> <span class='ocrx_word' id='word_1_564' title='bbox 3329 2244 3487 2308; x_wconf 63' lang='lat' dir='ltr'><strong>caeci,</strong></span> <span class='ocrx_word' id='word_1_565' title='bbox 3550 2243 3775 2298; x_wconf 82' lang='lat' dir='ltr'><strong>debiles</strong></span> 
     </span>
    </p>
   </div>
   <div class='ocr_carea' id='block_1_85' title="bbox 2156 2331 3772 2403">
    <p class='ocr_par' dir='ltr' id='par_1_85' title="bbox 2156 2331 3772 2403">
     <span class='ocr_line' id='line_1_85' title="bbox 2156 2331 3772 2403; baseline 0.002 -21"><span class='ocrx_word' id='word_1_566' title='bbox 2156 2345 2409 2401; x_wconf 84' lang='lat' dir='ltr'><strong>gressum</strong></span> <span class='ocrx_word' id='word_1_567' title='bbox 2441 2331 2725 2402; x_wconf 88' lang='lat' dir='ltr'><strong>recipiunt,</strong></span> <span class='ocrx_word' id='word_1_568' title='bbox 2767 2332 2905 2397; x_wconf 55' lang='lat' dir='ltr'><strong>aegri</strong></span> <span class='ocrx_word' id='word_1_569' title='bbox 2945 2340 3226 2395; x_wconf 82' lang='lat' dir='ltr'><strong>sanantur,</strong></span> <span class='ocrx_word' id='word_1_570' title='bbox 3259 2331 3488 2403; x_wconf 86' lang='lat' dir='ltr'><strong>maligni</strong></span> <span class='ocrx_word' id='word_1_571' title='bbox 3533 2332 3772 2402; x_wconf 80' lang='lat' dir='ltr'><strong>spiritus</strong></span> 
     </span>
    </p>
   </div>
   <div class='ocr_carea' id='block_1_86' title="bbox 2155 2428 3774 2501">
    <p class='ocr_par' dir='ltr' id='par_1_86' title="bbox 2155 2428 3774 2501">
     <span class='ocr_line' id='line_1_86' title="bbox 2155 2428 3774 2501; baseline 0.002 -19"><span class='ocrx_word' id='word_1_572' title='bbox 2155 2429 2271 2494; x_wconf 80' lang='lat' dir='ltr'><strong>eius</strong></span> <span class='ocrx_word' id='word_1_573' title='bbox 2302 2430 2645 2499; x_wconf 71' lang='lat' dir='ltr'><strong>praesentiam</strong></span> <span class='ocrx_word' id='word_1_574' title='bbox 2670 2445 2780 2485; x_wconf 88' lang='lat' dir='ltr'><strong>non</strong></span> <span class='ocrx_word' id='word_1_575' title='bbox 2810 2428 3050 2484; x_wconf 89' lang='lat' dir='ltr'><strong>ferentes</strong></span> <span class='ocrx_word' id='word_1_576' title='bbox 3070 2429 3139 2483; x_wconf 92' lang='lat' dir='ltr'><strong>ab</strong></span> <span class='ocrx_word' id='word_1_577' title='bbox 3152 2429 3394 2485; x_wconf 87' lang='lat' dir='ltr'><strong>obsessis</strong></span> <span class='ocrx_word' id='word_1_578' title='bbox 3425 2431 3774 2501; x_wconf 86' lang='lat' dir='ltr'><strong>corporibus</strong></span> 
     </span>
    </p>
   </div>
   <div class='ocr_carea' id='block_1_87' title="bbox 2154 2516 3775 2587">
    <p class='ocr_par' dir='ltr' id='par_1_87' title="bbox 2154 2516 3775 2587">
     <span class='ocr_line' id='line_1_87' title="bbox 2154 2516 3775 2587; baseline 0.001 -16"><span class='ocrx_word' id='word_1_579' title='bbox 2154 2516 2525 2587; x_wconf 80' lang='lat' dir='ltr'><strong>expelluntur.</strong></span> <span class='ocrx_word' id='word_1_580' title='bbox 2557 2517 2715 2587; x_wconf 84' lang='lat' dir='ltr'><strong>Quod</strong></span> <span class='ocrx_word' id='word_1_581' title='bbox 2754 2535 2821 2573; x_wconf 90' lang='lat' dir='ltr'><strong>ne</strong></span> <span class='ocrx_word' id='word_1_582' title='bbox 2849 2517 2989 2574; x_wconf 85' lang='lat' dir='ltr'><strong>forte</strong></span> <span class='ocrx_word' id='word_1_583' title='bbox 3014 2517 3177 2573; x_wconf 89' lang='lat' dir='ltr'><strong>alicui</strong></span> <span class='ocrx_word' id='word_1_584' title='bbox 3205 2517 3534 2573; x_wconf 87' lang='lat' dir='ltr'><strong>incredibile</strong></span> <span class='ocrx_word' id='word_1_585' title='bbox 3574 2518 3775 2573; x_wconf 79' lang='lat' dir='ltr'><strong>videa-</strong></span> 
     </span>
    </p>
   </div>
   <div class='ocr_carea' id='block_1_88' title="bbox 2152 2615 3756 2687">
    <p class='ocr_par' dir='ltr' id='par_1_88' title="bbox 2152 2615 3756 2687">
     <span class='ocr_line' id='line_1_88' title="bbox 2152 2615 3756 2687; baseline 0.002 -19"><span class='ocrx_word' id='word_1_586' title='bbox 2152 2622 2258 2681; x_wconf 88' lang='lat' dir='ltr'><strong>tur,</strong></span> <span class='ocrx_word' id='word_1_587' title='bbox 2290 2631 2461 2685; x_wconf 89' lang='lat' dir='ltr'><strong>pauca</strong></span> <span class='ocrx_word' id='word_1_588' title='bbox 2493 2616 2683 2671; x_wconf 86' lang='lat' dir='ltr'><strong>saltem</strong></span> <span class='ocrx_word' id='word_1_589' title='bbox 2722 2632 2753 2672; x_wconf 93' lang='lat' dir='ltr'><strong>e</strong></span> <span class='ocrx_word' id='word_1_590' title='bbox 2805 2616 3052 2687; x_wconf 87' lang='lat' dir='ltr'><strong>pluribus</strong></span> <span class='ocrx_word' id='word_1_591' title='bbox 3111 2615 3484 2671; x_wconf 84' lang='lat' dir='ltr'><strong>transmittere</strong></span> <span class='ocrx_word' id='word_1_592' title='bbox 3516 2618 3756 2672; x_wconf 80' lang='lat' dir='ltr'><strong>curavi-</strong></span> 
     </span>
    </p>
   </div>
   <div class='ocr_carea' id='block_1_89' title="bbox 2152 2703 3770 2777">
    <p class='ocr_par' dir='ltr' id='par_1_89' title="bbox 2152 2703 3770 2777">
     <span class='ocr_line' id='line_1_89' title="bbox 2152 2703 3770 2777; baseline 0.001 -21"><span class='ocrx_word' id='word_1_593' title='bbox 2152 2718 2273 2758; x_wconf 90' lang='lat' dir='ltr'><strong>mus</strong></span> <span class='ocrx_word' id='word_1_594' title='bbox 2292 2703 2359 2759; x_wconf 88' lang='lat' dir='ltr'><strong>ad</strong></span> <span class='ocrx_word' id='word_1_595' title='bbox 2383 2704 2628 2759; x_wconf 89' lang='lat' dir='ltr'><strong>notitiam</strong></span> <span class='ocrx_word' id='word_1_596' title='bbox 2658 2712 3026 2775; x_wconf 88' lang='lat' dir='ltr'><strong>posterorum.</strong></span> <span class='ocrx_word' id='word_1_597' title='bbox 3065 2703 3327 2775; x_wconf 88' lang='lat' dir='ltr'><strong>Quamvis</strong></span> <span class='ocrx_word' id='word_1_598' title='bbox 3348 2703 3499 2758; x_wconf 87' lang='lat' dir='ltr'><strong>enim</strong></span> <span class='ocrx_word' id='word_1_599' title='bbox 3554 2705 3770 2777; x_wconf 69' lang='lat' dir='ltr'><strong>lingua:</strong></span> 
     </span>
    </p>
   </div>
   <div class='ocr_carea' id='block_1_90' title="bbox 2153 2786 3767 2858">
    <p class='ocr_par' dir='ltr' id='par_1_90' title="bbox 2153 2786 3767 2858">
     <span class='ocr_line' id='line_1_90' title="bbox 2153 2786 3767 2858; baseline 0.002 -17"><span class='ocrx_word' id='word_1_600' title='bbox 2153 2787 2207 2841; x_wconf 87' lang='lat' dir='ltr'><strong>in</strong></span> <span class='ocrx_word' id='word_1_601' title='bbox 2241 2786 2455 2858; x_wconf 81' lang='lat' dir='ltr'><strong>signum</strong></span> <span class='ocrx_word' id='word_1_602' title='bbox 2486 2789 2594 2842; x_wconf 89' lang='lat' dir='ltr'><strong>sint</strong></span> <span class='ocrx_word' id='word_1_603' title='bbox 2622 2805 2733 2844; x_wconf 90' lang='lat' dir='ltr'><strong>non</strong></span> <span class='ocrx_word' id='word_1_604' title='bbox 2758 2787 3030 2855; x_wconf 85' lang='lat' dir='ltr'><strong>ﬁdelibus,</strong></span> <span class='ocrx_word' id='word_1_605' title='bbox 3062 2790 3161 2844; x_wconf 90' lang='lat' dir='ltr'><strong>sed</strong></span> <span class='ocrx_word' id='word_1_606' title='bbox 3189 2787 3524 2857; x_wconf 82' lang='lat' dir='ltr'><strong>inﬁdelibus,</strong></span> <span class='ocrx_word' id='word_1_607' title='bbox 3574 2797 3767 2846; x_wconf 84' lang='lat' dir='ltr'><strong>tamen</strong></span> 
     </span>
    </p>
   </div>
   <div class='ocr_carea' id='block_1_91' title="bbox 2152 2883 3765 2957">
    <p class='ocr_par' dir='ltr' id='par_1_91' title="bbox 2152 2883 3765 2957">
     <span class='ocr_line' id='line_1_91' title="bbox 2152 2883 3765 2957; baseline 0 -19"><span class='ocrx_word' id='word_1_608' title='bbox 2152 2883 2280 2954; x_wconf 89' lang='lat' dir='ltr'><strong>quia</strong></span> <span class='ocrx_word' id='word_1_609' title='bbox 2310 2883 2510 2939; x_wconf 91' lang='lat' dir='ltr'><strong>nostris</strong></span> <span class='ocrx_word' id='word_1_610' title='bbox 2540 2884 2709 2941; x_wconf 88' lang='lat' dir='ltr'><strong>etiam</strong></span> <span class='ocrx_word' id='word_1_611' title='bbox 2739 2886 3079 2956; x_wconf 90' lang='lat' dir='ltr'><strong>temporibus</strong></span> <span class='ocrx_word' id='word_1_612' title='bbox 3108 2901 3335 2941; x_wconf 87' lang='lat' dir='ltr'><strong>necesse</strong></span> <span class='ocrx_word' id='word_1_613' title='bbox 3350 2884 3522 2939; x_wconf 82' lang='lat' dir='ltr'><strong>habet</strong></span> <span class='ocrx_word' id='word_1_614' title='bbox 3582 2885 3765 2957; x_wconf 83' lang='lat' dir='ltr'><strong>rigari</strong></span> 
     </span>
    </p>
   </div>
   <div class='ocr_carea' id='block_1_92' title="bbox 2150 2966 3764 3043">
    <p class='ocr_par' dir='ltr' id='par_1_92' title="bbox 2150 2966 3764 3043">
     <span class='ocr_line' id='line_1_92' title="bbox 2150 2966 3764 3043; baseline 0.002 -23"><span class='ocrx_word' id='word_1_615' title='bbox 2150 2966 2287 3022; x_wconf 87' lang='lat' dir='ltr'><strong>ﬁdes</strong></span> <span class='ocrx_word' id='word_1_616' title='bbox 2318 2969 2584 3036; x_wconf 88' lang='lat' dir='ltr'><strong>marcida,</strong></span> <span class='ocrx_word' id='word_1_617' title='bbox 2618 2968 2726 3025; x_wconf 83' lang='lat' dir='ltr'><strong>fide</strong></span> <span class='ocrx_word' id='word_1_618' title='bbox 2751 2985 2919 3042; x_wconf 69' lang='lat' dir='ltr'><strong>aegra,</strong></span> <span class='ocrx_word' id='word_1_619' title='bbox 2947 2969 3059 3040; x_wconf 89' lang='lat' dir='ltr'><strong>jam</strong></span> <span class='ocrx_word' id='word_1_620' title='bbox 3093 2970 3160 3024; x_wconf 89' lang='lat' dir='ltr'><strong>ad</strong></span> <span class='ocrx_word' id='word_1_621' title='bbox 3191 2969 3548 3036; x_wconf 89' lang='lat' dir='ltr'><strong>solvendum,</strong></span> <span class='ocrx_word' id='word_1_622' title='bbox 3604 2971 3764 3043; x_wconf 83' lang='lat' dir='ltr'><strong>quod</strong></span> 
     </span>
    </p>
   </div>
   <div class='ocr_carea' id='block_1_93' title="bbox 2152 3068 3757 3141">
    <p class='ocr_par' dir='ltr' id='par_1_93' title="bbox 2152 3068 3757 3141">
     <span class='ocr_line' id='line_1_93' title="bbox 2152 3068 3757 3141; baseline 0.001 -18"><span class='ocrx_word' id='word_1_623' title='bbox 2152 3068 2531 3141; x_wconf 84' lang='lat' dir='ltr'><strong>promisimus,</strong></span> <span class='ocrx_word' id='word_1_624' title='bbox 2560 3070 2914 3141; x_wconf 86' lang='lat' dir='ltr'><strong>accingamur</strong></span> <span class='ocrx_word' id='word_1_625' title='bbox 2936 3073 3077 3139; x_wconf 77' lang='lat'><strong>(29).</strong></span> <span class='ocrx_word' id='word_1_626' title='bbox 3128 3069 3223 3125; x_wconf 86' lang='lat' dir='ltr'><strong>Vir</strong></span> <span class='ocrx_word' id='word_1_627' title='bbox 3254 3069 3477 3141; x_wconf 90' lang='lat' dir='ltr'><strong>quidam</strong></span> <span class='ocrx_word' id='word_1_628' title='bbox 3540 3070 3757 3125; x_wconf 84' lang='lat' dir='ltr'><strong>nobilis</strong></span> 
     </span>
    </p>
   </div>
   <div class='ocr_carea' id='block_1_94' title="bbox 2152 3158 3764 3231">
    <p class='ocr_par' dir='ltr' id='par_1_94' title="bbox 2152 3158 3764 3231">
     <span class='ocr_line' id='line_1_94' title="bbox 2152 3158 3764 3231; baseline 0.002 -19"><span class='ocrx_word' id='word_1_629' title='bbox 2152 3158 2221 3213; x_wconf 89' lang='lat' dir='ltr'><strong>de</strong></span> <span class='ocrx_word' id='word_1_630' title='bbox 2252 3158 2613 3230; x_wconf 69' lang='lat' dir='ltr'><strong>Lotharingia!</strong></span> <span class='ocrx_word' id='word_1_631' title='bbox 2629 3159 2892 3229; x_wconf 87' lang='lat' dir='ltr'><strong>partibus,</strong></span> <span class='ocrx_word' id='word_1_632' title='bbox 2925 3158 3153 3213; x_wconf 89' lang='lat' dir='ltr'><strong>terrenis</strong></span> <span class='ocrx_word' id='word_1_633' title='bbox 3191 3158 3409 3231; x_wconf 83' lang='lat' dir='ltr'><strong>quidem</strong></span> <span class='ocrx_word' id='word_1_634' title='bbox 3458 3158 3764 3216; x_wconf 85' lang='lat' dir='ltr'><strong>abundans</strong></span> 
     </span>
    </p>
   </div>
   <div class='ocr_carea' id='block_1_95' title="bbox 2153 3247 3763 3321">
    <p class='ocr_par' dir='ltr' id='par_1_95' title="bbox 2153 3247 3763 3321">
     <span class='ocr_line' id='line_1_95' title="bbox 2153 3247 3763 3321; baseline 0.001 -19"><span class='ocrx_word' id='word_1_635' title='bbox 2153 3249 2371 3320; x_wconf 89' lang='lat' dir='ltr'><strong>opibus,</strong></span> <span class='ocrx_word' id='word_1_636' title='bbox 2394 3247 2489 3302; x_wconf 89' lang='lat' dir='ltr'><strong>sed</strong></span> <span class='ocrx_word' id='word_1_637' title='bbox 2521 3248 2711 3303; x_wconf 91' lang='lat' dir='ltr'><strong>salutis</strong></span> <span class='ocrx_word' id='word_1_638' title='bbox 2749 3247 2927 3317; x_wconf 89' lang='lat' dir='ltr'><strong>inops,</strong></span> <span class='ocrx_word' id='word_1_639' title='bbox 2960 3247 3128 3321; x_wconf 82' lang='lat' dir='ltr'><strong>longo</strong></span> <span class='ocrx_word' id='word_1_640' title='bbox 3146 3247 3367 3303; x_wconf 83' lang='lat' dir='ltr'><strong>vivendi</strong></span> <span class='ocrx_word' id='word_1_641' title='bbox 3414 3264 3519 3303; x_wconf 88' lang='lat' dir='ltr'><strong>usu</strong></span> <span class='ocrx_word' id='word_1_642' title='bbox 3581 3256 3646 3303; x_wconf 84' lang='lat' dir='ltr'><strong>et</strong></span> <span class='ocrx_word' id='word_1_643' title='bbox 3677 3250 3763 3304; x_wconf 87' lang='lat' dir='ltr'><strong>in-</strong></span> 
     </span>
    </p>
   </div>
   <div class='ocr_carea' id='block_1_96' title="bbox 2152 3345 3761 3417">
    <p class='ocr_par' dir='ltr' id='par_1_96' title="bbox 2152 3345 3761 3417">
     <span class='ocr_line' id='line_1_96' title="bbox 2152 3345 3761 3417; baseline 0.001 -16"><span class='ocrx_word' id='word_1_644' title='bbox 2152 3346 2422 3403; x_wconf 82' lang='lat' dir='ltr'><strong>ﬁrmitatis</strong></span> <span class='ocrx_word' id='word_1_645' title='bbox 2474 3345 2725 3401; x_wconf 87' lang='lat' dir='ltr'><strong>molestia</strong></span> <span class='ocrx_word' id='word_1_646' title='bbox 2794 3353 3190 3417; x_wconf 56' lang='lat' dir='ltr'><strong>praegravatus,</strong></span> <span class='ocrx_word' id='word_1_647' title='bbox 3251 3345 3433 3401; x_wconf 87' lang='lat' dir='ltr'><strong>lumen</strong></span> <span class='ocrx_word' id='word_1_648' title='bbox 3481 3346 3761 3402; x_wconf 81' lang='lat' dir='ltr'><strong>amiserat</strong></span> 
     </span>
    </p>
   </div>
   <div class='ocr_carea' id='block_1_97' title="bbox 2149 3434 3758 3507">
    <p class='ocr_par' dir='ltr' id='par_1_97' title="bbox 2149 3434 3758 3507">
     <span class='ocr_line' id='line_1_97' title="bbox 2149 3434 3758 3507; baseline -0.001 -16"><span class='ocrx_word' id='word_1_649' title='bbox 2149 3436 2431 3492; x_wconf 90' lang='lat' dir='ltr'><strong>oculorum</strong></span> <span class='ocrx_word' id='word_1_650' title='bbox 2465 3454 2479 3501; x_wconf 89' lang='lat'><strong>;</strong></span> <span class='ocrx_word' id='word_1_651' title='bbox 2522 3435 2614 3507; x_wconf 91' lang='lat' dir='ltr'><strong>qui</strong></span> <span class='ocrx_word' id='word_1_652' title='bbox 2646 3435 2837 3490; x_wconf 85' lang='lat' dir='ltr'><strong>salutis</strong></span> <span class='ocrx_word' id='word_1_653' title='bbox 2864 3434 3101 3506; x_wconf 71' lang='lat' dir='ltr'><strong>pr0priae</strong></span> <span class='ocrx_word' id='word_1_654' title='bbox 3127 3436 3380 3506; x_wconf 89' lang='lat' dir='ltr'><strong>cupidus,</strong></span> <span class='ocrx_word' id='word_1_655' title='bbox 3407 3451 3536 3490; x_wconf 89' lang='lat' dir='ltr'><strong>cum</strong></span> <span class='ocrx_word' id='word_1_656' title='bbox 3559 3436 3631 3489; x_wconf 88' lang='lat' dir='ltr'><strong>ad</strong></span> <span class='ocrx_word' id='word_1_657' title='bbox 3660 3437 3758 3490; x_wconf 83' lang='lat' dir='ltr'><strong>im-</strong></span> 
     </span>
    </p>
   </div>
   <div class='ocr_carea' id='block_1_98' title="bbox 2147 3533 3756 3605">
    <p class='ocr_par' dir='ltr' id='par_1_98' title="bbox 2147 3533 3756 3605">
     <span class='ocr_line' id='line_1_98' title="bbox 2147 3533 3756 3605; baseline 0.002 -19"><span class='ocrx_word' id='word_1_658' title='bbox 2147 3534 2413 3605; x_wconf 86' lang='lat' dir='ltr'><strong>ploranda</strong></span> <span class='ocrx_word' id='word_1_659' title='bbox 2442 3533 2686 3588; x_wconf 88' lang='lat' dir='ltr'><strong>sanitatis</strong></span> <span class='ocrx_word' id='word_1_660' title='bbox 2715 3533 2954 3588; x_wconf 88' lang='lat' dir='ltr'><strong>remedia</strong></span> <span class='ocrx_word' id='word_1_661' title='bbox 2984 3533 3279 3589; x_wconf 90' lang='lat' dir='ltr'><strong>multorum</strong></span> <span class='ocrx_word' id='word_1_662' title='bbox 3318 3534 3609 3589; x_wconf 82' lang='lat' dir='ltr'><strong>circuisset</strong></span> <span class='ocrx_word' id='word_1_663' title='bbox 3626 3534 3756 3590; x_wconf 79' lang='lat' dir='ltr'><strong>loca</strong></span> 
     </span>
    </p>
   </div>
   <div class='ocr_carea' id='block_1_99' title="bbox 2147 3622 3746 3694">
    <p class='ocr_par' dir='ltr' id='par_1_99' title="bbox 2147 3622 3746 3694">
     <span class='ocr_line' id='line_1_99' title="bbox 2147 3622 3746 3694; baseline 0.001 -18"><span class='ocrx_word' id='word_1_664' title='bbox 2147 3632 2480 3687; x_wconf 89' lang='lat' dir='ltr'><strong>sanctorum,</strong></span> <span class='ocrx_word' id='word_1_665' title='bbox 2512 3622 2803 3693; x_wconf 88' lang='lat' dir='ltr'><strong>impetrare</strong></span> <span class='ocrx_word' id='word_1_666' title='bbox 2860 3638 2967 3677; x_wconf 91' lang='lat' dir='ltr'><strong>non</strong></span> <span class='ocrx_word' id='word_1_667' title='bbox 2998 3622 3191 3693; x_wconf 89' lang='lat' dir='ltr'><strong>potuit,</strong></span> <span class='ocrx_word' id='word_1_668' title='bbox 3242 3622 3386 3694; x_wconf 87' lang='lat' dir='ltr'><strong>quod</strong></span> <span class='ocrx_word' id='word_1_669' title='bbox 3435 3623 3746 3693; x_wconf 67' lang='lat' dir='ltr'><strong>qumrebat.</strong></span> 
     </span>
    </p>
   </div>
   <div class='ocr_carea' id='block_1_100' title="bbox 2145 3706 3753 3778">
    <p class='ocr_par' dir='ltr' id='par_1_100' title="bbox 2145 3706 3753 3778">
     <span class='ocr_line' id='line_1_100' title="bbox 2145 3706 3753 3778; baseline -0.001 -15"><span class='ocrx_word' id='word_1_670' title='bbox 2145 3707 2281 3777; x_wconf 90' lang='lat' dir='ltr'><strong>Quia</strong></span> <span class='ocrx_word' id='word_1_671' title='bbox 2307 3708 2563 3763; x_wconf 89' lang='lat' dir='ltr'><strong>nimirum</strong></span> <span class='ocrx_word' id='word_1_672' title='bbox 2595 3707 2789 3773; x_wconf 89' lang='lat' dir='ltr'><strong>sancti,</strong></span> <span class='ocrx_word' id='word_1_673' title='bbox 2822 3709 2879 3762; x_wconf 87' lang='grc' dir='ltr'><strong>Β.</strong></span> <span class='ocrx_word' id='word_1_674' title='bbox 2931 3707 3229 3762; x_wconf 83' lang='lat' dir='ltr'><strong>Robertum</strong></span> <span class='ocrx_word' id='word_1_675' title='bbox 3282 3722 3383 3762; x_wconf 90' lang='lat' dir='ltr'><strong>suo</strong></span> <span class='ocrx_word' id='word_1_676' title='bbox 3440 3706 3753 3778; x_wconf 83' lang='lat' dir='ltr'><strong>gaudentes</strong></span> 
     </span>
    </p>
   </div>
   <div class='ocr_carea' id='block_1_101' title="bbox 2143 3794 3751 3868">
    <p class='ocr_par' dir='ltr' id='par_1_101' title="bbox 2143 3794 3751 3868">
     <span class='ocr_line' id='line_1_101' title="bbox 2143 3794 3751 3868; baseline -0.003 -15"><span class='ocrx_word' id='word_1_677' title='bbox 2143 3795 2380 3868; x_wconf 78' lang='lat' dir='ltr'><strong>collegio</strong></span> <span class='ocrx_word' id='word_1_678' title='bbox 2439 3795 2724 3860; x_wconf 88' lang='lat' dir='ltr'><strong>sociatum,</strong></span> <span class='ocrx_word' id='word_1_679' title='bbox 2782 3794 2990 3851; x_wconf 89' lang='lat' dir='ltr'><strong>meritis</strong></span> <span class='ocrx_word' id='word_1_680' title='bbox 3039 3794 3151 3863; x_wconf 88' lang='lat' dir='ltr'><strong>ejus</strong></span> <span class='ocrx_word' id='word_1_681' title='bbox 3217 3794 3578 3848; x_wconf 87' lang='lat' dir='ltr'><strong>reservabant</strong></span> <span class='ocrx_word' id='word_1_682' title='bbox 3618 3794 3751 3848; x_wconf 83' lang='lat' dir='ltr'><strong>tanti</strong></span> 
     </span>
    </p>
   </div>
   <div class='ocr_carea' id='block_1_102' title="bbox 2143 3881 3741 3955">
    <p class='ocr_par' dir='ltr' id='par_1_102' title="bbox 2143 3881 3741 3955">
     <span class='ocr_line' id='line_1_102' title="bbox 2143 3881 3741 3955; baseline -0.002 -15"><span class='ocrx_word' id='word_1_683' title='bbox 2143 3885 2393 3941; x_wconf 88' lang='lat' dir='ltr'><strong>miraculi</strong></span> <span class='ocrx_word' id='word_1_684' title='bbox 2421 3886 2741 3952; x_wconf 89' lang='lat' dir='ltr'><strong>novitatem,</strong></span> <span class='ocrx_word' id='word_1_685' title='bbox 2774 3892 2832 3939; x_wconf 90' lang='lat' dir='ltr'><strong>ut</strong></span> <span class='ocrx_word' id='word_1_686' title='bbox 2887 3900 2987 3955; x_wconf 86' lang='lat' dir='ltr'><strong>per</strong></span> <span class='ocrx_word' id='word_1_687' title='bbox 3042 3883 3218 3939; x_wconf 88' lang='lat' dir='ltr'><strong>virum</strong></span> <span class='ocrx_word' id='word_1_688' title='bbox 3276 3881 3519 3936; x_wconf 88' lang='lat' dir='ltr'><strong>nobilem</strong></span> <span class='ocrx_word' id='word_1_689' title='bbox 3572 3883 3741 3938; x_wconf 86' lang='lat' dir='ltr'><strong>etiam</strong></span> 
     </span>
    </p>
   </div>
   <div class='ocr_carea' id='block_1_103' title="bbox 2142 3972 3732 4047">
    <p class='ocr_par' dir='ltr' id='par_1_103' title="bbox 2142 3972 3732 4047">
     <span class='ocr_line' id='line_1_103' title="bbox 2142 3972 3732 4047; baseline -0.003 -18"><span class='ocrx_word' id='word_1_690' title='bbox 2142 3976 2286 4047; x_wconf 92' lang='lat' dir='ltr'><strong>apud</strong></span> <span class='ocrx_word' id='word_1_691' title='bbox 2328 3984 2540 4031; x_wconf 83' lang='lat' dir='ltr'><strong>exteras</strong></span> <span class='ocrx_word' id='word_1_692' title='bbox 2597 3974 2843 4029; x_wconf 90' lang='lat' dir='ltr'><strong>nationes</strong></span> <span class='ocrx_word' id='word_1_693' title='bbox 2896 3973 3264 4028; x_wconf 80' lang='lat' dir='ltr'><strong>innotesceret</strong></span> <span class='ocrx_word' id='word_1_694' title='bbox 3320 3987 3523 4026; x_wconf 90' lang='lat' dir='ltr'><strong>nomen</strong></span> <span class='ocrx_word' id='word_1_695' title='bbox 3587 3972 3732 4041; x_wconf 84' lang='lat' dir='ltr'><strong>ejus.</strong></span> 
     </span>
    </p>
   </div>
   <div class='ocr_carea' id='block_1_104' title="bbox 2139 4059 3731 4117">
    <p class='ocr_par' dir='ltr' id='par_1_104' title="bbox 2139 4059 3731 4117">
     <span class='ocr_line' id='line_1_104' title="bbox 2139 4059 3731 4117; baseline -0.002 0"><span class='ocrx_word' id='word_1_696' title='bbox 2139 4063 2290 4117; x_wconf 89' lang='lat' dir='ltr'><strong>Idem</strong></span> <span class='ocrx_word' id='word_1_697' title='bbox 2321 4079 2456 4117; x_wconf 89' lang='lat' dir='ltr'><strong>vero</strong></span> <span class='ocrx_word' id='word_1_698' title='bbox 2486 4063 2569 4117; x_wconf 88' lang='lat' dir='ltr'><strong>vir</strong></span> <span class='ocrx_word' id='word_1_699' title='bbox 2598 4078 2720 4116; x_wconf 89' lang='lat' dir='ltr'><strong>cum</strong></span> <span class='ocrx_word' id='word_1_700' title='bbox 2763 4060 2994 4116; x_wconf 80' lang='lat' dir='ltr'><strong>ﬁliorum</strong></span> <span class='ocrx_word' id='word_1_701' title='bbox 3053 4069 3108 4115; x_wconf 91' lang='lat' dir='ltr'><strong>et</strong></span> <span class='ocrx_word' id='word_1_702' title='bbox 3166 4059 3521 4115; x_wconf 89' lang='lat' dir='ltr'><strong>servientium</strong></span> <span class='ocrx_word' id='word_1_703' title='bbox 3586 4061 3731 4114; x_wconf 78' lang='lat' dir='ltr'><strong>turba</strong></span> 
     </span>
    </p>
   </div>
   <div class='ocr_carea' id='block_1_105' title="bbox 2138 4148 3719 4220">
    <p class='ocr_par' dir='ltr' id='par_1_105' title="bbox 2138 4148 3719 4220">
     <span class='ocr_line' id='line_1_105' title="bbox 2138 4148 3719 4220; baseline -0.004 -13"><span class='ocrx_word' id='word_1_704' title='bbox 2138 4152 2207 4207; x_wconf 90' lang='lat' dir='ltr'><strong>ad</strong></span> <span class='ocrx_word' id='word_1_705' title='bbox 2239 4151 2297 4207; x_wconf 73' lang='grc' dir='ltr'><strong>ε.</strong></span> <span class='ocrx_word' id='word_1_706' title='bbox 2330 4151 2594 4207; x_wconf 82' lang='lat' dir='ltr'><strong>Jacobum</strong></span> <span class='ocrx_word' id='word_1_707' title='bbox 2645 4150 2746 4206; x_wconf 86' lang='lat' dir='ltr'><strong>iter</strong></span> <span class='ocrx_word' id='word_1_708' title='bbox 2798 4148 3045 4220; x_wconf 88' lang='lat' dir='ltr'><strong>arripuit,</strong></span> <span class='ocrx_word' id='word_1_709' title='bbox 3101 4159 3451 4220; x_wconf 82' lang='lat' dir='ltr'><strong>peccatorum</strong></span> <span class='ocrx_word' id='word_1_710' title='bbox 3506 4162 3719 4203; x_wconf 86' lang='lat' dir='ltr'><strong>suorum</strong></span> 
     </span>
    </p>
   </div>
   <div class='ocr_carea' id='block_1_106' title="bbox 2136 4237 3729 4312">
    <p class='ocr_par' dir='ltr' id='par_1_106' title="bbox 2136 4237 3729 4312">
     <span class='ocr_line' id='line_1_106' title="bbox 2136 4237 3729 4312; baseline -0.005 -14"><span class='ocrx_word' id='word_1_711' title='bbox 2136 4241 2351 4298; x_wconf 89' lang='lat' dir='ltr'><strong>veniam</strong></span> <span class='ocrx_word' id='word_1_712' title='bbox 2386 4239 2713 4312; x_wconf 80' lang='lat' dir='ltr'><strong>quaesiturus</strong></span> <span class='ocrx_word' id='word_1_713' title='bbox 2742 4254 2755 4293; x_wconf 90' lang='lat'>:</span> <span class='ocrx_word' id='word_1_714' title='bbox 2788 4239 2891 4295; x_wconf 92' lang='lat' dir='ltr'><strong>iter</strong></span> <span class='ocrx_word' id='word_1_715' title='bbox 2932 4247 3115 4294; x_wconf 87' lang='lat' dir='ltr'><strong>autem</strong></span> <span class='ocrx_word' id='word_1_716' title='bbox 3150 4237 3485 4293; x_wconf 88' lang='lat' dir='ltr'><strong>destinatum</strong></span> <span class='ocrx_word' id='word_1_717' title='bbox 3543 4253 3729 4308; x_wconf 85' lang='lat' dir='ltr'><strong>prose-</strong></span> 
     </span>
    </p>
   </div>
   <div class='ocr_carea' id='block_1_107' title="bbox 2132 4326 3732 4402">
    <p class='ocr_par' dir='ltr' id='par_1_107' title="bbox 2132 4326 3732 4402">
     <span class='ocr_line' id='line_1_107' title="bbox 2132 4326 3732 4402; baseline -0.003 -18"><span class='ocrx_word' id='word_1_718' title='bbox 2132 4345 2307 4402; x_wconf 90' lang='lat' dir='ltr'><strong>quens</strong></span> <span class='ocrx_word' id='word_1_719' title='bbox 2347 4330 2480 4399; x_wconf 84' lang='lat'><strong>(30),</strong></span> <span class='ocrx_word' id='word_1_720' title='bbox 2542 4329 2745 4383; x_wconf 88' lang='lat' dir='ltr'><strong>famam</strong></span> <span class='ocrx_word' id='word_1_721' title='bbox 2798 4328 3005 4383; x_wconf 88' lang='lat' dir='ltr'><strong>audivit</strong></span> <span class='ocrx_word' id='word_1_722' title='bbox 3061 4326 3465 4390; x_wconf 87' lang='lat' dir='ltr'><strong>miraculorum,</strong></span> <span class='ocrx_word' id='word_1_723' title='bbox 3525 4327 3732 4398; x_wconf 84' lang='lat' dir='ltr'><strong>quibus</strong></span> 
     </span>
    </p>
   </div>
   <div class='ocr_carea' id='block_1_108' title="bbox 2133 4415 3731 4474">
    <p class='ocr_par' dir='ltr' id='par_1_108' title="bbox 2133 4415 3731 4474">
     <span class='ocr_line' id='line_1_108' title="bbox 2133 4415 3731 4474; baseline -0.004 0"><span class='ocrx_word' id='word_1_724' title='bbox 2133 4419 2395 4474; x_wconf 90' lang='lat' dir='ltr'><strong>Dominus</strong></span> <span class='ocrx_word' id='word_1_725' title='bbox 2427 4422 2566 4473; x_wconf 89' lang='lat' dir='ltr'><strong>servi</strong></span> <span class='ocrx_word' id='word_1_726' title='bbox 2592 4416 2810 4473; x_wconf 83' lang='lat' dir='ltr'><strong>Roberti</strong></span> <span class='ocrx_word' id='word_1_727' title='bbox 2840 4416 3149 4472; x_wconf 87' lang='lat' dir='ltr'><strong>declararet</strong></span> <span class='ocrx_word' id='word_1_728' title='bbox 3180 4415 3555 4470; x_wconf 83' lang='lat' dir='ltr'><strong>sanctitatem.</strong></span> <span class='ocrx_word' id='word_1_729' title='bbox 3619 4415 3731 4469; x_wconf 77' lang='lat' dir='ltr'><strong>Viri</strong></span> 
     </span>
    </p>
   </div>
   <div class='ocr_carea' id='block_1_109' title="bbox 2131 4503 3732 4579">
    <p class='ocr_par' dir='ltr' id='par_1_109' title="bbox 2131 4503 3732 4579">
     <span class='ocr_line' id='line_1_109' title="bbox 2131 4503 3732 4579; baseline -0.004 -16"><span class='ocrx_word' id='word_1_730' title='bbox 2131 4517 2333 4574; x_wconf 88' lang='lat' dir='ltr'><strong>autem,</strong></span> <span class='ocrx_word' id='word_1_731' title='bbox 2367 4508 2459 4579; x_wconf 89' lang='lat' dir='ltr'><strong>qui</strong></span> <span class='ocrx_word' id='word_1_732' title='bbox 2489 4507 2909 4573; x_wconf 87' lang='lat' dir='ltr'><strong>comitabantur,</strong></span> <span class='ocrx_word' id='word_1_733' title='bbox 2942 4520 3067 4561; x_wconf 90' lang='lat' dir='ltr'><strong>cum</strong></span> <span class='ocrx_word' id='word_1_734' title='bbox 3088 4520 3175 4571; x_wconf 90' lang='lat' dir='ltr'><strong>eo,</strong></span> <span class='ocrx_word' id='word_1_735' title='bbox 3230 4504 3525 4559; x_wconf 84' lang='lat' dir='ltr'><strong>monebant</strong></span> <span class='ocrx_word' id='word_1_736' title='bbox 3575 4503 3732 4558; x_wconf 87' lang='lat' dir='ltr'><strong>illum</strong></span> 
     </span>
    </p>
   </div>
   <div class='ocr_carea' id='block_1_110' title="bbox 2131 4592 3732 4665">
    <p class='ocr_par' dir='ltr' id='par_1_110' title="bbox 2131 4592 3732 4665">
     <span class='ocr_line' id='line_1_110' title="bbox 2131 4592 3732 4665; baseline -0.003 -11"><span class='ocrx_word' id='word_1_737' title='bbox 2131 4606 2186 4654; x_wconf 90' lang='lat' dir='ltr'><strong>et</strong></span> <span class='ocrx_word' id='word_1_738' title='bbox 2219 4598 2512 4653; x_wconf 89' lang='lat' dir='ltr'><strong>instantius</strong></span> <span class='ocrx_word' id='word_1_739' title='bbox 2542 4597 2924 4661; x_wconf 89' lang='lat' dir='ltr'><strong>hortabantur,</strong></span> <span class='ocrx_word' id='word_1_740' title='bbox 2956 4604 3016 4651; x_wconf 88' lang='lat' dir='ltr'><strong>ut</strong></span> <span class='ocrx_word' id='word_1_741' title='bbox 3046 4609 3255 4665; x_wconf 85' lang='lat' dir='ltr'><strong>ponens</strong></span> <span class='ocrx_word' id='word_1_742' title='bbox 3276 4593 3333 4646; x_wconf 90' lang='lat' dir='ltr'><strong>in</strong></span> <span class='ocrx_word' id='word_1_743' title='bbox 3354 4592 3593 4647; x_wconf 89' lang='lat' dir='ltr'><strong>Domino</strong></span> <span class='ocrx_word' id='word_1_744' title='bbox 3612 4593 3732 4649; x_wconf 77' lang='lat' dir='ltr'><strong>Deo</strong></span> 
     </span>
    </p>
   </div>
   <div class='ocr_carea' id='block_1_111' title="bbox 2131 4680 3733 4757">
    <p class='ocr_par' dir='ltr' id='par_1_111' title="bbox 2131 4680 3733 4757">
     <span class='ocr_line' id='line_1_111' title="bbox 2131 4680 3733 4757; baseline -0.003 -15"><span class='ocrx_word' id='word_1_745' title='bbox 2131 4704 2286 4757; x_wconf 89' lang='lat' dir='ltr'><strong>spem</strong></span> <span class='ocrx_word' id='word_1_746' title='bbox 2316 4704 2488 4755; x_wconf 89' lang='lat' dir='ltr'><strong>suam,</strong></span> <span class='ocrx_word' id='word_1_747' title='bbox 2521 4687 2592 4741; x_wconf 88' lang='lat' dir='ltr'><strong>ad</strong></span> <span class='ocrx_word' id='word_1_748' title='bbox 2631 4684 2943 4755; x_wconf 87' lang='lat' dir='ltr'><strong>sepulcrum</strong></span> <span class='ocrx_word' id='word_1_749' title='bbox 2968 4682 3071 4737; x_wconf 88' lang='lat' dir='ltr'><strong>viri</strong></span> <span class='ocrx_word' id='word_1_750' title='bbox 3096 4682 3195 4738; x_wconf 88' lang='lat' dir='ltr'><strong>Dei</strong></span> <span class='ocrx_word' id='word_1_751' title='bbox 3225 4682 3459 4737; x_wconf 81' lang='lat' dir='ltr'><strong>devotus</strong></span> <span class='ocrx_word' id='word_1_752' title='bbox 3496 4680 3733 4737; x_wconf 83' lang='lat' dir='ltr'><strong>accede-</strong></span> 
     </span>
    </p>
   </div>
   <div class='ocr_carea' id='block_1_112' title="bbox 2128 4770 3729 4845">
    <p class='ocr_par' dir='ltr' id='par_1_112' title="bbox 2128 4770 3729 4845">
     <span class='ocr_line' id='line_1_112' title="bbox 2128 4770 3729 4845; baseline -0.004 -14"><span class='ocrx_word' id='word_1_753' title='bbox 2128 4783 2240 4833; x_wconf 87' lang='lat' dir='ltr'><strong>ret.</strong></span> <span class='ocrx_word' id='word_1_754' title='bbox 2280 4777 2526 4845; x_wconf 86' lang='lat' dir='ltr'><strong>Quorum</strong></span> <span class='ocrx_word' id='word_1_755' title='bbox 2557 4772 3034 4829; x_wconf 80' lang='lat' dir='ltr'><strong>exhortationibus</strong></span> <span class='ocrx_word' id='word_1_756' title='bbox 3098 4770 3456 4842; x_wconf 68' lang='lat' dir='ltr'><strong>acquiescam:</strong></span> <span class='ocrx_word' id='word_1_757' title='bbox 3508 4770 3585 4825; x_wconf 77' lang='lat' dir='ltr'><strong>ad</strong></span> <span class='ocrx_word' id='word_1_758' title='bbox 3637 4786 3729 4825; x_wconf 86' lang='lat' dir='ltr'><strong>se-</strong></span> 
     </span>
    </p>
   </div>
   <div class='ocr_carea' id='block_1_113' title="bbox 2125 4863 3723 4945">
    <p class='ocr_par' dir='ltr' id='par_1_113' title="bbox 2125 4863 3723 4945">
     <span class='ocr_line' id='line_1_113' title="bbox 2125 4863 3723 4945; baseline -0.005 -18"><span class='ocrx_word' id='word_1_759' title='bbox 2125 4873 2371 4945; x_wconf 88' lang='lat' dir='ltr'><strong>pulcrum</strong></span> <span class='ocrx_word' id='word_1_760' title='bbox 2393 4869 2630 4926; x_wconf 85' lang='lat' dir='ltr'><strong>bominis</strong></span> <span class='ocrx_word' id='word_1_761' title='bbox 2659 4866 2757 4923; x_wconf 89' lang='lat' dir='ltr'><strong>Dei</strong></span> <span class='ocrx_word' id='word_1_762' title='bbox 2788 4865 3019 4939; x_wconf 87' lang='lat' dir='ltr'><strong>pervigil</strong></span> <span class='ocrx_word' id='word_1_763' title='bbox 3077 4864 3407 4921; x_wconf 78' lang='lat' dir='ltr'><strong>excubabat.</strong></span> <span class='ocrx_word' id='word_1_764' title='bbox 3467 4863 3723 4919; x_wconf 74' lang='lat' dir='ltr'><strong>Audiens</strong></span> 
     </span>
    </p>
   </div>
   <div class='ocr_carea' id='block_1_114' title="bbox 2121 4952 3721 5029">
    <p class='ocr_par' dir='ltr' id='par_1_114' title="bbox 2121 4952 3721 5029">
     <span class='ocr_line' id='line_1_114' title="bbox 2121 4952 3721 5029; baseline -0.007 -12"><span class='ocrx_word' id='word_1_765' title='bbox 2121 4972 2304 5017; x_wconf 86' lang='lat' dir='ltr'><strong>autem</strong></span> <span class='ocrx_word' id='word_1_766' title='bbox 2346 4960 2555 5017; x_wconf 90' lang='lat' dir='ltr'><strong>circum</strong></span> <span class='ocrx_word' id='word_1_767' title='bbox 2606 4958 2900 5029; x_wconf 84' lang='lat' dir='ltr'><strong>plurimam</strong></span> <span class='ocrx_word' id='word_1_768' title='bbox 2953 4953 3353 5010; x_wconf 85' lang='lat' dir='ltr'><strong>multitudinem</strong></span> <span class='ocrx_word' id='word_1_769' title='bbox 3420 4953 3600 5009; x_wconf 87' lang='lat' dir='ltr'><strong>Deum</strong></span> <span class='ocrx_word' id='word_1_770' title='bbox 3657 4952 3721 5007; x_wconf 88' lang='lat' dir='ltr'><strong>in</strong></span> 
     </span>
    </p>
   </div>
   <div class='ocr_carea' id='block_1_115' title="bbox 2121 5041 3722 5117">
    <p class='ocr_par' dir='ltr' id='par_1_115' title="bbox 2121 5041 3722 5117">
     <span class='ocr_line' id='line_1_115' title="bbox 2121 5041 3722 5117; baseline -0.006 -11"><span class='ocrx_word' id='word_1_771' title='bbox 2121 5060 2307 5107; x_wconf 90' lang='lat' dir='ltr'><strong>sancto</strong></span> <span class='ocrx_word' id='word_1_772' title='bbox 2323 5065 2423 5108; x_wconf 89' lang='lat' dir='ltr'><strong>suo</strong></span> <span class='ocrx_word' id='word_1_773' title='bbox 2443 5049 2867 5114; x_wconf 87' lang='lat' dir='ltr'><strong>collaudantem,</strong></span> <span class='ocrx_word' id='word_1_774' title='bbox 2898 5053 2952 5103; x_wconf 88' lang='lat' dir='ltr'><strong>et</strong></span> <span class='ocrx_word' id='word_1_775' title='bbox 2978 5061 3079 5117; x_wconf 92' lang='lat' dir='ltr'><strong>pro</strong></span> <span class='ocrx_word' id='word_1_776' title='bbox 3108 5052 3332 5115; x_wconf 84' lang='lat' dir='ltr'><strong>recepta</strong></span> <span class='ocrx_word' id='word_1_777' title='bbox 3358 5041 3589 5099; x_wconf 83' lang='lat' dir='ltr'><strong>sanitate</strong></span> <span class='ocrx_word' id='word_1_778' title='bbox 3616 5057 3722 5112; x_wconf 86' lang='lat' dir='ltr'><strong>per</strong></span> 
     </span>
    </p>
   </div>
   <div class='ocr_carea' id='block_1_116' title="bbox 2185 5219 3715 5304">
    <p class='ocr_par' dir='ltr' id='par_1_116' title="bbox 2185 5219 3715 5304">
     <span class='ocr_line' id='line_1_116' title="bbox 2185 5219 3715 5304; baseline -0.008 -16"><span class='ocrx_word' id='word_1_779' title='bbox 2185 5234 2298 5304; x_wconf 77' lang='lat'><strong>(29)</strong></span> <span class='ocrx_word' id='word_1_780' title='bbox 2338 5219 2437 5287; x_wconf 85' lang='lat' dir='ltr'><strong>Hic</strong></span> <span class='ocrx_word' id='word_1_781' title='bbox 2476 5237 2782 5304; x_wconf 85' lang='lat' dir='ltr'><strong>sequuntur</strong></span> <span class='ocrx_word' id='word_1_782' title='bbox 2837 5228 2893 5282; x_wconf 90' lang='lat' dir='ltr'><strong>in</strong></span> <span class='ocrx_word' id='word_1_783' title='bbox 2951 5227 3129 5304; x_wconf 75' lang='lat' dir='ltr'><strong>S_u_rio_</strong></span> <span class='ocrx_word' id='word_1_784' title='bbox 3163 5242 3283 5294; x_wconf 67' lang='lat' dir='ltr'><strong>quae</strong></span> <span class='ocrx_word' id='word_1_785' title='bbox 3334 5225 3466 5304; x_wconf 40' lang='lat' dir='ltr'><strong>jam.</strong></span> <span class='ocrx_word' id='word_1_786' title='bbox 3504 5222 3715 5303; x_wconf 77' lang='lat' dir='ltr'><strong>babui-</strong></span> 
     </span>
    </p>
   </div>
   <div class='ocr_carea' id='block_1_117' title="bbox 2114 5295 3713 5375">
    <p class='ocr_par' dir='ltr' id='par_1_117' title="bbox 2114 5295 3713 5375">
     <span class='ocr_line' id='line_1_117' title="bbox 2114 5295 3713 5375; baseline -0.008 -15"><span class='ocrx_word' id='word_1_787' title='bbox 2114 5295 2234 5360; x_wconf 76' lang='lat' dir='ltr'><strong>mus</strong></span> <span class='ocrx_word' id='word_1_788' title='bbox 2266 5295 2750 5375; x_wconf 70' lang='lat' dir='ltr'><strong>capite_superiori</strong></span> <span class='ocrx_word' id='word_1_789' title='bbox 2778 5317 2928 5356; x_wconf 90' lang='lat' dir='ltr'><strong>num.</strong></span> <span class='ocrx_word' id='word_1_790' title='bbox 2973 5301 3056 5353; x_wconf 74' lang='grc'><strong>14.</strong></span> <span class='ocrx_word' id='word_1_791' title='bbox 3091 5298 3295 5352; x_wconf 69' lang='lat' dir='ltr'><strong>Caetera</strong></span> <span class='ocrx_word' id='word_1_792' title='bbox 3324 5295 3468 5367; x_wconf 90' lang='lat' dir='ltr'><strong>apud</strong></span> <span class='ocrx_word' id='word_1_793' title='bbox 3525 5295 3713 5365; x_wconf 82' lang='lat' dir='ltr'><strong>ipsum</strong></span> 
     </span>
    </p>
   </div>
   <div class='ocr_carea' id='block_1_118' title="bbox 2112 5378 3714 5519">
    <p class='ocr_par' dir='ltr' id='par_1_118' title="bbox 2112 5378 3714 5519">
     <span class='ocr_line' id='line_1_118' title="bbox 2112 5378 3714 5519; baseline -0.007 -16"><span class='ocrx_word' id='word_1_794' title='bbox 2112 5378 2524 5519; x_wconf 53' lang='grc' dir='ltr'><strong>ἀρὲιῶιὶῖιίιιυε</strong></span> <span class='ocrx_word' id='word_1_795' title='bbox 2552 5445 2636 5519; x_wconf 86' lang='lat' dir='ltr'><strong>via</strong></span> <span class='ocrx_word' id='word_1_796' title='bbox 2668 5451 2813 5500; x_wconf 89' lang='lat' dir='ltr'><strong>recta</strong></span> <span class='ocrx_word' id='word_1_797' title='bbox 2842 5439 3289 5519; x_wconf 78' lang='lat' dir='ltr'><strong>ex_I.ot_haringia</strong></span> <span class='ocrx_word' id='word_1_798' title='bbox 3316 5452 3419 5503; x_wconf 82' lang='lat' dir='ltr'><strong>per</strong></span> <span class='ocrx_word' id='word_1_799' title='bbox 3438 5517 3447 5519; x_wconf 63' lang='lat'><strong><em>_</em></strong></span> <span class='ocrx_word' id='word_1_800' title='bbox 3468 5439 3714 5519; x_wconf 69' lang='lat' dir='ltr'><strong>Campa-</strong></span> 
     </span>
    </p>
   </div>
   <div class='ocr_carea' id='block_1_119' title="bbox 2107 5510 3705 5588">
    <p class='ocr_par' dir='ltr' id='par_1_119' title="bbox 2107 5510 3705 5588">
     <span class='ocr_line' id='line_1_119' title="bbox 2107 5510 3705 5588; baseline -0.004 -16"><span class='ocrx_word' id='word_1_801' title='bbox 2107 5510 2285 5581; x_wconf 76' lang='lat' dir='ltr'><strong>niam,</strong></span> <span class='ocrx_word' id='word_1_802' title='bbox 2311 5510 2675 5588; x_wconf 74' lang='lat' dir='ltr'><strong>Burgundiam</strong></span> <span class='ocrx_word' id='word_1_803' title='bbox 2708 5524 2760 5588; x_wconf 87' lang='lat' dir='ltr'><strong>et</strong></span> <span class='ocrx_word' id='word_1_804' title='bbox 2790 5512 3128 5586; x_wconf 78' lang='lat' dir='ltr'><strong>Aquitaniam</strong></span> <span class='ocrx_word' id='word_1_805' title='bbox 3160 5526 3173 5564; x_wconf 91' lang='lat'>:</span> <span class='ocrx_word' id='word_1_806' title='bbox 3204 5510 3331 5581; x_wconf 69' lang='lat' dir='ltr'><strong>quae</strong></span> <span class='ocrx_word' id='word_1_807' title='bbox 3361 5517 3544 5565; x_wconf 86' lang='lat' dir='ltr'><strong>autem</strong></span> <span class='ocrx_word' id='word_1_808' title='bbox 3615 5510 3705 5565; x_wconf 85' lang='lat' dir='ltr'><strong>hic</strong></span> 
     </span>
    </p>
   </div>
   <div class='ocr_carea' id='block_1_120' title="bbox 2105 5587 3701 5650">
    <p class='ocr_par' dir='ltr' id='par_1_120' title="bbox 2105 5587 3701 5650">
     <span class='ocr_line' id='line_1_120' title="bbox 2105 5587 3701 5650; baseline -0.006 -6"><span class='ocrx_word' id='word_1_809' title='bbox 2105 5597 2399 5646; x_wconf 85' lang='lat' dir='ltr'><strong>narrantur</strong></span> <span class='ocrx_word' id='word_1_810' title='bbox 2422 5587 2685 5643; x_wconf 86' lang='lat' dir='ltr'><strong>miracula</strong></span> <span class='ocrx_word' id='word_1_811' title='bbox 2726 5587 2795 5641; x_wconf 89' lang='lat' dir='ltr'><strong>de</strong></span> <span class='ocrx_word' id='word_1_812' title='bbox 2855 5600 3002 5641; x_wconf 69' lang='lat' dir='ltr'><strong>czeco</strong></span> <span class='ocrx_word' id='word_1_813' title='bbox 3058 5592 3111 5639; x_wconf 85' lang='lat' dir='ltr'><strong>et</strong></span> <span class='ocrx_word' id='word_1_814' title='bbox 3157 5590 3454 5650; x_wconf 85' lang='lat' dir='ltr'><strong>contracta,</strong></span> <span class='ocrx_word' id='word_1_815' title='bbox 3504 5596 3701 5638; x_wconf 84' lang='lat' dir='ltr'><strong>eorum</strong></span> 
     </span>
    </p>
   </div>
   <div class='ocr_carea' id='block_1_121' title="bbox 2118 5658 3224 5731">
    <p class='ocr_par' dir='ltr' id='par_1_121' title="bbox 2118 5658 3224 5731">
     <span class='ocr_line' id='line_1_121' title="bbox 2118 5658 3224 5731; baseline -0.003 -14"><span class='ocrx_word' id='word_1_816' title='bbox 2118 5669 2257 5718; x_wconf 86' lang='lat' dir='ltr'><strong>teste</strong></span> <span class='ocrx_word' id='word_1_817' title='bbox 2280 5660 2501 5731; x_wconf 86' lang='lat' dir='ltr'><strong>juratos</strong></span> <span class='ocrx_word' id='word_1_818' title='bbox 2533 5658 2675 5719; x_wconf 77' lang='lat' dir='ltr'><strong>infra</strong></span> <span class='ocrx_word' id='word_1_819' title='bbox 2702 5663 2916 5721; x_wconf 88' lang='lat' dir='ltr'><strong>videbis</strong></span> <span class='ocrx_word' id='word_1_820' title='bbox 2942 5679 3096 5718; x_wconf 89' lang='lat' dir='ltr'><strong>num.</strong></span> <span class='ocrx_word' id='word_1_821' title='bbox 3128 5661 3224 5714; x_wconf 70' lang='lat'><strong>2&#39;7.</strong></span> 
     </span>
    </p>
   </div>
  </div>
