3972 6076
206 200 346 255 1285

1766 184 1926 247 VITA

3361 188 3500 250 1286

202 320 321 391 ejus
368 321 560 375 merita
605 320 805 394 gratias
852 318 1192 385 referentem,
1239 315 1556 372 anxiabatur
1610 314 1799 384 spiritu
1826 312 1882 373 A
1982 314 2072 367 21.
2107 312 2243 368 Cum
2273 320 2452 368 autem
2482 315 2751 370 venissent
2779 315 2847 370 ad
2877 316 3072 384 locum,
3121 317 3175 369 in
3226 334 3331 386 quo
3387 327 3500 374 erat

202 417 427 480 peccata
466 426 564 464 sua
610 408 888 474 conﬁtens,
924 416 976 463 et
1032 406 1314 480 praeteritae
1385 405 1513 459 vita:
1566 404 1804 457 maculas

200 498 415 553 fluentis
444 499 670 554 abluens
702 499 1077 568 lacrymarum.
1133 495 1237 564 Qui
1282 510 1401 549 cum
1453 492 1654 548 ibidem
1706 508 1804 561 per

200 594 603 650 hebdomadam
643 611 763 649 cum
811 594 957 648 omni
1004 593 1259 649 comitatu
1305 607 1400 647 suo
1447 607 1655 646 moram
1716 591 1795 644 fe-

198 684 378 751 cisset,
402 700 503 739 nec
527 683 807 738 exauditus
848 682 1051 751 fuisset,
1084 682 1323 736 clamans
1370 679 1438 736 ad
1485 679 1796 746 Dominum,

195 789 383 827 rursus
415 789 446 827 a
476 771 658 826 liberis
688 778 739 827 et
785 771 994 826 familia
1031 788 1127 826 sua
1174 769 1531 826 commonitus
1573 768 1801 839 parabat

199 869 326 924 inde
366 869 617 925 recedere
653 889 665 924 :
722 870 988 924 trahentes
1033 875 1209 924 autem
1253 867 1403 921 illum
1461 865 1530 923 ad
1584 882 1794 930 manus,

196 975 366 1029 usque
397 957 465 1012 ad
516 957 758 1012 ecclesiae
803 958 1027 1028 januam
1076 956 1457 1028 perduxerunt.
1510 956 1797 1026 Comperto

196 1063 325 1102 vero
371 1047 514 1116 quod
546 1047 601 1100 in
629 1046 836 1101 foribus
883 1054 1020 1101 esset
1070 1045 1327 1113 ecclesiae,
1377 1044 1460 1098 vir
1511 1043 1795 1099 devotione

195 1145 396 1216 plenus
429 1151 483 1198 et
509 1142 614 1199 ﬁde
645 1143 902 1211 fervidus,
953 1143 1216 1198 convertit
1271 1141 1463 1196 faciem
1519 1157 1671 1195 suam
1728 1139 1795 1195 ad

194 1234 498 1304 sepulcrum
532 1232 666 1286 tiens
695 1239 748 1288 et
777 1232 1004 1302 ejulans,
1038 1247 1236 1287 nomen
1274 1230 1441 1285 sancti
1491 1230 1798 1299 frequenter

193 1321 514 1376 inclamans.
551 1320 653 1390 Qui
683 1322 850 1375 multa
878 1322 906 1373 ε)
936 1320 1108 1375 Deum
1140 1326 1435 1391 prostratus
1463 1318 1611 1372 humi
1636 1318 1794 1388 jace-

192 1427 291 1487 ret,
325 1419 517 1474 faciem
542 1418 791 1493 lacrymis
821 1418 1022 1490 rigans,
1055 1425 1108 1472 et
1155 1418 1327 1471 Deum
1375 1431 1534 1471 orans
1583 1422 1640 1470 ut
1685 1431 1794 1470 non

190 1508 479 1580 respiceret
510 1515 733 1577 peccata
761 1524 882 1573 sua,
915 1505 1008 1561 sed
1036 1522 1134 1576 per
1161 1506 1306 1560 beati
1336 1504 1554 1560 Roberti
1602 1504 1793 1558 merita

190 1596 613 1652 misericordiam
644 1597 847 1652 faceret
891 1595 1227 1664 postulanti:
1279 1594 1454 1649 subito
1504 1600 1792 1663 eruperunt

1910 402 2157 471 quaedam
2197 402 2478 473 congeries
2515 403 2773 473 lapidum,
2844 420 2964 472 quae
3028 413 3249 459 vocatur
3310 409 3496 462 Mens-

1910 491 2265 559 Gaudii-Dei,
2300 490 2441 546 beati
2472 491 2691 546 Roberti
2722 492 2980 547 auxilium
3023 495 3269 564 petitura,
3320 497 3496 553 statim

1909 588 2327 645 aservientibus
2354 589 2462 643 suis
2520 589 2782 659 deposita,
2844 592 2959 645 solo
3017 592 3386 662 prosternitur,
3446 600 3499 650 et

1910 683 2019 731 tota
2049 675 2215 732 eﬂ'usa
2242 676 2298 730 in
2331 678 2591 748 lacrymas
2619 679 2842 732 salutem
2875 678 2973 732 sibi
3005 680 3205 733 restitui
3255 682 3494 736 devotis-

1907 764 2044 819 sime
2072 766 2367 837 ﬂagitabat.
2402 766 2683 822 Multitudo
2727 775 2903 822 autem
2954 767 3341 839 languentium,
3383 787 3495 825 cae-

1905 878 2112 931 corum,
2143 863 2444 932 surdorum,
2478 864 2773 929 aridorum,
2807 864 2895 934 qui
2926 881 3023 935 per
3051 866 3220 921 virum
3244 868 3343 923 Dei
3372 886 3494 925 cum

1904 950 2105 1022 gaudio
2129 960 2432 1008 remeantes
2462 953 2529 1007 ad
2560 954 2796 1024 propria,
2830 971 2949 1008 cum
2980 956 3202 1010 muliere
3224 957 3495 1014 delectica

1904 1039 2148 1110 deposita
2180 1040 2546 1109 substiterunt,
2578 1058 2767 1111 preces
2812 1060 2935 1098 suas
2979 1044 3122 1099 illius
3163 1046 3495 1103 orationibus

1904 1135 2263 1207 adjungentes
2297 1152 2310 1206 ;
2345 1145 2397 1191 et
2421 1155 2539 1207 quae
2569 1138 2621 1191 in
2663 1141 2963 1211 semetipsis
3010 1142 3215 1212 experti
3263 1144 3490 1215 fuerant,

1904 1224 1958 1278 in
1998 1225 2117 1278 aliis
2155 1242 2369 1295 quoque
2427 1227 2669 1281 viderant
2734 1235 2785 1282 et
2850 1230 3127 1284 audierant
3188 1233 3492 1302 referendo,

1904 1322 2140 1367 mentem
2175 1314 2291 1385 ejus
2329 1314 2394 1368 ad
2443 1316 2823 1386 postulandum
2870 1317 3149 1372 instantius
3195 1320 3495 1377 inflamma-

1900 1409 2049 1465 bant.
2080 1409 2193 1465 Nec
2224 1426 2371 1466 mora
2407 1426 2419 1480 ;
2452 1413 2599 1468 nervi
2633 1412 2895 1468 femorum
2927 1415 3060 1484 ejus,
3085 1432 3218 1485 quos
3232 1419 3494 1489 agritudo

1901 1497 2064 1570 longa
2093 1506 2446 1567 contraxerat,
2499 1500 2758 1571 paulatim
2815 1512 3092 1573 coeperunt
3146 1507 3390 1578 extendi,
3442 1515 3496 1562 et

1902 1587 2179 1658 proprium
2208 1587 2375 1643 robur
2404 1604 2522 1644 ossa
2552 1589 2811 1659 recipere.
2844 1591 3035 1646 Mulier
3064 1610 3275 1663 quoque
3318 1595 3489 1653 virtu-

191 1694 260 1749 ab
288 1693 455 1750 oculis
484 1694 602 1764 ejus
640 1694 905 1765 pelliculae
953 1693 1009 1747 in
1057 1693 1278 1747 modum
1326 1692 1783 1755 membranarum,
1814 1667 1867 1728 Β
1900 1693 2005 1741 tem
2037 1686 2135 1741 Dei
2174 1686 2230 1740 in
2280 1704 2335 1743 so
2364 1688 2598 1743 sentiens
2625 1697 2958 1757 operantem,
2994 1690 3318 1763 pedetentim
3378 1694 3491 1751 eri-‘

189 1800 358 1854 usque
387 1784 443 1839 in
474 1783 670 1838 faciem
700 1782 817 1852 ejus
844 1782 1257 1837 descendentes.
1315 1780 1473 1850 Quod
1520 1781 1609 1835 ille
1656 1796 1786 1834 sen-

192 1872 328 1926 tiens
356 1888 575 1926 manum
606 1872 876 1942 apposuit,
911 1880 963 1926 et
988 1871 1210 1926 detersis
1238 1870 1406 1925 oculis
1448 1870 1628 1923 lumen
1684 1868 1787 1922 sibi

191 1968 460 2024 redditum
491 1968 764 2023 admirans
791 1967 1064 2043 gaudebat
1095 1982 1109 2035 ;
1141 1968 1283 2022 unde
1314 1966 1402 2037 qui
1434 1966 1580 2037 prius
1626 1965 1787 2019 luxe-

192 2066 275 2112 rat
306 2074 415 2129 pra:
443 2057 652 2123 dolore,
685 2057 849 2127 coepit
876 2056 1219 2126 postmodum
1249 2056 1376 2109 flere
1416 2071 1528 2125 prae
1564 2054 1784 2126 gaudio,

194 2146 481 2202 ostendens
521 2145 791 2212 omnibus,
842 2145 932 2215 qui
988 2161 1110 2200 eum
1167 2144 1498 2199 conabantur
1540 2144 1786 2212 educere,

192 2243 296 2300 sibi
327 2245 592 2300 redditam
623 2243 846 2298 luminis
873 2243 1210 2307 claritatem;
1257 2242 1347 2311 qui
1394 2257 1493 2311 pro
1544 2248 1689 2296 tanto
1738 2247 1789 2296 et

192 2332 470 2405 inopinato
506 2333 763 2389 miraculo
794 2332 1084 2388 Dominum
1115 2331 1498 2396 collaudantes,
1520 2331 1587 2385 ad
1608 2329 1788 2386 eccle-

192 2423 329 2477 siam
360 2430 483 2477 sunt
509 2422 729 2489 reversi,
761 2422 875 2477 Deo
905 2421 1105 2492 gratias
1146 2420 1455 2487 referentes,
1506 2426 1558 2473 et
1602 2417 1790 2489 sepul-

196 2535 346 2577 crum
380 2519 479 2575 viri
508 2519 608 2573 Dei
630 2518 943 2573 muneribus
970 2519 1319 2573 honorantes.
1351 2516 1483 2571 Indo
1528 2531 1655 2571 vero
1700 2515 1787 2568 di-

198 2608 369 2677 gressi
397 2624 521 2665 cum
550 2607 774 2680 gaudio,
828 2606 1341 2679 peregrinationem,
1393 2622 1554 2676 quam
1600 2620 1788 2676 cmpe-

197 2704 338 2764 rant,
370 2697 617 2753 alacriter
644 2704 988 2768 peregerunt.

264 2825 353 2879 20.
387 2819 470 2876 Ad
515 2821 617 2875 hoc
664 2826 842 2874 autem
893 2818 1209 2874 miraculum
1259 2818 1470 2889 plenius
1522 2817 1789 2872 roboran-

193 2909 342 2974 dum,
376 2909 522 2964 aliud
553 2909 775 2963 accessit
805 2908 941 2963 forte
970 2925 1079 2963 non
1107 2909 1302 2979 impar.
1351 2908 1484 2962 Cum
1531 2906 1673 2960 enim
1722 2920 1791 2960 ex

194 2998 293 3053 Dei
323 2996 584 3053 beneﬁcio
616 3013 723 3052 non
766 2996 1110 3051 mediocriter
1154 2996 1437 3050 confortati
1492 3011 1592 3064 per
1646 2994 1787 3049 viam
1820 3014 1868 3078 ρ

192 3112 345 3150 suam
376 3096 675 3168 gaudentes
704 3094 859 3159 irent,
894 3094 1118 3167 contigit
1170 3094 1289 3148 illos
1333 3092 1542 3165 ingredi
1594 3091 1788 3146 civita-

193 3193 322 3253 tem,
355 3186 440 3241 cui
468 3185 690 3239 Tudella
721 3184 834 3255 (31)
863 3184 1185 3241 vocabulum
1217 3190 1314 3237 est.
1367 3184 1532 3237 Porro
1588 3198 1621 3236 a
1673 3181 1790 3237 viro

191 3275 427 3346 quodam
456 3281 676 3343 potente
707 3274 837 3329 satis
867 3272 1257 3328 honorabiliter
1284 3271 1515 3341 hospitio
1541 3278 1664 3326 sunt
1704 3287 1790 3324 re-

188 3372 355 3441 cepti.
396 3371 640 3442 Cumque
693 3371 853 3425 simul
903 3370 1260 3425 amicahiliter
1300 3370 1660 3439 loquerentur,
1708 3369 1792 3423 vir

187 3460 385 3515 nobilis
416 3477 514 3531 per
542 3460 686 3515 beati
716 3459 941 3514 Roberti
984 3459 1179 3513 merita
1218 3458 1316 3513 Dei
1367 3456 1789 3512 misericordiam

186 3548 473 3605 referebat.
507 3548 745 3605 Audiens
776 3557 953 3603 autem
987 3548 1069 3603 vir
1096 3547 1241 3619 apud
1262 3562 1421 3616 quem
1446 3544 1790 3615 hospitaban-

191 3656 292 3714 tur,
334 3665 458 3718 qua:
510 3647 653 3702 facta
717 3647 950 3711 fuerant,
1022 3645 1180 3700 altius
1246 3645 1604 3716 ingemiscens
1668 3642 1785 3698 ait:

196 3737 411 3802 «Ecce,
454 3736 647 3806 inquit,
687 3751 827 3790 uxor
863 3750 985 3789 mea
1038 3750 1070 3788 a
1140 3732 1361 3787 renibus
1424 3740 1477 3785 et
1540 3730 1789 3785 deorsum

191 3826 338 3882 omni
371 3825 739 3880 membrorum
774 3822 952 3878 ofﬁcio
983 3822 1236 3877 destituta
1265 3821 1383 3877 loco
1428 3819 1635 3876 moveri
1679 3835 1788 3874 non

192 3932 385 3996 potest,
417 3922 519 3977 nisi
552 3936 831 3978 servorum
864 3928 955 3976 aut
983 3919 1298 3977 ancillarum
1332 3917 1580 3975 manibus
1623 3916 1786 3986 baju-

192 4014 329 4067 letur
361 4031 373 4065 :
407 4011 501 4065 sed
535 4026 634 4064 nec
661 4026 851 4065 recens
881 4017 961 4064 est
990 4010 1153 4081 plaga
1184 4009 1300 4077 ista,
1335 4008 1446 4064 imo
1490 4006 1606 4076 jam
1653 4006 1789 4077 lapsi

192 4107 314 4155 sunt
341 4100 530 4154 decem
562 4106 615 4153 et
644 4107 851 4169 septem
884 4098 1031 4165 anni,
1064 4115 1131 4152 ex
1165 4098 1308 4168 quod
1338 4099 1441 4152 hoc
1471 4096 1521 4150 ei
1550 4095 1740 4150 accidit
1771 4114 1783 4148 :

192 4203 565 4251 verumtamen
599 4195 642 4249 si
674 4196 804 4249 tanti
835 4194 1009 4247 meriti
1060 4202 1138 4248 est
1193 4202 1406 4247 sanctus
1460 4192 1569 4259 ille,
1629 4207 1789 4260 quem

194 4284 387 4349 dicitis,
420 4283 631 4337 conﬁdo
662 4285 716 4336 in
752 4282 1008 4347 Domino,
1044 4280 1187 4350 quod
1224 4297 1362 4335 uxor
1394 4296 1516 4333 mea
1546 4279 1792 4349 precibus

195 4371 364 4441 ipsius
402 4370 729 4424 restituenda
774 4371 840 4422 sit
886 4369 1119 4423 sanitati.
1156 4390 1178 4416 ι»
1240 4368 1561 4438 Peregrinus
1615 4373 1790 4420 autem
1818 4375 1874 4435 D

194 4469 452 4537 referens,
481 4483 591 4523 non
628 4468 801 4522 solum
829 4465 974 4537 quod
1002 4464 1058 4519 in
1083 4480 1143 4519 se
1171 4471 1425 4535 expertus
1455 4463 1645 4529 fuerat,
1696 4461 1791 4517 sed

196 4558 357 4614 etiam
389 4573 511 4627 qua:
538 4556 594 4609 in
622 4556 742 4610 aliis
800 4556 1011 4613 viderat
1065 4552 1271 4607 meritis
1327 4551 1471 4607 beati
1527 4551 1788 4615 Roberti;

197 4648 465 4719 hospitem
494 4661 672 4712 suum,
708 4645 775 4700 ad
804 4643 1076 4716 poscenda
1118 4640 1384 4697 beneﬁcia
1436 4641 1556 4707 Dei,
1616 4657 1792 4711 quan-

196 4753 308 4799 tum
338 4749 567 4815 poterat,
600 4741 877 4797 animabat
909 4760 920 4796 :
954 4741 1107 4811 cujus
1147 4739 1303 4794 dictis
1345 4738 1488 4792 idem
1518 4738 1602 4792 vir
1630 4736 1793 4792 fidem

197 4833 482 4901 adhibens,
513 4832 619 4887 hoc
649 4832 826 4901 ipsum
859 4830 1015 4886 uxori
1046 4845 1157 4883 sum
1186 4827 1475 4883 efﬁcaciter
1501 4826 1787 4898 persuasit.

195 4922 490 4991 Postquam
522 4937 654 4976 vero
711 4927 984 4975 nocturna:
1044 4916 1279 4972 tenebrae
1336 4922 1684 4981 recesserunt,
1743 4922 1795 4971 et

197 5018 459 5074 Phoebaea
488 5017 698 5088 lampas
733 5016 921 5072 orbem
965 5022 1225 5070 terrarum
1272 5012 1380 5068 suis
1426 5012 1592 5067 radiis
1638 5011 1792 5066 illus-

198 5115 414 5171 trasset,
444 5105 823 5162 recedentibus
862 5104 1161 5177 peregrinis
1206 5102 1291 5157 vir
1342 5100 1516 5156 ﬁdelis
1568 5115 1794 5155 uxorem

202 5211 353 5251 suam
380 5196 667 5267 imponens
694 5194 915 5259 lecticae,
947 5210 1070 5249 cum
1100 5199 1361 5263 apparatu
1407 5204 1609 5262 magno
1655 5188 1791 5244 Gal-

205 5291 302 5345 lias
331 5290 479 5358 adiit,
514 5290 685 5345 labori
713 5306 809 5345 suo
838 5288 1001 5343 ﬁnem
1033 5304 1141 5342 non
1191 5287 1410 5355 faciens,
1463 5286 1636 5342 donec
1689 5301 1792 5339 ve-

201 5380 340 5434 niret
364 5380 432 5434 ad
462 5380 662 5447 locum,
694 5382 750 5433 in
779 5393 887 5449 quo
916 5384 1031 5433 erat
1057 5377 1203 5433 beati
1231 5377 1333 5435 viri
1382 5392 1577 5447 corpus
1620 5391 1792 5433 vene-

200 5467 441 5523 rabiliter
470 5468 808 5522 tumulatum.

274 5591 385 5663 (31)
440 5593 522 5646 Ila
574 5591 920 5659 correximus,
978 5592 1100 5648 licet
1172 5591 1227 5647 in
1283 5592 1555 5665 ecgrapho
1602 5595 1790 5665 nostro

206 5661 460 5737 scriptum
491 5669 632 5721 esset
662 5664 895 5721 Cudella
926 5680 940 5718 :
973 5672 1055 5720 est
1077 5670 1255 5720 autem
1297 5661 1487 5719 Tutela
1538 5661 1668 5717 urbs
1722 5661 1791 5715 ad

1897 1774 2060 1847 gitur,
2094 1783 2147 1830 et
2184 1776 2299 1829 sine
2328 1775 2556 1845 alicujus
2584 1777 2783 1832 auxilio
2813 1777 2868 1830 in
2898 1778 3061 1849 pedes
3090 1781 3296 1849 prosilit
3328 1797 3340 1849 ;
3378 1784 3490 1838 Deo

1899 1871 1950 1918 et
1980 1863 2139 1918 beato
2163 1863 2395 1919 Roberto
2426 1866 2627 1936 gratias
2657 1882 2844 1937 agens,
2876 1874 2930 1922 et
2956 1868 3130 1923 subito
3174 1870 3225 1922 in
3274 1871 3487 1926 laudem

1894 1962 1994 2017 Dei
2026 1969 2078 2018 et
2135 1963 2303 2017 sancti
2360 1962 2580 2019 Boberti
2632 1964 2895 2032 omnium,
2953 1965 3040 2034 qui
3095 1965 3336 2034 aderant,
3397 1984 3492 2024 ora

1900 2050 2166 2115 laxantur,
2199 2058 2252 2104 et
2279 2067 2385 2106 vox
2417 2051 2787 2107 exsultationis
2823 2051 3219 2109 diffundebatur
3267 2058 3483 2125 procul.

1898 2139 2093 2194 Mulier
2118 2154 2331 2209 quoque
2369 2156 2490 2195 cum
2514 2156 2546 2199 a
2574 2140 2689 2196 viro
2720 2156 2816 2195 suo
2863 2150 3146 2212 rogaretur
3190 2151 3246 2197 ut
3299 2145 3490 2200 iterum

1896 2234 2139 2288 lecticam
2213 2234 2597 2290 conscenderet
2669 2235 2737 2290 ad
2806 2236 3086 2292 ecclesiam
3166 2239 3488 2311 profectura,

1899 2322 2070 2377 noluit
2098 2322 2458 2393 acquiescere,
2490 2323 2585 2377 sed
2614 2331 2739 2380 ante
2769 2325 2904 2380 alios
2950 2324 3064 2381 ibat
3108 2327 3390 2383 ambulans
3440 2338 3494 2385 et

1898 2411 2168 2479 exsiliens,
2204 2411 2427 2466 laudans
2457 2413 2648 2478 Deum,
2682 2420 2738 2466 ut
2760 2412 2917 2481 juxta
2957 2415 3185 2501 litteram
3225 2416 3493 2473 videretur

1898 2507 1953 2561 in
1984 2524 2048 2563 ea
2077 2508 2359 2578 impletum
2410 2525 2525 2563 esse
2569 2508 2702 2563 illud
2734 2509 2886 2565 Isaiae
2916 2511 3206 2566 vaticinum
3242 2532 3254 2568 :
3285 2537 3306 2561 α
3341 2516 3490 2571 Tunc

1899 2596 2119 2651 claudus
2165 2596 2319 2652 saliet
2352 2597 2488 2651 sicut
2541 2614 2749 2664 cervus,
2809 2606 2862 2653 et
2915 2608 3100 2670 aperta
3154 2602 3254 2656 erit
3306 2603 3494 2677 lingua

1898 2692 2172 2739 mutorum
2205 2685 2334 2752 (Isa.
2368 2686 2558 2756 xxxv),
2595 2707 2616 2734 ι)
2665 2702 2785 2755 quae
2832 2686 2975 2741 enim
3024 2688 3172 2759 prius
3222 2690 3492 2764 impotens

1900 2787 2033 2846 erat,
2065 2796 2188 2834 ecce
2218 2789 2340 2835 ante
2370 2782 2505 2837 alios
2533 2780 2647 2836 ibat
2677 2796 2691 2847 ;
2722 2790 2776 2838 et
2804 2782 2886 2837 cui
2936 2783 3082 2854 prius
3125 2800 3239 2855 prae
3292 2789 3489 2844 confu-

1898 2868 2051 2924 sione
2082 2885 2189 2924 non
2220 2878 2331 2925 erat
2358 2886 2421 2926 os
2449 2870 2677 2940 aperire,
2713 2878 2819 2926 tota
2848 2871 2904 2925 in
2960 2872 3058 2927 Dei
3112 2874 3359 2931 laudibus
3413 2878 3491 2932 ef-

1899 2956 2123 3012 ﬁuebat.
2163 2958 2395 3013 Veniens
2422 2966 2599 3014 autem
2632 2959 2701 3014 ad
2756 2960 3059 3028 ecclesiam,
3117 2963 3170 3016 in
3231 2981 3337 3033 qua
3390 2967 3492 3022 viri

1898 3055 1996 3109 Dei
2024 3071 2216 3127 corpus
2240 3056 2456 3126 jacebat
2486 3058 2785 3124 humatum,
2817 3075 2936 3128 quae
2970 3058 3081 3114 fere
3104 3060 3313 3117 duobus
3359 3064 3488 3118 mil-

1897 3143 2119 3201 liaribus
2148 3144 2375 3200 distabat
2406 3162 2437 3200 a
2468 3146 2605 3211 loco,
2639 3146 2694 3203 in
2726 3163 2832 3216 quo
2860 3147 3052 3203 mulier
3078 3158 3263 3205 sanata
3285 3151 3486 3223 fuerat;

1897 3233 2100 3305 gratias
2129 3234 2241 3305 egit
2275 3234 2393 3289 Deo
2426 3242 2478 3289 et
2528 3235 2689 3289 beato
2745 3235 3000 3301 Roberto,
3059 3237 3214 3307 cujus
3269 3256 3326 3293 se
3380 3257 3489 3296 non

1898 3330 2180 3386 dubitabat
2206 3331 2426 3397 meritis,
2460 3331 2529 3386 ab
2560 3331 2670 3396 illa,
2704 3350 2808 3402 qua
2836 3332 3050 3388 detenta
3084 3334 3273 3404 fuerat,
3323 3338 3489 3410 a’gri-

1902 3420 2082 3474 tudine
2114 3419 2414 3475 liberatam.
2447 3420 2607 3474 llumi
2639 3436 2767 3479 vero
2822 3429 3084 3491 prostrata
3140 3432 3260 3480 ante
3312 3429 3492 3496 sepul-

1899 3524 2046 3562 crum
2078 3508 2269 3573 sancti,
2316 3516 2532 3574 terram,
2592 3509 2645 3563 in
2702 3527 2807 3579 qua
2857 3510 3076 3580 jacebat
3129 3529 3324 3584 corpus
3374 3516 3492 3585 ejus

1899 3604 2241 3659 devotissime
2271 3605 2606 3675 decsculans,
2640 3607 2842 3661 cunctis
2889 3607 2977 3677 qui
3026 3610 3247 3664 aderant
3294 3612 3488 3667 minis-

1900 3694 2075 3747 trabat
2113 3694 2391 3749 materiam
2433 3695 2604 3748 Deum
2644 3696 2699 3749 in
2764 3704 2947 3752 sancto
3013 3714 3109 3752 suo
3175 3700 3490 3757 mirabiliter

1899 3781 2288 3853 praedicandi..
2327 3782 2583 3840 Oratione
2647 3800 2774 3840 vero
2840 3786 3126 3857 completa,
3206 3790 3493 3860 multisque

1901 3879 2214 3933 muneribus
2244 3880 2558 3936 honorando
2616 3880 2715 3935 viri
2773 3882 2871 3935 Dei
2930 3883 3174 3953 sepulcro
3232 3885 3486 3956 [oblatis],

1901 3982 2021 4023 cum
2053 3968 2252 4040 gaudio
2284 3976 2528 4024 remeant
2553 3968 2621 4023 ad
2680 3968 2916 4039 prepria,
2975 3970 3216 4025 lecticam
3273 3972 3327 4026 in
3384 3991 3491 4044 qua

1902 4056 2074 4110 fuerat
2102 4057 2381 4125 deportata
2417 4057 2470 4109 in
2521 4056 2880 4110 testimonium
2936 4073 3047 4112 suae
3092 4058 3491 4117 deliberationis

1901 4152 2278 4221 derelinquens
2318 4166 2332 4220 ;
2366 4152 2508 4223 quod
2538 4152 2873 4221 miraculum,
2936 4160 2995 4206 ut
3047 4154 3206 4209 etiam
3250 4166 3491 4227 posteros

1899 4255 2010 4294 non
2041 4240 2244 4303 lateret,
2280 4240 2468 4295 eadem
2504 4240 2691 4295 lectica
2721 4248 2843 4296 ante
2875 4241 3018 4297 fores
3057 4242 3295 4299 basilica}
3324 4246 3491 4320 longo

1905 4336 2009 4382 tem
2016 4343 2148 4398 pore
2178 4329 2449 4399 pependit.

1971 4454 2065 4507 22.
2107 4449 2372 4519 Quantam
2402 4451 2501 4507 iste
2528 4459 2743 4507 sanctus
2771 4453 2822 4507 in
2853 4452 3153 4526 effugandis
3200 4456 3492 4515 immundis

1898 4539 2173 4610 spiritibus
2202 4539 2470 4609 acceperit
2500 4556 2532 4593 a
2562 4540 2795 4595 Domino
2833 4549 3170 4611 potestatem,
3212 4546 3280 4600 ad
3325 4548 3493 4618 ipsius

1899 4628 2297 4685 invocationem
2351 4628 2610 4683 miracula
2665 4629 2808 4685 facta
2861 4630 3154 4687 declarant.
3214 4636 3353 4691 Nam
3436 4646 3494 4695 ut

1900 4734 2095 4782 caetera
2122 4726 2310 4780 sileam
2363 4726 2556 4781 mulier
2573 4726 2822 4796 quaedam
2852 4743 2972 4783 cum
3022 4729 3262 4800 ingressa
3308 4732 3494 4790 fuisset

1900 4831 2063 4874 causa
2099 4814 2352 4870 orationis
2389 4815 2672 4869 ecclesiam
2718 4817 3139 4887 Molismensem,
3202 4828 3255 4875 et
3306 4839 3491 4879 coram

1900 4903 2052 4960 altari
2082 4903 2363 4970 assisteret,
2397 4904 2608 4959 occulto
2638 4904 2737 4958 Dei
2773 4904 2979 4974 judicio
3026 4916 3238 4979 arrepta
3285 4927 3316 4965 a
3371 4911 3490 4967 dm-

1899 5018 2060 5057 mone
2089 5000 2465 5056 miserabiliter
2493 5001 2810 5058 vexabatur.
2846 5004 2932 5058 Ad
2982 5006 3264 5061 consilium
3311 5017 3490 5065 autem

1898 5090 2150 5146 monachi
2172 5089 2417 5159 senioris,
2448 5091 2537 5160 qui
2568 5090 2771 5157 aderat,
2815 5093 3037 5149 maritus
3085 5095 3342 5163 mulieris,
3400 5100 3492 5168 qui

1898 5196 2021 5237 cum
2052 5178 2143 5235 illa
2170 5185 2408 5243 venerat,
2439 5178 2587 5233 illam
2617 5179 2859 5251 alligavit
2887 5181 2955 5237 ad
2997 5184 3300 5254 sepulcrum
3347 5186 3495 5245 beati.

1898 5276 2143 5333 Roberti.
2181 5275 2374 5329 Misera
2403 5291 2529 5330 vero
2560 5275 2752 5330 mulier
2780 5283 2885 5331 tam
2907 5278 3191 5335 crudeliter
3209 5284 3485 5353 saeviebat,

1898 5374 1957 5422 ut
2008 5381 2214 5427 omnes,
2273 5364 2363 5432 qui
2427 5364 2860 5435 appropinquare
2907 5368 3125 5437 vellent,
3209 5383 3492 5430 conaretur

1897 5455 2148 5512 dentibus
2176 5459 2475 5519 attrectare,
2508 5452 2726 5508 tandem
2755 5470 2787 5510 a
2825 5455 2941 5511 viro
2987 5473 3084 5513 suo
3138 5464 3485 5529 commonita,

1899 5586 2111 5642 Iberum
2143 5578 2364 5635 fluvium
2396 5579 2691 5646 nominata,
2744 5598 2810 5635 ex
2869 5582 3044 5639 Gallia
3098 5585 3153 5639 in
3203 5587 3485 5643 Galliciam

1896 5655 2147 5714 euntibus
2173 5650 2481 5719 commoda,
2515 5651 2657 5707 haud
2687 5655 2873 5724 procul
2902 5655 3201 5729 Calagurri.
