  <div class='ocr_page' id='page_1' title='image "/cluster/home/n/w/nwhite01/storage/ocr_20150623/157/hvd.32044054760152/649.png"; bbox 0 0 3972 6076; ppageno 0'>
   <div class='ocr_carea' id='block_1_1' title="bbox 500 226 641 297">
    <p class='ocr_par' dir='ltr' id='par_1_1' title="bbox 500 226 641 297">
     <span class='ocr_line' id='line_1_1' title="bbox 500 226 641 297; baseline -0.007 -1"><span class='ocrx_word' id='word_1_1' title='bbox 500 226 641 297; x_wconf 68' lang='lat'>128-1</span> 
     </span>
    </p>
   </div>
   <div class='ocr_carea' id='block_1_2' title="bbox 1415 210 2862 291">
    <p class='ocr_par' dir='ltr' id='par_1_2' title="bbox 1415 210 2862 291">
     <span class='ocr_line' id='line_1_2' title="bbox 1415 210 2862 291; baseline -0.001 -2"><span class='ocrx_word' id='word_1_2' title='bbox 1415 210 1472 289; x_wconf 76' lang='lat' dir='ltr'>s.</span> <span class='ocrx_word' id='word_1_3' title='bbox 1514 212 1815 291; x_wconf 73' lang='lat' dir='ltr'>aoashri</span> <span class='ocrx_word' id='word_1_4' title='bbox 1854 222 2022 291; x_wconf 75' lang='lat' dir='ltr'>orm.</span> <span class='ocrx_word' id='word_1_5' title='bbox 2071 212 2377 290; x_wconf 73' lang='lat' dir='ltr'>cts‘rsuc.</span> <span class='ocrx_word' id='word_1_6' title='bbox 2416 221 2862 289; x_wconf 70' lang='lat' dir='ltr'>FUNDATORIS</span> 
     </span>
    </p>
   </div>
   <div class='ocr_carea' id='block_1_3' title="bbox 3695 227 3823 284">
    <p class='ocr_par' dir='ltr' id='par_1_3' title="bbox 3695 227 3823 284">
     <span class='ocr_line' id='line_1_3' title="bbox 3695 227 3823 284; baseline -0.008 0"><span class='ocrx_word' id='word_1_7' title='bbox 3695 227 3720 284; x_wconf 77' lang='lat' dir='ltr'>I</span> <span class='ocrx_word' id='word_1_8' title='bbox 3733 230 3823 283; x_wconf 68' lang='lat'>288</span> 
     </span>
    </p>
   </div>
   <div class='ocr_carea' id='block_1_4' title="bbox 485 351 3822 431">
    <p class='ocr_par' dir='ltr' id='par_1_4' title="bbox 485 351 3822 431">
     <span class='ocr_line' id='line_1_4' title="bbox 485 351 3822 431; baseline -0.003 -11"><span class='ocrx_word' id='word_1_9' title='bbox 485 359 632 420; x_wconf 88' lang='lat' dir='ltr'>beati</span> <span class='ocrx_word' id='word_1_10' title='bbox 660 359 884 421; x_wconf 83' lang='lat' dir='ltr'>Roberti</span> <span class='ocrx_word' id='word_1_11' title='bbox 941 377 1144 421; x_wconf 84' lang='lat' dir='ltr'>nomen</span> <span class='ocrx_word' id='word_1_12' title='bbox 1198 359 1472 427; x_wconf 91' lang='lat' dir='ltr'>inclamat,</span> <span class='ocrx_word' id='word_1_13' title='bbox 1530 358 1760 415; x_wconf 87' lang='lat' dir='ltr'>dicens:</span> <span class='ocrx_word' id='word_1_14' title='bbox 1828 381 1850 408; x_wconf 73' lang='grc' dir='ltr'>ι</span> <span class='ocrx_word' id='word_1_15' title='bbox 1887 354 2083 415; x_wconf 81' lang='lat' dir='ltr'><strong>Sancte</strong></span> <span class='ocrx_word' id='word_1_16' title='bbox 2109 358 2160 421; x_wconf 80' lang='grc' dir='ltr'>Α</span> <span class='ocrx_word' id='word_1_17' title='bbox 2188 362 2245 412; x_wconf 91' lang='lat' dir='ltr'>ut</span> <span class='ocrx_word' id='word_1_18' title='bbox 2272 355 2475 427; x_wconf 87' lang='lat' dir='ltr'>aliquid</span> <span class='ocrx_word' id='word_1_19' title='bbox 2501 356 2652 412; x_wconf 89' lang='lat' dir='ltr'>daret</span> <span class='ocrx_word' id='word_1_20' title='bbox 2680 356 2886 431; x_wconf 82' lang='lat' dir='ltr'>egenis,</span> <span class='ocrx_word' id='word_1_21' title='bbox 2929 368 3248 429; x_wconf 82' lang='lat' dir='ltr'>responsum</span> <span class='ocrx_word' id='word_1_22' title='bbox 3305 351 3531 427; x_wconf 89' lang='lat' dir='ltr'>accepit</span> <span class='ocrx_word' id='word_1_23' title='bbox 3591 351 3675 410; x_wconf 74' lang='lat' dir='ltr'>ab</span> <span class='ocrx_word' id='word_1_24' title='bbox 3731 369 3822 419; x_wconf 88' lang='lat' dir='ltr'>eo,</span> 
     </span>
    </p>
   </div>
   <div class='ocr_carea' id='block_1_5' title="bbox 491 446 2086 525">
    <p class='ocr_par' dir='ltr' id='par_1_5' title="bbox 491 446 2086 525">
     <span class='ocr_line' id='line_1_5' title="bbox 491 446 2086 525; baseline -0.004 -15"><span class='ocrx_word' id='word_1_25' title='bbox 491 452 745 522; x_wconf 83' lang='lat' dir='ltr'>Roberte,</span> <span class='ocrx_word' id='word_1_26' title='bbox 777 468 912 525; x_wconf 79' lang='lat' dir='ltr'>roga</span> <span class='ocrx_word' id='word_1_27' title='bbox 960 451 1176 508; x_wconf 91' lang='lat' dir='ltr'>beatam</span> <span class='ocrx_word' id='word_1_28' title='bbox 1229 448 1527 523; x_wconf 63' lang='lat' dir='ltr'>Virginem,</span> <span class='ocrx_word' id='word_1_29' title='bbox 1585 455 1645 503; x_wconf 89' lang='lat' dir='ltr'>ut</span> <span class='ocrx_word' id='word_1_30' title='bbox 1697 447 1814 520; x_wconf 91' lang='lat' dir='ltr'>ipsa</span> <span class='ocrx_word' id='word_1_31' title='bbox 1867 446 1999 502; x_wconf 89' lang='lat' dir='ltr'>mihi</span> <span class='ocrx_word' id='word_1_32' title='bbox 2053 464 2086 503; x_wconf 89' lang='lat' dir='ltr'>a</span> 
     </span>
    </p>
   </div>
   <div class='ocr_carea' id='block_1_6' title="bbox 487 536 2083 612">
    <p class='ocr_par' dir='ltr' id='par_1_6' title="bbox 487 536 2083 612">
     <span class='ocr_line' id='line_1_6' title="bbox 487 536 2083 612; baseline -0.003 -16"><span class='ocrx_word' id='word_1_33' title='bbox 487 539 629 597; x_wconf 88' lang='lat' dir='ltr'>Filio</span> <span class='ocrx_word' id='word_1_34' title='bbox 659 557 757 597; x_wconf 90' lang='lat' dir='ltr'>suo</span> <span class='ocrx_word' id='word_1_35' title='bbox 790 541 1041 612; x_wconf 80' lang='lat' dir='ltr'>impetret</span> <span class='ocrx_word' id='word_1_36' title='bbox 1060 540 1453 595; x_wconf 85' lang='lat' dir='ltr'>liberationem.</span> <span class='ocrx_word' id='word_1_37' title='bbox 1490 561 1512 587; x_wconf 76' lang='grc' dir='ltr'><strong>υ</strong></span> <span class='ocrx_word' id='word_1_38' title='bbox 1547 537 1666 606; x_wconf 87' lang='lat' dir='ltr'>Quo</span> <span class='ocrx_word' id='word_1_39' title='bbox 1705 538 1867 606; x_wconf 90' lang='lat' dir='ltr'>dicto,</span> <span class='ocrx_word' id='word_1_40' title='bbox 1906 536 2083 592; x_wconf 90' lang='lat' dir='ltr'>statim</span> 
     </span>
    </p>
   </div>
   <div class='ocr_carea' id='block_1_7' title="bbox 484 626 2076 699">
    <p class='ocr_par' dir='ltr' id='par_1_7' title="bbox 484 626 2076 699">
     <span class='ocr_line' id='line_1_7' title="bbox 484 626 2076 699; baseline -0.002 -14"><span class='ocrx_word' id='word_1_41' title='bbox 484 631 679 688; x_wconf 83' lang='lat' dir='ltr'>mulier</span> <span class='ocrx_word' id='word_1_42' title='bbox 710 648 891 687; x_wconf 90' lang='lat' dir='ltr'>coram</span> <span class='ocrx_word' id='word_1_43' title='bbox 922 630 1174 687; x_wconf 90' lang='lat' dir='ltr'>omnibus</span> <span class='ocrx_word' id='word_1_44' title='bbox 1214 626 1459 693; x_wconf 90' lang='lat' dir='ltr'>liberata,</span> <span class='ocrx_word' id='word_1_45' title='bbox 1519 626 1721 699; x_wconf 80' lang='lat' dir='ltr'>gratias</span> <span class='ocrx_word' id='word_1_46' title='bbox 1772 626 1883 699; x_wconf 85' lang='lat' dir='ltr'>egit</span> <span class='ocrx_word' id='word_1_47' title='bbox 1935 626 2076 682; x_wconf 92' lang='lat' dir='ltr'>Deo.</span> 
     </span>
    </p>
   </div>
   <div class='ocr_carea' id='block_1_8' title="bbox 484 715 2083 791">
    <p class='ocr_par' dir='ltr' id='par_1_8' title="bbox 484 715 2083 791">
     <span class='ocr_line' id='line_1_8' title="bbox 484 715 2083 791; baseline -0.004 -16"><span class='ocrx_word' id='word_1_48' title='bbox 484 720 668 775; x_wconf 81' lang='lat' dir='ltr'>Altera</span> <span class='ocrx_word' id='word_1_49' title='bbox 698 736 909 791; x_wconf 88' lang='lat' dir='ltr'>quoque</span> <span class='ocrx_word' id='word_1_50' title='bbox 940 720 1136 775; x_wconf 87' lang='lat' dir='ltr'>mulier</span> <span class='ocrx_word' id='word_1_51' title='bbox 1163 718 1229 773; x_wconf 90' lang='lat' dir='ltr'>de</span> <span class='ocrx_word' id='word_1_52' title='bbox 1258 718 1399 783; x_wconf 83' lang='lat' dir='ltr'>vico,</span> <span class='ocrx_word' id='word_1_53' title='bbox 1444 717 1529 771; x_wconf 92' lang='lat' dir='ltr'>cui</span> <span class='ocrx_word' id='word_1_54' title='bbox 1578 731 1777 771; x_wconf 86' lang='lat' dir='ltr'>nomen</span> <span class='ocrx_word' id='word_1_55' title='bbox 1822 723 1901 770; x_wconf 90' lang='lat' dir='ltr'>est</span> <span class='ocrx_word' id='word_1_56' title='bbox 1956 715 2083 769; x_wconf 88' lang='lat' dir='ltr'>Bai-</span> 
     </span>
    </p>
   </div>
   <div class='ocr_carea' id='block_1_9' title="bbox 484 813 2084 891">
    <p class='ocr_par' dir='ltr' id='par_1_9' title="bbox 484 813 2084 891">
     <span class='ocr_line' id='line_1_9' title="bbox 484 813 2084 891; baseline -0.004 -18"><span class='ocrx_word' id='word_1_57' title='bbox 484 835 660 891; x_wconf 89' lang='lat' dir='ltr'>gnous</span> <span class='ocrx_word' id='word_1_58' title='bbox 688 819 820 889; x_wconf 71' lang='lat'>(3‘2),</span> <span class='ocrx_word' id='word_1_59' title='bbox 851 835 973 875; x_wconf 90' lang='lat' dir='ltr'>cum</span> <span class='ocrx_word' id='word_1_60' title='bbox 1006 818 1060 872; x_wconf 90' lang='lat' dir='ltr'>in</span> <span class='ocrx_word' id='word_1_61' title='bbox 1091 816 1340 872; x_wconf 90' lang='lat' dir='ltr'>cubiculo</span> <span class='ocrx_word' id='word_1_62' title='bbox 1388 814 1699 885; x_wconf 84' lang='lat' dir='ltr'>peperisset,</span> <span class='ocrx_word' id='word_1_63' title='bbox 1750 813 1931 867; x_wconf 90' lang='lat' dir='ltr'>nescio</span> <span class='ocrx_word' id='word_1_64' title='bbox 1978 827 2084 882; x_wconf 91' lang='lat' dir='ltr'>quo</span> 
     </span>
    </p>
   </div>
   <div class='ocr_carea' id='block_1_10' title="bbox 484 901 2086 977">
    <p class='ocr_par' dir='ltr' id='par_1_10' title="bbox 484 901 2086 977">
     <span class='ocr_line' id='line_1_10' title="bbox 484 901 2086 977; baseline -0.006 -14"><span class='ocrx_word' id='word_1_65' title='bbox 484 907 582 963; x_wconf 89' lang='lat' dir='ltr'>Dei</span> <span class='ocrx_word' id='word_1_66' title='bbox 608 906 814 977; x_wconf 90' lang='lat' dir='ltr'>judicio</span> <span class='ocrx_word' id='word_1_67' title='bbox 847 907 902 961; x_wconf 88' lang='lat' dir='ltr'>in</span> <span class='ocrx_word' id='word_1_68' title='bbox 932 906 1195 961; x_wconf 87' lang='lat' dir='ltr'>insaniam</span> <span class='ocrx_word' id='word_1_69' title='bbox 1226 920 1400 971; x_wconf 84' lang='lat' dir='ltr'>versa,</span> <span class='ocrx_word' id='word_1_70' title='bbox 1432 903 1607 959; x_wconf 87' lang='lat' dir='ltr'>virum</span> <span class='ocrx_word' id='word_1_71' title='bbox 1655 918 1809 955; x_wconf 91' lang='lat' dir='ltr'>suum</span> <span class='ocrx_word' id='word_1_72' title='bbox 1857 901 2086 972; x_wconf 86' lang='lat' dir='ltr'>Evonga</span> 
     </span>
    </p>
   </div>
   <div class='ocr_carea' id='block_1_11' title="bbox 484 987 2086 1069">
    <p class='ocr_par' dir='ltr' id='par_1_11' title="bbox 484 987 2086 1069">
     <span class='ocr_line' id='line_1_11' title="bbox 484 987 2086 1069; baseline -0.006 -18"><span class='ocrx_word' id='word_1_73' title='bbox 484 996 743 1069; x_wconf 89' lang='lat' dir='ltr'>percussit</span> <span class='ocrx_word' id='word_1_74' title='bbox 772 1003 825 1052; x_wconf 91' lang='lat' dir='ltr'>et</span> <span class='ocrx_word' id='word_1_75' title='bbox 853 995 1097 1064; x_wconf 87' lang='lat' dir='ltr'>occidit;</span> <span class='ocrx_word' id='word_1_76' title='bbox 1149 1010 1268 1065; x_wconf 77' lang='lat' dir='ltr'>quae</span> <span class='ocrx_word' id='word_1_77' title='bbox 1314 991 1597 1047; x_wconf 85' lang='lat' dir='ltr'>constricta</span> <span class='ocrx_word' id='word_1_78' title='bbox 1644 990 1859 1044; x_wconf 89' lang='lat' dir='ltr'>funibus</span> <span class='ocrx_word' id='word_1_79' title='bbox 1910 996 1961 1045; x_wconf 89' lang='lat' dir='ltr'>et</span> <span class='ocrx_word' id='word_1_80' title='bbox 2016 987 2086 1043; x_wconf 92' lang='lat' dir='ltr'>ad</span> 
     </span>
    </p>
   </div>
   <div class='ocr_carea' id='block_1_12' title="bbox 485 1078 2084 1159">
    <p class='ocr_par' dir='ltr' id='par_1_12' title="bbox 485 1078 2084 1159">
     <span class='ocr_line' id='line_1_12' title="bbox 485 1078 2084 1159; baseline -0.006 -18"><span class='ocrx_word' id='word_1_81' title='bbox 485 1084 770 1141; x_wconf 88' lang='lat' dir='ltr'>ecclesiam</span> <span class='ocrx_word' id='word_1_82' title='bbox 800 1084 1198 1140; x_wconf 82' lang='lat' dir='ltr'>Molismensem</span> <span class='ocrx_word' id='word_1_83' title='bbox 1230 1080 1505 1159; x_wconf 86' lang='lat' dir='ltr'>perducta,</span> <span class='ocrx_word' id='word_1_84' title='bbox 1539 1095 1698 1149; x_wconf 89' lang='lat' dir='ltr'>quam</span> <span class='ocrx_word' id='word_1_85' title='bbox 1750 1078 1853 1133; x_wconf 92' lang='lat' dir='ltr'>cito</span> <span class='ocrx_word' id='word_1_86' title='bbox 1896 1078 2084 1147; x_wconf 91' lang='lat' dir='ltr'>sepul-</span> 
     </span>
    </p>
   </div>
   <div class='ocr_carea' id='block_1_13' title="bbox 485 1167 2085 1243">
    <p class='ocr_par' dir='ltr' id='par_1_13' title="bbox 485 1167 2085 1243">
     <span class='ocr_line' id='line_1_13' title="bbox 485 1167 2085 1243; baseline -0.006 -13"><span class='ocrx_word' id='word_1_87' title='bbox 485 1190 636 1230; x_wconf 87' lang='lat' dir='ltr'>crum</span> <span class='ocrx_word' id='word_1_88' title='bbox 668 1174 813 1229; x_wconf 87' lang='lat' dir='ltr'>beati</span> <span class='ocrx_word' id='word_1_89' title='bbox 869 1173 970 1228; x_wconf 87' lang='lat' dir='ltr'>viri</span> <span class='ocrx_word' id='word_1_90' title='bbox 1018 1172 1332 1243; x_wconf 89' lang='lat' dir='ltr'>contingere</span> <span class='ocrx_word' id='word_1_91' title='bbox 1387 1168 1580 1240; x_wconf 90' lang='lat' dir='ltr'>potuit,</span> <span class='ocrx_word' id='word_1_92' title='bbox 1640 1167 1864 1221; x_wconf 89' lang='lat' dir='ltr'>liberata</span> <span class='ocrx_word' id='word_1_93' title='bbox 1920 1173 1999 1220; x_wconf 90' lang='lat' dir='ltr'>est</span> <span class='ocrx_word' id='word_1_94' title='bbox 2052 1181 2085 1221; x_wconf 88' lang='lat' dir='ltr'>a</span> 
     </span>
    </p>
   </div>
   <div class='ocr_carea' id='block_1_14' title="bbox 483 1265 2084 1337">
    <p class='ocr_par' dir='ltr' id='par_1_14' title="bbox 483 1265 2084 1337">
     <span class='ocr_line' id='line_1_14' title="bbox 483 1265 2084 1337; baseline -0.004 -12"><span class='ocrx_word' id='word_1_95' title='bbox 483 1270 751 1337; x_wconf 77' lang='lat' dir='ltr'>daemone,</span> <span class='ocrx_word' id='word_1_96' title='bbox 785 1270 917 1325; x_wconf 89' lang='lat' dir='ltr'>nihil</span> <span class='ocrx_word' id='word_1_97' title='bbox 948 1270 1204 1337; x_wconf 86' lang='lat' dir='ltr'>deinceps</span> <span class='ocrx_word' id='word_1_98' title='bbox 1234 1267 1337 1321; x_wconf 88' lang='lat' dir='ltr'>tale</span> <span class='ocrx_word' id='word_1_99' title='bbox 1385 1281 1664 1336; x_wconf 88' lang='lat' dir='ltr'>perpessa.</span> <span class='ocrx_word' id='word_1_100' title='bbox 1731 1265 1792 1317; x_wconf 89' lang='lat' dir='ltr'><strong>In</strong></span> <span class='ocrx_word' id='word_1_101' title='bbox 1844 1281 1900 1318; x_wconf 89' lang='lat' dir='ltr'>se</span> <span class='ocrx_word' id='word_1_102' title='bbox 1955 1279 2084 1318; x_wconf 87' lang='lat' dir='ltr'>vero</span> 
     </span>
    </p>
   </div>
   <div class='ocr_carea' id='block_1_15' title="bbox 480 1351 2085 1428">
    <p class='ocr_par' dir='ltr' id='par_1_15' title="bbox 480 1351 2085 1428">
     <span class='ocr_line' id='line_1_15' title="bbox 480 1351 2085 1428; baseline -0.006 -13"><span class='ocrx_word' id='word_1_103' title='bbox 480 1376 721 1428; x_wconf 86' lang='lat' dir='ltr'>reversa,</span> <span class='ocrx_word' id='word_1_104' title='bbox 752 1376 873 1415; x_wconf 91' lang='lat' dir='ltr'>cum</span> <span class='ocrx_word' id='word_1_105' title='bbox 906 1376 961 1413; x_wconf 87' lang='lat' dir='ltr'>se</span> <span class='ocrx_word' id='word_1_106' title='bbox 994 1357 1203 1413; x_wconf 83' lang='lat' dir='ltr'>videret</span> <span class='ocrx_word' id='word_1_107' title='bbox 1228 1354 1444 1410; x_wconf 89' lang='lat' dir='ltr'>funibus</span> <span class='ocrx_word' id='word_1_108' title='bbox 1492 1353 1855 1421; x_wconf 75' lang='lat' dir='ltr'>constrictum,</span> <span class='ocrx_word' id='word_1_109' title='bbox 1902 1351 2085 1406; x_wconf 90' lang='lat' dir='ltr'>mirari</span> 
     </span>
    </p>
   </div>
   <div class='ocr_carea' id='block_1_16' title="bbox 482 1441 2083 1521">
    <p class='ocr_par' dir='ltr' id='par_1_16' title="bbox 482 1441 2083 1521">
     <span class='ocr_line' id='line_1_16' title="bbox 482 1441 2083 1521; baseline -0.005 -16"><span class='ocrx_word' id='word_1_110' title='bbox 482 1450 681 1521; x_wconf 81' lang='lat' dir='ltr'>coepit;</span> <span class='ocrx_word' id='word_1_111' title='bbox 712 1457 764 1504; x_wconf 91' lang='lat' dir='ltr'>et</span> <span class='ocrx_word' id='word_1_112' title='bbox 792 1450 1031 1513; x_wconf 90' lang='lat' dir='ltr'>demum,</span> <span class='ocrx_word' id='word_1_113' title='bbox 1065 1445 1249 1518; x_wconf 83' lang='lat' dir='ltr'>agnito</span> <span class='ocrx_word' id='word_1_114' title='bbox 1282 1443 1517 1498; x_wconf 85' lang='lat' dir='ltr'>facinore</span> <span class='ocrx_word' id='word_1_115' title='bbox 1549 1441 1692 1512; x_wconf 91' lang='lat' dir='ltr'>quod</span> <span class='ocrx_word' id='word_1_116' title='bbox 1744 1448 1936 1512; x_wconf 89' lang='lat' dir='ltr'>patrat,</span> <span class='ocrx_word' id='word_1_117' title='bbox 1988 1456 2083 1512; x_wconf 91' lang='lat' dir='ltr'>pro</span> 
     </span>
    </p>
   </div>
   <div class='ocr_carea' id='block_1_17' title="bbox 482 1532 2083 1608">
    <p class='ocr_par' dir='ltr' id='par_1_17' title="bbox 482 1532 2083 1608">
     <span class='ocr_line' id='line_1_17' title="bbox 482 1532 2083 1608; baseline -0.007 -14"><span class='ocrx_word' id='word_1_118' title='bbox 482 1554 645 1594; x_wconf 88' lang='lat' dir='ltr'>causa</span> <span class='ocrx_word' id='word_1_119' title='bbox 699 1536 901 1608; x_wconf 88' lang='lat' dir='ltr'>duplici</span> <span class='ocrx_word' id='word_1_120' title='bbox 963 1536 1087 1589; x_wconf 72' lang='lat' dir='ltr'>flere</span> <span class='ocrx_word' id='word_1_121' title='bbox 1144 1533 1351 1604; x_wconf 68' lang='lat' dir='ltr'>caapit:</span> <span class='ocrx_word' id='word_1_122' title='bbox 1413 1532 1536 1585; x_wconf 90' lang='lat' dir='ltr'>hinc</span> <span class='ocrx_word' id='word_1_123' title='bbox 1591 1537 1866 1601; x_wconf 89' lang='lat' dir='ltr'>peccatum</span> <span class='ocrx_word' id='word_1_124' title='bbox 1928 1544 2083 1583; x_wconf 90' lang='lat' dir='ltr'>suum</span> 
     </span>
    </p>
   </div>
   <div class='ocr_carea' id='block_1_18' title="bbox 483 1618 2086 1689">
    <p class='ocr_par' dir='ltr' id='par_1_18' title="bbox 483 1618 2086 1689">
     <span class='ocr_line' id='line_1_18' title="bbox 483 1618 2086 1689; baseline -0.006 -8"><span class='ocrx_word' id='word_1_125' title='bbox 483 1624 819 1681; x_wconf 88' lang='lat' dir='ltr'>amarissime</span> <span class='ocrx_word' id='word_1_126' title='bbox 847 1623 1070 1689; x_wconf 81' lang='lat' dir='ltr'>deflens,</span> <span class='ocrx_word' id='word_1_127' title='bbox 1102 1624 1227 1678; x_wconf 78' lang='lat' dir='ltr'>hinc</span> <span class='ocrx_word' id='word_1_128' title='bbox 1281 1635 1409 1676; x_wconf 83' lang='lat' dir='ltr'>vero</span> <span class='ocrx_word' id='word_1_129' title='bbox 1464 1635 1562 1689; x_wconf 86' lang='lat' dir='ltr'>pro</span> <span class='ocrx_word' id='word_1_130' title='bbox 1618 1618 1932 1673; x_wconf 78' lang='lat' dir='ltr'>liberatione</span> <span class='ocrx_word' id='word_1_131' title='bbox 1989 1633 2086 1672; x_wconf 86' lang='lat' dir='ltr'>sua</span> 
     </span>
    </p>
   </div>
   <div class='ocr_carea' id='block_1_19' title="bbox 2190 448 3825 526">
    <p class='ocr_par' dir='ltr' id='par_1_19' title="bbox 2190 448 3825 526">
     <span class='ocr_line' id='line_1_19' title="bbox 2190 448 3825 526; baseline -0.001 -16"><span class='ocrx_word' id='word_1_132' title='bbox 2190 471 2360 525; x_wconf 87' lang='lat' dir='ltr'>panes</span> <span class='ocrx_word' id='word_1_133' title='bbox 2388 453 2600 526; x_wconf 90' lang='lat' dir='ltr'>penitus</span> <span class='ocrx_word' id='word_1_134' title='bbox 2629 454 2684 509; x_wconf 91' lang='lat' dir='ltr'>in</span> <span class='ocrx_word' id='word_1_135' title='bbox 2724 453 3048 511; x_wconf 87' lang='lat' dir='ltr'>monasterio</span> <span class='ocrx_word' id='word_1_136' title='bbox 3106 468 3217 511; x_wconf 89' lang='lat' dir='ltr'>non</span> <span class='ocrx_word' id='word_1_137' title='bbox 3270 450 3490 509; x_wconf 85' lang='lat' dir='ltr'>haberi.</span> <span class='ocrx_word' id='word_1_138' title='bbox 3562 476 3587 502; x_wconf 75' lang='grc' dir='ltr'>α</span> <span class='ocrx_word' id='word_1_139' title='bbox 3660 448 3825 508; x_wconf 84' lang='lat' dir='ltr'>Unde</span> 
     </span>
    </p>
   </div>
   <div class='ocr_carea' id='block_1_20' title="bbox 2190 541 3816 617">
    <p class='ocr_par' dir='ltr' id='par_1_20' title="bbox 2190 541 3816 617">
     <span class='ocr_line' id='line_1_20' title="bbox 2190 541 3816 617; baseline -0.002 -18"><span class='ocrx_word' id='word_1_140' title='bbox 2190 560 2342 617; x_wconf 89' lang='lat' dir='ltr'>ergo,</span> <span class='ocrx_word' id='word_1_141' title='bbox 2377 544 2452 600; x_wconf 89' lang='lat' dir='ltr'>ait</span> <span class='ocrx_word' id='word_1_142' title='bbox 2480 552 2713 611; x_wconf 88' lang='lat' dir='ltr'>sanctus,</span> <span class='ocrx_word' id='word_1_143' title='bbox 2768 545 2929 601; x_wconf 88' lang='lat' dir='ltr'>hodie</span> <span class='ocrx_word' id='word_1_144' title='bbox 2983 541 3223 600; x_wconf 82' lang='lat' dir='ltr'>reficient</span> <span class='ocrx_word' id='word_1_145' title='bbox 3280 542 3480 597; x_wconf 85' lang='lat' dir='ltr'>fratres</span> <span class='ocrx_word' id='word_1_146' title='bbox 3512 542 3544 595; x_wconf 79' lang='lat'><strong>?</strong></span> <span class='ocrx_word' id='word_1_147' title='bbox 3610 564 3635 589; x_wconf 83' lang='lat'><strong>-</strong></span> <span class='ocrx_word' id='word_1_148' title='bbox 3706 541 3816 596; x_wconf 82' lang='lat' dir='ltr'>Re-</span> 
     </span>
    </p>
   </div>
   <div class='ocr_carea' id='block_1_21' title="bbox 2190 632 3812 705">
    <p class='ocr_par' dir='ltr' id='par_1_21' title="bbox 2190 632 3812 705">
     <span class='ocr_line' id='line_1_21' title="bbox 2190 632 3812 705; baseline -0.001 -18"><span class='ocrx_word' id='word_1_149' title='bbox 2190 633 2407 705; x_wconf 87' lang='lat' dir='ltr'>spondit</span> <span class='ocrx_word' id='word_1_150' title='bbox 2439 652 2450 689; x_wconf 96' lang='lat'>:</span> <span class='ocrx_word' id='word_1_151' title='bbox 2491 657 2513 681; x_wconf 82' lang='lat'><strong>«</strong></span> <span class='ocrx_word' id='word_1_152' title='bbox 2543 634 2757 689; x_wconf 87' lang='lat' dir='ltr'>Nescio.</span> <span class='ocrx_word' id='word_1_153' title='bbox 2793 656 2814 682; x_wconf 79' lang='grc' dir='ltr'><strong>υ</strong></span> <span class='ocrx_word' id='word_1_154' title='bbox 2849 632 2963 688; x_wconf 82' lang='lat' dir='ltr'>Nec</span> <span class='ocrx_word' id='word_1_155' title='bbox 3009 649 3162 689; x_wconf 86' lang='lat' dir='ltr'>mora</span> <span class='ocrx_word' id='word_1_156' title='bbox 3196 651 3208 687; x_wconf 91' lang='lat'>:</span> <span class='ocrx_word' id='word_1_157' title='bbox 3258 632 3409 687; x_wconf 84' lang='lat' dir='ltr'>venit</span> <span class='ocrx_word' id='word_1_158' title='bbox 3472 632 3646 699; x_wconf 87' lang='lat' dir='ltr'>hora,</span> <span class='ocrx_word' id='word_1_159' title='bbox 3710 648 3812 701; x_wconf 81' lang='lat' dir='ltr'>qua</span> 
     </span>
    </p>
   </div>
   <div class='ocr_carea' id='block_1_22' title="bbox 2192 719 3811 793">
    <p class='ocr_par' dir='ltr' id='par_1_22' title="bbox 2192 719 3811 793">
     <span class='ocr_line' id='line_1_22' title="bbox 2192 719 3811 793; baseline -0.001 -17"><span class='ocrx_word' id='word_1_160' title='bbox 2192 721 2400 791; x_wconf 87' lang='lat' dir='ltr'>fratres,</span> <span class='ocrx_word' id='word_1_161' title='bbox 2433 723 2663 793; x_wconf 85' lang='lat' dir='ltr'>peractis</span> <span class='ocrx_word' id='word_1_162' title='bbox 2689 739 2760 777; x_wconf 81' lang='lat' dir='ltr'>ex</span> <span class='ocrx_word' id='word_1_163' title='bbox 2789 739 2939 777; x_wconf 88' lang='lat' dir='ltr'>more</span> <span class='ocrx_word' id='word_1_164' title='bbox 2968 723 3249 776; x_wconf 89' lang='lat' dir='ltr'>missarum</span> <span class='ocrx_word' id='word_1_165' title='bbox 3278 719 3596 786; x_wconf 86' lang='lat' dir='ltr'>solemniis,</span> <span class='ocrx_word' id='word_1_166' title='bbox 3644 737 3811 792; x_wconf 77' lang='lat' dir='ltr'>para-</span> 
     </span>
    </p>
   </div>
   <div class='ocr_carea' id='block_1_23' title="bbox 2192 810 3804 883">
    <p class='ocr_par' dir='ltr' id='par_1_23' title="bbox 2192 810 3804 883">
     <span class='ocr_line' id='line_1_23' title="bbox 2192 810 3804 883; baseline -0.001 -18"><span class='ocrx_word' id='word_1_167' title='bbox 2192 810 2324 866; x_wconf 89' lang='lat' dir='ltr'>bant</span> <span class='ocrx_word' id='word_1_168' title='bbox 2379 812 2702 883; x_wconf 86' lang='lat' dir='ltr'>appropiare</span> <span class='ocrx_word' id='word_1_169' title='bbox 2755 812 2973 866; x_wconf 90' lang='lat' dir='ltr'>mensis.</span> <span class='ocrx_word' id='word_1_170' title='bbox 3030 810 3163 866; x_wconf 90' lang='lat' dir='ltr'>Cum</span> <span class='ocrx_word' id='word_1_171' title='bbox 3218 810 3458 865; x_wconf 85' lang='lat' dir='ltr'>sonitum</span> <span class='ocrx_word' id='word_1_172' title='bbox 3541 810 3804 880; x_wconf 59' lang='lat' dir='ltr'>cjmbali,</span> 
     </span>
    </p>
   </div>
   <div class='ocr_carea' id='block_1_24' title="bbox 2191 908 3803 977">
    <p class='ocr_par' dir='ltr' id='par_1_24' title="bbox 2191 908 3803 977">
     <span class='ocr_line' id='line_1_24' title="bbox 2191 908 3803 977; baseline 0 -14"><span class='ocrx_word' id='word_1_173' title='bbox 2191 910 2327 964; x_wconf 88' lang='lat' dir='ltr'>sicut</span> <span class='ocrx_word' id='word_1_174' title='bbox 2355 909 2447 964; x_wconf 92' lang='lat' dir='ltr'>illa</span> <span class='ocrx_word' id='word_1_175' title='bbox 2476 911 2609 965; x_wconf 86' lang='lat' dir='ltr'>hora</span> <span class='ocrx_word' id='word_1_176' title='bbox 2637 909 2802 966; x_wconf 88' lang='lat' dir='ltr'>moris</span> <span class='ocrx_word' id='word_1_177' title='bbox 2846 916 2943 977; x_wconf 86' lang='lat' dir='ltr'>est,</span> <span class='ocrx_word' id='word_1_178' title='bbox 3001 910 3085 965; x_wconf 83' lang='lat' dir='ltr'>vir</span> <span class='ocrx_word' id='word_1_179' title='bbox 3135 916 3351 964; x_wconf 91' lang='lat' dir='ltr'>sanctus</span> <span class='ocrx_word' id='word_1_180' title='bbox 3404 908 3680 976; x_wconf 88' lang='lat' dir='ltr'>audisset,</span> <span class='ocrx_word' id='word_1_181' title='bbox 3739 908 3803 963; x_wconf 80' lang='lat' dir='ltr'>ab</span> 
     </span>
    </p>
   </div>
   <div class='ocr_carea' id='block_1_25' title="bbox 2191 997 3795 1070">
    <p class='ocr_par' dir='ltr' id='par_1_25' title="bbox 2191 997 3795 1070">
     <span class='ocr_line' id='line_1_25' title="bbox 2191 997 3795 1070; baseline -0.001 -16"><span class='ocrx_word' id='word_1_182' title='bbox 2191 1014 2477 1054; x_wconf 66' lang='lat' dir='ltr'>(nconomo</span> <span class='ocrx_word' id='word_1_183' title='bbox 2507 998 2785 1068; x_wconf 88' lang='lat' dir='ltr'>requisivit</span> <span class='ocrx_word' id='word_1_184' title='bbox 2809 999 2950 1053; x_wconf 87' lang='lat' dir='ltr'>unde</span> <span class='ocrx_word' id='word_1_185' title='bbox 2980 1014 3149 1070; x_wconf 89' lang='lat' dir='ltr'>panes</span> <span class='ocrx_word' id='word_1_186' title='bbox 3196 997 3441 1063; x_wconf 85' lang='lat' dir='ltr'>haberet,</span> <span class='ocrx_word' id='word_1_187' title='bbox 3496 1014 3646 1068; x_wconf 86' lang='lat' dir='ltr'>quos</span> <span class='ocrx_word' id='word_1_188' title='bbox 3692 997 3795 1052; x_wconf 83' lang='lat' dir='ltr'>fra-</span> 
     </span>
    </p>
   </div>
   <div class='ocr_carea' id='block_1_26' title="bbox 2195 1086 3799 1159">
    <p class='ocr_par' dir='ltr' id='par_1_26' title="bbox 2195 1086 3799 1159">
     <span class='ocr_line' id='line_1_26' title="bbox 2195 1086 3799 1159; baseline 0.001 -19"><span class='ocrx_word' id='word_1_189' title='bbox 2195 1088 2362 1141; x_wconf 87' lang='lat' dir='ltr'>tribus</span> <span class='ocrx_word' id='word_1_190' title='bbox 2389 1086 2667 1142; x_wconf 90' lang='lat' dir='ltr'>refecturis</span> <span class='ocrx_word' id='word_1_191' title='bbox 2693 1095 3013 1158; x_wconf 88' lang='lat' dir='ltr'>apponeret.</span> <span class='ocrx_word' id='word_1_192' title='bbox 3078 1109 3100 1133; x_wconf 77' lang='grc' dir='ltr'><strong>ε</strong></span> <span class='ocrx_word' id='word_1_193' title='bbox 3161 1086 3283 1159; x_wconf 84' lang='lat' dir='ltr'>Ego</span> <span class='ocrx_word' id='word_1_194' title='bbox 3339 1087 3544 1156; x_wconf 85' lang='lat' dir='ltr'>inquit,</span> <span class='ocrx_word' id='word_1_195' title='bbox 3604 1103 3799 1158; x_wconf 77' lang='lat' dir='ltr'>paucos</span> 
     </span>
    </p>
   </div>
   <div class='ocr_carea' id='block_1_27' title="bbox 2190 1173 3799 1245">
    <p class='ocr_par' dir='ltr' id='par_1_27' title="bbox 2190 1173 3799 1245">
     <span class='ocr_line' id='line_1_27' title="bbox 2190 1173 3799 1245; baseline 0.001 -16"><span class='ocrx_word' id='word_1_196' title='bbox 2190 1176 2483 1243; x_wconf 76' lang='lat' dir='ltr'>reservavi,</span> <span class='ocrx_word' id='word_1_197' title='bbox 2516 1192 2828 1245; x_wconf 87' lang='lat' dir='ltr'>procurans,</span> <span class='ocrx_word' id='word_1_198' title='bbox 2877 1183 2935 1230; x_wconf 92' lang='lat' dir='ltr'>ut</span> <span class='ocrx_word' id='word_1_199' title='bbox 2986 1173 3293 1230; x_wconf 80' lang='lat' dir='ltr'>refectionis</span> <span class='ocrx_word' id='word_1_200' title='bbox 3348 1176 3488 1230; x_wconf 83' lang='lat' dir='ltr'>hora</span> <span class='ocrx_word' id='word_1_201' title='bbox 3549 1175 3799 1230; x_wconf 79' lang='lat' dir='ltr'>fratribus</span> 
     </span>
    </p>
   </div>
   <div class='ocr_carea' id='block_1_28' title="bbox 2192 1263 3795 1332">
    <p class='ocr_par' dir='ltr' id='par_1_28' title="bbox 2192 1263 3795 1332">
     <span class='ocr_line' id='line_1_28' title="bbox 2192 1263 3795 1332; baseline 0 -13"><span class='ocrx_word' id='word_1_202' title='bbox 2192 1264 2393 1319; x_wconf 90' lang='lat' dir='ltr'>cibaria</span> <span class='ocrx_word' id='word_1_203' title='bbox 2424 1280 2529 1319; x_wconf 91' lang='lat' dir='ltr'>non</span> <span class='ocrx_word' id='word_1_204' title='bbox 2561 1264 2827 1319; x_wconf 89' lang='lat' dir='ltr'>deessent.</span> <span class='ocrx_word' id='word_1_205' title='bbox 2864 1287 2885 1311; x_wconf 77' lang='grc' dir='ltr'><strong>υ</strong></span> <span class='ocrx_word' id='word_1_206' title='bbox 2922 1265 3071 1319; x_wconf 90' lang='lat' dir='ltr'>Tunc</span> <span class='ocrx_word' id='word_1_207' title='bbox 3098 1265 3181 1320; x_wconf 88' lang='lat' dir='ltr'>vir</span> <span class='ocrx_word' id='word_1_208' title='bbox 3225 1263 3325 1318; x_wconf 90' lang='lat' dir='ltr'>Dei</span> <span class='ocrx_word' id='word_1_209' title='bbox 3364 1264 3486 1319; x_wconf 88' lang='lat' dir='ltr'>zelo</span> <span class='ocrx_word' id='word_1_210' title='bbox 3528 1263 3795 1332; x_wconf 85' lang='lat' dir='ltr'>incensus,</span> 
     </span>
    </p>
   </div>
   <div class='ocr_carea' id='block_1_29' title="bbox 2191 1361 3799 1435">
    <p class='ocr_par' dir='ltr' id='par_1_29' title="bbox 2191 1361 3799 1435">
     <span class='ocr_line' id='line_1_29' title="bbox 2191 1361 3799 1435; baseline 0.001 -20"><span class='ocrx_word' id='word_1_211' title='bbox 2191 1362 2427 1417; x_wconf 88' lang='lat' dir='ltr'>fremens</span> <span class='ocrx_word' id='word_1_212' title='bbox 2456 1370 2508 1417; x_wconf 90' lang='lat' dir='ltr'>et</span> <span class='ocrx_word' id='word_1_213' title='bbox 2538 1361 2847 1434; x_wconf 87' lang='lat' dir='ltr'>indignans,</span> <span class='ocrx_word' id='word_1_214' title='bbox 2879 1361 3022 1431; x_wconf 91' lang='lat' dir='ltr'>quod</span> <span class='ocrx_word' id='word_1_215' title='bbox 3054 1362 3106 1415; x_wconf 91' lang='lat' dir='ltr'>in</span> <span class='ocrx_word' id='word_1_216' title='bbox 3135 1377 3304 1435; x_wconf 84' lang='lat' dir='ltr'>grege</span> <span class='ocrx_word' id='word_1_217' title='bbox 3351 1361 3457 1415; x_wconf 89' lang='lat' dir='ltr'>sibi</span> <span class='ocrx_word' id='word_1_218' title='bbox 3508 1363 3799 1418; x_wconf 80' lang='lat' dir='ltr'>commisso</span> 
     </span>
    </p>
   </div>
   <div class='ocr_carea' id='block_1_30' title="bbox 2186 1449 3796 1521">
    <p class='ocr_par' dir='ltr' id='par_1_30' title="bbox 2186 1449 3796 1521">
     <span class='ocr_line' id='line_1_30' title="bbox 2186 1449 3796 1521; baseline 0.001 -16"><span class='ocrx_word' id='word_1_219' title='bbox 2186 1458 2457 1521; x_wconf 88' lang='lat' dir='ltr'>repertum</span> <span class='ocrx_word' id='word_1_220' title='bbox 2491 1450 2681 1506; x_wconf 83' lang='lat' dir='ltr'>fuisset</span> <span class='ocrx_word' id='word_1_221' title='bbox 2709 1450 3090 1506; x_wconf 64' lang='lat' dir='ltr'>inobedientiaa</span> <span class='ocrx_word' id='word_1_222' title='bbox 3135 1449 3320 1505; x_wconf 89' lang='lat' dir='ltr'>lolium</span> <span class='ocrx_word' id='word_1_223' title='bbox 3373 1457 3430 1505; x_wconf 90' lang='lat' dir='ltr'>et</span> <span class='ocrx_word' id='word_1_224' title='bbox 3473 1450 3796 1507; x_wconf 69' lang='lat' dir='ltr'>difﬁdentia</span> 
     </span>
    </p>
   </div>
   <div class='ocr_carea' id='block_1_31' title="bbox 2189 1539 3798 1611">
    <p class='ocr_par' dir='ltr' id='par_1_31' title="bbox 2189 1539 3798 1611">
     <span class='ocr_line' id='line_1_31' title="bbox 2189 1539 3798 1611; baseline 0.001 -18"><span class='ocrx_word' id='word_1_225' title='bbox 2189 1540 2410 1607; x_wconf 89' lang='lat' dir='ltr'>zizania,</span> <span class='ocrx_word' id='word_1_226' title='bbox 2442 1539 2713 1611; x_wconf 86' lang='lat' dir='ltr'>ingressus</span> <span class='ocrx_word' id='word_1_227' title='bbox 2739 1539 3081 1594; x_wconf 91' lang='lat' dir='ltr'>refectorium</span> <span class='ocrx_word' id='word_1_228' title='bbox 3128 1554 3298 1608; x_wconf 90' lang='lat' dir='ltr'>panes</span> <span class='ocrx_word' id='word_1_229' title='bbox 3344 1539 3558 1594; x_wconf 84' lang='lat' dir='ltr'>mensis</span> <span class='ocrx_word' id='word_1_230' title='bbox 3606 1557 3798 1609; x_wconf 86' lang='lat' dir='ltr'>super-</span> 
     </span>
    </p>
   </div>
   <div class='ocr_carea' id='block_1_32' title="bbox 2189 1628 3797 1700">
    <p class='ocr_par' dir='ltr' id='par_1_32' title="bbox 2189 1628 3797 1700">
     <span class='ocr_line' id='line_1_32' title="bbox 2189 1628 3797 1700; baseline 0.001 -17"><span class='ocrx_word' id='word_1_231' title='bbox 2189 1629 2390 1700; x_wconf 89' lang='lat' dir='ltr'>positos</span> <span class='ocrx_word' id='word_1_232' title='bbox 2443 1628 2497 1682; x_wconf 90' lang='lat' dir='ltr'>in</span> <span class='ocrx_word' id='word_1_233' title='bbox 2543 1635 2725 1697; x_wconf 84' lang='lat' dir='ltr'>sporta</span> <span class='ocrx_word' id='word_1_234' title='bbox 2773 1628 3024 1697; x_wconf 86' lang='lat' dir='ltr'>suscepit,</span> <span class='ocrx_word' id='word_1_235' title='bbox 3086 1628 3340 1698; x_wconf 88' lang='lat' dir='ltr'>ipsosque</span> <span class='ocrx_word' id='word_1_236' title='bbox 3409 1628 3478 1682; x_wconf 88' lang='lat' dir='ltr'>de</span> <span class='ocrx_word' id='word_1_237' title='bbox 3562 1629 3797 1699; x_wconf 84' lang='lat' dir='ltr'>quodam</span> 
     </span>
    </p>
   </div>
   <div class='ocr_carea' id='block_1_33' title="bbox 483 1715 3799 1796">
    <p class='ocr_par' dir='ltr' id='par_1_33' title="bbox 483 1715 3799 1796">
     <span class='ocr_line' id='line_1_33' title="bbox 483 1715 3799 1796; baseline -0.002 -19"><span class='ocrx_word' id='word_1_238' title='bbox 483 1723 686 1796; x_wconf 81' lang='lat' dir='ltr'>gratias</span> <span class='ocrx_word' id='word_1_239' title='bbox 716 1738 883 1793; x_wconf 84' lang='lat' dir='ltr'>agens</span> <span class='ocrx_word' id='word_1_240' title='bbox 912 1722 1046 1776; x_wconf 90' lang='lat' dir='ltr'>Deo.</span> <span class='ocrx_word' id='word_1_241' title='bbox 1081 1721 1208 1775; x_wconf 63' lang='lat' dir='ltr'>Haec</span> <span class='ocrx_word' id='word_1_242' title='bbox 1256 1725 1433 1773; x_wconf 89' lang='lat' dir='ltr'>autem</span> <span class='ocrx_word' id='word_1_243' title='bbox 1484 1724 1536 1771; x_wconf 90' lang='lat' dir='ltr'>et</span> <span class='ocrx_word' id='word_1_244' title='bbox 1579 1716 1661 1770; x_wconf 92' lang='lat' dir='ltr'>his</span> <span class='ocrx_word' id='word_1_245' title='bbox 1706 1715 1903 1770; x_wconf 87' lang='lat' dir='ltr'>similia</span> <span class='ocrx_word' id='word_1_246' title='bbox 1941 1730 2078 1783; x_wconf 89' lang='lat' dir='ltr'>ope-</span> <span class='ocrx_word' id='word_1_247' title='bbox 2109 1720 2163 1783; x_wconf 87' lang='grc' dir='ltr'><strong>Β</strong></span> <span class='ocrx_word' id='word_1_248' title='bbox 2192 1717 2437 1773; x_wconf 88' lang='lat' dir='ltr'>colliculo</span> <span class='ocrx_word' id='word_1_249' title='bbox 2468 1717 2647 1772; x_wconf 83' lang='lat' dir='ltr'>vicino</span> <span class='ocrx_word' id='word_1_250' title='bbox 2678 1717 2940 1782; x_wconf 64' lang='lat' dir='ltr'>ecclesiae,</span> <span class='ocrx_word' id='word_1_251' title='bbox 2964 1717 3016 1771; x_wconf 91' lang='lat' dir='ltr'>in</span> <span class='ocrx_word' id='word_1_252' title='bbox 3040 1733 3180 1786; x_wconf 90' lang='lat' dir='ltr'>aqua</span> <span class='ocrx_word' id='word_1_253' title='bbox 3210 1718 3345 1787; x_wconf 88' lang='lat'>(33),</span> <span class='ocrx_word' id='word_1_254' title='bbox 3397 1733 3524 1787; x_wconf 66' lang='lat' dir='ltr'>qua:</span> <span class='ocrx_word' id='word_1_255' title='bbox 3582 1718 3799 1772; x_wconf 79' lang='lat' dir='ltr'>subter—</span> 
     </span>
    </p>
   </div>
   <div class='ocr_carea' id='block_1_34' title="bbox 480 1804 2083 1877">
    <p class='ocr_par' dir='ltr' id='par_1_34' title="bbox 480 1804 2083 1877">
     <span class='ocr_line' id='line_1_34' title="bbox 480 1804 2083 1877; baseline -0.006 -10"><span class='ocrx_word' id='word_1_256' title='bbox 480 1812 586 1867; x_wconf 87' lang='lat' dir='ltr'>rari</span> <span class='ocrx_word' id='word_1_257' title='bbox 618 1828 726 1866; x_wconf 90' lang='lat' dir='ltr'>non</span> <span class='ocrx_word' id='word_1_258' title='bbox 754 1810 950 1866; x_wconf 91' lang='lat' dir='ltr'>desinit</span> <span class='ocrx_word' id='word_1_259' title='bbox 976 1809 1143 1865; x_wconf 87' lang='lat' dir='ltr'>virtus</span> <span class='ocrx_word' id='word_1_260' title='bbox 1194 1807 1410 1875; x_wconf 90' lang='lat' dir='ltr'>Christi,</span> <span class='ocrx_word' id='word_1_261' title='bbox 1466 1821 1562 1877; x_wconf 87' lang='lat' dir='ltr'>per</span> <span class='ocrx_word' id='word_1_262' title='bbox 1614 1804 1803 1859; x_wconf 88' lang='lat' dir='ltr'>merita</span> <span class='ocrx_word' id='word_1_263' title='bbox 1857 1805 1917 1859; x_wconf 90' lang='grc' dir='ltr'><strong>Β.</strong></span> <span class='ocrx_word' id='word_1_264' title='bbox 1975 1805 2083 1859; x_wconf 56' lang='lat' dir='ltr'>Ro.</span> 
     </span>
    </p>
   </div>
   <div class='ocr_carea' id='block_1_35' title="bbox 484 1893 2082 1970">
    <p class='ocr_par' dir='ltr' id='par_1_35' title="bbox 484 1893 2082 1970">
     <span class='ocr_line' id='line_1_35' title="bbox 484 1893 2082 1970; baseline -0.006 -14"><span class='ocrx_word' id='word_1_265' title='bbox 484 1900 641 1969; x_wconf 89' lang='lat' dir='ltr'>berti,</span> <span class='ocrx_word' id='word_1_266' title='bbox 672 1900 739 1955; x_wconf 88' lang='lat' dir='ltr'>ad</span> <span class='ocrx_word' id='word_1_267' title='bbox 769 1899 983 1955; x_wconf 88' lang='lat' dir='ltr'>laudem</span> <span class='ocrx_word' id='word_1_268' title='bbox 1014 1905 1067 1954; x_wconf 88' lang='lat' dir='ltr'>et</span> <span class='ocrx_word' id='word_1_269' title='bbox 1094 1897 1323 1970; x_wconf 91' lang='lat' dir='ltr'>gloriam</span> <span class='ocrx_word' id='word_1_270' title='bbox 1355 1894 1589 1949; x_wconf 88' lang='lat' dir='ltr'>nominis</span> <span class='ocrx_word' id='word_1_271' title='bbox 1616 1894 1716 1963; x_wconf 89' lang='lat' dir='ltr'>sui,</span> <span class='ocrx_word' id='word_1_272' title='bbox 1740 1893 1824 1948; x_wconf 91' lang='lat' dir='ltr'>cui</span> <span class='ocrx_word' id='word_1_273' title='bbox 1854 1900 1932 1947; x_wconf 90' lang='lat' dir='ltr'>est</span> <span class='ocrx_word' id='word_1_274' title='bbox 1960 1908 2082 1947; x_wconf 91' lang='lat' dir='ltr'>cum</span> 
     </span>
    </p>
   </div>
   <div class='ocr_carea' id='block_1_36' title="bbox 486 1982 2081 2060">
    <p class='ocr_par' dir='ltr' id='par_1_36' title="bbox 486 1982 2081 2060">
     <span class='ocr_line' id='line_1_36' title="bbox 486 1982 2081 2060; baseline -0.005 -15"><span class='ocrx_word' id='word_1_275' title='bbox 486 1991 642 2045; x_wconf 87' lang='lat' dir='ltr'>Patre</span> <span class='ocrx_word' id='word_1_276' title='bbox 673 1997 726 2044; x_wconf 92' lang='lat' dir='ltr'>et</span> <span class='ocrx_word' id='word_1_277' title='bbox 756 1989 957 2060; x_wconf 89' lang='lat' dir='ltr'>Spiritu</span> <span class='ocrx_word' id='word_1_278' title='bbox 986 1995 1171 2043; x_wconf 90' lang='lat' dir='ltr'>sancto</span> <span class='ocrx_word' id='word_1_279' title='bbox 1222 1987 1398 2040; x_wconf 89' lang='lat' dir='ltr'>honor</span> <span class='ocrx_word' id='word_1_280' title='bbox 1435 1990 1487 2039; x_wconf 88' lang='lat' dir='ltr'>et</span> <span class='ocrx_word' id='word_1_281' title='bbox 1534 1982 1732 2055; x_wconf 89' lang='lat' dir='ltr'>gloria,</span> <span class='ocrx_word' id='word_1_282' title='bbox 1788 1982 1844 2036; x_wconf 90' lang='lat' dir='ltr'>in</span> <span class='ocrx_word' id='word_1_283' title='bbox 1889 1982 2081 2038; x_wconf 60' lang='lat' dir='ltr'>saecula</span> 
     </span>
    </p>
   </div>
   <div class='ocr_carea' id='block_1_37' title="bbox 486 2079 1048 2134">
    <p class='ocr_par' dir='ltr' id='par_1_37' title="bbox 486 2079 1048 2134">
     <span class='ocr_line' id='line_1_37' title="bbox 486 2079 1048 2134; baseline -0.005 0"><span class='ocrx_word' id='word_1_284' title='bbox 486 2079 825 2134; x_wconf 56' lang='lat' dir='ltr'>sasculorum.</span> <span class='ocrx_word' id='word_1_285' title='bbox 857 2080 1048 2132; x_wconf 78' lang='lat' dir='ltr'>Amen.</span> 
     </span>
    </p>
   </div>
   <div class='ocr_carea' id='block_1_38' title="bbox 554 2172 2085 2243">
    <p class='ocr_par' dir='ltr' id='par_1_38' title="bbox 554 2172 2085 2243">
     <span class='ocr_line' id='line_1_38' title="bbox 554 2172 2085 2243; baseline -0.007 -11"><span class='ocrx_word' id='word_1_286' title='bbox 554 2181 650 2233; x_wconf 74' lang='lat'>23.</span> <span class='ocrx_word' id='word_1_287' title='bbox 697 2176 821 2231; x_wconf 90' lang='lat' dir='ltr'>Non</span> <span class='ocrx_word' id='word_1_288' title='bbox 876 2174 975 2229; x_wconf 89' lang='lat' dir='ltr'>abs</span> <span class='ocrx_word' id='word_1_289' title='bbox 1030 2190 1088 2228; x_wconf 93' lang='lat' dir='ltr'>re</span> <span class='ocrx_word' id='word_1_290' title='bbox 1149 2173 1382 2229; x_wconf 87' lang='lat' dir='ltr'>arbitror</span> <span class='ocrx_word' id='word_1_291' title='bbox 1436 2172 1636 2229; x_wconf 90' lang='lat' dir='ltr'>omissa</span> <span class='ocrx_word' id='word_1_292' title='bbox 1701 2177 1963 2243; x_wconf 91' lang='lat' dir='ltr'>repetere,</span> <span class='ocrx_word' id='word_1_293' title='bbox 2030 2176 2085 2223; x_wconf 91' lang='lat' dir='ltr'>et</span> 
     </span>
    </p>
   </div>
   <div class='ocr_carea' id='block_1_39' title="bbox 486 2261 2083 2336">
    <p class='ocr_par' dir='ltr' id='par_1_39' title="bbox 486 2261 2083 2336">
     <span class='ocr_line' id='line_1_39' title="bbox 486 2261 2083 2336; baseline -0.006 -16"><span class='ocrx_word' id='word_1_294' title='bbox 486 2281 648 2336; x_wconf 86' lang='lat' dir='ltr'>quam</span> <span class='ocrx_word' id='word_1_295' title='bbox 690 2264 946 2320; x_wconf 66' lang='lat' dir='ltr'>modestae</span> <span class='ocrx_word' id='word_1_296' title='bbox 1004 2262 1302 2319; x_wconf 85' lang='lat' dir='ltr'>severitatis</span> <span class='ocrx_word' id='word_1_297' title='bbox 1364 2262 1420 2316; x_wconf 92' lang='lat' dir='ltr'>in</span> <span class='ocrx_word' id='word_1_298' title='bbox 1485 2261 1745 2328; x_wconf 88' lang='lat' dir='ltr'>subditos,</span> <span class='ocrx_word' id='word_1_299' title='bbox 1813 2272 2083 2328; x_wconf 90' lang='lat' dir='ltr'>quamque</span> 
     </span>
    </p>
   </div>
   <div class='ocr_carea' id='block_1_40' title="bbox 486 2345 2078 2424">
    <p class='ocr_par' dir='ltr' id='par_1_40' title="bbox 486 2345 2078 2424">
     <span class='ocr_line' id='line_1_40' title="bbox 486 2345 2078 2424; baseline -0.006 -16"><span class='ocrx_word' id='word_1_300' title='bbox 486 2353 725 2408; x_wconf 88' lang='lat' dir='ltr'>liberalis</span> <span class='ocrx_word' id='word_1_301' title='bbox 763 2353 817 2406; x_wconf 89' lang='lat' dir='ltr'>in</span> <span class='ocrx_word' id='word_1_302' title='bbox 879 2368 1143 2424; x_wconf 87' lang='lat' dir='ltr'>pauperes</span> <span class='ocrx_word' id='word_1_303' title='bbox 1208 2350 1398 2405; x_wconf 86' lang='lat' dir='ltr'>beatus</span> <span class='ocrx_word' id='word_1_304' title='bbox 1464 2350 1729 2404; x_wconf 86' lang='lat' dir='ltr'>Robertus</span> <span class='ocrx_word' id='word_1_305' title='bbox 1797 2345 2078 2413; x_wconf 83' lang='lat' dir='ltr'>exstiterit,</span> 
     </span>
    </p>
   </div>
   <div class='ocr_carea' id='block_1_41' title="bbox 483 2434 2080 2513">
    <p class='ocr_par' dir='ltr' id='par_1_41' title="bbox 483 2434 2080 2513">
     <span class='ocr_line' id='line_1_41' title="bbox 483 2434 2080 2513; baseline -0.004 -17"><span class='ocrx_word' id='word_1_306' title='bbox 483 2442 729 2513; x_wconf 90' lang='lat' dir='ltr'>apicibus</span> <span class='ocrx_word' id='word_1_307' title='bbox 767 2440 1049 2495; x_wconf 89' lang='lat' dir='ltr'>adnotare.</span> <span class='ocrx_word' id='word_1_308' title='bbox 1115 2439 1249 2494; x_wconf 91' lang='lat' dir='ltr'>Cum</span> <span class='ocrx_word' id='word_1_309' title='bbox 1314 2438 1459 2494; x_wconf 91' lang='lat' dir='ltr'>enim</span> <span class='ocrx_word' id='word_1_310' title='bbox 1524 2437 1758 2508; x_wconf 90' lang='lat' dir='ltr'>quodam</span> <span class='ocrx_word' id='word_1_311' title='bbox 1823 2434 1910 2489; x_wconf 89' lang='lat' dir='ltr'>die</span> <span class='ocrx_word' id='word_1_312' title='bbox 1973 2434 2080 2489; x_wconf 92' lang='lat' dir='ltr'>duo</span> 
     </span>
    </p>
   </div>
   <div class='ocr_carea' id='block_1_42' title="bbox 486 2523 2078 2599">
    <p class='ocr_par' dir='ltr' id='par_1_42' title="bbox 486 2523 2078 2599">
     <span class='ocr_line' id='line_1_42' title="bbox 486 2523 2078 2599; baseline -0.005 -14"><span class='ocrx_word' id='word_1_313' title='bbox 486 2530 665 2585; x_wconf 91' lang='lat' dir='ltr'>clerici</span> <span class='ocrx_word' id='word_1_314' title='bbox 696 2530 868 2586; x_wconf 89' lang='lat' dir='ltr'>virum</span> <span class='ocrx_word' id='word_1_315' title='bbox 896 2528 993 2583; x_wconf 92' lang='lat' dir='ltr'>Dei</span> <span class='ocrx_word' id='word_1_316' title='bbox 1024 2544 1120 2599; x_wconf 91' lang='lat' dir='ltr'>pro</span> <span class='ocrx_word' id='word_1_317' title='bbox 1155 2527 1360 2582; x_wconf 90' lang='lat' dir='ltr'>foribus</span> <span class='ocrx_word' id='word_1_318' title='bbox 1415 2526 1655 2582; x_wconf 65' lang='lat' dir='ltr'>ecclesia“:</span> <span class='ocrx_word' id='word_1_319' title='bbox 1709 2523 2029 2594; x_wconf 88' lang='lat' dir='ltr'>reperissent</span> <span class='ocrx_word' id='word_1_320' title='bbox 2063 2537 2078 2592; x_wconf 86' lang='lat'><strong>;</strong></span> 
     </span>
    </p>
   </div>
   <div class='ocr_carea' id='block_1_43' title="bbox 488 2620 2083 2697">
    <p class='ocr_par' dir='ltr' id='par_1_43' title="bbox 488 2620 2083 2697">
     <span class='ocr_line' id='line_1_43' title="bbox 488 2620 2083 2697; baseline -0.006 -14"><span class='ocrx_word' id='word_1_321' title='bbox 488 2633 767 2697; x_wconf 71' lang='lat' dir='ltr'>cmperunt</span> <span class='ocrx_word' id='word_1_322' title='bbox 795 2626 865 2680; x_wconf 90' lang='lat' dir='ltr'>ab</span> <span class='ocrx_word' id='word_1_323' title='bbox 895 2640 959 2680; x_wconf 94' lang='lat' dir='ltr'>eo</span> <span class='ocrx_word' id='word_1_324' title='bbox 990 2624 1249 2679; x_wconf 88' lang='lat' dir='ltr'>instanter</span> <span class='ocrx_word' id='word_1_325' title='bbox 1276 2624 1589 2679; x_wconf 87' lang='lat' dir='ltr'>alimoniam</span> <span class='ocrx_word' id='word_1_326' title='bbox 1647 2622 1935 2693; x_wconf 88' lang='lat' dir='ltr'>postulare.</span> <span class='ocrx_word' id='word_1_327' title='bbox 1988 2620 2083 2675; x_wconf 85' lang='lat' dir='ltr'>Vir</span> 
     </span>
    </p>
   </div>
   <div class='ocr_carea' id='block_1_44' title="bbox 485 2709 2079 2782">
    <p class='ocr_par' dir='ltr' id='par_1_44' title="bbox 485 2709 2079 2782">
     <span class='ocr_line' id='line_1_44' title="bbox 485 2709 2079 2782; baseline -0.006 -11"><span class='ocrx_word' id='word_1_328' title='bbox 485 2724 663 2772; x_wconf 91' lang='lat' dir='ltr'>autem</span> <span class='ocrx_word' id='word_1_329' title='bbox 694 2716 812 2782; x_wconf 90' lang='lat' dir='ltr'>Dei,</span> <span class='ocrx_word' id='word_1_330' title='bbox 846 2715 982 2770; x_wconf 91' lang='lat' dir='ltr'>sicut</span> <span class='ocrx_word' id='word_1_331' title='bbox 1012 2722 1149 2769; x_wconf 92' lang='lat' dir='ltr'>totus</span> <span class='ocrx_word' id='word_1_332' title='bbox 1203 2712 1586 2768; x_wconf 72' lang='lat' dir='ltr'>misericordiae</span> <span class='ocrx_word' id='word_1_333' title='bbox 1642 2710 1936 2767; x_wconf 83' lang='lat' dir='ltr'>visceribus</span> <span class='ocrx_word' id='word_1_334' title='bbox 1990 2709 2079 2763; x_wconf 85' lang='lat' dir='ltr'>af-</span> 
     </span>
    </p>
   </div>
   <div class='ocr_carea' id='block_1_45' title="bbox 486 2799 2077 2874">
    <p class='ocr_par' dir='ltr' id='par_1_45' title="bbox 486 2799 2077 2874">
     <span class='ocr_line' id='line_1_45' title="bbox 486 2799 2077 2874; baseline -0.005 -13"><span class='ocrx_word' id='word_1_335' title='bbox 486 2805 707 2874; x_wconf 83' lang='lat' dir='ltr'>ﬂuebat,</span> <span class='ocrx_word' id='word_1_336' title='bbox 749 2804 962 2860; x_wconf 91' lang='lat' dir='ltr'>illorum</span> <span class='ocrx_word' id='word_1_337' title='bbox 1001 2802 1224 2874; x_wconf 90' lang='lat' dir='ltr'>cupiens</span> <span class='ocrx_word' id='word_1_338' title='bbox 1280 2802 1479 2873; x_wconf 68' lang='lat' dir='ltr'>inepiaa</span> <span class='ocrx_word' id='word_1_339' title='bbox 1534 2800 1842 2866; x_wconf 86' lang='lat' dir='ltr'>subvenire,</span> <span class='ocrx_word' id='word_1_340' title='bbox 1900 2799 2077 2853; x_wconf 88' lang='lat' dir='ltr'>statim</span> 
     </span>
    </p>
   </div>
   <div class='ocr_carea' id='block_1_46' title="bbox 484 2887 2078 2965">
    <p class='ocr_par' dir='ltr' id='par_1_46' title="bbox 484 2887 2078 2965">
     <span class='ocr_line' id='line_1_46' title="bbox 484 2887 2078 2965; baseline -0.005 -16"><span class='ocrx_word' id='word_1_341' title='bbox 484 2893 773 2965; x_wconf 86' lang='lat' dir='ltr'>quemdam</span> <span class='ocrx_word' id='word_1_342' title='bbox 801 2910 830 2948; x_wconf 93' lang='lat' dir='ltr'>e</span> <span class='ocrx_word' id='word_1_343' title='bbox 866 2892 1133 2960; x_wconf 85' lang='lat' dir='ltr'>fratribus,</span> <span class='ocrx_word' id='word_1_344' title='bbox 1169 2891 1321 2960; x_wconf 87' lang='lat' dir='ltr'>cujus</span> <span class='ocrx_word' id='word_1_345' title='bbox 1351 2897 1464 2946; x_wconf 89' lang='lat' dir='ltr'>erat</span> <span class='ocrx_word' id='word_1_346' title='bbox 1496 2889 1735 2945; x_wconf 76' lang='lat' dir='ltr'>ofﬁcium</span> <span class='ocrx_word' id='word_1_347' title='bbox 1780 2887 2078 2942; x_wconf 90' lang='lat' dir='ltr'>ministrare</span> 
     </span>
    </p>
   </div>
   <div class='ocr_carea' id='block_1_47' title="bbox 487 2975 2075 3051">
    <p class='ocr_par' dir='ltr' id='par_1_47' title="bbox 487 2975 2075 3051">
     <span class='ocr_line' id='line_1_47' title="bbox 487 2975 2075 3051; baseline -0.004 -13"><span class='ocrx_word' id='word_1_348' title='bbox 487 2982 707 3051; x_wconf 89' lang='lat' dir='ltr'>mensis,</span> <span class='ocrx_word' id='word_1_349' title='bbox 750 2981 997 3039; x_wconf 88' lang='lat' dir='ltr'>accersiri</span> <span class='ocrx_word' id='word_1_350' title='bbox 1050 2980 1327 3051; x_wconf 63' lang='lat' dir='ltr'>praecepit.</span> <span class='ocrx_word' id='word_1_351' title='bbox 1388 2979 1483 3036; x_wconf 90' lang='lat' dir='ltr'>Cui</span> <span class='ocrx_word' id='word_1_352' title='bbox 1540 2994 1661 3034; x_wconf 91' lang='lat' dir='ltr'>cum</span> <span class='ocrx_word' id='word_1_353' title='bbox 1714 2975 2075 3049; x_wconf 65' lang='lat' dir='ltr'>praecepisset,</span> 
     </span>
    </p>
   </div>
   <div class='ocr_carea' id='block_1_48' title="bbox 558 3148 2074 3227">
    <p class='ocr_par' dir='ltr' id='par_1_48' title="bbox 558 3148 2074 3227">
     <span class='ocr_line' id='line_1_48' title="bbox 558 3148 2074 3227; baseline -0.005 -17"><span class='ocrx_word' id='word_1_354' title='bbox 558 3155 673 3225; x_wconf 73' lang='grc'>(32)</span> <span class='ocrx_word' id='word_1_355' title='bbox 723 3155 895 3227; x_wconf 77' lang='lat' dir='ltr'>Vulgo</span> <span class='ocrx_word' id='word_1_356' title='bbox 944 3150 1541 3227; x_wconf 61' lang='lat' dir='ltr'>Baigneux-les-Juifs,</span> <span class='ocrx_word' id='word_1_357' title='bbox 1601 3150 1654 3205; x_wconf 91' lang='lat' dir='ltr'>id</span> <span class='ocrx_word' id='word_1_358' title='bbox 1702 3157 1780 3227; x_wconf 71' lang='lat' dir='ltr'>est</span> <span class='ocrx_word' id='word_1_359' title='bbox 1834 3148 2074 3204; x_wconf 88' lang='lat' dir='ltr'>Balniola</span> 
     </span>
    </p>
   </div>
   <div class='ocr_carea' id='block_1_49' title="bbox 482 3223 2065 3301">
    <p class='ocr_par' dir='ltr' id='par_1_49' title="bbox 482 3223 2065 3301">
     <span class='ocr_line' id='line_1_49' title="bbox 482 3223 2065 3301; baseline -0.003 -21"><span class='ocrx_word' id='word_1_360' title='bbox 482 3223 1103 3301; x_wconf 31' lang='lat' dir='ltr'>iudicerumﬂoppidum</span> <span class='ocrx_word' id='word_1_361' title='bbox 1150 3224 1472 3301; x_wconf 63' lang='lat' dir='ltr'>Burgundiai</span> <span class='ocrx_word' id='word_1_362' title='bbox 1510 3239 1699 3301; x_wconf 80' lang='lat' dir='ltr'>pr_ope_</span> <span class='ocrx_word' id='word_1_363' title='bbox 1733 3223 2065 3301; x_wconf 75' lang='lat' dir='ltr'>Sequanam.</span> 
     </span>
    </p>
   </div>
   <div class='ocr_carea' id='block_1_50' title="bbox 486 3291 2073 3366">
    <p class='ocr_par' dir='ltr' id='par_1_50' title="bbox 486 3291 2073 3366">
     <span class='ocr_line' id='line_1_50' title="bbox 486 3291 2073 3366; baseline -0.004 -15"><span class='ocrx_word' id='word_1_364' title='bbox 486 3298 565 3352; x_wconf 88' lang='lat' dir='ltr'>Ita</span> <span class='ocrx_word' id='word_1_365' title='bbox 594 3291 806 3353; x_wconf 88' lang='lat' dir='ltr'>notatur</span> <span class='ocrx_word' id='word_1_366' title='bbox 833 3291 895 3351; x_wconf 73' lang='lat' dir='ltr'>iri</span> <span class='ocrx_word' id='word_1_367' title='bbox 917 3291 1217 3366; x_wconf 58' lang='lat' dir='ltr'>hlphabeto</span> <span class='ocrx_word' id='word_1_368' title='bbox 1258 3291 1528 3350; x_wconf 56' lang='lat' dir='ltr'>Francico&#39;</span> <span class='ocrx_word' id='word_1_369' title='bbox 1560 3291 1625 3366; x_wconf 61' lang='lat' dir='ltr'>PI</span> <span class='ocrx_word' id='word_1_370' title='bbox 1662 3291 1855 3366; x_wconf 76' lang='lat' dir='ltr'>Duval_,</span> <span class='ocrx_word' id='word_1_371' title='bbox 1915 3291 2073 3345; x_wconf 87' lang='lat' dir='ltr'>vide-</span> 
     </span>
    </p>
   </div>
   <div class='ocr_carea' id='block_1_51' title="bbox 488 3363 2074 3437">
    <p class='ocr_par' dir='ltr' id='par_1_51' title="bbox 488 3363 2074 3437">
     <span class='ocr_line' id='line_1_51' title="bbox 488 3363 2074 3437; baseline -0.004 -15"><span class='ocrx_word' id='word_1_372' title='bbox 488 3374 673 3437; x_wconf 88' lang='lat' dir='ltr'>turque</span> <span class='ocrx_word' id='word_1_373' title='bbox 705 3369 846 3424; x_wconf 88' lang='lat' dir='ltr'>idem</span> <span class='ocrx_word' id='word_1_374' title='bbox 876 3363 998 3423; x_wconf 79' lang='lat' dir='ltr'>esse</span> <span class='ocrx_word' id='word_1_375' title='bbox 1023 3368 1165 3437; x_wconf 89' lang='lat' dir='ltr'>quod</span> <span class='ocrx_word' id='word_1_376' title='bbox 1197 3367 1251 3420; x_wconf 88' lang='lat' dir='ltr'>in</span> <span class='ocrx_word' id='word_1_377' title='bbox 1280 3366 1505 3437; x_wconf 70' lang='lat' dir='ltr'>Tabula</span> <span class='ocrx_word' id='word_1_378' title='bbox 1550 3363 1771 3419; x_wconf 85' lang='lat' dir='ltr'>ducatus</span> <span class='ocrx_word' id='word_1_379' title='bbox 1824 3364 2074 3437; x_wconf 82' lang='lat' dir='ltr'>Burgun-</span> 
     </span>
    </p>
   </div>
   <div class='ocr_carea' id='block_1_52' title="bbox 485 3435 2077 3509">
    <p class='ocr_par' dir='ltr' id='par_1_52' title="bbox 485 3435 2077 3509">
     <span class='ocr_line' id='line_1_52' title="bbox 485 3435 2077 3509; baseline -0.003 -18"><span class='ocrx_word' id='word_1_380' title='bbox 485 3435 868 3509; x_wconf 82' lang='lat' dir='ltr'>diciscribitur</span> <span class='ocrx_word' id='word_1_381' title='bbox 908 3435 1111 3509; x_wconf 81' lang='lat' dir='ltr'>absque</span> <span class='ocrx_word' id='word_1_382' title='bbox 1167 3436 1350 3492; x_wconf 88' lang='lat' dir='ltr'>addito</span> <span class='ocrx_word' id='word_1_383' title='bbox 1410 3438 1706 3509; x_wconf 73' lang='lat' dir='ltr'>Bagnaux,</span> <span class='ocrx_word' id='word_1_384' title='bbox 1763 3450 1869 3509; x_wconf 84' lang='lat' dir='ltr'>una</span> <span class='ocrx_word' id='word_1_385' title='bbox 1925 3435 2077 3509; x_wconf 81' lang='lat' dir='ltr'>leuca</span> 
     </span>
    </p>
   </div>
   <div class='ocr_carea' id='block_1_53' title="bbox 484 3504 2077 3575">
    <p class='ocr_par' dir='ltr' id='par_1_53' title="bbox 484 3504 2077 3575">
     <span class='ocr_line' id='line_1_53' title="bbox 484 3504 2077 3575; baseline -0.002 -14"><span class='ocrx_word' id='word_1_386' title='bbox 484 3508 686 3564; x_wconf 90' lang='lat' dir='ltr'>distans</span> <span class='ocrx_word' id='word_1_387' title='bbox 715 3527 747 3564; x_wconf 90' lang='lat' dir='ltr'>a</span> <span class='ocrx_word' id='word_1_388' title='bbox 786 3504 1053 3574; x_wconf 53' lang='lat' dir='ltr'>Molismo&#39;,</span> <span class='ocrx_word' id='word_1_389' title='bbox 1113 3509 1179 3562; x_wconf 90' lang='lat' dir='ltr'>ad</span> <span class='ocrx_word' id='word_1_390' title='bbox 1238 3524 1358 3563; x_wconf 91' lang='lat' dir='ltr'>eum</span> <span class='ocrx_word' id='word_1_391' title='bbox 1418 3504 1648 3561; x_wconf 73' lang='lat' dir='ltr'>rivulum</span> <span class='ocrx_word' id='word_1_392' title='bbox 1707 3506 1797 3575; x_wconf 90' lang='lat' dir='ltr'>qui</span> <span class='ocrx_word' id='word_1_393' title='bbox 1850 3521 1965 3559; x_wconf 89' lang='lat' dir='ltr'>sese</span> <span class='ocrx_word' id='word_1_394' title='bbox 2022 3504 2077 3558; x_wconf 89' lang='lat' dir='ltr'>in</span> 
     </span>
    </p>
   </div>
   <div class='ocr_carea' id='block_1_54' title="bbox 483 3577 1868 3649">
    <p class='ocr_par' dir='ltr' id='par_1_54' title="bbox 483 3577 1868 3649">
     <span class='ocr_line' id='line_1_54' title="bbox 483 3577 1868 3649; baseline -0.001 -17"><span class='ocrx_word' id='word_1_395' title='bbox 483 3577 795 3649; x_wconf 88' lang='lat' dir='ltr'>Sequanam</span> <span class='ocrx_word' id='word_1_396' title='bbox 827 3589 1084 3635; x_wconf 84' lang='lat' dir='ltr'>exonerat</span> <span class='ocrx_word' id='word_1_397' title='bbox 1113 3579 1254 3633; x_wconf 90' lang='lat' dir='ltr'>infra</span> <span class='ocrx_word' id='word_1_398' title='bbox 1280 3580 1503 3649; x_wconf 87' lang='lat' dir='ltr'>Barrum</span> <span class='ocrx_word' id='word_1_399' title='bbox 1536 3577 1868 3649; x_wconf 76' lang='lat' dir='ltr'>praedictum.</span> 
     </span>
    </p>
   </div>
   <div class='ocr_carea' id='block_1_55' title="bbox 556 3646 2079 3721">
    <p class='ocr_par' dir='ltr' id='par_1_55' title="bbox 556 3646 2079 3721">
     <span class='ocr_line' id='line_1_55' title="bbox 556 3646 2079 3721; baseline -0.004 -15"><span class='ocrx_word' id='word_1_400' title='bbox 556 3646 670 3721; x_wconf 72' lang='lat'>(33)</span> <span class='ocrx_word' id='word_1_401' title='bbox 733 3651 962 3705; x_wconf 76' lang='lat' dir='ltr'>Michael</span> <span class='ocrx_word' id='word_1_402' title='bbox 1015 3650 1278 3705; x_wconf 84' lang='lat' dir='ltr'>Antonius</span> <span class='ocrx_word' id='word_1_403' title='bbox 1332 3646 1638 3715; x_wconf 28' lang='lat' dir='ltr'>Baudra’nd,</span> <span class='ocrx_word' id='word_1_404' title='bbox 1699 3647 1789 3719; x_wconf 90' lang='lat' dir='ltr'>qui</span> <span class='ocrx_word' id='word_1_405' title='bbox 1844 3646 2079 3702; x_wconf 77' lang='lat' dir='ltr'>Lexicon</span> 
     </span>
    </p>
   </div>
   <div class='ocr_carea' id='block_1_56' title="bbox 2191 1805 3802 1878">
    <p class='ocr_par' dir='ltr' id='par_1_56' title="bbox 2191 1805 3802 1878">
     <span class='ocr_line' id='line_1_56' title="bbox 2191 1805 3802 1878; baseline 0.001 -18"><span class='ocrx_word' id='word_1_406' title='bbox 2191 1805 2392 1861; x_wconf 83' lang='lat' dir='ltr'>ﬂuebat</span> <span class='ocrx_word' id='word_1_407' title='bbox 2420 1806 2722 1877; x_wconf 66' lang='lat' dir='ltr'>praecipites</span> <span class='ocrx_word' id='word_1_408' title='bbox 2749 1805 2932 1860; x_wconf 89' lang='lat' dir='ltr'>dedit:</span> <span class='ocrx_word' id='word_1_409' title='bbox 2964 1806 3153 1861; x_wconf 89' lang='lat' dir='ltr'>nolens</span> <span class='ocrx_word' id='word_1_410' title='bbox 3178 1806 3233 1859; x_wconf 90' lang='lat' dir='ltr'>in</span> <span class='ocrx_word' id='word_1_411' title='bbox 3259 1806 3386 1860; x_wconf 78' lang='lat' dir='ltr'>filiis</span> <span class='ocrx_word' id='word_1_412' title='bbox 3430 1806 3537 1860; x_wconf 85' lang='lat' dir='ltr'>Dei</span> <span class='ocrx_word' id='word_1_413' title='bbox 3585 1807 3802 1878; x_wconf 72' lang='lat' dir='ltr'>culpam</span> 
     </span>
    </p>
   </div>
   <div class='ocr_carea' id='block_1_57' title="bbox 2190 1903 3807 1975">
    <p class='ocr_par' dir='ltr' id='par_1_57' title="bbox 2190 1903 3807 1975">
     <span class='ocr_line' id='line_1_57' title="bbox 2190 1903 3807 1975; baseline 0.001 -17"><span class='ocrx_word' id='word_1_414' title='bbox 2190 1903 2570 1959; x_wconf 67' lang='lat' dir='ltr'>inobedientiaa</span> <span class='ocrx_word' id='word_1_415' title='bbox 2597 1903 2844 1973; x_wconf 89' lang='lat' dir='ltr'>reperiri.</span> <span class='ocrx_word' id='word_1_416' title='bbox 2877 1906 2945 1958; x_wconf 81' lang='lat' dir='ltr'>At</span> <span class='ocrx_word' id='word_1_417' title='bbox 2972 1919 3100 1959; x_wconf 84' lang='lat' dir='ltr'>vero</span> <span class='ocrx_word' id='word_1_418' title='bbox 3129 1903 3303 1958; x_wconf 89' lang='lat' dir='ltr'>zelum</span> <span class='ocrx_word' id='word_1_419' title='bbox 3346 1904 3519 1975; x_wconf 87' lang='lat' dir='ltr'>ipsius</span> <span class='ocrx_word' id='word_1_420' title='bbox 3551 1905 3710 1959; x_wconf 86' lang='lat' dir='ltr'>Deus</span> <span class='ocrx_word' id='word_1_421' title='bbox 3743 1921 3807 1960; x_wconf 77' lang='lat' dir='ltr'>ex</span> 
     </span>
    </p>
   </div>
   <div class='ocr_carea' id='block_1_58' title="bbox 2192 1992 3807 2064">
    <p class='ocr_par' dir='ltr' id='par_1_58' title="bbox 2192 1992 3807 2064">
     <span class='ocr_line' id='line_1_58' title="bbox 2192 1992 3807 2064; baseline 0 -16"><span class='ocrx_word' id='word_1_422' title='bbox 2192 1994 2300 2048; x_wconf 90' lang='lat' dir='ltr'>alto</span> <span class='ocrx_word' id='word_1_423' title='bbox 2330 1994 2684 2064; x_wconf 82' lang='lat' dir='ltr'>prospiciens,</span> <span class='ocrx_word' id='word_1_424' title='bbox 2711 1994 2825 2064; x_wconf 91' lang='lat' dir='ltr'>jam</span> <span class='ocrx_word' id='word_1_425' title='bbox 2858 1992 3176 2063; x_wconf 89' lang='lat' dir='ltr'>quibusdam</span> <span class='ocrx_word' id='word_1_426' title='bbox 3221 1992 3436 2048; x_wconf 81' lang='lat' dir='ltr'>devotis</span> <span class='ocrx_word' id='word_1_427' title='bbox 3482 1994 3807 2048; x_wconf 72' lang='lat' dir='ltr'>mulieribus</span> 
     </span>
    </p>
   </div>
   <div class='ocr_carea' id='block_1_59' title="bbox 2191 2081 3809 2153">
    <p class='ocr_par' dir='ltr' id='par_1_59' title="bbox 2191 2081 3809 2153">
     <span class='ocr_line' id='line_1_59' title="bbox 2191 2081 3809 2153; baseline 0.001 -17"><span class='ocrx_word' id='word_1_428' title='bbox 2191 2081 2259 2137; x_wconf 90' lang='lat' dir='ltr'>de</span> <span class='ocrx_word' id='word_1_429' title='bbox 2290 2082 2609 2138; x_wconf 89' lang='lat' dir='ltr'>Castellione</span> <span class='ocrx_word' id='word_1_430' title='bbox 2639 2082 2755 2153; x_wconf 79' lang='lat'>(34)</span> <span class='ocrx_word' id='word_1_431' title='bbox 2786 2081 3159 2151; x_wconf 83' lang='lat' dir='ltr'>inspiraverat,</span> <span class='ocrx_word' id='word_1_432' title='bbox 3190 2090 3250 2136; x_wconf 91' lang='lat' dir='ltr'>ut</span> <span class='ocrx_word' id='word_1_433' title='bbox 3296 2098 3471 2153; x_wconf 89' lang='lat' dir='ltr'>panes</span> <span class='ocrx_word' id='word_1_434' title='bbox 3527 2082 3809 2138; x_wconf 82' lang='lat' dir='ltr'>deferrent</span> 
     </span>
    </p>
   </div>
   <div class='ocr_carea' id='block_1_60' title="bbox 2192 2169 3804 2226">
    <p class='ocr_par' dir='ltr' id='par_1_60' title="bbox 2192 2169 3804 2226">
     <span class='ocr_line' id='line_1_60' title="bbox 2192 2169 3804 2226; baseline 0 -1"><span class='ocrx_word' id='word_1_435' title='bbox 2192 2171 2444 2225; x_wconf 89' lang='lat' dir='ltr'>fratribus</span> <span class='ocrx_word' id='word_1_436' title='bbox 2470 2170 2774 2226; x_wconf 89' lang='lat' dir='ltr'>refecturis.</span> <span class='ocrx_word' id='word_1_437' title='bbox 2816 2170 2908 2225; x_wconf 90' lang='lat' dir='ltr'>Vir</span> <span class='ocrx_word' id='word_1_438' title='bbox 2926 2170 3070 2224; x_wconf 91' lang='lat' dir='ltr'>enim</span> <span class='ocrx_word' id='word_1_439' title='bbox 3103 2170 3201 2225; x_wconf 91' lang='lat' dir='ltr'>Dei</span> <span class='ocrx_word' id='word_1_440' title='bbox 3232 2170 3292 2225; x_wconf 87' lang='grc' dir='ltr'>Β.</span> <span class='ocrx_word' id='word_1_441' title='bbox 3346 2169 3629 2226; x_wconf 83' lang='lat' dir='ltr'>Robertus</span> <span class='ocrx_word' id='word_1_442' title='bbox 3686 2171 3804 2225; x_wconf 83' lang='lat' dir='ltr'>inde</span> 
     </span>
    </p>
   </div>
   <div class='ocr_carea' id='block_1_61' title="bbox 2188 2258 3803 2332">
    <p class='ocr_par' dir='ltr' id='par_1_61' title="bbox 2188 2258 3803 2332">
     <span class='ocr_line' id='line_1_61' title="bbox 2188 2258 3803 2332; baseline 0.001 -19"><span class='ocrx_word' id='word_1_443' title='bbox 2188 2258 2521 2332; x_wconf 88' lang='lat' dir='ltr'>regrediens,</span> <span class='ocrx_word' id='word_1_444' title='bbox 2570 2259 2639 2313; x_wconf 88' lang='lat' dir='ltr'>ad</span> <span class='ocrx_word' id='word_1_445' title='bbox 2697 2265 2908 2330; x_wconf 90' lang='lat' dir='ltr'>portam</span> <span class='ocrx_word' id='word_1_446' title='bbox 2966 2258 3275 2313; x_wconf 87' lang='lat' dir='ltr'>monasterii</span> <span class='ocrx_word' id='word_1_447' title='bbox 3335 2267 3443 2314; x_wconf 85' lang='lat' dir='ltr'>tres</span> <span class='ocrx_word' id='word_1_448' title='bbox 3500 2260 3803 2332; x_wconf 73' lang='lat' dir='ltr'>quadrigas</span> 
     </span>
    </p>
   </div>
   <div class='ocr_carea' id='block_1_62' title="bbox 2190 2355 3802 2427">
    <p class='ocr_par' dir='ltr' id='par_1_62' title="bbox 2190 2355 3802 2427">
     <span class='ocr_line' id='line_1_62' title="bbox 2190 2355 3802 2427; baseline 0.001 -17"><span class='ocrx_word' id='word_1_449' title='bbox 2190 2356 2396 2411; x_wconf 85' lang='lat' dir='ltr'>invenit</span> <span class='ocrx_word' id='word_1_450' title='bbox 2424 2355 2658 2427; x_wconf 89' lang='lat' dir='ltr'>panibus</span> <span class='ocrx_word' id='word_1_451' title='bbox 2687 2364 2956 2424; x_wconf 89' lang='lat' dir='ltr'>oneratas,</span> <span class='ocrx_word' id='word_1_452' title='bbox 2991 2373 3124 2426; x_wconf 88' lang='lat' dir='ltr'>quas</span> <span class='ocrx_word' id='word_1_453' title='bbox 3176 2356 3244 2411; x_wconf 89' lang='lat' dir='ltr'>de</span> <span class='ocrx_word' id='word_1_454' title='bbox 3302 2357 3645 2412; x_wconf 87' lang='lat' dir='ltr'>Castellione</span> <span class='ocrx_word' id='word_1_455' title='bbox 3695 2357 3802 2427; x_wconf 83' lang='lat' dir='ltr'>jam</span> 
     </span>
    </p>
   </div>
   <div class='ocr_carea' id='block_1_63' title="bbox 2189 2444 3798 2502">
    <p class='ocr_par' dir='ltr' id='par_1_63' title="bbox 2189 2444 3798 2502">
     <span class='ocr_line' id='line_1_63' title="bbox 2189 2444 3798 2502; baseline 0.001 -3"><span class='ocrx_word' id='word_1_456' title='bbox 2189 2444 2345 2500; x_wconf 76' lang='lat' dir='ltr'>dieue</span> <span class='ocrx_word' id='word_1_457' title='bbox 2378 2445 2629 2501; x_wconf 90' lang='lat' dir='ltr'>mulieres</span> <span class='ocrx_word' id='word_1_458' title='bbox 2658 2445 2726 2500; x_wconf 90' lang='lat' dir='ltr'>ad</span> <span class='ocrx_word' id='word_1_459' title='bbox 2772 2444 3119 2501; x_wconf 87' lang='lat' dir='ltr'>refectionem</span> <span class='ocrx_word' id='word_1_460' title='bbox 3150 2444 3373 2501; x_wconf 85' lang='lat' dir='ltr'>fratrum</span> <span class='ocrx_word' id='word_1_461' title='bbox 3431 2446 3798 2502; x_wconf 76' lang='lat' dir='ltr'>adduxerant.</span> 
     </span>
    </p>
   </div>
   <div class='ocr_carea' id='block_1_64' title="bbox 2189 2533 3802 2602">
    <p class='ocr_par' dir='ltr' id='par_1_64' title="bbox 2189 2533 3802 2602">
     <span class='ocr_line' id='line_1_64' title="bbox 2189 2533 3802 2602; baseline 0.001 -14"><span class='ocrx_word' id='word_1_462' title='bbox 2189 2534 2337 2589; x_wconf 85' lang='lat' dir='ltr'>Tunc</span> <span class='ocrx_word' id='word_1_463' title='bbox 2367 2534 2451 2589; x_wconf 90' lang='lat' dir='ltr'>vir</span> <span class='ocrx_word' id='word_1_464' title='bbox 2480 2534 2597 2602; x_wconf 90' lang='lat' dir='ltr'>Dei,</span> <span class='ocrx_word' id='word_1_465' title='bbox 2652 2534 2904 2589; x_wconf 82' lang='lat' dir='ltr'>fratribus</span> <span class='ocrx_word' id='word_1_466' title='bbox 2955 2534 3281 2602; x_wconf 84' lang='lat' dir='ltr'>convocatis,</span> <span class='ocrx_word' id='word_1_467' title='bbox 3341 2533 3700 2589; x_wconf 81' lang='lat' dir='ltr'>diffidentem</span> <span class='ocrx_word' id='word_1_468' title='bbox 3755 2543 3802 2589; x_wconf 85' lang='lat' dir='ltr'>et</span> 
     </span>
    </p>
   </div>
   <div class='ocr_carea' id='block_1_65' title="bbox 2188 2622 3800 2695">
    <p class='ocr_par' dir='ltr' id='par_1_65' title="bbox 2188 2622 3800 2695">
     <span class='ocr_line' id='line_1_65' title="bbox 2188 2622 3800 2695; baseline 0.001 -18"><span class='ocrx_word' id='word_1_469' title='bbox 2188 2622 2586 2677; x_wconf 88' lang='lat' dir='ltr'>inobedientem</span> <span class='ocrx_word' id='word_1_470' title='bbox 2618 2622 2835 2678; x_wconf 87' lang='lat' dir='ltr'>fratrem</span> <span class='ocrx_word' id='word_1_471' title='bbox 2866 2639 3047 2678; x_wconf 89' lang='lat' dir='ltr'>coram</span> <span class='ocrx_word' id='word_1_472' title='bbox 3076 2623 3279 2678; x_wconf 91' lang='lat' dir='ltr'>cunctis</span> <span class='ocrx_word' id='word_1_473' title='bbox 3314 2622 3631 2695; x_wconf 84' lang='lat' dir='ltr'>redarguit,</span> <span class='ocrx_word' id='word_1_474' title='bbox 3679 2640 3800 2678; x_wconf 86' lang='lat' dir='ltr'>cun-</span> 
     </span>
    </p>
   </div>
   <div class='ocr_carea' id='block_1_66' title="bbox 2186 2710 3799 2782">
    <p class='ocr_par' dir='ltr' id='par_1_66' title="bbox 2186 2710 3799 2782">
     <span class='ocr_line' id='line_1_66' title="bbox 2186 2710 3799 2782; baseline 0.001 -17"><span class='ocrx_word' id='word_1_475' title='bbox 2186 2719 2408 2781; x_wconf 91' lang='lat' dir='ltr'>ctosque</span> <span class='ocrx_word' id='word_1_476' title='bbox 2448 2711 2654 2779; x_wconf 71' lang='lat' dir='ltr'>fratres,</span> <span class='ocrx_word' id='word_1_477' title='bbox 2715 2711 2784 2766; x_wconf 89' lang='lat' dir='ltr'>ad</span> <span class='ocrx_word' id='word_1_478' title='bbox 2841 2710 3275 2782; x_wconf 70' lang='lat' dir='ltr'>priesumendum</span> <span class='ocrx_word' id='word_1_479' title='bbox 3335 2711 3404 2766; x_wconf 88' lang='lat' dir='ltr'>de</span> <span class='ocrx_word' id='word_1_480' title='bbox 3464 2713 3569 2767; x_wconf 88' lang='lat' dir='ltr'>Dei</span> <span class='ocrx_word' id='word_1_481' title='bbox 3633 2713 3799 2767; x_wconf 86' lang='lat' dir='ltr'>mise-</span> 
     </span>
    </p>
   </div>
   <div class='ocr_carea' id='block_1_67' title="bbox 2185 2799 3798 2857">
    <p class='ocr_par' dir='ltr' id='par_1_67' title="bbox 2185 2799 3798 2857">
     <span class='ocr_line' id='line_1_67' title="bbox 2185 2799 3798 2857; baseline 0.002 -4"><span class='ocrx_word' id='word_1_482' title='bbox 2185 2799 2418 2855; x_wconf 84' lang='lat' dir='ltr'>ricordia</span> <span class='ocrx_word' id='word_1_483' title='bbox 2447 2799 2502 2853; x_wconf 92' lang='lat' dir='ltr'>in</span> <span class='ocrx_word' id='word_1_484' title='bbox 2551 2800 2958 2856; x_wconf 86' lang='lat' dir='ltr'>necessitatibus</span> <span class='ocrx_word' id='word_1_485' title='bbox 3012 2800 3231 2856; x_wconf 87' lang='lat' dir='ltr'>monitis</span> <span class='ocrx_word' id='word_1_486' title='bbox 3286 2800 3626 2857; x_wconf 79' lang='lat' dir='ltr'>salutaribus</span> <span class='ocrx_word' id='word_1_487' title='bbox 3681 2801 3798 2856; x_wconf 83' lang='lat' dir='ltr'>ani-</span> 
     </span>
    </p>
   </div>
   <div class='ocr_carea' id='block_1_68' title="bbox 2186 2888 2521 2962">
    <p class='ocr_par' dir='ltr' id='par_1_68' title="bbox 2186 2888 2521 2962">
     <span class='ocr_line' id='line_1_68' title="bbox 2186 2888 2521 2962; baseline 0.006 -20"><span class='ocrx_word' id='word_1_488' title='bbox 2186 2889 2355 2944; x_wconf 88' lang='lat' dir='ltr'>mavit</span> <span class='ocrx_word' id='word_1_489' title='bbox 2382 2888 2521 2962; x_wconf 83' lang='lat'>(35).</span> 
     </span>
    </p>
   </div>
   <div class='ocr_carea' id='block_1_69' title="bbox 2180 3143 3792 3229">
    <p class='ocr_par' dir='ltr' id='par_1_69' title="bbox 2180 3143 3792 3229">
     <span class='ocr_line' id='line_1_69' title="bbox 2180 3143 3792 3229; baseline 0.001 -27"><span class='ocrx_word' id='word_1_490' title='bbox 2180 3145 2861 3229; x_wconf 65' lang='lat' dir='ltr'>gecgrapliicum_li‘_errarii</span> <span class='ocrx_word' id='word_1_491' title='bbox 2888 3143 3292 3229; x_wconf 36' lang='lat' dir='ltr'>dimidia-parte</span> <span class='ocrx_word' id='word_1_492' title='bbox 3336 3146 3552 3229; x_wconf 74' lang='lat' dir='ltr'>auctius</span> <span class='ocrx_word' id='word_1_493' title='bbox 3610 3163 3792 3220; x_wconf 86' lang='lat' dir='ltr'>nuper</span> 
     </span>
    </p>
   </div>
   <div class='ocr_carea' id='block_1_70' title="bbox 2182 3217 3798 3290">
    <p class='ocr_par' dir='ltr' id='par_1_70' title="bbox 2182 3217 3798 3290">
     <span class='ocr_line' id='line_1_70' title="bbox 2182 3217 3798 3290; baseline -0.002 -14"><span class='ocrx_word' id='word_1_494' title='bbox 2182 3217 2443 3289; x_wconf 64' lang='lat' dir='ltr'>vulgavit,</span> <span class='ocrx_word' id='word_1_495' title='bbox 2476 3218 2541 3273; x_wconf 88' lang='lat' dir='ltr'>de</span> <span class='ocrx_word' id='word_1_496' title='bbox 2574 3219 2820 3290; x_wconf 82' lang='lat' dir='ltr'>Molismo</span> <span class='ocrx_word' id='word_1_497' title='bbox 2862 3217 3247 3290; x_wconf 15' lang='lat' dir='ltr'>agens,rsitum</span> <span class='ocrx_word' id='word_1_498' title='bbox 3284 3219 3385 3290; x_wconf 12' lang='lat' dir='ltr'>fait</span> <span class='ocrx_word' id='word_1_499' title='bbox 3444 3218 3520 3273; x_wconf 85' lang='lat' dir='ltr'>ad</span> <span class='ocrx_word' id='word_1_500' title='bbox 3577 3217 3798 3273; x_wconf 74' lang='lat' dir='ltr'>amnem</span> 
     </span>
    </p>
   </div>
   <div class='ocr_carea' id='block_1_71' title="bbox 2182 3288 3795 3363">
    <p class='ocr_par' dir='ltr' id='par_1_71' title="bbox 2182 3288 3795 3363">
     <span class='ocr_line' id='line_1_71' title="bbox 2182 3288 3795 3363; baseline 0 -16"><span class='ocrx_word' id='word_1_501' title='bbox 2182 3288 2387 3363; x_wconf 79' lang='lat' dir='ltr'>Leiyne</span> <span class='ocrx_word' id='word_1_502' title='bbox 2414 3289 2619 3363; x_wconf 77' lang='lat' dir='ltr'>(Latine</span> <span class='ocrx_word' id='word_1_503' title='bbox 2651 3288 2868 3344; x_wconf 89' lang='lat' dir='ltr'>Leniam</span> <span class='ocrx_word' id='word_1_504' title='bbox 2900 3288 2994 3343; x_wconf 81' lang='lat' dir='ltr'>seu</span> <span class='ocrx_word' id='word_1_505' title='bbox 3018 3289 3239 3363; x_wconf 72' lang='lat' dir='ltr'>Lineam</span> <span class='ocrx_word' id='word_1_506' title='bbox 3264 3289 3494 3359; x_wconf 81' lang='lat' dir='ltr'>dixeris)</span> <span class='ocrx_word' id='word_1_507' title='bbox 3535 3290 3632 3346; x_wconf 83' lang='lat' dir='ltr'>hic</span> <span class='ocrx_word' id='word_1_508' title='bbox 3673 3308 3795 3347; x_wconf 75' lang='lat' dir='ltr'>vero</span> 
     </span>
    </p>
   </div>
   <div class='ocr_carea' id='block_1_72' title="bbox 2182 3360 3242 3431">
    <p class='ocr_par' dir='ltr' id='par_1_72' title="bbox 2182 3360 3242 3431">
     <span class='ocr_line' id='line_1_72' title="bbox 2182 3360 3242 3431; baseline -0.004 -14"><span class='ocrx_word' id='word_1_509' title='bbox 2182 3360 2345 3431; x_wconf 76' lang='lat' dir='ltr'>supra</span> <span class='ocrx_word' id='word_1_510' title='bbox 2374 3363 2566 3415; x_wconf 88' lang='lat' dir='ltr'>Barum</span> <span class='ocrx_word' id='word_1_511' title='bbox 2588 3361 2854 3431; x_wconf 60' lang='lat' dir='ltr'>Sequana:</span> <span class='ocrx_word' id='word_1_512' title='bbox 2881 3377 2997 3414; x_wconf 86' lang='lat' dir='ltr'>sese</span> <span class='ocrx_word' id='word_1_513' title='bbox 3026 3360 3242 3431; x_wconf 83' lang='lat' dir='ltr'>ingerit.</span> 
     </span>
    </p>
   </div>
   <div class='ocr_carea' id='block_1_73' title="bbox 2257 3430 3793 3502">
    <p class='ocr_par' dir='ltr' id='par_1_73' title="bbox 2257 3430 3793 3502">
     <span class='ocr_line' id='line_1_73' title="bbox 2257 3430 3793 3502; baseline 0.001 -16"><span class='ocrx_word' id='word_1_514' title='bbox 2257 3430 2372 3502; x_wconf 76' lang='grc'>(34)</span> <span class='ocrx_word' id='word_1_515' title='bbox 2403 3432 2652 3502; x_wconf 81' lang='lat' dir='ltr'>Castellio</span> <span class='ocrx_word' id='word_1_516' title='bbox 2681 3430 2943 3499; x_wconf 89' lang='lat' dir='ltr'>oppidum</span> <span class='ocrx_word' id='word_1_517' title='bbox 2972 3430 3042 3486; x_wconf 91' lang='lat' dir='ltr'>ad</span> <span class='ocrx_word' id='word_1_518' title='bbox 3098 3432 3430 3502; x_wconf 86' lang='lat' dir='ltr'>Sequanam,</span> <span class='ocrx_word' id='word_1_519' title='bbox 3495 3432 3678 3487; x_wconf 84' lang='lat' dir='ltr'>tribus</span> <span class='ocrx_word' id='word_1_520' title='bbox 3730 3433 3793 3487; x_wconf 75' lang='lat' dir='ltr'>ad</span> 
     </span>
    </p>
   </div>
   <div class='ocr_carea' id='block_1_74' title="bbox 2186 3501 3170 3559">
    <p class='ocr_par' dir='ltr' id='par_1_74' title="bbox 2186 3501 3170 3559">
     <span class='ocr_line' id='line_1_74' title="bbox 2186 3501 3170 3559; baseline -0.003 0"><span class='ocrx_word' id='word_1_521' title='bbox 2186 3501 2445 3559; x_wconf 85' lang='lat' dir='ltr'>orientem</span> <span class='ocrx_word' id='word_1_522' title='bbox 2479 3501 2643 3557; x_wconf 89' lang='lat' dir='ltr'>leucis</span> <span class='ocrx_word' id='word_1_523' title='bbox 2672 3503 2917 3556; x_wconf 83' lang='lat' dir='ltr'>Molismo</span> <span class='ocrx_word' id='word_1_524' title='bbox 2948 3501 3170 3556; x_wconf 87' lang='lat' dir='ltr'>distans.</span> 
     </span>
    </p>
   </div>
   <div class='ocr_carea' id='block_1_75' title="bbox 2256 3573 3791 3645">
    <p class='ocr_par' dir='ltr' id='par_1_75' title="bbox 2256 3573 3791 3645">
     <span class='ocr_line' id='line_1_75' title="bbox 2256 3573 3791 3645; baseline 0.001 -16"><span class='ocrx_word' id='word_1_525' title='bbox 2256 3575 2371 3645; x_wconf 77' lang='grc'>(35)</span> <span class='ocrx_word' id='word_1_526' title='bbox 2425 3574 2589 3628; x_wconf 91' lang='lat' dir='ltr'>Totus</span> <span class='ocrx_word' id='word_1_527' title='bbox 2645 3573 2732 3627; x_wconf 87' lang='lat' dir='ltr'>hic</span> <span class='ocrx_word' id='word_1_528' title='bbox 2787 3575 3158 3645; x_wconf 87' lang='lat' dir='ltr'>paragraphus</span> <span class='ocrx_word' id='word_1_529' title='bbox 3212 3573 3444 3630; x_wconf 88' lang='lat' dir='ltr'>habetur</span> <span class='ocrx_word' id='word_1_530' title='bbox 3499 3574 3562 3629; x_wconf 87' lang='lat' dir='ltr'>in</span> <span class='ocrx_word' id='word_1_531' title='bbox 3641 3573 3791 3631; x_wconf 82' lang='lat' dir='ltr'>Suria</span> 
     </span>
    </p>
   </div>
   <div class='ocr_carea' id='block_1_76' title="bbox 2186 3647 3005 3717">
    <p class='ocr_par' dir='ltr' id='par_1_76' title="bbox 2186 3647 3005 3717">
     <span class='ocr_line' id='line_1_76' title="bbox 2186 3647 3005 3717; baseline -0.004 -17"><span class='ocrx_word' id='word_1_532' title='bbox 2186 3653 2309 3717; x_wconf 89' lang='lat' dir='ltr'>post</span> <span class='ocrx_word' id='word_1_533' title='bbox 2337 3660 2618 3699; x_wconf 89' lang='lat' dir='ltr'>numerum</span> <span class='ocrx_word' id='word_1_534' title='bbox 2647 3651 2887 3699; x_wconf 90' lang='lat' dir='ltr'>nostrum</span> <span class='ocrx_word' id='word_1_535' title='bbox 2920 3647 3005 3699; x_wconf 79' lang='lat' dir='ltr'>H.</span> 
     </span>
    </p>
   </div>
   <div class='ocr_carea' id='block_1_77' title="bbox 1182 3960 3084 4071">
    <p class='ocr_par' dir='ltr' id='par_1_77' title="bbox 1182 3960 3084 4071">
     <span class='ocr_line' id='line_1_77' title="bbox 1182 3960 3084 4071; baseline -0.003 0"><span class='ocrx_word' id='word_1_536' title='bbox 1182 3962 1914 4071; x_wconf 84' lang='lat' dir='ltr'>PROCESSUS</span> <span class='ocrx_word' id='word_1_537' title='bbox 2026 3960 3084 4068; x_wconf 84' lang='lat' dir='ltr'><strong>CANONIZATIONIS</strong></span> 
     </span>
    </p>
   </div>
   <div class='ocr_carea' id='block_1_78' title="bbox 546 4455 3787 4530">
    <p class='ocr_par' dir='ltr' id='par_1_78' title="bbox 546 4455 3787 4530">
     <span class='ocr_line' id='line_1_78' title="bbox 546 4455 3787 4530; baseline -0.002 -8"><span class='ocrx_word' id='word_1_538' title='bbox 546 4469 635 4522; x_wconf 64' lang='lat'>2-5.</span> <span class='ocrx_word' id='word_1_539' title='bbox 668 4467 952 4520; x_wconf 86' lang='lat' dir='ltr'>Processus</span> <span class='ocrx_word' id='word_1_540' title='bbox 997 4462 1086 4519; x_wconf 87' lang='lat' dir='ltr'>hic</span> <span class='ocrx_word' id='word_1_541' title='bbox 1141 4460 1561 4519; x_wconf 87' lang='lat' dir='ltr'>canonizationis</span> <span class='ocrx_word' id='word_1_542' title='bbox 1614 4474 1723 4514; x_wconf 88' lang='lat' dir='ltr'>una</span> <span class='ocrx_word' id='word_1_543' title='bbox 1776 4473 1898 4514; x_wconf 90' lang='lat' dir='ltr'>cum</span> <span class='ocrx_word' id='word_1_544' title='bbox 1956 4455 2070 4512; x_wconf 89' lang='lat' dir='ltr'>ori-</span> <span class='ocrx_word' id='word_1_545' title='bbox 2102 4456 2152 4521; x_wconf 88' lang='lat' dir='ltr'>C</span> <span class='ocrx_word' id='word_1_546' title='bbox 2180 4456 2533 4529; x_wconf 87' lang='lat' dir='ltr'>Lingonensis</span> <span class='ocrx_word' id='word_1_547' title='bbox 2556 4457 2713 4530; x_wconf 86' lang='lat' dir='ltr'>Hugo</span> <span class='ocrx_word' id='word_1_548' title='bbox 2742 4459 2817 4513; x_wconf 93' lang='lat' dir='ltr'><strong>II.</strong></span> <span class='ocrx_word' id='word_1_549' title='bbox 2874 4465 2929 4513; x_wconf 91' lang='lat' dir='ltr'>et</span> <span class='ocrx_word' id='word_1_550' title='bbox 2976 4457 3285 4513; x_wconf 86' lang='lat' dir='ltr'>Valentinus</span> <span class='ocrx_word' id='word_1_551' title='bbox 3340 4458 3628 4516; x_wconf 89' lang='lat' dir='ltr'>Girondus</span> <span class='ocrx_word' id='word_1_552' title='bbox 3678 4460 3787 4515; x_wconf 82' lang='lat' dir='ltr'>sive</span> 
     </span>
    </p>
   </div>
   <div class='ocr_carea' id='block_1_79' title="bbox 477 4548 2073 4629">
    <p class='ocr_par' dir='ltr' id='par_1_79' title="bbox 477 4548 2073 4629">
     <span class='ocr_line' id='line_1_79' title="bbox 477 4548 2073 4629; baseline -0.007 -18"><span class='ocrx_word' id='word_1_553' title='bbox 477 4555 695 4629; x_wconf 90' lang='lat' dir='ltr'>ginibus</span> <span class='ocrx_word' id='word_1_554' title='bbox 767 4554 968 4609; x_wconf 89' lang='lat' dir='ltr'>ordinis</span> <span class='ocrx_word' id='word_1_555' title='bbox 1042 4552 1406 4609; x_wconf 89' lang='lat' dir='ltr'>Cisterciensis</span> <span class='ocrx_word' id='word_1_556' title='bbox 1471 4556 1642 4605; x_wconf 83' lang='lat' dir='ltr'>exstat</span> <span class='ocrx_word' id='word_1_557' title='bbox 1706 4548 1761 4602; x_wconf 92' lang='lat' dir='ltr'>in</span> <span class='ocrx_word' id='word_1_558' title='bbox 1828 4555 1975 4602; x_wconf 91' lang='lat' dir='ltr'>tomo</span> <span class='ocrx_word' id='word_1_559' title='bbox 2049 4548 2073 4601; x_wconf 88' lang='grc' dir='ltr'>Ι</span> 
     </span>
    </p>
   </div>
   <div class='ocr_carea' id='block_1_80' title="bbox 479 4636 2073 4711">
    <p class='ocr_par' dir='ltr' id='par_1_80' title="bbox 479 4636 2073 4711">
     <span class='ocr_line' id='line_1_80' title="bbox 479 4636 2073 4711; baseline -0.007 -11"><span class='ocrx_word' id='word_1_560' title='bbox 479 4645 825 4701; x_wconf 65' lang='lat' dir='ltr'>Bibliotheca?</span> <span class='ocrx_word' id='word_1_561' title='bbox 855 4658 983 4696; x_wconf 88' lang='lat' dir='ltr'>mss.</span> <span class='ocrx_word' id='word_1_562' title='bbox 1016 4657 1048 4697; x_wconf 91' lang='lat' dir='ltr'>a</span> <span class='ocrx_word' id='word_1_563' title='bbox 1079 4640 1325 4711; x_wconf 88' lang='lat' dir='ltr'>Philippo</span> <span class='ocrx_word' id='word_1_564' title='bbox 1372 4639 1556 4694; x_wconf 87' lang='lat' dir='ltr'>Labbe</span> <span class='ocrx_word' id='word_1_565' title='bbox 1603 4636 1798 4693; x_wconf 85' lang='lat' dir='ltr'>editus.</span> <span class='ocrx_word' id='word_1_566' title='bbox 1864 4636 2073 4693; x_wconf 88' lang='lat' dir='ltr'>Conve-</span> 
     </span>
    </p>
   </div>
   <div class='ocr_carea' id='block_1_81' title="bbox 477 4723 2071 4793">
    <p class='ocr_par' dir='ltr' id='par_1_81' title="bbox 477 4723 2071 4793">
     <span class='ocr_line' id='line_1_81' title="bbox 477 4723 2071 4793; baseline -0.008 -3"><span class='ocrx_word' id='word_1_567' title='bbox 477 4741 670 4790; x_wconf 90' lang='lat' dir='ltr'>nerunt</span> <span class='ocrx_word' id='word_1_568' title='bbox 700 4732 903 4788; x_wconf 87' lang='lat' dir='ltr'>scilicet</span> <span class='ocrx_word' id='word_1_569' title='bbox 929 4744 1072 4785; x_wconf 88' lang='lat' dir='ltr'>anno</span> <span class='ocrx_word' id='word_1_570' title='bbox 1104 4730 1238 4784; x_wconf 72' lang='lat'>1221</span> <span class='ocrx_word' id='word_1_571' title='bbox 1276 4727 1653 4783; x_wconf 89' lang='lat' dir='ltr'>Cistercienses</span> <span class='ocrx_word' id='word_1_572' title='bbox 1671 4725 1741 4781; x_wconf 90' lang='lat' dir='ltr'>ad</span> <span class='ocrx_word' id='word_1_573' title='bbox 1777 4723 2071 4793; x_wconf 88' lang='lat' dir='ltr'>capitulum</span> 
     </span>
    </p>
   </div>
   <div class='ocr_carea' id='block_1_82' title="bbox 476 4824 2071 4909">
    <p class='ocr_par' dir='ltr' id='par_1_82' title="bbox 476 4824 2071 4909">
     <span class='ocr_line' id='line_1_82' title="bbox 476 4824 2071 4909; baseline -0.009 -18"><span class='ocrx_word' id='word_1_574' title='bbox 476 4833 749 4909; x_wconf 82' lang='lat' dir='ltr'>generale,</span> <span class='ocrx_word' id='word_1_575' title='bbox 807 4830 864 4886; x_wconf 90' lang='lat' dir='ltr'>in</span> <span class='ocrx_word' id='word_1_576' title='bbox 921 4845 1093 4901; x_wconf 89' lang='lat' dir='ltr'>eoque</span> <span class='ocrx_word' id='word_1_577' title='bbox 1147 4834 1461 4893; x_wconf 87' lang='lat' dir='ltr'>statuerunt,</span> <span class='ocrx_word' id='word_1_578' title='bbox 1539 4833 1597 4880; x_wconf 92' lang='lat' dir='ltr'>ut</span> <span class='ocrx_word' id='word_1_579' title='bbox 1662 4824 2071 4879; x_wconf 90' lang='lat' dir='ltr'>intercessiones</span> 
     </span>
    </p>
   </div>
   <div class='ocr_carea' id='block_1_83' title="bbox 475 4910 2069 4989">
    <p class='ocr_par' dir='ltr' id='par_1_83' title="bbox 475 4910 2069 4989">
     <span class='ocr_line' id='line_1_83' title="bbox 475 4910 2069 4989; baseline -0.009 -10"><span class='ocrx_word' id='word_1_580' title='bbox 475 4923 681 4987; x_wconf 85' lang='lat' dir='ltr'>ﬁerent,</span> <span class='ocrx_word' id='word_1_581' title='bbox 716 4919 990 4989; x_wconf 87' lang='lat' dir='ltr'>libellique</span> <span class='ocrx_word' id='word_1_582' title='bbox 1030 4916 1301 4987; x_wconf 90' lang='lat' dir='ltr'>supplices</span> <span class='ocrx_word' id='word_1_583' title='bbox 1337 4913 1653 4971; x_wconf 68' lang='lat' dir='ltr'>offerrentur</span> <span class='ocrx_word' id='word_1_584' title='bbox 1699 4910 1938 4968; x_wconf 88' lang='lat' dir='ltr'>Honorio</span> <span class='ocrx_word' id='word_1_585' title='bbox 1993 4910 2069 4966; x_wconf 91' lang='lat' dir='ltr'><strong>III</strong></span> 
     </span>
    </p>
   </div>
   <div class='ocr_carea' id='block_1_84' title="bbox 475 5000 2071 5083">
    <p class='ocr_par' dir='ltr' id='par_1_84' title="bbox 475 5000 2071 5083">
     <span class='ocr_line' id='line_1_84' title="bbox 475 5000 2071 5083; baseline -0.009 -16"><span class='ocrx_word' id='word_1_586' title='bbox 475 5009 737 5083; x_wconf 85' lang='lat' dir='ltr'>pontiﬁci,</span> <span class='ocrx_word' id='word_1_587' title='bbox 769 5017 827 5064; x_wconf 90' lang='lat' dir='ltr'>ut</span> <span class='ocrx_word' id='word_1_588' title='bbox 856 5008 903 5063; x_wconf 91' lang='lat' dir='ltr'>is</span> <span class='ocrx_word' id='word_1_589' title='bbox 957 5006 1253 5062; x_wconf 85' lang='lat' dir='ltr'>Robertum</span> <span class='ocrx_word' id='word_1_590' title='bbox 1309 5004 1558 5075; x_wconf 87' lang='lat' dir='ltr'>catalogo</span> <span class='ocrx_word' id='word_1_591' title='bbox 1606 5009 1910 5057; x_wconf 88' lang='lat' dir='ltr'>sanctorum</span> <span class='ocrx_word' id='word_1_592' title='bbox 1965 5000 2071 5054; x_wconf 87' lang='lat' dir='ltr'>ad-</span> 
     </span>
    </p>
   </div>
   <div class='ocr_carea' id='block_1_85' title="bbox 474 5088 2068 5162">
    <p class='ocr_par' dir='ltr' id='par_1_85' title="bbox 474 5088 2068 5162">
     <span class='ocr_line' id='line_1_85' title="bbox 474 5088 2068 5162; baseline -0.009 -5"><span class='ocrx_word' id='word_1_593' title='bbox 474 5102 749 5157; x_wconf 88' lang='lat' dir='ltr'>scriberet.</span> <span class='ocrx_word' id='word_1_594' title='bbox 782 5096 1020 5153; x_wconf 83' lang='lat' dir='ltr'>Accessit</span> <span class='ocrx_word' id='word_1_595' title='bbox 1066 5093 1487 5149; x_wconf 85' lang='lat' dir='ltr'>Molismensium</span> <span class='ocrx_word' id='word_1_596' title='bbox 1546 5107 1756 5162; x_wconf 90' lang='lat' dir='ltr'>quoque</span> <span class='ocrx_word' id='word_1_597' title='bbox 1811 5088 2068 5159; x_wconf 90' lang='lat' dir='ltr'>studium,</span> 
     </span>
    </p>
   </div>
   <div class='ocr_carea' id='block_1_86' title="bbox 473 5186 2066 5257">
    <p class='ocr_par' dir='ltr' id='par_1_86' title="bbox 473 5186 2066 5257">
     <span class='ocr_line' id='line_1_86' title="bbox 473 5186 2066 5257; baseline -0.008 -6"><span class='ocrx_word' id='word_1_598' title='bbox 473 5198 677 5253; x_wconf 89' lang='lat' dir='ltr'>meritis</span> <span class='ocrx_word' id='word_1_599' title='bbox 729 5192 1032 5251; x_wconf 89' lang='lat' dir='ltr'>communis</span> <span class='ocrx_word' id='word_1_600' title='bbox 1116 5191 1287 5247; x_wconf 89' lang='lat' dir='ltr'>Patris</span> <span class='ocrx_word' id='word_1_601' title='bbox 1360 5191 1592 5246; x_wconf 86' lang='lat' dir='ltr'>honores</span> <span class='ocrx_word' id='word_1_602' title='bbox 1665 5186 2066 5257; x_wconf 74' lang='lat' dir='ltr'>quaerentium;</span> 
     </span>
    </p>
   </div>
   <div class='ocr_carea' id='block_1_87' title="bbox 469 5274 2066 5355">
    <p class='ocr_par' dir='ltr' id='par_1_87' title="bbox 469 5274 2066 5355">
     <span class='ocr_line' id='line_1_87' title="bbox 469 5274 2066 5355; baseline -0.006 -16"><span class='ocrx_word' id='word_1_603' title='bbox 469 5285 775 5355; x_wconf 89' lang='lat' dir='ltr'>junctisque</span> <span class='ocrx_word' id='word_1_604' title='bbox 801 5284 916 5337; x_wconf 89' lang='lat' dir='ltr'>sive</span> <span class='ocrx_word' id='word_1_605' title='bbox 938 5280 1127 5336; x_wconf 90' lang='lat' dir='ltr'>litteris</span> <span class='ocrx_word' id='word_1_606' title='bbox 1146 5281 1260 5336; x_wconf 88' lang='lat' dir='ltr'>sive</span> <span class='ocrx_word' id='word_1_607' title='bbox 1277 5279 1467 5351; x_wconf 89' lang='lat' dir='ltr'>legatis</span> <span class='ocrx_word' id='word_1_608' title='bbox 1485 5278 1538 5331; x_wconf 90' lang='lat' dir='ltr'>id</span> <span class='ocrx_word' id='word_1_609' title='bbox 1579 5276 1723 5347; x_wconf 90' lang='lat' dir='ltr'>apud</span> <span class='ocrx_word' id='word_1_610' title='bbox 1759 5274 2066 5347; x_wconf 85' lang='lat' dir='ltr'>pontificem</span> 
     </span>
    </p>
   </div>
   <div class='ocr_carea' id='block_1_88' title="bbox 474 5366 2066 5440">
    <p class='ocr_par' dir='ltr' id='par_1_88' title="bbox 474 5366 2066 5440">
     <span class='ocr_line' id='line_1_88' title="bbox 474 5366 2066 5440; baseline -0.006 -12"><span class='ocrx_word' id='word_1_611' title='bbox 474 5372 762 5429; x_wconf 73' lang='lat' dir='ltr'>effecerunt</span> <span class='ocrx_word' id='word_1_612' title='bbox 790 5372 1020 5440; x_wconf 84' lang='lat' dir='ltr'>utrique,</span> <span class='ocrx_word' id='word_1_613' title='bbox 1062 5377 1120 5423; x_wconf 84' lang='lat' dir='ltr'>ut</span> <span class='ocrx_word' id='word_1_614' title='bbox 1172 5385 1385 5439; x_wconf 64' lang='lat' dir='ltr'>mquum</span> <span class='ocrx_word' id='word_1_615' title='bbox 1442 5381 1668 5421; x_wconf 79' lang='lat' dir='ltr'>censeris</span> <span class='ocrx_word' id='word_1_616' title='bbox 1716 5366 1859 5434; x_wconf 88' lang='lat' dir='ltr'>quod</span> <span class='ocrx_word' id='word_1_617' title='bbox 1915 5372 2066 5435; x_wconf 88' lang='lat' dir='ltr'>pete-</span> 
     </span>
    </p>
   </div>
   <div class='ocr_carea' id='block_1_89' title="bbox 472 5453 2064 5527">
    <p class='ocr_par' dir='ltr' id='par_1_89' title="bbox 472 5453 2064 5527">
     <span class='ocr_line' id='line_1_89' title="bbox 472 5453 2064 5527; baseline -0.007 -10"><span class='ocrx_word' id='word_1_618' title='bbox 472 5463 649 5524; x_wconf 91' lang='lat' dir='ltr'>batur,</span> <span class='ocrx_word' id='word_1_619' title='bbox 685 5466 971 5527; x_wconf 88' lang='lat' dir='ltr'>antequam</span> <span class='ocrx_word' id='word_1_620' title='bbox 1004 5457 1059 5512; x_wconf 92' lang='lat' dir='ltr'>S.</span> <span class='ocrx_word' id='word_1_621' title='bbox 1107 5458 1341 5512; x_wconf 86' lang='lat' dir='ltr'>Roberto</span> <span class='ocrx_word' id='word_1_622' title='bbox 1388 5455 1662 5525; x_wconf 87' lang='lat' dir='ltr'>publicum</span> <span class='ocrx_word' id='word_1_623' title='bbox 1709 5453 1909 5507; x_wconf 91' lang='lat' dir='ltr'>cultum</span> <span class='ocrx_word' id='word_1_624' title='bbox 1962 5453 2064 5507; x_wconf 89' lang='lat' dir='ltr'>de-</span> 
     </span>
    </p>
   </div>
   <div class='ocr_carea' id='block_1_90' title="bbox 471 5550 2062 5621">
    <p class='ocr_par' dir='ltr' id='par_1_90' title="bbox 471 5550 2062 5621">
     <span class='ocr_line' id='line_1_90' title="bbox 471 5550 2062 5621; baseline -0.006 -6"><span class='ocrx_word' id='word_1_625' title='bbox 471 5559 733 5620; x_wconf 90' lang='lat' dir='ltr'>cerneret,</span> <span class='ocrx_word' id='word_1_626' title='bbox 772 5551 840 5606; x_wconf 91' lang='lat' dir='ltr'>ad</span> <span class='ocrx_word' id='word_1_627' title='bbox 869 5552 1255 5621; x_wconf 76' lang='lat' dir='ltr'>eXplorandam</span> <span class='ocrx_word' id='word_1_628' title='bbox 1311 5553 1434 5609; x_wconf 65' lang='lat' dir='ltr'>vitm</span> <span class='ocrx_word' id='word_1_629' title='bbox 1485 5551 1602 5620; x_wconf 87' lang='lat' dir='ltr'>ejus</span> <span class='ocrx_word' id='word_1_630' title='bbox 1651 5550 2062 5606; x_wconf 89' lang='lat' dir='ltr'>sanctimoniam</span> 
     </span>
    </p>
   </div>
   <div class='ocr_carea' id='block_1_91' title="bbox 471 5638 2056 5708">
    <p class='ocr_par' dir='ltr' id='par_1_91' title="bbox 471 5638 2056 5708">
     <span class='ocr_line' id='line_1_91' title="bbox 471 5638 2056 5708; baseline -0.001 -11"><span class='ocrx_word' id='word_1_631' title='bbox 471 5663 534 5703; x_wconf 82' lang='lat' dir='ltr'>ac</span> <span class='ocrx_word' id='word_1_632' title='bbox 589 5638 851 5698; x_wconf 89' lang='lat' dir='ltr'>miracula</span> <span class='ocrx_word' id='word_1_633' title='bbox 894 5642 1291 5708; x_wconf 81' lang='lat' dir='ltr'>cognoscenda,</span> <span class='ocrx_word' id='word_1_634' title='bbox 1349 5649 1408 5695; x_wconf 91' lang='lat' dir='ltr'>ut</span> <span class='ocrx_word' id='word_1_635' title='bbox 1464 5656 1583 5696; x_wconf 88' lang='lat' dir='ltr'>mos</span> <span class='ocrx_word' id='word_1_636' title='bbox 1636 5639 1891 5695; x_wconf 77' lang='lat' dir='ltr'>Ecclesiae</span> <span class='ocrx_word' id='word_1_637' title='bbox 1958 5648 2056 5708; x_wconf 89' lang='lat' dir='ltr'>est,</span> 
     </span>
    </p>
   </div>
   <div class='ocr_carea' id='block_1_92' title="bbox 470 5724 2062 5800">
    <p class='ocr_par' dir='ltr' id='par_1_92' title="bbox 470 5724 2062 5800">
     <span class='ocr_line' id='line_1_92' title="bbox 470 5724 2062 5800; baseline -0.003 -11"><span class='ocrx_word' id='word_1_638' title='bbox 470 5740 644 5790; x_wconf 85' lang='lat' dir='ltr'>certos</span> <span class='ocrx_word' id='word_1_639' title='bbox 665 5727 992 5794; x_wconf 88' lang='lat' dir='ltr'>idoneosque</span> <span class='ocrx_word' id='word_1_640' title='bbox 1014 5724 1156 5781; x_wconf 86' lang='lat' dir='ltr'>viros</span> <span class='ocrx_word' id='word_1_641' title='bbox 1177 5727 1453 5799; x_wconf 88' lang='lat' dir='ltr'>delegarit.</span> <span class='ocrx_word' id='word_1_642' title='bbox 1487 5727 1654 5784; x_wconf 89' lang='lat' dir='ltr'>Fuere</span> <span class='ocrx_word' id='word_1_643' title='bbox 1694 5727 1730 5782; x_wconf 89' lang='lat' dir='ltr'>ii</span> <span class='ocrx_word' id='word_1_644' title='bbox 1778 5728 2062 5800; x_wconf 90' lang='lat' dir='ltr'>episcopus</span> 
     </span>
    </p>
   </div>
   <div class='ocr_carea' id='block_1_93' title="bbox 2186 4547 3790 4613">
    <p class='ocr_par' dir='ltr' id='par_1_93' title="bbox 2186 4547 3790 4613">
     <span class='ocr_line' id='line_1_93' title="bbox 2186 4547 3790 4613; baseline 0.002 -11"><span class='ocrx_word' id='word_1_645' title='bbox 2186 4547 2457 4613; x_wconf 88' lang='lat' dir='ltr'>Giraldus,</span> <span class='ocrx_word' id='word_1_646' title='bbox 2491 4564 2558 4601; x_wconf 88' lang='lat' dir='ltr'>ex</span> <span class='ocrx_word' id='word_1_647' title='bbox 2586 4547 2916 4602; x_wconf 86' lang='lat' dir='ltr'>Molismensi</span> <span class='ocrx_word' id='word_1_648' title='bbox 2948 4564 3010 4603; x_wconf 92' lang='lat' dir='ltr'>ac</span> <span class='ocrx_word' id='word_1_649' title='bbox 3038 4547 3165 4603; x_wconf 89' lang='lat' dir='ltr'>dein</span> <span class='ocrx_word' id='word_1_650' title='bbox 3193 4547 3538 4604; x_wconf 87' lang='lat' dir='ltr'>Cluniacensi</span> <span class='ocrx_word' id='word_1_651' title='bbox 3590 4550 3790 4605; x_wconf 75' lang='lat' dir='ltr'>abbate</span> 
     </span>
    </p>
   </div>
   <div class='ocr_carea' id='block_1_94' title="bbox 2182 4635 3788 4707">
    <p class='ocr_par' dir='ltr' id='par_1_94' title="bbox 2182 4635 3788 4707">
     <span class='ocr_line' id='line_1_94' title="bbox 2182 4635 3788 4707; baseline 0.003 -18"><span class='ocrx_word' id='word_1_652' title='bbox 2182 4636 2286 4691; x_wconf 88' lang='lat' dir='ltr'>huc</span> <span class='ocrx_word' id='word_1_653' title='bbox 2340 4644 2638 4707; x_wconf 88' lang='lat' dir='ltr'>promotus,</span> <span class='ocrx_word' id='word_1_654' title='bbox 2695 4635 2971 4706; x_wconf 91' lang='lat' dir='ltr'>abbasque</span> <span class='ocrx_word' id='word_1_655' title='bbox 3030 4636 3396 4692; x_wconf 88' lang='lat' dir='ltr'>Cluniacensis</span> <span class='ocrx_word' id='word_1_656' title='bbox 3455 4638 3788 4694; x_wconf 81' lang='lat' dir='ltr'>Rolandus:</span> 
     </span>
    </p>
   </div>
   <div class='ocr_carea' id='block_1_95' title="bbox 2181 4724 3792 4797">
    <p class='ocr_par' dir='ltr' id='par_1_95' title="bbox 2181 4724 3792 4797">
     <span class='ocr_line' id='line_1_95' title="bbox 2181 4724 3792 4797; baseline 0.001 -16"><span class='ocrx_word' id='word_1_657' title='bbox 2181 4724 2250 4781; x_wconf 87' lang='lat' dir='ltr'>ad</span> <span class='ocrx_word' id='word_1_658' title='bbox 2279 4740 2413 4795; x_wconf 90' lang='lat' dir='ltr'>quos</span> <span class='ocrx_word' id='word_1_659' title='bbox 2462 4724 2705 4796; x_wconf 84' lang='lat' dir='ltr'>pontifex</span> <span class='ocrx_word' id='word_1_660' title='bbox 2757 4741 2918 4797; x_wconf 88' lang='lat' dir='ltr'>super</span> <span class='ocrx_word' id='word_1_661' title='bbox 2968 4724 3217 4780; x_wconf 87' lang='lat' dir='ltr'>faciendo</span> <span class='ocrx_word' id='word_1_662' title='bbox 3272 4724 3592 4795; x_wconf 88' lang='lat' dir='ltr'>hujusmodi</span> <span class='ocrx_word' id='word_1_663' title='bbox 3652 4743 3792 4783; x_wconf 77' lang='lat' dir='ltr'>en-</span> 
     </span>
    </p>
   </div>
   <div class='ocr_carea' id='block_1_96' title="bbox 2179 4822 3792 4897">
    <p class='ocr_par' dir='ltr' id='par_1_96' title="bbox 2179 4822 3792 4897">
     <span class='ocr_line' id='line_1_96' title="bbox 2179 4822 3792 4897; baseline 0.003 -19"><span class='ocrx_word' id='word_1_664' title='bbox 2179 4824 2325 4879; x_wconf 87' lang='lat' dir='ltr'>mine</span> <span class='ocrx_word' id='word_1_665' title='bbox 2357 4830 2642 4894; x_wconf 87' lang='lat' dir='ltr'>sequentes</span> <span class='ocrx_word' id='word_1_666' title='bbox 2670 4823 2871 4879; x_wconf 87' lang='lat' dir='ltr'>litteras</span> <span class='ocrx_word' id='word_1_667' title='bbox 2915 4822 3108 4879; x_wconf 88' lang='lat' dir='ltr'>dedit:</span> <span class='ocrx_word' id='word_1_668' title='bbox 3168 4846 3191 4873; x_wconf 78' lang='lat' dir='ltr'>u</span> <span class='ocrx_word' id='word_1_669' title='bbox 3242 4823 3512 4879; x_wconf 81' lang='lat' dir='ltr'>Honorius</span> <span class='ocrx_word' id='word_1_670' title='bbox 3562 4827 3792 4897; x_wconf 79' lang='lat' dir='ltr'>episco—</span> 
     </span>
    </p>
   </div>
   <div class='ocr_carea' id='block_1_97' title="bbox 2179 4911 3795 4985">
    <p class='ocr_par' dir='ltr' id='par_1_97' title="bbox 2179 4911 3795 4985">
     <span class='ocr_line' id='line_1_97' title="bbox 2179 4911 3795 4985; baseline 0.002 -18"><span class='ocrx_word' id='word_1_671' title='bbox 2179 4929 2302 4985; x_wconf 91' lang='lat' dir='ltr'>pus,</span> <span class='ocrx_word' id='word_1_672' title='bbox 2333 4929 2522 4969; x_wconf 83' lang='lat' dir='ltr'>servus</span> <span class='ocrx_word' id='word_1_673' title='bbox 2553 4928 2833 4969; x_wconf 83' lang='lat' dir='ltr'>servorum</span> <span class='ocrx_word' id='word_1_674' title='bbox 2889 4912 3008 4982; x_wconf 90' lang='lat' dir='ltr'>Dei,</span> <span class='ocrx_word' id='word_1_675' title='bbox 3062 4911 3464 4968; x_wconf 85' lang='lat' dir='ltr'>venerabilibus</span> <span class='ocrx_word' id='word_1_676' title='bbox 3518 4912 3795 4970; x_wconf 57' lang='lat' dir='ltr'>hau-ibus</span> 
     </span>
    </p>
   </div>
   <div class='ocr_carea' id='block_1_98' title="bbox 2179 5001 3793 5074">
    <p class='ocr_par' dir='ltr' id='par_1_98' title="bbox 2179 5001 3793 5074">
     <span class='ocr_line' id='line_1_98' title="bbox 2179 5001 3793 5074; baseline 0.001 -17"><span class='ocrx_word' id='word_1_677' title='bbox 2179 5002 2507 5074; x_wconf 88' lang='lat' dir='ltr'>Lingonensi</span> <span class='ocrx_word' id='word_1_678' title='bbox 2538 5010 2590 5057; x_wconf 89' lang='lat' dir='ltr'>et</span> <span class='ocrx_word' id='word_1_679' title='bbox 2618 5002 2900 5057; x_wconf 80' lang='lat' dir='ltr'>Valentino</span> <span class='ocrx_word' id='word_1_680' title='bbox 2952 5001 3241 5073; x_wconf 83' lang='lat' dir='ltr'>episcOpis,</span> <span class='ocrx_word' id='word_1_681' title='bbox 3306 5008 3360 5056; x_wconf 92' lang='lat' dir='ltr'>et</span> <span class='ocrx_word' id='word_1_682' title='bbox 3411 5001 3620 5058; x_wconf 89' lang='lat' dir='ltr'>dilecto</span> <span class='ocrx_word' id='word_1_683' title='bbox 3678 5003 3793 5059; x_wconf 85' lang='lat' dir='ltr'>ﬁlio</span> 
     </span>
    </p>
   </div>
   <div class='ocr_carea' id='block_1_99' title="bbox 2179 5090 3792 5159">
    <p class='ocr_par' dir='ltr' id='par_1_99' title="bbox 2179 5090 3792 5159">
     <span class='ocr_line' id='line_1_99' title="bbox 2179 5090 3792 5159; baseline 0.001 -12"><span class='ocrx_word' id='word_1_684' title='bbox 2179 5091 2360 5147; x_wconf 87' lang='lat' dir='ltr'>abbati</span> <span class='ocrx_word' id='word_1_685' title='bbox 2390 5091 2747 5157; x_wconf 88' lang='lat' dir='ltr'>Cluniacensi,</span> <span class='ocrx_word' id='word_1_686' title='bbox 2794 5090 3197 5146; x_wconf 85' lang='lat' dir='ltr'>Matisconensis</span> <span class='ocrx_word' id='word_1_687' title='bbox 3232 5090 3497 5159; x_wconf 74' lang='lat' dir='ltr'>diceeesis,</span> <span class='ocrx_word' id='word_1_688' title='bbox 3540 5092 3792 5148; x_wconf 74' lang='lat' dir='ltr'>salutem</span> 
     </span>
    </p>
   </div>
   <div class='ocr_carea' id='block_1_100' title="bbox 2177 5186 3792 5259">
    <p class='ocr_par' dir='ltr' id='par_1_100' title="bbox 2177 5186 3792 5259">
     <span class='ocr_line' id='line_1_100' title="bbox 2177 5186 3792 5259; baseline 0.002 -16"><span class='ocrx_word' id='word_1_689' title='bbox 2177 5195 2231 5243; x_wconf 89' lang='lat' dir='ltr'>et</span> <span class='ocrx_word' id='word_1_690' title='bbox 2260 5188 2608 5259; x_wconf 88' lang='lat' dir='ltr'>apostolicam</span> <span class='ocrx_word' id='word_1_691' title='bbox 2630 5186 3083 5243; x_wconf 86' lang='lat' dir='ltr'>benedictionem.</span> <span class='ocrx_word' id='word_1_692' title='bbox 3107 5187 3421 5244; x_wconf 89' lang='lat' dir='ltr'>Gaudemus</span> <span class='ocrx_word' id='word_1_693' title='bbox 3434 5187 3487 5241; x_wconf 90' lang='lat' dir='ltr'>in</span> <span class='ocrx_word' id='word_1_694' title='bbox 3507 5187 3792 5254; x_wconf 85' lang='lat' dir='ltr'>Domino,</span> 
     </span>
    </p>
   </div>
   <div class='ocr_carea' id='block_1_101' title="bbox 2175 5276 3795 5347">
    <p class='ocr_par' dir='ltr' id='par_1_101' title="bbox 2175 5276 3795 5347">
     <span class='ocr_line' id='line_1_101' title="bbox 2175 5276 3795 5347; baseline 0.001 -16"><span class='ocrx_word' id='word_1_695' title='bbox 2175 5277 2310 5331; x_wconf 90' lang='lat' dir='ltr'>etin</span> <span class='ocrx_word' id='word_1_696' title='bbox 2342 5277 2459 5346; x_wconf 89' lang='lat' dir='ltr'>ejus</span> <span class='ocrx_word' id='word_1_697' title='bbox 2501 5276 2748 5332; x_wconf 90' lang='lat' dir='ltr'>laudibus</span> <span class='ocrx_word' id='word_1_698' title='bbox 2802 5276 3149 5342; x_wconf 87' lang='lat' dir='ltr'>delectamur,</span> <span class='ocrx_word' id='word_1_699' title='bbox 3198 5276 3344 5347; x_wconf 90' lang='lat' dir='ltr'>quod</span> <span class='ocrx_word' id='word_1_700' title='bbox 3396 5277 3533 5332; x_wconf 90' lang='lat' dir='ltr'>sicut</span> <span class='ocrx_word' id='word_1_701' title='bbox 3594 5278 3795 5335; x_wconf 71' lang='lat' dir='ltr'>dilecti</span> 
     </span>
    </p>
   </div>
   <div class='ocr_carea' id='block_1_102' title="bbox 2173 5364 3792 5439">
    <p class='ocr_par' dir='ltr' id='par_1_102' title="bbox 2173 5364 3792 5439">
     <span class='ocr_line' id='line_1_102' title="bbox 2173 5364 3792 5439; baseline 0.003 -21"><span class='ocrx_word' id='word_1_702' title='bbox 2173 5364 2269 5419; x_wconf 86' lang='lat' dir='ltr'>filii</span> <span class='ocrx_word' id='word_1_703' title='bbox 2320 5365 2550 5421; x_wconf 77' lang='lat' dir='ltr'>universi</span> <span class='ocrx_word' id='word_1_704' title='bbox 2598 5364 2822 5419; x_wconf 89' lang='lat' dir='ltr'>abbates</span> <span class='ocrx_word' id='word_1_705' title='bbox 2859 5364 3220 5421; x_wconf 87' lang='lat' dir='ltr'>Cisterciensis</span> <span class='ocrx_word' id='word_1_706' title='bbox 3263 5364 3466 5421; x_wconf 87' lang='lat' dir='ltr'>ordinis</span> <span class='ocrx_word' id='word_1_707' title='bbox 3509 5365 3568 5419; x_wconf 89' lang='lat' dir='ltr'>in</span> <span class='ocrx_word' id='word_1_708' title='bbox 3622 5367 3792 5439; x_wconf 85' lang='lat' dir='ltr'>capi-</span> 
     </span>
    </p>
   </div>
   <div class='ocr_carea' id='block_1_103' title="bbox 2174 5453 3792 5527">
    <p class='ocr_par' dir='ltr' id='par_1_103' title="bbox 2174 5453 3792 5527">
     <span class='ocr_line' id='line_1_103' title="bbox 2174 5453 3792 5527; baseline 0.002 -20"><span class='ocrx_word' id='word_1_709' title='bbox 2174 5454 2283 5508; x_wconf 91' lang='lat' dir='ltr'>tulo</span> <span class='ocrx_word' id='word_1_710' title='bbox 2313 5453 2553 5527; x_wconf 89' lang='lat' dir='ltr'>generali</span> <span class='ocrx_word' id='word_1_711' title='bbox 2583 5453 2917 5527; x_wconf 85' lang='lat' dir='ltr'>congregati,</span> <span class='ocrx_word' id='word_1_712' title='bbox 2949 5470 3047 5508; x_wconf 92' lang='lat' dir='ltr'>nec</span> <span class='ocrx_word' id='word_1_713' title='bbox 3075 5469 3184 5509; x_wconf 89' lang='lat' dir='ltr'>non</span> <span class='ocrx_word' id='word_1_714' title='bbox 3225 5461 3278 5508; x_wconf 92' lang='lat' dir='ltr'>et</span> <span class='ocrx_word' id='word_1_715' title='bbox 3320 5454 3490 5509; x_wconf 87' lang='lat' dir='ltr'>abbas</span> <span class='ocrx_word' id='word_1_716' title='bbox 3520 5470 3792 5510; x_wconf 81' lang='lat' dir='ltr'>conven-</span> 
     </span>
    </p>
   </div>
   <div class='ocr_carea' id='block_1_104' title="bbox 2175 5550 3785 5619">
    <p class='ocr_par' dir='ltr' id='par_1_104' title="bbox 2175 5550 3785 5619">
     <span class='ocr_line' id='line_1_104' title="bbox 2175 5550 3785 5619; baseline 0.001 -14"><span class='ocrx_word' id='word_1_717' title='bbox 2175 5559 2256 5607; x_wconf 91' lang='lat' dir='ltr'>tus</span> <span class='ocrx_word' id='word_1_718' title='bbox 2308 5551 2666 5608; x_wconf 87' lang='lat' dir='ltr'>Molismensis</span> <span class='ocrx_word' id='word_1_719' title='bbox 2729 5552 2839 5607; x_wconf 90' lang='lat' dir='ltr'>suis</span> <span class='ocrx_word' id='word_1_720' title='bbox 2914 5550 3072 5607; x_wconf 89' lang='lat' dir='ltr'>nobis</span> <span class='ocrx_word' id='word_1_721' title='bbox 3143 5551 3331 5606; x_wconf 89' lang='lat' dir='ltr'>litteris</span> <span class='ocrx_word' id='word_1_722' title='bbox 3403 5551 3785 5619; x_wconf 82' lang='lat' dir='ltr'>insinuarunt,</span> 
     </span>
    </p>
   </div>
   <div class='ocr_carea' id='block_1_105' title="bbox 2170 5640 3788 5713">
    <p class='ocr_par' dir='ltr' id='par_1_105' title="bbox 2170 5640 3788 5713">
     <span class='ocr_line' id='line_1_105' title="bbox 2170 5640 3788 5713; baseline 0.001 -19"><span class='ocrx_word' id='word_1_723' title='bbox 2170 5640 2341 5696; x_wconf 84' lang='lat' dir='ltr'>felicis</span> <span class='ocrx_word' id='word_1_724' title='bbox 2366 5640 2750 5696; x_wconf 82' lang='lat' dir='ltr'>recordationis</span> <span class='ocrx_word' id='word_1_725' title='bbox 2792 5640 3056 5696; x_wconf 86' lang='lat' dir='ltr'>Robertus</span> <span class='ocrx_word' id='word_1_726' title='bbox 3108 5641 3222 5713; x_wconf 89' lang='lat' dir='ltr'>(qui</span> <span class='ocrx_word' id='word_1_727' title='bbox 3278 5641 3483 5712; x_wconf 87' lang='lat' dir='ltr'>primus</span> <span class='ocrx_word' id='word_1_728' title='bbox 3536 5657 3788 5697; x_wconf 82' lang='lat' dir='ltr'>monas-</span> 
     </span>
    </p>
   </div>
   <div class='ocr_carea' id='block_1_106' title="bbox 2170 5729 3790 5801">
    <p class='ocr_par' dir='ltr' id='par_1_106' title="bbox 2170 5729 3790 5801">
     <span class='ocr_line' id='line_1_106' title="bbox 2170 5729 3790 5801; baseline -0.001 -17"><span class='ocrx_word' id='word_1_729' title='bbox 2170 5729 2286 5784; x_wconf 86' lang='lat' dir='ltr'>terii</span> <span class='ocrx_word' id='word_1_730' title='bbox 2361 5729 2718 5787; x_wconf 84' lang='lat' dir='ltr'>Molismensis</span> <span class='ocrx_word' id='word_1_731' title='bbox 2790 5729 2892 5785; x_wconf 88' lang='lat' dir='ltr'>fuit</span> <span class='ocrx_word' id='word_1_732' title='bbox 2963 5729 3133 5786; x_wconf 88' lang='lat' dir='ltr'>abbas</span> <span class='ocrx_word' id='word_1_733' title='bbox 3157 5773 3170 5798; x_wconf 88' lang='lat'>,</span> <span class='ocrx_word' id='word_1_734' title='bbox 3247 5730 3563 5801; x_wconf 84' lang='lat' dir='ltr'>primusque</span> <span class='ocrx_word' id='word_1_735' title='bbox 3644 5729 3790 5799; x_wconf 86' lang='lat' dir='ltr'>jecit</span> 
     </span>
    </p>
   </div>
  </div>
