3972 6076
149 307 293 361 1‘289

1565 285 2065 352 CANONIZATIO.

3316 285 3450 337 1290

150 427 537 486 Cisterciensis
593 421 815 480 Ordinis
873 419 1305 482 fundamentum,
1367 415 1518 488 quod
1561 415 1748 471 divina
1778 417 1834 480 Α
1866 412 2093 486 recepit.
2123 412 2259 468 Huic
2290 410 2432 466 facto
2493 409 2733 465 interfuit
2793 409 2937 464 idem
2991 409 3162 464 abbas
3205 416 3258 464 et
3285 407 3444 463 vidit.

154 519 375 575 favente
406 514 585 588 gratia
613 511 788 569 crevit
836 510 892 565 in
945 507 1203 579 templum
1262 513 1511 562 sanctum
1550 505 1601 559 in
1633 505 1749 561 Do-

151 610 328 677 mino)
360 605 623 677 religiose
641 603 846 666 vivens,
873 606 1021 653 tanta
1038 596 1184 651 fulsit
1204 595 1382 668 gratia
1405 596 1748 662 meritorum,

156 708 308 780 quod
340 705 600 760 Dominus
636 707 761 754 tunc
791 695 960 751 multa
1013 703 1064 748 et
1115 707 1319 764 magna
1360 691 1625 746 miracula
1654 706 1753 760 per

157 778 284 853 eum
316 800 590 866 operatus,
639 788 816 843 adhuc
865 791 988 857 post
1036 783 1158 851 ejus
1204 781 1419 837 felicem
1449 781 1653 835 obitum
1685 778 1755 832 ad

161 893 481 966 sepulcrum
511 887 701 959 ipsius,
751 884 822 939 ad
869 879 1240 938 ostensionem
1273 877 1570 934 sanctitatis
1599 875 1754 944 ejus-

162 993 310 1056 dem,
341 989 600 1060 dignatur
628 979 846 1053 operari
890 978 1123 1046 majora,
1159 984 1213 1030 ut
1242 990 1404 1046 quem
1435 973 1608 1028 virtus
1639 987 1758 1027 mo-

164 1097 288 1136 rum
318 1074 624 1132 bonestavit
674 1071 733 1124 in
790 1068 895 1132 via,
957 1066 1346 1120 miraculorum
1397 1061 1572 1134 gloria
1601 1060 1759 1115 nobis

165 1169 407 1225 insinuet
452 1165 508 1218 in
563 1159 742 1232 patria
794 1154 1074 1213 honorari.
1143 1152 1321 1222 Quare
1378 1151 1542 1205 iidem
1601 1149 1761 1204 nobis

168 1265 542 1339 supplicarunt
566 1260 830 1313 instanter
864 1273 879 1318 ;
909 1261 968 1308 ut
998 1267 1128 1309 cum
1156 1251 1280 1306 luce
1327 1248 1531 1305 clarius
1559 1255 1762 1318 pateat,

173 1337 354 1429 ipsum
392 1353 449 1407 in
479 1349 671 1406 ordine
729 1344 1114 1403 confessorum
1173 1354 1407 1411 regnare
1449 1338 1504 1391 in
1531 1337 1766 1392 ecclesia

171 1426 555 1514 triumphante,
588 1438 748 1493 etiam
777 1436 830 1488 in
865 1432 1128 1486 militante
1166 1435 1478 1484 sanctorum
1511 1426 1766 1498 catalogo

171 1541 448 1599 ascribere
478 1535 820 1592 deberemus.
855 1532 1081 1594 Verum,
1116 1524 1247 1598 quia
1275 1524 1329 1579 in
1361 1530 1510 1579 tanto
1546 1521 1767 1593 negotio

174 1648 286 1689 non
316 1637 399 1686 est
424 1626 531 1682 nisi
558 1638 682 1680 cum
712 1619 981 1694 gravitate
1037 1614 1275 1687 plurima
1331 1611 1766 1684 procedendum,

176 1737 281 1777 nos
311 1720 380 1774 de
411 1716 517 1772 ﬁde
555 1729 620 1770 ac
648 1709 983 1767 discretione
1017 1713 1196 1762 vestra
1221 1702 1441 1775 plenam
1467 1701 1522 1756 in
1536 1699 1770 1756 Domino

179 1816 436 1872 ﬁduciam
465 1811 794 1872 obtinentes,
825 1802 1142 1861 discretioni
1193 1807 1390 1855 vestrae
1419 1814 1517 1869 per
1543 1804 1769 1868 aposto-
1802 1775 1854 1834 Β

179 1906 284 1961 lica
313 1902 517 1974 scripta
542 1898 893 1960 mandamus,
928 1903 1195 1964 quatenus
1243 1897 1350 1943 tam
1378 1888 1446 1942 de
1477 1886 1594 1940 vita
1615 1900 1782 1957 quam

183 2005 252 2057 de
282 1998 565 2056 miraculis
596 1993 770 2050 sancti
817 1989 1074 2063 praedicti
1115 1986 1494 2058 perquirentes
1525 1983 1780 2049 sollicite,

184 2100 493 2160 veritatem,
553 2108 718 2165 quam
782 2085 1120 2150 inveneritis,
1179 2099 1280 2155 per
1334 2091 1554 2137 vestras
1625 2079 1784 2136 nobis

185 2190 398 2244 litteras
427 2184 663 2239 ﬁdeliter
693 2178 969 2242 intimetis,
1007 2185 1063 2230 ut
1092 2190 1156 2229 ex
1189 2179 1363 2227 vestra
1387 2172 1648 2227 relatione
1677 2167 1786 2224 suf-

187 2287 438 2344 ficientur
466 2279 740 2338 instructi.
764 2277 1127 2348 procedamus
1158 2272 1372 2338 exinde,
1399 2278 1560 2342 prout
1592 2283 1785 2324 secun-

192 2387 323 2441 dum
369 2385 541 2437 Deum
585 2376 883 2433 viderimus
927 2369 1356 2443 procedendum.
1409 2365 1568 2434 Quod
1600 2364 1645 2418 si
1676 2378 1785 2418 non

193 2496 384 2538 omnes
413 2478 498 2532 his
531 2470 898 2544 exsequendis
926 2467 1173 2540 poteritis
1222 2465 1511 2528 interesse,
1552 2461 1659 2516 duo
1693 2475 1785 2514 ve-

192 2579 366 2627 strum
398 2582 466 2623 ea
494 2562 841 2620 nihilominus
873 2563 1264 2628 exsequantur.
1296 2553 1492 2607 Datum
1534 2548 1789 2605 Laterani

193 2677 386 2725 octavo
416 2662 688 2719 Kalendas
720 2655 1017 2721 Februarii,
1068 2650 1415 2725 pontificatus
1446 2647 1616 2705 nostri
1645 2661 1788 2702 anno

197 2758 407 2831 quinto.
445 2777 467 2802 »

267 2899 362 2952 25.
401 2895 676 2949 Hactenus
707 2888 957 2962 pontifex
1010 2886 1079 2942 de
1125 2884 1268 2940 dicto
1317 2880 1572 2939 examine
1623 2877 1791 2951 (quod

198 2980 424 3056 uterque
453 2982 762 3054 episcopus,
794 2979 993 3034 abbate
1014 2973 1376 3040 Cluniacensi,
1408 2971 1528 3026 aliis
1558 2969 1792 3041 negotiis

200 3075 478 3146 impedito,
509 3071 655 3142 apud
685 3068 992 3124 Molismum
1025 3064 1274 3133 instituit)
1304 3061 1620 3131 ltlanriquez
1647 3059 1791 3114 scri-

203 3177 278 3231 bit
305 3173 450 3248 quod
480 3173 536 3229 S.
568 3171 806 3226 Roberto
860 3174 984 3221 ante
1027 3170 1243 3221 centum
1300 3175 1477 3216 annos
1521 3157 1734 3213 sublato
1767 3172 1798 3212 e

203 3265 359 3329 vivis,
394 3278 518 3318 cum
547 3260 678 3314 nulli
733 3274 801 3314 ex
856 3254 1158 3328 aequalibus
1215 3248 1531 3320 superstites
1588 3253 1795 3312 essent,

206 3355 298 3426 qui
344 3353 414 3408 de
455 3347 738 3406 miraculis
787 3361 821 3400 a
876 3344 1093 3400 vivente
1151 3338 1379 3411 patratis
1428 3335 1797 3392 testimonium

206 3449 466 3512 dicerent,
527 3441 939 3500 examinatores
995 3434 1234 3494 contenti
1277 3431 1526 3497 historia,
1579 3445 1701 3501 quae
1730 3427 1800 3482 de

206 3539 321 3595 vita
349 3535 630 3609 signisque
661 3531 778 3599 ejus
811 3529 1021 3599 scripta
1070 3524 1324 3580 exstabat
1352 3536 1475 3577 eam
1505 3519 1575 3574 ad
1603 3519 1798 3573 Hono-

207 3639 343 3695 rium
374 3631 714 3697 destinarint,
763 3642 982 3699 unaque
1011 3640 1149 3690 eam,
1184 3637 1346 3692 quam
1395 3616 1800 3691 subjungimus,

209 3749 436 3808 quaeque
504 3724 926 3786 canonizationis
998 3735 1316 3793 processum
1398 3715 1800 3788 complectitur,

210 3802 516 3896 epistolam.
575 3817 712 3872 Vitae
769 3821 1049 3870 auctorem
1113 3809 1249 3879 ipse,
1321 3814 1559 3877 emptum
1629 3802 1804 3859 semel

211 3894 458 3969 errorem
487 3919 846 3980 prosequens,
905 3900 1156 3957 Odonem
1216 3896 1455 3953 nominat
1486 3912 1502 3963 ;
1545 3910 1668 3951 cum
1699 3894 1805 3948 hoc

213 4008 377 4064 fuerit
406 4019 612 4060 nomen
649 3998 882 4064 abbatis,
939 3995 1099 4064 cujus
1150 3994 1309 4065 jussu
1357 4008 1430 4048 ea
1465 3991 1672 4062 scripta
1703 3995 1804 4057 est,

211 4114 320 4154 non
347 4092 605 4152 auctoris.
638 4087 882 4160 Epistola
911 4086 1032 4156 ipsa
1089 4093 1172 4140 est
1221 4082 1566 4152 hujusmodi;
1607 4104 1630 4129 α
1664 4080 1806 4136 San-

212 4200 456 4261 ctissimo
486 4194 630 4252 Patri
674 4209 736 4249 ac
783 4191 1006 4246 domino
1038 4187 1301 4252 Honorio,
1337 4185 1436 4241 Dei
1475 4185 1655 4257 gratia
1684 4201 1810 4239 san-

214 4300 314 4348 ctae
341 4298 394 4344 et
421 4283 735 4356 apostolicae
773 4280 920 4336 sedis
950 4293 1162 4333 summo
1194 4281 1248 4333 et
1278 4274 1604 4330 universalis
1625 4274 1810 4343 ponti-

214 4386 321 4451 ﬁci,
353 4385 420 4439 Η.
453 4382 647 4438 eadem
701 4379 886 4451 gratia
940 4373 1300 4446 Lingonensis
1343 4380 1398 4426 et
1450 4370 1520 4426 G.
1565 4371 1812 4426 Valenti-

1859 503 2005 557 Vidit
2057 501 2220 558 etiam
2269 499 2413 555 idem
2473 499 2662 564 abbas,
2743 506 2989 570 tempore
3061 497 3450 563 dedicationis,

1863 591 2120 665 Ecclesiae
2149 589 2532 656 Molismensis,
2565 596 2858 660 postquam
2889 586 3132 642 habitum
3159 585 3454 642 monacha-

1861 689 1969 742 lem
2026 696 2075 742 et
2130 687 2380 742 ordinem
2429 684 2834 741 sacerdotalem
2893 690 3258 754 susceperat;
3309 681 3456 752 quod

1865 793 1984 833 cum
2017 777 2286 845 sepulcra,
2323 783 2549 845 propter
2579 772 2945 829 reverentiam
2975 771 3352 837 dedicationis,
3389 770 3458 824 ab

1867 865 2097 921 ecclesia
2130 864 2464 929 tollerentur,
2499 871 2552 918 et
2579 871 2798 918 ventum
2859 869 3002 916 esset
3049 861 3118 916 ad
3147 860 3459 932 sepulcrum

1869 963 2114 1032 ejusdem
2173 962 2502 1017 venerabilis
2559 963 2786 1028 Patris;
2846 961 2913 1014 ad
2967 967 3175 1014 motum
3223 955 3463 1029 sepulcri

1870 1054 2120 1124 proprios
2149 1053 2340 1108 oculos
2369 1053 2436 1108 de
2467 1059 2611 1106 terra
2659 1051 2875 1117 liniens,
2907 1049 3114 1119 recepit
3152 1048 3227 1101 ibi
3259 1046 3461 1102 mulier

1871 1143 2120 1215 quaedam
2153 1143 2348 1198 visum.

1945 1297 2038 1349 26.
2075 1316 2098 1342 «ι
2141 1293 2321 1347 Altera
2349 1290 2418 1347 de
2448 1290 2640 1346 eadem
2687 1297 2834 1345 terra
2876 1289 3198 1356 comedens,
3232 1303 3468 1359 recupe—

1878 1383 2014 1438 ravit
2050 1381 2351 1452 loquelam,
2411 1395 2533 1435 cum
2589 1395 2688 1450 per
2741 1377 3032 1435 triennium
3079 1385 3227 1432 muta
3257 1377 3470 1439 fuisset.

1877 1471 2016 1527 sicut
2045 1471 2268 1525 maritus
2298 1469 2414 1538 ejus
2445 1474 2502 1523 et
2531 1468 2652 1539 ipsa
2683 1467 2911 1522 ﬁrmiter
2937 1467 3282 1522 asserebant.
3320 1465 3469 1522 Acci-

1879 1571 1956 1626 dit
1985 1577 2196 1641 postea,
2216 1568 2458 1624 nondum
2489 1582 2522 1624 a
2552 1566 2808 1638 praesenti
2838 1566 3056 1622 testium
3075 1564 3474 1622 examinatione

1880 1659 2094 1715 duobus
2122 1657 2278 1712 annis
2307 1656 2530 1727 elapsis,
2590 1655 2735 1727 quod
2792 1655 3039 1726 quaedam
3074 1668 3247 1711 vacca
3274 1652 3477 1709 vulne-

1883 1757 2000 1804 rata
2029 1746 2187 1802 fuita
2216 1745 2368 1818 lupo,
2417 1744 2565 1816 quod
2621 1743 2860 1800 sentiens
2913 1744 3110 1798 mulier
3156 1741 3310 1813 cujus
3341 1749 3478 1805 erat,

1891 1845 2085 1902 vulnus
2139 1859 2282 1915 aqua
2329 1842 2616 1900 benedicta
2673 1841 2927 1912 repersit,
2988 1840 3280 1912 statimque
3305 1839 3484 1911 ipsam

1892 1934 2084 2005 capitis
2114 1942 2166 1988 et
2197 1931 2400 1987 brachii
2431 1940 2637 1988 tremor
2665 1930 2952 1986 continuus
3002 1937 3056 1985 et
3105 1928 3343 1984 enormis
3391 1927 3482 1982 in-

1895 2023 2065 2083 vasit;
2100 2038 2221 2094 quae
2249 2020 2366 2092 ipsa
2397 2021 2489 2076 die
2517 2020 2590 2076 ad
2636 2026 2993 2075 memoratum
3050 2017 3362 2089 sepulcrum
3391 2032 3484 2072 re-

1892 2121 2069 2186 diens,
2131 2119 2312 2174 statim
2359 2126 2547 2174 curata
2597 2124 2651 2173 et
2695 2116 2911 2188 penitus
2967 2122 3050 2170 est
3104 2122 3312 2170 sanata.
3372 2113 3490 2169 Hoc

1894 2211 2026 2265 vidit
2055 2210 2199 2264 idem
2223 2209 2343 2264 Odo
2361 2207 2698 2279 temporibus
2719 2205 2858 2272 istis,
2884 2205 3001 2274 jam
3030 2203 3200 2259 abbas
3220 2203 3276 2257 in
3295 2201 3491 2258 eadem

1893 2299 2138 2354 Ecclesia
2170 2296 2519 2354 constitutus.
2559 2295 2706 2352 Vidit
2737 2301 3006 2365 praeterea
3037 2292 3334 2366 quemdam
3363 2307 3495 2348 mo-

1894 2388 2131 2443 nachum
2196 2385 2532 2457 Ragnerium
2605 2382 2846 2451 nomine,
2928 2381 3021 2453 qui
3084 2381 3260 2436 factus
3315 2379 3495 2436 fuerat

1896 2485 2154 2549 furiosus,
2190 2484 2258 2538 ad
2288 2481 2603 2554 sepulcrum
2653 2480 2902 2551 ejusdem
2945 2477 3275 2535 venerabilis
3319 2475 3497 2532 Patris

1896 2574 2076 2645 ligari,
2118 2573 2434 2643 ibidemque
2471 2585 2805 2641 recuperare
2861 2584 2960 2640 per
2997 2567 3237 2623 divinam
3267 2565 3497 2639 gratiam

1898 2663 2209 2718 sanitatem.
2275 2659 2590 2714 Willelmus
2643 2658 2928 2729 presbyter
2985 2657 3194 2726 juratus
3250 2655 3385 2710 dixit
3427 2653 3500 2711 de

1896 2759 2146 2825 muliere,
2181 2774 2302 2830 quae
2333 2756 2504 2812 visum
2528 2762 2812 2826 receperat
2841 2761 3090 2823 tempore
3111 2751 3494 2818 dedicationis,

1898 2849 2044 2904 idem
2075 2863 2213 2920 quos
2243 2845 2411 2902 abbas
2452 2863 2466 2898 :
2494 2845 2564 2900 de
2592 2843 2820 2898 muliere
2866 2857 3022 2909 vero,
3061 2857 3183 2912 quae
3213 2839 3496 2912 loquelam

1901 2943 2346 3008 recuperaverat,
2379 2933 2656 2990 audivisse
2685 2948 2745 2987 se
2775 2930 2999 3002 saepius,
3020 2930 3119 2986 sed
3139 2944 3248 2986 non
3271 2928 3500 2985 vidisse.

1902 3039 1980 3093 De
2011 3035 2258 3101 muliere,
2315 3048 2438 3104 quas
2494 3039 2787 3086 tremorem
2843 3027 3036 3100 capitis
3071 3035 3123 3083 et
3155 3025 3362 3082 brachii
3389 3040 3490 3097 pa-

1825 3136 1874 3199 ς,
1903 3125 2156 3189 tiebatur,
2191 3122 2335 3178 idem
2365 3120 2512 3192 quod
2540 3119 2741 3174 abbas.
2810 3117 2954 3172 Vidit
3009 3124 3275 3187 praeterea
3304 3128 3500 3187 quam-

1904 3215 2032 3269 dam
2062 3211 2365 3276 mulierem,
2394 3225 2515 3282 quae
2549 3216 2794 3279 tempore
2824 3205 3018 3262 festivo
3051 3203 3222 3261 fuerat
3249 3210 3501 3277 operata,

1905 3318 2130 3382 prOpter
2159 3307 2305 3380 quod
2334 3307 2452 3378 ipsa
2481 3305 2588 3371 die,
2617 3303 2758 3360 sicut
2778 3301 3041 3367 creditur,
3076 3300 3134 3356 in
3177 3315 3342 3354 manu
3370 3313 3507 3370 per—

1909 3413 2091 3464 cassa,
2109 3405 2162 3453 et
2182 3412 2356 3468 usque
2383 3393 2523 3450 adeo
2544 3393 2676 3448 orba
2705 3391 2806 3447 fuit
2843 3406 3028 3455 manu,
3063 3393 3124 3444 ut
3170 3388 3502 3459 desperare-

1907 3503 1995 3550 tur
2025 3494 2201 3564 ipsam
2233 3507 2394 3564 posse
2443 3489 2668 3556 sanari;
2715 3487 2814 3542 sed
2856 3503 2956 3558 per
2998 3484 3239 3542 divinam
3265 3482 3507 3540 clemen-

1908 3583 2042 3637 tiam
2070 3589 2122 3638 et
2152 3581 2324 3636 sancti
2354 3579 2568 3644 merita,
2601 3577 2673 3634 ad
2704 3575 3024 3647 sepulcrum
3054 3574 3177 3644 ejus
3205 3572 3501 3639 accedens,

1909 3671 2088 3727 statim
2112 3676 2306 3725 sanata
2334 3675 2439 3724 est.
2465 3666 2785 3723 Viditetiam
2815 3664 2891 3720 ibi
2929 3663 3220 3735 quemdam
3241 3661 3504 3718 furiosum

1911 3768 2114 3824 sanari.
2173 3765 2460 3822 Albericus
2514 3764 2822 3821 monachus
2877 3769 2931 3818 et
2986 3760 3273 3832 presbyter
3296 3760 3505 3829 juratus

1911 3858 2062 3922 dixit,
2094 3857 2164 3913 de
2194 3856 2473 3913 miraculis
2503 3853 2658 3910 factis
2684 3853 2738 3906 in
2769 3849 3135 3916 dedicatione,
3186 3849 3330 3903 idem
3361 3847 3508 3919 quod

1913 3948 2082 4003 abbas
2112 3962 2124 4002 :
2160 3947 2229 4001 de
2259 3945 2491 4001 muliere
2522 3959 2642 4013 quae
2672 3939 3014 4011 recuperavit
3055 3936 3341 3992 sanitatem
3384 3950 3506 3990 ma-

1912 4055 2038 4107 nus,
2066 4036 2212 4092 idem
2235 4034 2383 4106 quod
2413 4031 2750 4086 Willelmus.

1985 4191 2082 4245 27.
2126 4208 2146 4232 «
2195 4183 2435 4239 Jacobus
2495 4179 2797 4235 monachus
2847 4183 2900 4232 et
2949 4175 3239 4248 presbyter
3295 4175 3510 4244 juratus

1917 4275 2070 4341 dixit,
2104 4272 2249 4345 quod
2289 4271 2506 4342 quidem
2553 4269 2725 4324 frater
2785 4267 2902 4335 ejus
2958 4264 3218 4331 carnalis,
3269 4264 3323 4319 in
3354 4271 3512 4320 etate

1920 4363 2115 4436 puerili
2144 4360 2488 4424 constitutus,
2546 4357 2618 4412 ita
2674 4355 2974 4412 enormiter
3020 4353 3184 4410 laesus
3211 4352 3392 4408 fuitin
3415 4367 3513 4409 ca-

215 4450 420 4541 niensis
477 4476 740 4551 episcopi,
798 4490 921 4530 cum
979 4473 1178 4543 pedum
1224 4468 1414 4525 osculo
1463 4467 1698 4523 salutem
1758 4476 1810 4524 et
1841 4491 1891 4551 Ι)
1921 4463 2052 4534 pile,
2085 4459 2229 4533 quod
2275 4457 2465 4515 oculus
2494 4459 2560 4511 de
2602 4454 2826 4526 proprio
2884 4460 3073 4551 erutus
3106 4451 3225 4507 loco
3278 4451 3348 4506 ab
3379 4450 3508 4522 ejus

216 4572 409 4630 debita:
437 4565 763 4625 reverentiae
794 4561 1133 4619 famulatum.
1169 4557 1478 4614 Mandatum
1510 4557 1810 4613 sanctitatis

217 4679 412 4729 vestrae
437 4666 754 4736 accepimus
811 4660 911 4717 sub
955 4660 1062 4715 hac
1117 4657 1314 4726 forma,
1365 4656 1653 4712 Honorius
1699 4657 1817 4728 epi-

219 4777 435 4833 scopus,
467 4765 579 4812 etc.
617 4753 790 4822 Hujus
840 4749 1009 4823 igitur
1065 4747 1390 4803 auctoritate
1438 4744 1700 4811 mandati,
1750 4744 1819 4799 ad

218 4851 398 4907 locum
467 4843 832 4917 personaliter
905 4838 1227 4895 accedentes
1295 4835 1549 4904 (Domino
1619 4834 1819 4890 abbate

220 4935 564 4996 Cluniacensi
612 4931 828 5003 collega
856 4936 1068 4996 nostro,
1117 4925 1276 4981 nobis
1322 4925 1587 4995 episcOpo
1619 4923 1819 4979 Valen—

221 5035 436 5092 tiniensi
466 5030 835 5090 eommittente
873 5027 1020 5083 vices
1076 5025 1226 5094 suas)
1265 5031 1435 5079 testes
1489 5022 1817 5094 recepimus,

223 5140 455 5199 quorum
509 5119 882 5191 depositiones
938 5115 1007 5171 de
1061 5117 1235 5170 verbo
1273 5112 1344 5168 ad
1397 5112 1626 5167 verbum
1657 5110 1825 5166 scribi

223 5215 450 5272 fecimus
480 5213 536 5267 in
564 5211 710 5266 hunc
738 5206 988 5263 modum.
1054 5202 1213 5260 Oddo
1242 5200 1611 5258 Molismensis
1649 5201 1824 5256 abbas

221 5315 430 5384 juratus
486 5307 644 5376 dixit,
708 5321 811 5378 quo
868 5320 994 5360 cum
1045 5309 1190 5359 esset
1236 5301 1291 5355 in
1338 5299 1527 5355 habitu
1576 5299 1826 5356 saeculari

226 5413 282 5469 in
326 5409 564 5482 pueritia
593 5405 940 5471 constitutus,
999 5403 1133 5460 vidit
1197 5400 1492 5475 quamdam
1538 5399 1825 5456 mulierem

228 5515 425 5560 caecam
481 5515 512 5553 a
569 5494 871 5564 nativitate,
917 5491 1212 5549 habentem
1268 5489 1455 5556 ﬁliam,
1517 5489 1655 5546 sicut
1709 5488 1827 5561 ipsa

228 5607 399 5658 mater
454 5595 686 5652 ﬁrmiter
729 5591 1032 5660 asserebat,
1076 5606 1244 5663 quam
1269 5589 1385 5661 ipse
1406 5587 1472 5644 ad
1502 5588 1828 5645 venerabilis

233 5697 408 5756 Patris
441 5691 688 5759 Roberti,
722 5691 792 5748 de
822 5706 927 5763 quo
952 5689 1156 5764 agitur,
1203 5687 1425 5745 adduxit
1472 5687 1778 5761 sepulcrum
1810 5705 1825 5756 ;

235 5796 288 5846 et
317 5802 438 5846 cum
466 5783 546 5842 ibi
577 5798 706 5841 cum
733 5787 906 5838 matre
928 5779 1165 5854 quadam
1184 5785 1347 5839 nocte
1372 5776 1634 5852 vigilaret
1651 5775 1832 5837 visum

554 5880 819 5945 Parma.
865 5877 1104 5944 CLVII.

1924 4551 2063 4607 facie
2093 4546 2464 4620 dependebat.
2501 4544 2607 4613 Qui
2655 4543 2725 4598 ad
2783 4542 2953 4614 ipsius
2982 4539 3176 4596 Jacobi
3205 4539 3517 4595 instantiam

1925 4640 1994 4696 ad
2023 4655 2171 4710 sape
2230 4637 2433 4691 dictum
2488 4632 2755 4688 tumulum
2813 4631 3149 4701 deportatus,
3209 4627 3390 4683 statim
3419 4643 3521 4699 per

1926 4739 2164 4795 divinam
2196 4732 2538 4791 clementiam
2600 4738 2825 4785 sanatus
2890 4735 2994 4792 est,
3050 4734 3104 4782 et
3133 4726 3341 4797 absque
3371 4723 3521 4781 omni

1928 4827 2150 4883 laesione
2180 4824 2369 4880 oculus
2398 4822 2468 4877 ad
2500 4821 2675 4877 locum
2700 4817 2948 4874 debitum
2971 4823 3054 4871 est
3084 4830 3360 4871 reversus.
3393 4811 3521 4870 Haec

1929 4925 2074 4982 enim
2094 4922 2273 4979 omnia
2301 4919 2435 4977 vidit
2482 4917 2781 4973 monachus
2836 4913 3075 4972 Iacobus
3123 4913 3268 4970 circa
3296 4911 3523 4966 fratrem

1930 5030 2108 5070 suum.
2161 5013 2240 5067 De
2267 5011 2386 5066 aliis
2434 5016 2622 5063 autem
2678 5004 2894 5061 duobus
2923 5001 3221 5068 miraculis,
3280 4999 3439 5056 factis
3469 4999 3525 5054 in

1931 5111 2292 5174 dedicatione,
2320 5107 2465 5162 idem
2495 5103 2645 5176 quod
2667 5103 2783 5157 alii.
2824 5100 2975 5159 Vidit
3023 5098 3188 5155 etiam
3227 5096 3524 5168 praedictus

1931 5202 2166 5258 Jacobus
2196 5197 2484 5270 quamdam
2515 5194 2800 5250 mulierem
2830 5189 2900 5246 de
2928 5186 3244 5262 longinquis
3275 5185 3525 5259 partibus

1934 5295 2234 5371 deportari,
2299 5310 2421 5366 qum
2476 5293 2642 5360 longo
2697 5298 2944 5360 tempore
3003 5285 3174 5340 fuerat
3200 5291 3524 5354 contracta;

1934 5389 2226 5459 statimque
2257 5385 2380 5442 viso
2411 5379 2760 5450 monasterio,
2791 5378 2844 5433 in
2895 5390 3004 5448 quo
3033 5372 3325 5445 requiescit
3354 5371 3532 5428 abbas

1935 5485 2283 5552 venerabilis,
2336 5482 2423 5538 cui
2464 5498 2523 5536 se
2553 5480 2608 5535 in
2635 5494 2733 5550 spe
2783 5471 3182 5546 recuperandae
3213 5469 3405 5526 salutis
3432 5469 3532 5524 de-

1939 5586 2177 5644 voverat,
2209 5580 2398 5632 curata
2432 5578 2517 5626 est
2571 5576 2624 5624 et
2675 5564 2898 5622 omnino
2930 5569 3152 5618 sanata.
3209 5559 3338 5614 Milo
3367 5556 3536 5612 laicus

1934 5681 2145 5752 juratus
2173 5673 2330 5741 dixit;
2371 5670 2440 5726 de
2469 5665 2628 5724 oculo
2658 5671 2808 5721 eruto
2830 5670 2884 5720 et
2914 5661 3182 5752 restituto.
3205 5656 3351 5751 idem
3388 5651 3536 5752 quod

1935 5737 2174 5825 :lacobus
2204 5779 2222 5818 :
2249 5737 2326 5818 de
2349 5751 2634 5813 miraculis
2669 5749 2832 5808 factis
2878 5747 2937 5805 in
2989 5740 3353 5806 dedicatione,
3386 5745 3440 5796 et
3465 5737 3536 5794 de

3135 5836 3212 5899 41
