3972 6076
375 145 508 202 1291

1339 145 1404 200 S.
1451 143 1751 200 ROBERTI
1790 142 1962 201 0RD.
2016 145 2455 204 FUNDATORIS
2495 147 2680 203 VITA.

3528 157 3696 212 1292

372 268 599 324 muliere
629 282 750 340 quae
779 272 1069 323 tremorem
1100 267 1290 340 capitis
1320 274 1374 324 et
1402 267 1618 323 brachii
1634 267 1963 338 patiebatur,
2000 271 2054 330 A
2083 285 2248 342 quam
2278 269 2506 338 dubitat,
2537 271 2715 342 ipsum
2747 281 3060 330 sanctorum
3103 275 3352 349 catalogo
3399 277 3693 335 miraculis

373 357 520 413 idem
559 356 700 428 quod
729 355 903 410 abbas
933 363 986 411 et
1033 355 1145 410 alii.
1208 355 1636 413 Bartholomaeus
1665 358 1968 412 monachus

373 454 428 502 et
454 445 742 517 presbyter
763 444 982 516 juratus
1018 444 1174 512 dixit,
1208 446 1276 502 de
1307 447 1523 502 duobus
1567 445 1850 501 miraculis
1881 445 1967 501 fa-

374 543 475 599 ctis
503 543 559 598 in
592 541 934 597 dedicatione
991 549 1045 597 et
1103 543 1330 598 muliere
1377 558 1650 614 percussa
1694 542 1750 597 in
1781 559 1962 610 manu,

365 631 514 689 idem
544 631 688 701 quod
717 630 834 686 alii.

438 784 534 838 28.
567 804 590 830 α
623 784 782 855 Hugo
811 784 1095 856 presbyter
1127 791 1182 840 et
1212 784 1514 840 monachus
1557 784 1771 855 juratus
1801 783 1963 861 dixit,

365 872 511 946 quod
547 871 685 928 vidit
721 871 1008 944 quemdam
1039 873 1216 930 civem
1253 874 1551 928 Metensem
1583 889 1808 940 caecum,
1859 889 1962 928 ve-

365 962 609 1018 nientem
633 977 798 1018 causa
827 962 1131 1018 devotionis
1171 970 1225 1018 et
1273 978 1370 1033 spe
1425 962 1783 1034 recuperandi
1813 961 1963 1018 visus

365 1061 435 1116 ad
465 1076 612 1132 saepe
640 1059 842 1116 dictum
883 1061 1194 1133 sepulcrum
1233 1081 1244 1116 :
1300 1060 1392 1133 qui
1450 1060 1674 1117 veniens
1712 1060 1781 1115 ad
1828 1059 1963 1116 illud

369 1150 545 1205 visum
586 1150 934 1222 recuperavit
962 1157 1015 1206 et
1041 1150 1176 1206 vidit
1205 1165 1525 1222 squammas
1573 1150 1644 1205 ab
1673 1150 1790 1218 ejus
1822 1164 1961 1206 ocu-

368 1249 437 1304 lis
459 1249 745 1306 visibiliter
770 1249 1098 1306 deﬁuentes.
1135 1248 1239 1317 Qui
1271 1248 1426 1304 citius
1456 1247 1583 1304 inde
1613 1247 1682 1302 ad
1712 1247 1773 1303 S.
1802 1247 1960 1304 Jaco-

371 1338 500 1393 bum
545 1337 918 1410 proﬁciscens,
971 1337 1276 1410 hospitatus
1313 1344 1396 1392 est
1443 1337 1654 1406 itinere,
1699 1335 1755 1390 in
1796 1336 1960 1393 domo

368 1435 610 1492 mulieris
653 1435 961 1506 cujusdam,
997 1452 1119 1507 qua:
1155 1441 1431 1492 contracta
1456 1433 1680 1503 jacebat
1715 1433 1771 1489 in
1820 1434 1960 1490 lecto

368 1525 471 1580 sed
496 1525 567 1580 ad
594 1524 883 1580 consilium
913 1522 1059 1578 illius
1087 1522 1156 1578 ad
1186 1522 1497 1595 sepulcrum
1528 1521 1702 1578 sancti
1735 1538 1794 1577 se
1825 1537 1962 1594 por-

2078 368 2444 430 coaequatum.
2485 359 2749 416 Caeterum
2780 362 2883 416 vita
2920 363 3092 435 ipsius
3140 365 3412 422 sanctitati
3445 375 3680 435 vestra,

2076 463 2174 518 per
2226 448 2444 503 nuntios
2499 449 2756 506 Ecclesiae
2811 450 3204 520 Molismensis,
3245 453 3559 526 porrigetur
3621 456 3688 511 in

2076 544 2313 613 scriptis,
2375 563 2495 617 quae
2537 546 2668 600 satis
2726 548 2964 604 ostendit
3018 550 3200 621 ipsum
3253 551 3433 606 multis
3461 553 3687 609 meritis

2073 633 2355 688 claruisse.
2390 637 2455 688 At
2485 651 2608 706 quae
2638 635 2964 704 audivimus,
2992 653 3113 694 cum
3146 654 3366 694 summa
3393 639 3687 712 diligentia

2075 721 2304 777 ﬁdeliter
2351 723 2703 794 inquirentes,
2746 725 3069 781 beatitudini
3107 737 3306 783 vestrae
3337 745 3432 799 per
3469 730 3686 802 scripta

2074 820 2363 890 praesentia
2410 821 2772 891 declaramus,
2833 833 2887 879 ut
2923 834 3112 881 vestra
3141 834 3329 882 sancta
3376 828 3684 898 paternitas

2071 909 2273 976 videat,
2303 909 2434 982 quid
2461 911 2654 967 talibus
2678 912 2745 967 sit
2775 914 3072 986 agendum.
3110 939 3132 962 ι

2139 1070 2226 1123 30.
2261 1068 2534 1125 Hactenus
2563 1069 2753 1127 littere
2799 1071 3182 1144 episcoporum
3211 1073 3280 1128 ad
3319 1072 3665 1145 pontiﬁcem,

2067 1163 2122 1212 et
2151 1173 2380 1213 examen
2411 1158 2480 1214 de
2503 1159 2558 1214 S.
2591 1159 2811 1216 Roberti
2833 1162 3116 1217 sanctitate
3165 1177 3232 1220 ac
3268 1162 3576 1232 miraculis,
3610 1165 3678 1220 de

2069 1245 2268 1317 quibus
2297 1255 2352 1302 et
2379 1247 2752 1304 testimonium
2782 1266 2937 1305 suum
2967 1250 3154 1322 plures
3184 1250 3241 1305 in
3273 1252 3476 1308 vicinia
3502 1253 3675 1306 abba-

2069 1351 2151 1398 tes
2176 1343 2242 1399 ad
2268 1344 2570 1399 Honorium
2602 1345 3036 1418 perscripserunt
3077 1347 3162 1402 his
3217 1347 3422 1404 verbis.
3453 1371 3473 1397 ι
3529 1349 3677 1405 San-

2067 1428 2310 1484 ctissimo
2344 1429 2484 1484 Patri
2513 1433 2568 1484 et
2597 1430 2818 1488 domino
2851 1431 3147 1489 universali
3177 1431 3441 1502 Honorio,
3475 1432 3670 1489 divina

2068 1517 2407 1589 providentia
2438 1525 2640 1575 sanctae
2663 1519 2812 1575 sedis
2843 1520 3160 1592 apostolica
3188 1520 3449 1593 pontiﬁci,
3475 1522 3536 1578 S.
3571 1523 3675 1578 Be-

367 1613 468 1669 tari
502 1613 728 1679 faciens,
761 1619 946 1668 sanata
975 1620 1072 1668 est.
1108 1612 1237 1668 Haec
1279 1619 1362 1668 est
1389 1619 1569 1668 autem
1608 1611 1722 1681 illa,
1757 1611 1825 1666 de
1854 1628 1957 1684 qua
1987 1636 2041 1699 Β
2072 1615 2225 1687 nigni
2300 1614 2666 1687 Divionensis,
2747 1624 2800 1672 et
2875 1617 2934 1672 S.
3001 1618 3260 1688 Stephani
3325 1619 3674 1688 Rhemensis,

369 1710 617 1782 superius
673 1709 918 1782 loquitur
963 1710 1202 1766 Jacobus
1256 1711 1558 1766 monachus
1589 1717 1642 1765 et
1681 1711 1962 1777 sacerdos,

367 1799 459 1871 qui
489 1799 726 1855 Iacobus
754 1799 1009 1855 convenit
1047 1815 1170 1854 cum
1219 1799 1472 1870 Hugone,
1508 1799 1606 1854 sed
1637 1799 1705 1853 de
1744 1797 1956 1853 auditu.

366 1887 689 1944 Guillelmus
743 1886 1042 1942 monachus
1103 1894 1156 1941 et
1211 1886 1502 1957 presbyter
1543 1885 1755 1955 juratus
1805 1883 1964 1954 dixit,

364 1985 510 2057 quod
549 1984 683 2040 vidit
727 1983 1022 2055 quemdam
1073 1982 1358 2051 clericum,
1403 1983 1493 2054 qui
1529 1982 1696 2056 longo
1718 1986 1965 2052 tempore

365 2081 678 2130 contractus
708 2071 900 2141 fuerat,
963 2072 1029 2127 ad
1086 2071 1230 2126 idem
1282 2073 1593 2142 sepulcrum
1625 2072 1811 2126 sanari
1845 2089 1856 2124 :
1890 2081 1961 2136 et,

365 2163 434 2218 de
493 2163 702 2217 duabus
757 2161 1075 2216 mulieribus
1131 2161 1185 2214 in
1224 2160 1584 2228 dedicatione,
1628 2159 1775 2215 idem
1820 2159 1963 2231 quod

366 2259 486 2316 alii.
528 2260 798 2316 Licelinus
825 2259 1126 2315 monachus
1157 2267 1208 2314 et
1231 2258 1528 2329 presbyter
1552 2259 1768 2326 juratus
1801 2257 1962 2323 dixit,

365 2350 434 2405 de
491 2348 704 2404 duobus
760 2347 1036 2402 miraculis
1092 2347 1146 2401 in
1193 2347 1558 2410 dedicatione,
1623 2346 1765 2400 idem
1815 2345 1962 2416 quod

367 2446 486 2502 alii.
526 2444 786 2500 Martinus
810 2445 1023 2513 juratus
1081 2441 1240 2508 dixit,
1299 2442 1368 2496 de
1411 2441 1692 2496 miraculis
1723 2440 1878 2498 factis
1909 2441 1964 2495 in

371 2533 736 2602 dedicatione,
796 2540 849 2588 et
906 2532 973 2586 de
1031 2531 1256 2585 muliere
1317 2547 1435 2601 quae
1483 2538 1676 2585 sanata
1729 2531 1965 2587 fuerata

368 2632 592 2689 laesione
620 2646 832 2696 manus,
892 2628 1034 2684 idem
1093 2628 1238 2700 quod
1269 2627 1378 2683 alii.
1427 2628 1634 2697 Haymo
1663 2629 1964 2684 monachus

370 2730 425 2778 et
479 2720 739 2777 sacerdos
791 2718 1010 2790 jurutus
1067 2717 1226 2784 dixit,
1277 2716 1426 2788 quod
1490 2717 1620 2771 vidit
1672 2717 1963 2788 quemdam

369 2810 636 2866 furiosum
665 2807 742 2862 ibi
771 2805 977 2862 sanari.
1007 2805 1264 2877 Magister
1289 2806 1475 2860 Simon
1506 2805 1796 2878 presbyter
1815 2805 1966 2875 jura-

369 2916 456 2964 tus
485 2907 642 2972 dixit,
677 2905 746 2961 de
775 2901 1054 2958 miraculis
1095 2901 1252 2958 factis
1303 2901 1359 2956 in
1407 2901 1769 2969 dedicatione,
1817 2901 1963 2958 idem

2077 1705 2134 1760 S.
2168 1703 2452 1759 Michaelis
2492 1705 2954 1773 Tornodorensis,
2989 1714 3044 1762 et
3087 1708 3146 1762 S.
3198 1707 3410 1762 Martini
3454 1708 3674 1764 Malun-

2075 1792 2259 1848 densis
2291 1793 2537 1861 abbates,
2577 1794 2938 1866 Lingonensis
2981 1794 3260 1863 dimcesis,
3307 1811 3430 1852 cum
3467 1797 3676 1867 pedum

2073 1890 2264 1946 osculo
2323 1891 2559 1946 salutem
2611 1899 2663 1947 et
2721 1892 2917 1948 debitae
2946 1894 3272 1950 reverentiae
3314 1893 3665 1949 famulatum.

2073 1980 2206 2034 Cum
2233 1979 2606 2036 Molismensis
2650 1981 2923 2048 Ecclesia,
2965 1990 3019 2038 et
3048 1981 3154 2039 illa;
3183 1982 3428 2040 ecclesiae
3456 1983 3516 2037 in
3544 1983 3675 2056 qui-

2074 2069 2176 2123 bus
2207 2068 2476 2124 habemus
2535 2069 2876 2139 ministrare,
2933 2071 3198 2142 proxima:
3235 2071 3341 2126 sint
3394 2071 3497 2126 sibi
3527 2072 3674 2127 invi-

2074 2181 2214 2230 cem,
2249 2173 2302 2220 et
2339 2167 2478 2221 adeo
2509 2166 2721 2232 vicinae,
2746 2175 2802 2221 ut
2830 2167 2918 2221 vix
2949 2176 3044 2222 aut
3063 2167 3369 2224 nullatenus
3391 2168 3444 2223 in
3463 2169 3674 2240 aliqua-

2072 2269 2263 2310 earum
2316 2253 2524 2326 aliquid
2556 2271 2837 2328 magnum
2886 2257 3183 2329 contingat,
3239 2257 3380 2328 quod
3409 2257 3476 2311 ad
3534 2257 3671 2312 alias

2073 2342 2217 2398 fama
2239 2343 2393 2398 velox
2427 2342 2533 2398 cito
2561 2359 2670 2399 non
2699 2345 2911 2399 deferat
2944 2360 2957 2412 ;
2994 2345 3063 2399 de
3093 2346 3264 2401 sancti
3296 2346 3464 2400 Patris
3495 2347 3673 2402 nostri

2073 2439 2314 2508 Roberti,
2376 2440 2740 2496 Molismensis
2797 2441 3058 2498 Ecclesiae
3113 2442 3280 2514 primi
3329 2443 3566 2509 abbatis,
3617 2452 3672 2498 et

2073 2528 2451 2584 Cisterciensis
2508 2530 2719 2585 ordinis
2776 2529 3096 2597 fundatoris,
3152 2531 3279 2596 vita,
3329 2547 3450 2603 qum
3502 2531 3668 2587 innu-

2074 2616 2235 2672 meris
2267 2618 2574 2673 veneranda
2607 2618 2891 2674 virtutibus
2922 2618 3124 2674 eﬁ‘ulsit
3157 2639 3169 2685 ;
3199 2629 3253 2675 et
3278 2619 3347 2675 de
3373 2620 3670 2688 miraculis,

2075 2734 2196 2788 qua:
2227 2717 2466 2789 quotidie
2493 2717 2562 2772 ad
2591 2718 2902 2789 sepulcrum
2951 2717 3142 2788 ipsius,
3192 2719 3379 2775 divina
3412 2727 3671 2790 operante

2073 2805 2378 2875 clementia,
2450 2804 2602 2875 ﬁunt,
2668 2807 2890 2878 dignum
2969 2807 3224 2862 duximus
3295 2808 3352 2862 in
3417 2808 3675 2879 presenti

2073 2894 2301 2950 articulo
2356 2894 2570 2951 veritati
2629 2897 3006 2952 testimonium
3050 2897 3366 2968 perhibere.
3417 2897 3554 2952 Nam
3591 2898 3674 2952 in-

372 2996 520 3069 quod
549 2995 638 3050 alii
671 3009 686 3064 ;
719 2991 998 3060 adjiciens,
1041 2991 1189 3064 quod
1220 2990 1443 3062 quidam
1473 2990 1644 3047 laicus
1672 2990 1821 3062 apud
1848 2991 1967 3047 Mo-
1996 2993 2042 3058 C
2078 3001 2356 3048 cessanter
2404 2992 2573 3048 totius
2631 2993 2874 3066 regionis
2915 2994 3157 3063 ejusdem
3198 2994 3385 3066 populi
3427 3011 3527 3051 vox
3557 2995 3673 3051 cla-

369 3086 588 3141 lismum
625 3081 862 3138 illudens
918 3080 1172 3136 convitiis
1211 3079 1584 3135 venerabilem
1645 3080 1873 3149 Patrem,
1915 3087 1968 3136 et

371 3185 488 3254 ejus
517 3181 774 3238 miracula
807 3179 1057 3248 irridens,
1091 3178 1220 3234 inde
1258 3179 1541 3246 recedens,
1591 3179 1845 3250 sequenti
1880 3179 1968 3235 die

368 3273 506 3330 infra
536 3272 672 3327 ﬁnes
701 3269 952 3343 ejusdem
979 3267 1122 3324 villa
1151 3283 1183 3322 a
1203 3267 1422 3323 duobus
1472 3267 1729 3322 militibus
1761 3276 1844 3323 est
1868 3283 1967 3324 oc-

373 3363 543 3419 cisus.
596 3361 712 3416 Hoc
761 3357 930 3414 etiam
984 3357 1119 3412 dixit
1166 3356 1405 3412 Jacobus
1452 3372 1513 3412 se
1559 3355 1788 3412 vidisse.
1829 3357 1972 3413 Vidit

372 3468 638 3532 praeterea
682 3455 975 3529 quemdam
1012 3454 1244 3522 laicum,
1287 3453 1381 3527 qui
1438 3462 1748 3510 contractus
1796 3455 1970 3511 fuerat

374 3565 477 3621 per
521 3545 777 3602 undecim
816 3559 1010 3612 annos,
1065 3543 1132 3598 ad
1182 3557 1331 3615 saepe
1380 3542 1589 3599 dictum
1649 3543 1967 3615 sepulcrum

379 3652 559 3694 sanari
571 3677 584 3690 .

446 3799 537 3853 29.
573 3817 594 3844 ι
628 3790 791 3848 Fulco
848 3796 902 3847 et
951 3788 1206 3857 Iacobus,
1259 3789 1513 3846 monachi
1547 3797 1601 3846 et
1629 3791 1969 3859 sacerdotes,

375 3885 539 3958 jurati
566 3883 838 3947 dixerunt,
883 3878 1033 3952 quod
1060 3893 1183 3934 cum
1212 3879 1449 3952 quadam
1480 3879 1568 3935 die
1611 3888 1798 3936 essent
1820 3881 1974 3950 juxta

379 3975 646 4034 tumulum
675 3986 822 4043 saepe
862 3969 1085 4037 dictum,
1135 3977 1190 4024 et
1236 3969 1358 4025 viro
1388 3977 1581 4026 sancto
1609 3970 1974 4027 reverentiam

382 4072 704 4131 exhiberent
758 4066 939 4138 capita
994 4065 1353 4137 inclinanda;
1407 4066 1628 4139 quidam
1675 4068 1972 4124 monachus

382 4160 546 4218 astitit
577 4174 699 4215 cum
730 4154 958 4222 eisdem,
1001 4153 1057 4208 in
1083 4155 1201 4210 haec
1232 4157 1402 4210 verba
1433 4153 1568 4225 ipsis
1607 4157 1973 4226 praesentibus

383 4259 435 4308 et
493 4245 845 4304 audientibus
917 4242 1310 4300 contumeliose
1401 4243 1820 4314 prorumpens:
1905 4245 1972 4302 Ut

382 4338 515 4414 quid
547 4337 601 4393 ei
631 4334 822 4407 capita
859 4333 1163 4388 inclinatis
1196 4333 1223 4385 ?
1272 4331 1479 4389 Sciat-is
1506 4348 1605 4403 pro
1631 4343 1803 4402 certo,
1824 4335 1965 4406 quod
1994 4347 2046 4408 D

382 4451 673 4508 nunquam
696 4433 930 4487 sanctus
949 4431 1086 4500 fuit.
1112 4429 1225 4484 [mo
1248 4429 1466 4500 quidam
1491 4430 1728 4486 rusticus
1750 4432 1972 4487 multum

384 4533 664 4597 deformis,
701 4528 1013 4600 sepulcrum
1061 4527 1201 4598 pede
1243 4527 1570 4597 percutiens,
1604 4528 1810 4585 similia
1839 4547 1972 4602 pro—

350 4630 352 4633 ’
381 4632 686 4692 clamabat:
710 4626 887 4682 statim
917 4634 1098 4681 autem
1128 4634 1304 4681 tumor
1330 4627 1558 4698 arripuit
1589 4629 1786 4698 pedem
1819 4630 1972 4684 illum

379 4740 481 4798 per
534 4727 703 4776 totum
755 4730 953 4786 corpus
1010 4714 1389 4771 universaliter
1443 4717 1841 4786 ascendendo;
1901 4719 1973 4773 ita

379 4820 523 4895 quod
552 4817 697 4873 infra
725 4812 1061 4886 quindenam
1084 4811 1178 4866 illa
1207 4811 1518 4869 inﬁrmitate
1562 4824 1820 4886 gravatus
1853 4818 1968 4888 spi-

380 4913 543 4967 ritum
591 4902 890 4962 exhalavit.
935 4901 1020 4956 De
1059 4901 1271 4956 furiosis
1311 4910 1366 4957 et
1414 4901 1844 4960 febricitantibus
1875 4921 1970 4961 sa-

378 4999 520 5056 natis
549 4994 759 5051 inﬁnita
793 4989 1080 5046 multitudo
1111 4989 1387 5049 clamabat
1408 5007 1594 5048 coram
1613 4994 1794 5061 nobis,
1823 4993 1881 5051 ‘et
1911 5013 1970 5052 se

380 5104 501 5146 esse
531 5092 753 5142 sanatos
784 5080 1010 5134 ﬁrmiter
1030 5073 1372 5135 asserebant.
1397 5081 1474 5136 Ita
1493 5083 1638 5153 quod
1662 5084 1970 5140 communis

383 5185 566 5258 opinio
597 5183 758 5238 totius
787 5177 1030 5250 regionis
1059 5176 1116 5231 in
1149 5183 1356 5232 tantum
1389 5179 1613 5236 invaluit
1656 5182 1808 5238 circa
1842 5183 1965 5249 ista,

382 5275 529 5350 quod
559 5271 852 5344 plurimum
905 5266 1083 5338 ipsum
1143 5274 1389 5323 tenorem
1437 5271 1840 5327 attestationum
1869 5289 1968 5328 ex-

379 5373 536 5432 tollit.
567 5369 696 5424 Hzec
721 5363 924 5420 nostris
980 5364 1320 5436 temporibus
1373 5367 1644 5425 accidisse
1691 5368 1965 5440 dicuntur,

382 5473 521 5529 sicut
570 5460 821 5535 superius
874 5467 956 5514 est
1009 5475 1343 5532 expressum.
1399 5465 1443 5519 Α
1497 5472 1744 5538 tempore
1787 5476 1968 5525 autem

382 5560 563 5620 obitus
588 5543 782 5626 ipsius,
833 5543 992 5613 cujus
1031 5563 1139 5603 non
1189 5558 1371 5608 exstat
1425 5555 1708 5625 memoria,
1755 5552 1967 5614 inﬁnita

379 5643 638 5721 miracula
669 5637 977 5696 referuntur
1008 5649 1021 5700 ;
1055 5635 1131 5690 ita
1188 5640 1334 5708 quod
1362 5648 1474 5698 tota
1522 5643 1714 5701 vicinia
1761 5662 1965 5719 nequa.

2078 3089 2188 3136 mat
2217 3082 2273 3136 iu
2330 3081 2556 3136 auribus
2609 3082 2832 3148 nostris,
2883 3083 3031 3154 quod
3086 3082 3379 3139 multitudo
3433 3083 3676 3139 maxima

2076 3177 2495 3241 oontractorum,
2574 3185 2867 3240 caecorum,
2943 3179 3213 3227 mutorum
3304 3181 3360 3228 et
3441 3173 3674 3229 aliorum

2078 3259 2246 3315 variis
2277 3259 2632 3332 languoribus
2680 3260 3048 3329 detentorum,
3101 3260 3341 3332 quotidie
3381 3261 3448 3316 ad
3480 3263 3674 3333 sepul-

2080 3371 2230 3412 crum
2262 3356 2393 3411 dicti
2428 3357 2599 3412 sancti
2633 3357 2690 3411 in
2723 3356 2951 3412 ecclesia
2999 3357 3331 3413 Molismensi
3389 3357 3674 3414 conﬂuen-

2079 3445 2234 3512 tium,
2296 3444 2442 3501 facta
2501 3445 2748 3501 oratione
2804 3453 2858 3501 et
2913 3445 3087 3501 sancti
3129 3446 3352 3501 nomine
3399 3447 3673 3514 invocato,

2081 3533 2310 3605 pristina
2341 3533 2569 3590 sanitate
2597 3543 2838 3606 recepta,
2871 3533 3160 3590 incolumis
3191 3535 3412 3592 videtur
3428 3552 3679 3593 remeare

2081 3623 2152 3678 ad
2173 3623 2419 3694 prapria.
2450 3623 2583 3679 Inde
2621 3631 2721 3690 est,
2759 3624 2905 3696 quod
2948 3623 3120 3695 ipsius
3148 3624 3323 3680 sancti
3359 3624 3681 3681 inflammati

2081 3719 2378 3789 miraculis,
2407 3720 2768 3778 sanctissimas
2795 3721 3106 3793 paternitati
3152 3729 3372 3787 vestrae,
3411 3721 3469 3777 in
3497 3739 3682 3795 quan-

2081 3816 2197 3864 tum
2251 3825 2563 3881 possumus,
2621 3810 2894 3866 humiliter
2938 3818 2990 3866 et
3039 3811 3236 3866 devote
3283 3811 3678 3883 supplicamus,

2083 3905 2350 3971 quatenus
2397 3915 2546 3970 smpe
2590 3899 2798 3956 dictum
2845 3899 2908 3955 S.
2954 3899 3270 3968 Robertum,
3324 3917 3489 3973 quem
3532 3901 3681 3957 Deus

2082 3994 2221 4052 inter
2247 3996 2449 4053 electos
2501 4013 2633 4054 suos
2689 3998 3103 4056 coruscantibus
3151 3999 3358 4055 meritis
3387 4016 3488 4072 per
3516 4001 3676 4055 mira-

2083 4084 2207 4141 cula
2227 4084 2452 4143 miriﬁce
2480 4085 2854 4160 magniﬁcavit
2889 4087 2944 4142 in
2976 4087 3228 4160 partibus
3269 4089 3496 4157 nostris,
3521 4103 3673 4146 cano-

2083 4183 2259 4239 nizari
2290 4192 2346 4240 et
2365 4193 2685 4242 sanctorum
2713 4185 2964 4259 catalogo
2981 4186 3275 4259 aggregari
3292 4187 3624 4244 decernatis.
3654 4211 3675 4236 ι

2082 4271 2157 4327 Ita
2185 4273 2438 4329 abbates.

2153 4441 2248 4494 31.
2289 4440 2565 4497 Honorius
2597 4442 2684 4498 his
2745 4442 2939 4503 litteris
2995 4449 3160 4515 atque
3189 4442 3508 4498 memoratis
3534 4443 3684 4498 testi-

2083 4528 2286 4583 moniis
2333 4529 2586 4600 perlectis
2615 4574 2628 4598 ,
2661 4547 2784 4588 cum
2813 4533 2879 4586 ad
2948 4531 3319 4588 universalem
3349 4532 3550 4587 cultum
3581 4548 3682 4602 per

2079 4623 2250 4671 totam
2306 4618 2614 4674 Ecclesium
2664 4621 2727 4676 S.
2795 4621 3036 4676 Roberto
3088 4619 3519 4685 decernendum,
3551 4635 3682 4674 san-

2079 4723 2340 4785 ctumque
2366 4732 2489 4770 eum
2521 4718 2983 4787 pronuntiandum
3005 4718 3256 4790 quaedam
3275 4717 3382 4772 alia
3401 4717 3681 4772 desidera-

2055 4809 2203 4884 ret;
2255 4813 2574 4875 potestatem
2632 4806 2851 4861 interim
2896 4807 3023 4862 fecit
3062 4805 3502 4862 Molismensibus
3548 4820 3680 4860 eum

2081 4902 2398 4971 venerandi,
2431 4908 2595 4976 atque
2625 4903 2863 4961 ofﬁcium
2894 4906 2962 4961 de
3010 4904 3105 4960 illo
3150 4903 3488 4970 celebrandi,
3523 4903 3582 4958 in
3611 4919 3677 4960 ea

2079 5005 2286 5056 tantum
2313 5002 2566 5073 ecclesia,
2589 5003 2644 5058 in
2685 5021 2788 5076 qua
2827 5019 2980 5060 sacra
3003 5003 3126 5073 ejus
3147 5018 3277 5059 ossa
3303 5001 3679 5058 recondeban-

2077 5096 2183 5157 tur,
2215 5106 2325 5162 qua
2369 5091 2438 5147 de
2490 5109 2548 5149 re
2604 5092 2913 5162 hujusmodi
2957 5091 3228 5164 pontiﬁcis
3274 5091 3512 5163 diploma
3540 5098 3672 5146 est:

2081 5202 2102 5228 α
2139 5178 2413 5236 Honorius
2444 5182 2754 5254 episcopus.
2781 5199 2974 5239 servus
2999 5198 3283 5238 servorum
3316 5180 3437 5248 Dei,
3460 5179 3672 5237 dilectis

2077 5275 2201 5331 ﬁliis
2256 5278 2436 5334 abbati
2483 5287 2537 5336 et
2592 5279 2884 5338 conventui
2941 5279 3297 5346 Molismensi,
3348 5277 3574 5334 salutem
3619 5283 3672 5333 et

2074 5375 2430 5446 apostolicam
2480 5377 2933 5435 benedictionem.
2997 5377 3130 5433 Cum
3170 5375 3299 5432 olim
3338 5391 3435 5447 per
3461 5373 3668 5430 litteras

2075 5471 2128 5520 et
2166 5464 2382 5521 nuntios
2429 5474 2646 5523 vestros
2696 5465 3114 5540 supplicassetis
3159 5465 3450 5532 instanter,
3497 5461 3666 5532 adjuti

2072 5560 2396 5620 testimoniis
2409 5572 2462 5620 et
2489 5564 2971 5624 intercessionibus
2999 5563 3382 5638 plurimorum,
3400 5568 3662 5618 utsancta:

2075 5653 2360 5710 memoriae
2388 5653 2454 5710 B.
2493 5655 2811 5724 Robertum,
2863 5654 3014 5726 cujus
3044 5669 3245 5726 corpus
3272 5652 3331 5713 in
3360 5658 3548 5710 vestra
3574 5666 3662 5709 re-
