3972 6076
243 233 380 287 1293

1237 227 1611 282 MATHILDIS
1650 225 1884 283 COMIT.
1927 228 2083 284 VITA
2128 229 2218 284 ET
2254 226 2538 283 DIPLOM.

3404 231 3542 284 1294

239 356 530 430 quiescens
562 354 800 411 ecclesia
820 351 1006 408 multis
1028 359 1078 408 et
1101 354 1316 424 magnis
1337 353 1617 410 miraculis
1639 368 1836 409 corus-
1865 355 1920 420 Α
1946 359 2109 426 plene
2140 353 2519 425 reseripserint
2550 353 2852 421 veritatem,
2887 355 3029 426 quia,
3048 355 3178 412 licet
3209 356 3369 413 nobis
3389 373 3541 430 quae-

238 455 422 521 cabat,
478 461 788 508 sanctorum
839 450 1091 523 catalogo
1138 450 1414 506 ascribere
1459 451 1833 520 deberemus;

237 569 364 620 nos,
399 567 469 607 ne
497 551 550 606 in
583 557 734 605 tanto
765 548 986 619 negotio
1017 547 1334 604 videremur
1363 557 1419 602 ut
1468 548 1654 620 aliqua
1700 549 1838 604 levi-

237 650 372 708 tate,
405 650 516 695 tam
548 641 614 694 de
643 639 752 694 vita
783 637 972 708 ipsius,
1010 653 1169 707 quam
1199 637 1267 692 de
1289 637 1586 704 miraculis,
1618 654 1718 708 per
1737 654 1833 692 ve-

239 737 520 792 nerabiles
551 734 742 790 fratres
771 740 991 788 nostros
1038 732 1436 804 Lingonensem
1487 742 1540 786 et
1601 733 1837 788 Valenti-

239 842 470 882 nensem
501 824 814 896 episcopos,
848 821 1230 876 mandavimus
1259 822 1479 892 inquiri,
1513 837 1638 877 cum
1673 822 1742 876 ad
1784 822 1838 876 id

238 933 299 979 ut
329 923 524 996 aliquis
554 923 815 976 habeatur
845 928 902 975 ut
932 928 1151 974 sanctus
1181 919 1233 973 in
1260 919 1506 975 Ecclesia
1547 920 1820 987 militanti,

241 1028 482 1070 necesse
513 1011 601 1074 sit,
645 1018 704 1064 ut
731 1018 784 1064 et
814 1027 956 1064 verae
988 1008 1132 1075 ﬁdei,
1183 1025 1302 1080 quae
1348 1025 1448 1079 per
1494 1009 1839 1064 dilectionem

241 1118 518 1184 operatur,
565 1109 754 1165 merita
803 1125 925 1164 cum
972 1109 1380 1179 perseverantia
1427 1107 1574 1163 ﬁnali
1629 1125 1837 1180 praece-

241 1203 398 1268 dant,
431 1209 483 1256 et
514 1200 662 1256 clara
692 1199 854 1253 etiam
887 1198 1142 1253 miracula
1171 1199 1572 1268 subsequantur
1602 1215 1615 1261 ;
1661 1214 1838 1270 neque

241 1291 351 1346 alia
380 1289 499 1345 sine
529 1288 649 1342 aliis
680 1287 841 1357 plene
873 1284 1148 1341 sufﬁciant
1177 1287 1244 1340 ad
1275 1285 1535 1342 indicium
1580 1287 1838 1342 sanctita-

241 1389 311 1444 tis
337 1406 351 1452 ;
381 1403 449 1442 eo
481 1386 625 1459 quod
654 1384 900 1440 nonnulli
937 1383 1136 1439 faciunt
1165 1399 1336 1454 opera
1367 1399 1487 1447 sua,
1520 1392 1577 1439 ut
1605 1384 1838 1439 videan-

238 1487 329 1534 tur
357 1477 428 1532 ab
456 1475 765 1531 horninibus
793 1493 808 1541 ;
843 1482 895 1529 et
940 1488 1334 1545 nonnunquam
1370 1473 1600 1546 angelus
1623 1473 1841 1530 Satanas

244 1574 641 1648 transﬁgurans
698 1589 756 1627 se
825 1571 880 1626 in
956 1572 1216 1643 angelum
1290 1571 1448 1639 lucis,
1529 1571 1839 1627 hominibus

1945 452 2069 507 dam
2102 450 2366 507 miracula
2395 467 2518 522 qua
2548 460 2674 523 post
2702 462 2927 508 mortem
2961 451 3164 509 fecerat
3193 453 3534 521 intimat'unt,

1945 549 2013 603 de
2039 548 2122 602 his
2144 555 2326 602 tamen
2348 564 2470 618 quae
2490 547 2542 601 in
2566 547 2674 602 vita
2699 547 2893 604 fecisse
2915 548 3134 615 dicitur,
3161 548 3322 604 ﬁdem
3344 551 3543 621 plena-

1945 637 2081 691 riam
2107 651 2210 692 non
2234 636 2480 692 fecerunt
2504 654 2517 690 :
2541 652 2643 691 nos
2661 653 2727 692 ne
2748 638 3002 708 precibus
3020 639 3214 693 vestris
3235 640 3545 696 videremur

1946 725 2168 780 omnino
2199 726 2418 791 deesse,
2451 725 2805 780 concedimus
2830 727 3008 793 vobis,
3044 735 3101 780 ut
3131 743 3253 782 eum
3283 735 3538 800 tanquam

1948 832 2193 878 sanctum
2226 822 2279 876 in
2311 830 2492 877 vestra
2521 824 2762 878 ecclesia
2811 833 3156 889 venerantes,
3222 825 3338 893 ejus
3392 827 3540 897 apud

1949 913 2120 966 Deum
2154 910 2415 981 suffragia
2447 910 2766 968 ﬁducialiter
2795 912 3120 980 imploretis.
3155 915 3348 968 Datum
3380 916 3541 971 Late-

1948 1000 2151 1066 rani,vt
2175 998 2302 1054 Idus
2325 999 2932 1071 Januarii,pontiﬁcatus
2956 1003 3127 1057 nostri
3152 1019 3294 1059 anno
3315 1013 3487 1058 sexto.
3518 1029 3540 1052 ι»

1948 1099 2057 1153 Has
2088 1099 2293 1152 litteras
2325 1114 2384 1152 se
2414 1114 2480 1152 ex
2515 1099 2769 1153 Vaticano
2799 1099 3084 1170 decerptas
3109 1101 3364 1156 habuisse
3387 1103 3542 1156 Man-

1948 1188 2134 1259 riquez
2165 1187 2237 1240 ait
2273 1205 2287 1254 ;
2319 1186 2598 1258 additque,
2635 1187 2737 1242 hoc
2769 1188 2962 1243 eodem
2996 1204 3142 1242 anno
3171 1196 3261 1243 aut
3291 1189 3442 1245 initio
3458 1206 3542 1245 se—

1950 1277 2185 1349 quentis,
2221 1291 2342 1332 cum
2375 1274 2450 1340 id,
2487 1276 2634 1346 quod
2663 1275 2839 1346 primo
2865 1292 3124 1347 processu
3152 1279 3357 1349 deerat,
3407 1296 3542 1349 sup-

1946 1375 2148 1446 pletum
2183 1374 2390 1440 fuisset,
2425 1373 2481 1430 S.
2505 1373 2805 1429 Robertum
2831 1373 3078 1432 absolute
3101 1384 3409 1432 sanctorum
3441 1393 3540 1432 ca-

1948 1472 2076 1528 noni
2108 1471 2410 1542 ascriptum
2442 1470 2630 1537 fuisse,
2661 1471 3057 1543 decretumque
3087 1474 3142 1527 in
3170 1474 3420 1546 generali
3443 1491 3540 1531 ca-

1947 1573 2116 1645 pitulo
2147 1571 2530 1628 Cisterciensis
2558 1571 2775 1628 familiae
2828 1581 2886 1628 ut
2919 1572 3112 1630 festum
3158 1575 3275 1642 ejus
3314 1575 3538 1647 quinto-

243 1664 556 1737 frequenter
584 1661 780 1727 illudit,
810 1660 950 1716 sicut
981 1660 1048 1714 de
1065 1659 1246 1731 magis
1270 1659 1470 1730 legitur
1505 1659 1833 1715 Pharaonis.
1865 1707 1918 1767 B
1947 1668 2164 1724 decimo
2197 1667 2474 1724 Kalendas
2505 1667 2629 1723 Maii
2662 1683 2783 1724 cum
2816 1668 2996 1726 ofﬁcio
3026 1669 3134 1726 duo
3155 1668 3334 1726 decim
3363 1670 3545 1728 ιεοιίο.

243 1763 384 1820 Cum
416 1763 601 1834 itaque
628 1758 978 1832 inquisitores
1023 1757 1272 1830 praedicti
1317 1758 1476 1814 nobis
1529 1775 1698 1830 super
1754 1759 1837 1814 his

1947 1773 2076 1813 num
2105 1773 2208 1829 per
2235 1757 2550 1814 universum
2583 1756 2775 1813 orbem
2805 1758 3104 1814 solemnius
3131 1758 3530 1816 celebraretur.

1099 2100 1206 2204 S.
1329 2102 1882 2208 ROBERTI
1983 2101 2674 2206 EPISTOL/E.

725 2346 1066 2404 EPISTOLA
1134 2347 1344 2402 PRIMA
1359 2389 1372 2402 .

764 2461 838 2500 AD
869 2460 1097 2501 ODONBI
1127 2459 1338 2501 DUCEH.

320 2541 688 2597 Illustrissimo
709 2541 833 2598 duci
873 2542 1079 2609 Ouom,
1122 2543 1426 2598 ROBERTUS
1455 2543 1624 2598 abbas
1653 2543 1838 2597 Molis-

253 2612 774 2686 mensisEcclesize,
803 2622 856 2668 et
886 2615 977 2685 qui
1005 2630 1126 2686 cum
1158 2629 1224 2669 eo
1261 2614 1476 2668 Domini
1515 2613 1837 2686 obsequium

250 2685 663 2754 concupiscunt,
698 2685 930 2739 salutem
962 2693 1014 2740 et
1043 2685 1373 2740 felicitatem.

319 2756 573 2810 Pietatem
605 2764 657 2810 et
703 2757 935 2828 gratiam
991 2757 1250 2828 donatam
1305 2756 1463 2810 vobis
1498 2771 1554 2828 7a
1607 2755 1836 2828 Domino

243 2835 625 2908 agnoscentes,
662 2827 915 2908 nolumus
963 2827 1171 2899 absque
1231 2827 1570 2908 beneplacito
1620 2827 1839 2908 celsitu-

246 2897 389 2970 dinis
411 2906 608 2952 vestrae
637 2898 841 2969 aliquid
887 2897 1149 2953 innovare
1182 2916 1196 2964 ;
1249 2899 1495 2970 quamvis
1557 2898 1838 2970 antiquum

247 2968 316 3023 sit
343 2975 397 3024 et
427 2984 534 3040 non
564 2968 762 3023 novum
809 2970 862 3022 in
909 2970 1124 3024 virtutis
1172 2968 1661 3040 apprehensionem
1691 2968 1838 3024 ‘cur-

247 3055 390 3094 rere.
421 3038 765 3110 QuaprOpter
795 3040 1076 3107 noveritis,
1109 3041 1177 3112 de
1208 3038 1512 3112 aliquorum
1562 3040 1836 3096 sociorum

246 3119 556 3184 nostrorum
587 3126 880 3184 consensu,
916 3113 1106 3184 quibus
1137 3111 1264 3184 data
1295 3111 1396 3184 gest
1452 3113 1629 3184 gratia
1665 3127 1836 3184 agno-

246 3181 433 3254 scendi
463 3184 698 3252 seipsos,
727 3183 881 3249 juxta
909 3181 1266 3238 sanctissima:
1294 3181 1520 3254 Regulae
1544 3181 1835 3252 pracepta,

243 3251 299 3306 in
334 3268 462 3307 vera
492 3251 809 3324 paupertate
840 3261 892 3308 et
917 3254 1264 3309 conscientiae
1293 3251 1606 3308 sinceritate
1652 3251 1836 3308 vivere

247 3324 528 3396 statuisse.
569 3324 634 3378 Et
673 3324 796 3394 quia
832 3325 1068 3396 reliquos
1109 3325 1162 3377 in
1213 3325 1456 3379 eamdem
1506 3325 1836 3379 sententiam

246 3395 654 3466 adduceregnon
680 3395 975 3465 potuimus,
1008 3408 1058 3450 et
1091 3397 1312 3450 eosdem
1352 3404 1406 3449 et
1449 3411 1639 3450 eorum
1691 3395 1835 3466 regi-

246 3481 374 3520 men
405 3464 697 3531 dimittere,
730 3474 925 3520 etcum
959 3467 1040 3520 bis
1071 3466 1161 3536 qui
1194 3466 1424 3536 vestigia
1467 3475 1673 3530 nostra,
1726 3464 1835 3520 imo

248 3536 426 3607 potius
455 3536 622 3609 sancti
657 3536 845 3609 Patris
874 3537 1154 3592 Benedicti
1205 3537 1366 3609 _sequi
1416 3537 1704 3602 voluerint,
1763 3537 1834 3609 ad

247 3622 484 3679 eremum
514 3607 757 3679 migrare
788 3608 1154 3663 decrevimus.
1189 3607 1324 3676 Quia
1356 3623 1488 3663 vero
1517 3616 1757 3663 vestrum
1780 3607 1832 3661 in

249 3691 350 3734 nos
395 3678 636 3733 animum
691 3679 996 3748 saepissime
1052 3679 1261 3749 experti
1317 3694 1528 3743 sumus,
1584 3687 1635 3733 et
1691 3693 1835 3734 nunc

247 3756 432 3822 contra
463 3749 816 3822 insurgentes
846 3749 1118 3822 procellas
1176 3749 1415 3820 experiri
1472 3757 1706 3822 oportet,
1767 3749 1835 3804 de

247 3819 502 3874 omnibus
533 3819 642 3874 vos'
659 3819 920 3875 certiores
965 3819 1216 3885 fecimus,
1253 3819 1519 3874 'orantes’
1548 3820 1834 3876 Dominum

247 3899 301 3962 et
329 3900 542 3962 patrem
573 3893 875 3961 gratiarum
908 3891 1051 3962 quod
1083 3905 1180 3946 vos
1227 3898 1280 3946 et
1326 3891 1543 3946 domum
1601 3900 1834 3948 vestram

250 3961 559 4018 incolumes
588 3970 898 4018 conservet.
926 3961 1117 4018 Amen.

820 4058 1152 4116 EPISTOLA
1185 4060 1260 4116 II.

697 4173 902 4214 ODONIS
941 4174 1010 4213 AD
1051 4174 1369 4214 ROBERTUH.

1867 2722 1916 2785 C

1954 2347 2104 2410 sede,
2139 2345 2402 2418 quidquid
2431 2345 2711 2418 volueritis
2768 2345 3094 2417 impetrabo.
3155 2346 3358 2403 Locum
3418 2349 3544 2404 soli-

1950 2417 2376 2473 tudinis’vestrae
2405 2417 2608 2488 eligite,
2641 2425 2694 2472 et
2723 2433 2824 2488 pro
2853 2433 2941 2473 me
2970 2418 3198 2474 assidue
3250 2418 3542 2475 Dominum

1950 2498 2119 2547 orate.
2157 2491 2405 2544 Vestram
2431 2488 2800 2544 sinceritatem
2833 2488 3099 2546 Dominus
3128 2499 3438 2559 conservet,
3489 2499 3543 2548 et

1947 2577 2136 2632 puram
2167 2560 2522 2616 intentionem
2545 2567 2762 2632 augeat.

2507 2683 2848 2739 EPISTOLA
2879 2682 2976 2738 III.

2301 2806 2372 2846 AD
2421 2805 2672 2847 PRATBBS
2720 2805 3171 2846 CISTERCIENSES.

2019 2899 2318 2965 Fratribus,
2355 2898 2446 2969 qui
2485 2898 2538 2952 in
2570 2897 2846 2952 montibus
2877 2897 3119 2953 Cistercii
3167 2897 3237 2953 ad
3294 2907 3538 2956 montem

1947 2971 2305 3043 perfectionis
2335 2969 2729 3043 conscendunt,
2760 2969 3081 3043 Ronen'ws,
3115 2985 3306 3043 eorum
3351 2987 3539 3042 quon-

1947 3040 2070 3098 dam
2101 3042 2306 3106 socius,
2337 3057 2482 3096 nunc
2511 3041 2566 3094 in
2593 3041 2796 3096 vallem
2828 3040 3178 3094 miserarium
3225 3040 3528 3110 demersus,

1945 3123 2067 3186 post
2099 3129 2387 3169 ascensum
2416 3112 2677 3184 palmam,
2709 3120 2761 3168 et
2788 3112 2868 3166 sui
2899 3111 2954 3166 in
2984 3112 3333 3168 ascendendo
3355 3129 3537 3169 recor-

1943 3186 2234 3242 dationem.

2018 3257 2072 3311 Si
2099 3257 2286 3326 lingua
2315 3252 2523 3324 calami,
2556 3253 2820 3326 lacrymae
2850 3253 3158 3326 atramenti,
3190 3268 3287 3309 cor
3336 3256 3534 3326 papyri

2018 3272 2072 3311 BI
2099 3272 2173 3310 nn
2219 3272 2286 3310 ua
2315 3272 2523 3324 calami,
2556 3272 2820 3326 iacrymae
2850 3272 3158 3320 atramenti,
3190 3272 3287 3309 cor
3336 3272 3530 3326 papyri

1946 3329 2094 3384 vices
2127 3272 2308 3380 suﬁire
2339 3333 2582 3396 possent,
2648 3324 3088 3396 forteﬁcalamus
3143 3341 3319 3391 aures,
3378 3339 3530 3380 atra-

1946 3407 2188 3454 mentum
2218 3395 2428 3464 oculos,
2471 3412 2711 3468 papyrus
2752 3395 3086 3468 aﬁ‘ectiones,
3128 3405 3180 3450 et
3223 3395 3406 3451 omnia
3455 3397 3529 3452 si-

1944 3470 2076 3532 mul,
2109 3468 2268 3524 simul
2299 3475 2353 3522 et
2378 3466 2486 3522 vos
2505 3466 2700 3522 omnes
2741 3467 2810 3521 ad
2868 3466 3116 3522 aﬂ‘ectum
3175 3469 3529 3522 commisera-

1943 3540 2105 3596 tionis
2155 3537 2599 3595 commovissent.
2652 3539 2970 3609 Postquam,
3005 3537 3364 3609 enim_vobis
3415 3555 3526 3596 non

1945 3611 2176 3672 adhaesi,
2218 3609 2447 3665 adhaesit
2473 3609 2662 3681 lingua
2680 3607 3068 3681 mea'faucibus
3085 3607 3222 3662 meis
3246 3627 3258 3664 :
3282 3624 3405 3666 cum
3426 3625 3526 3666 vos
3540 3625 3550 3636 ί

1944 3699 2053 3738 non
2082 3682 2333 3736 viderunt
2359 3681 2508 3736 oculi
2556 3679 2683 3747 mei,
2731 3680 2913 3735 lumen
2951 3679 3234 3735 oculorum
3278 3696 3528 3736 meorum

1944 3761 1998 3807 rt
2026 3754 2202 3823 ipsum
2232 3767 2342 3807 non
2373 3759 2455 3806 est
2496 3766 2731 3823 mecum.
2773 3752 2922 3823 Dum
2969 3766 3067 3823 cor
3112 3765 3146 3806 a
3182 3751 3359 3823 vobis,
3401 3751 3448 3806 si
3495 3768 3530 3808 a

1947 3821 2100 3881 vobis
2138 3823 2653 3895 unquamhpoterit,
2709 3822 2809 3895 fuit
2864 3821 3134 3895 avulsum,
3181 3821 3389 3895 factum
3426 3831 3530 3895 _est

1944 3905 2200 3968 tanquam
2230 3891 2362 3968 cera
2389 3891 2698 3965 liquescens
2725 3894 2778 3946 in
2810 3893 2990 3947 medio
3020 3891 3226 3948 ventris
3245 3893 3378 3968 m_e_i.
3419 3893 3529 3968 _Sed

1943 3983 1977 4022 a
2009 3962 2164 4022 vobis
2194 3966 2386 4020 avulso
2416 3962 2527 4021 non
2557 3972 2737 4018 tamen
2767 3978 3093 4034 quemquam
3125 3977 3190 4034 ex
3223 3963 3384 4034 vobis.
3407 3962 3527 4034 ista

1946 4038 2220 4109 separavit
2244 4035 2496 4109 avulsio_-,
2531 4050 2668 4109 quos
2698 4034 2839 4087 enim
2882 4032 3067 4103 jungit
3107 4032 3366 4109 charita§_
3393 4033 3529 4109 {esu

1946 4103 2166 4171 Cliristi,
2199 4107 2399 4161 frustra
2446 4105 2694 4159 dividunt
2740 4112 3002 4158 terrarum
3056 4103 3254 4174 spatia.
3319 4104 3533 4159 Habeat

1948 4179 2229 4256 Molismus
2257 4174 2897 4256 prasentiameorporis,
2947 4173 3161 4256 legibus
3209 4173 3535 4256 obedientize

323 4251 444 4308 Odo
473 4254 799 4325 Burgundize
827 4255 954 4319 dux,
1001 4264 1131 4325 etc.,
1184 4254 1486 4309 venerabili
1532 4253 1675 4325 Patri
1721 4253 1836 4307 Ro-
1867 4239 1918 4296 D
1950 4239 2575 4325 astrictam-dummodo
2604 4239 2933 4325 Cistercium.
2966 4239 3164 4299 animae
3199 4245 3535 4325 desiderium

254 4337 431 4377 nan'ro
463 4323 645 4377 abbati
681 4324 1032 4389 Molismensi,
1067 4330 1121 4380 et
1168 4325 1398 4394 reliquis
1456 4324 1545 4394 qui
1601 4339 1720 4377 cum
1778 4338 1842 4376 eo

252 4409 412 4448 unum
443 4402 566 4447 sunt
593 4395 647 4448 in
678 4395 934 4457 Domino,
969 4411 1071 4462 pax
1104 4403 1312 4450 astet-na
1355 4395 1408 4448 in
1458 4404 1664 4449 aeterno
1709 4395 1842 4447 Deo.

327 4464 518 4520 Allata:
548 4473 673 4518 sunt
704 4465 863 4518 nobis
896 4466 1086 4520 litterae
1137 4465 1468 4520 sinceritatis
1513 4472 1706 4520 vestrae
1750 4480 1848 4534 per

253 4551 447 4590 manus
480 4535 869 4590 modestissimi
898 4536 995 4589 viri
1028 4537 1291 4606 Stephani
1326 4537 1456 4592 socii
1491 4536 1694 4593 vestri:
1731 4535 1848 4606 qui-

256 4607 356 4662 bus
382 4607 538 4678 ivisis,
564 4617 614 4661 et
646 4607 1003 4663 intentionem
1034 4609 1334 4678 probamus
1364 4616 1414 4661 et
1445 4623 1609 4677 Opus.
1665 4606 1847 4678 Facite

255 4677 399 4750 quod
429 4678 662 4748 Spiritus
686 4678 1008 4750 jubet,ego
1037 4676 1144 4732 non
1165 4679 1336 4734 deero
1393 4676 1566 4744 vobis,
1607 4678 1723 4750 sed
1780 4676 1848 4730 ab

256 4749 531 4822 episcopis
559 4749 1009 4822 provincialibus,
1043 4758 1097 4803 ut.
1126 4750 1170 4805 si
1209 4753 1510 4821 oportuerit
1540 4765 1572 4804 a
1603 4749 1849 4803 Romana

1953 4320 2248 4392 possideat.
2278 4319 2394 4372 Hoc
2436 4317 2704 4392 disposuit
2749 4315 3280 4392 Altissimus,_cujus
3329 4316 3538 4372 inseru-

1953 4385 2136 4444 iabilia
2163 4398 2288 4444 sunt
2320 4385 2547 4452 secreta,
2580 4397 2636 4442 ut
2675 4388 2730 4440 in
2786 4387 3006 4441 diversa
3055 4385 3371 4452 distraetus,
3432 4403 3537 4443 nec

1954 4463 2132 4518 anima
2161 4478 2259 4532 per
2287 4460 2540 4530 corporis
2570 4458 3038 4514 conversationem
3066 4457 3410 4532 distrahatur,
3435 4475 3540 4532 nec

1955 4527 2506 4603 corpus'dislrac'tum
2537 4538 2661 4603 tam‘
2689 4528 3339 4603 _sancta_conversatione
3388 4527 3541 4603 [non]

1958 4599 2162 4658 fruatur
2195 4618 2208 4656 :
2240 4617 2340 4673 pro
2367 4603 2551 4656 anima
2577 4599 2858 4673 vobiscum
2878 4599 3117 4673 degente
3136 4599 3410 4655 orationes
3427 4599 3546 4673 funi

1957 4675 2097 4740 dite;
2128 4671 2346 4744 corpus,
2369 4673 2529 4742 cujus
2553 4671 2790 4726 animam
2812 4671 3125 4744 possidetis,
3142 4679 3395 4744 tanquam
3411 4671 3548 4744 opti-

1957 4762 2060 4801 mae
2091 4741 2258 4816 partis
2290 4761 2401 4800 suae
2429 4741 2935 4816 possessores,’vos
2966 4741 3167 4796 salutat
3196 4742 3250 4796 in
3288 4741 3541 4798 Domino.

1506 5067 1658 5110 ANNO
1701 5067 1900 5109 DOHINI
1939 5065 2314 5109 MXLVl-MCXV

808 5218 1813 5370 MATHILDIS
1941 5215 2970 5368 COMITISSfE

1229 5451 1535 5555 VI'I‘A
1612 5451 1776 5552 ET
1852 5448 2593 5581 DlPLOMATA

809 5643 971 5715 (Vide
1000 5643 1334 5717 Patrologio:
1363 5649 1493 5700 tom.
1527 5640 1817 5711 CXLVIII,
1851 5639 1958 5698 col.
1991 5642 2117 5707 939,
2151 5639 2208 5695 in
2235 5640 2621 5699 Monumentis
2655 5639 3071 5714 Gregorianis.)

1555 5773 2236 5811 -ψ

2237 5784 2322 5799 .-
