3992 6240
190 308 254 369 i’l
1398 319 1787 381 GEORGIUS
1810 314 2182 388 ‘CODINUS.
3337 339 3407 402 ΞΟ

189 434 505 483 coruscum,
538 420 590 474 in
627 423 798 478 sacris
824 426 934 479 tuis
963 425 1172 480 milibus
1194 434 1245 479 te
1281 427 1461 481 colere
1493 444 1509 492 ;
1550 429 1932 497 imperatorem
1964 448 2093 488 vero
2123 437 2321 495 curiali
2353 454 2453 494 suo
2504 436 2763 497 comitatu
2814 444 3107 514 stipatum,
3168 462 3399 504 aureum

183 508 438 598 quamvis
462 519 515 563 et
546 526 881 578 purpureum
925 512 1309 582 undequaque,
1342 515 1387 570 si
1420 515 1757 583 majestatem
1793 518 1943 569 nullo
1968 534 2202 577 moerore
2227 525 2600 580 obnubilatam
2640 508 2904 598 proferat,
2931 508 3173 588 candidis
3208 545 3401 591 contra

182 594 427 649 vestibus
482 597 764 660 amictum,
796 600 838 650 si
875 600 1077 655 luctum
1107 609 1355 665 testetur,
1393 610 1445 655 te
1505 605 1747 657 venerari
1790 615 1845 659 et
1893 605 1946 657 in
2003 611 2174 660 musei
2215 609 2291 662 tui
2341 594 2656 667 secretiore’
2686 594 2949 684 penetrali
3022 620 3131 674 tu‘is
3175 622 3403 688 pedibus

180 682 391 737 advolvi
426 693 665 750 exoptat.
697 695 749 737 et
784 703 923 740 nunc
950 688 1155 740 amisso
1188 689 1433 753 imperio,
1477 690 1542 742 ad
1580 689 1856 747 felicitatis
1891 696 2205 761 reparandae
2230 712 2419 759 omen.
2457 682 2775 770 priusquam
2802 706 2999 759 iterato
3033 723 3092 762 se
3157 682 3402 777 proferat

92 842 95 845 Α
181 772 233 821 in
266 779 359 822 tuo
386 771 601 824 nomine
626 786 885 838 apparere
913 776 1172 843 postulat.
1197 774 1250 826 ld
1294 790 1423 829 sane
1445 775 1641 830 Codini
1672 794 1812 847 opus
1843 784 2109 850 est,qnod
2142 800 2252 836 non
2279 788 2572 842 crediderit
2611 793 2807 845 merito
2843 794 3115 861 quispiam
3158 771 3253 849 ⁷ιοῑ
3311 797 3401 849 di-

180 857 412 910 candum
447 860 754 911 hominibus
786 870 918 927 quot
951 861 1134 917 OlIicia
1161 863 1488 929 percensuit,
1510 864 1605 917 sed
1639 865 1687 918 ei
1708 867 1809 919 soli
1844 868 2149 920 vovendum
2174 886 2333 935 quem
2358 874 2592 938 plurima
2625 857 2922 944 respiciunt
2956 857 3161 939 officia.
3197 891 3251 934 et
3286 898 3386 935 cu-

174 941 263 1005 jus
289 943 340 995 in
373 943 550 999 fronte
581 947 859 1013 pracflwm
891 963 1087 1001 nomen
1132 964 1255 1016 pars
1280 949 1400 1001 libri
1432 951 1503 1001 sit
1530 951 1835 1017 potissima.
1867 954 1956 1006 Sic
1991 965 2073 1007 est
2107 957 2381 1023 profecto.
2422 941 2728 1019 cardinalis
2779 966 3210 1021 eminentissime
3239 986 3254 1022 :
3297 984 3396 1035 pcr

180 1038 230 1080 te
260 1028 504 1083 Codinus
538 1033 737 1084 mirum
773 1035 824 1086 in
857 1034 1079 1087 modum
1110 1044 1362 1102 augetur,
1394 1050 1584 1115 nempe
1603 1037 1697 1103 qui
1727 1054 1835 1091 non
1868 1040 2042 1094 ofﬁcia
2075 1043 2248 1099 solum
2287 1058 2577 1103 enumerat
2617 1044 2824 1119 Magna;
2884 1054 3129 1108 ecclesia:
3181 1063 3235 1106 et
3266 1028 3403 1107 aulae

178 1115 501 1208 (Epolitanaa,
538 1122 630 1173 sed
665 1124 829 1175 etiam
863 1124 1183 1191 ampliores,
1221 1140 1359 1191 quas
1394 1126 1447 1176 in
1477 1124 1555 1178 Te
1584 1126 1816 1196 colligis,
1846 1131 2130 1197 utriusque
2156 1133 2335 1198 palatii
2358 1135 2508 1202 Regii
2549 1146 2601 1189 et
2665 1115 2915 1190 vaticani
2972 1140 3270 1208 dignitates
3322 1140 3402 1193 vi-

181 1201 341 1254 detur
385 1208 708 1272 expressius
742 1221 1160 1277 repraesentare.
1195 1210 1541 1280 Quapmpter
1572 1222 1850 1267 auctorem
1882 1213 2027 1267 hunc
2054 1224 2146 1268 tuo
2166 1218 2381 1277 nomine
2405 1201 2763 1288 censiguasse
2790 1223 3003 1275 sincere
3033 1201 3085 1277 et
3114 1210 3397 1279 sinc‘fuco

178 1290 441 1349 profiteor
476 1295 803 1360 praecipuam
836 1313 900 1350 ex
936 1297 1073 1351 meis
1103 1297 1169 1349 ad
1201 1313 1325 1351 eum
1356 1302 1520 1351 notis.
1555 1297 1629 1351 lta
1658 1314 1764 1352 non
1791 1300 1929 1354 foret
1962 1301 2063 1355 iste
2112 1316 2283 1360 meus.
2313 1306 2416 1357 nisi
2446 1315 2587 1360 tuus.
2622 1305 2840 1360 Utinam
2864 1309 2993 1361 olim
3044 1310 3250 1364 Codino
3298 1314 3398 1364 da-

179 1384 291 1427 tum
329 1385 421 1429 tuo
454 1377 559 1432 frui
589 1391 881 1448 conspectu
919 1399 933 1435 :
976 1399 1116 1435 unus
1163 1383 1213 1435 ei
1250 1383 1450 1436 fuisses
1488 1385 1623 1437 satis
1655 1388 1721 1437 ad
1745 1399 1935 1438 novam
1968 1388 2271 1440 ofﬁciontm
2295 1389 2431 1443 bene
2458 1391 2669 1457 longam
2718 1395 2911 1446 seriem
2968 1395 3396 1459 contexettdnm;

177 1476 336 1526 quam
379 1464 681 1517 luculentas
712 1466 765 1517 in
799 1466 951 1518 illum
986 1481 1131 1519 nunc
1157 1468 1651 1523 commentationes
1679 1471 1895 1524 ederem
1933 1474 1945 1524 !
1982 1488 2144 1539 quam
2182 1476 2378 1538 ingens
2434 1477 2725 1543 implerent
2772 1479 3053 1543 volumen,
3115 1482 3207 1533 ubi
3253 1482 3401 1534 circa

177 1548 409 1632 singula,
437 1549 636 1615 quibus
658 1551 974 1615 perfunctus
1001 1568 1084 1613 cs.
1118 1566 1365 1612 munera,
1394 1563 1595 1621 quanta
1618 1565 1668 1609 te
1704 1556 1971 1624 gessisses
2003 1560 2057 1611 in
2107 1575 2434 1629 unoquoque
2476 1562 2788 1630 prudentia,
2832 1562 3165 1632 integritate,
3222 1565 3401 1621 laude.

178 1631 455 1685 curiosius
485 1633 834 1689 adnotassem
868 1638 881 1688 !
919 1639 986 1690 At
1008 1637 1139 1704 quid
1169 1652 1305 1690 vana
1339 1638 1537 1692 mentis
1562 1640 1924 1696 oblectatione
1947 1646 2169 1698 deludor
2195 1648 2394 1714 ?qnasi
2423 1662 2553 1701 vero
2611 1651 2756 1702 notis
2776 1631 3018 1719 indigeat
3041 1650 3186 1718 quod
3222 1652 3403 1705 omni-

174 1716 277 1768 bus
306 1727 489 1770 lmlllrn
516 1720 538 1771 ?
572 1724 844 1775 neminem
866 1724 967 1777 hoc
987 1723 1173 1791 fugere
1206 1726 1401 1791 potuit.
1424 1723 1498 1779 Te
1521 1728 1957 1796 quomsquisque
1984 1730 2143 1785 facile
2166 1733 2567 1800 suspiciendum
2622 1733 2834 1789 habuit.
2863 1716 3026 1800 quem
3059 1716 3258 1789 decora
3293 1736 3401 1788 vir-

178 1811 355 1855 tutum
390 1813 516 1858 autc
543 1820 841 1875 purpuram
871 1810 1073 1876 ubique
1094 1816 1406 1871 statuetunt
1436 1812 1955 1869 eminentissimum.
1992 1814 2069 1868 Te
2100 1817 2259 1871 talem
2301 1832 2558 1885 purpurat
2590 1819 2769 1886 fulgor
2802 1819 3029 1881 invenit,
3082 1835 3189 1872 nou
3250 1820 3398 1874 fecit.

176 1893 319 1947 Nihil
341 1895 407 1947 ad
439 1898 717 1951 veritatem
749 1900 888 1954 addo
919 1903 1033 1956 :sic
1074 1904 1213 1970 apud
1236 1918 1319 1958 me
1342 1890 1656 1972 supremum
1676 1903 1863 1959 aeterni
1904 1900 2160 1956 Numinis
2192 1902 2244 1953 iu
2278 1910 2331 1954 te
2365 1903 2678 1967 consilium,
2708 1917 2816 1955 non
2843 1903 3139 1958 desulturia
3187 1907 3398 1972 cogita-

176 1981 320 2037 tione
347 1982 444 2036 sed
481 1995 741 2038 accurato
765 1988 964 2042 utentis
998 1989 1275 2055 examine,
1302 1991 1452 2045 soleo
1482 1992 1781 2060 pensitare.
1830 1990 1927 2050 Te.
1992 1989 2170 2043 fausto
2221 2000 2451 2057 prorsus
2487 1990 2691 2051 omine,
2745 1990 2988 2044 decrevit
3031 1991 3284 2044 allectum
3343 1993 3395 2044 in

174 2066 595 2124 l’rmtlic‘atorum
630 2074 910 2137 familiam,
944 2078 997 2129 in
1026 2094 1131 2145 qua
1156 2080 1470 2132 meritorum
1511 2078 1771 2148 suffragio
1792 2093 1915 2131 vere
1943 2077 2090 2131 fores
2120 2092 2373 2145 purpurae
2397 2076 2736 2132 candidatus.
2764 2075 2840 2132 Te
2872 2087 3058 2131 natum
3091 2078 3142 2129 in
3167 2076 3395 2129 salutem

177 2153 337 2220 hujus
361 2156 571 2226 imperii
598 2160 765 2213 voluit
791 2163 856 2215 ad
885 2163 1201 2218 doctorutus
1232 2166 1455 2233 gradum
1490 2165 1819 2234 promoveri,
1850 2178 1971 2232 qttaa
2006 2163 2190 2215 laurea
2224 2177 2331 2215 non
2363 2162 2595 2217 obscure
2623 2162 2806 2218 lauros
2849 2164 2984 2217 alias
3008 2165 3396 2226 adumbraret;

174 2250 225 2291 et
249 2242 391 2309 quod
424 2245 727 2313 antiquitas
755 2247 1061 2303 fabulosum
1098 2251 1317 2315 cecinit,
1346 2250 1591 2305 veritatis
1629 2248 1992 2321 praenuntium
2020 2262 2083 2299 ac
2111 2246 2444 2316 praiconium
2476 2248 2767 2316 posteritas
2796 2248 3195 2317 comprobaret,
3230 2246 3401 2300 Palla-

173 2322 294 2380 dnm
325 2344 354 2383 e
385 2328 534 2385 Jovis
559 2335 788 2389 cerebro
816 2345 1026 2401 natam,
1057 2339 1313 2392 laureatis
1342 2340 1513 2392 armis
1544 2338 1888 2397 instructam,
1930 2333 2264 2385 Athenarum
2293 2344 2361 2387 ac
2386 2330 2741 2387 scientiarum
2773 2333 3018 2386 omnium
3051 2332 3154 2386 sibi
3182 2338 3402 2399 compa-

176 2429 324 2468 rasse
372 2419 708 2485 praesidium,
736 2438 799 2475 ac.
840 2423 1073 2476 subinde
1103 2425 1168 2476 ad
1199 2425 1369 2476 oleam
1419 2425 1571 2492 pacis
1611 2419 1990 2491 argumentum
2035 2419 2265 2472 Athenis
2294 2416 2647 2485 plantandam
2697 2428 2860 2495 atque
2891 2424 3093 2488 pacem,
3137 2418 3312 2486 ipsam
3340 2417 3394 2469 in

173 2501 363 2554 orbem
393 2506 707 2561 universum
749 2511 1153 2577 prapagandam
1201 2511 1445 2563 animum
1490 2510 1845 2563 convertisse.
1874 2505 2046 2570 Quem
2087 2503 2283 2575 cmlum
2315 2502 2637 2571 designabat
2668 2519 2949 2573 proregem
3007 2504 3144 2558 ordo
3168 2499 3403 2572 praviu-

173 2586 366 2641 cialem
415 2593 739 2647 renuntiavit
779 2611 793 2646 :
851 2597 990 2649 sacri
1030 2596 1213 2662 palatii
1253 2598 1574 2664 magistrum
1630 2596 1779 2662 prius
1829 2591 2066 2645 instituit
2121 2588 2364 2659 pontifex
2415 2604 2581 2657 quam
2628 2605 2822 2660 regum
2860 2604 3149 2660 supremus
3204 2586 3399 2643 Gallici

176 2673 506 2728 ministrum.
535 2675 733 2731 Virtuti
754 2680 993 2747 proclive
1029 2696 1125 2748 per
1151 2682 1475 2735 descensum
1502 2681 1766 2750 gradatim
1790 2678 2117 2741 ascendere;
2148 2677 2294 2744 quod
2318 2675 2515 2731 deinde
2541 2677 2741 2732 bonum
2774 2680 3008 2749 contigit
3030 2674 3400 2748 Aquensibuso

175 2758 436 2812 ardebant
472 2762 564 2814 toti
604 2761 1025 2818 Praedicatorum
1048 2766 1227 2819 ordini
1262 2768 1314 2819 in
1355 2767 1592 2820 comitiis
1620 2766 1997 2821 Genueusibus
2031 2766 2171 2820 Galli
2224 2775 2278 2819 et
2322 2764 2464 2829 ltali,
2496 2780 2732 2835 quorum
2784 2766 3057 2833 judicium
3119 2766 3200 2818 vel
3237 2779 3300 2817 ex
3333 2776 3403 2815 eo

175 2844 394 2911 sapiens
424 2850 838 2917 comprobatum
872 2860 973 2914 est,
1014 2854 1157 2920 quod
1188 2866 1352 2904 unum
1379 2868 1408 2906 e
1452 2852 1640 2907 multis
1688 2861 1737 2904 te
1761 2851 1930 2907 Gallia
1962 2852 2236 2909 censuerit
2279 2850 2533 2904 universa
2570 2850 2793 2917 dignum
2827 2852 2923 2919 qui
2978 2851 3279 2919 principem
3318 2861 3402 2900 re-

177 2931 367 2997 fer-res,
387 2935 475 2988 cui
504 2939 674 2991 nescit
697 2940 843 2992 orbis
869 2942 1153 3005 aequalem.
1183 2941 1480 2995 Prudenter
1506 2936 1648 2993 haud
1671 2940 1835 2994 dubie
1860 2938 1954 2993 tibi
1979 2944 2092 2991 tum
2120 2931 2293 2990 Roma
2329 2946 2624 3004 purpuram
2654 2936 2871 2999 obtulit,
2901 2950 3020 2990 cum
3046 2947 3222 3001 regem
3246 2944 3400 2985 esses

176 3020 552 3085 exhibiturus;
590 3027 681 3076 sed
715 3041 875 3093 quam
910 3027 1077 3094 probe
1122 3036 1175 3079 te
1210 3028 1375 3091 novit,
1414 3037 1519 3078 tam
1553 3022 1857 3081 verecunde
1895 3025 1948 3078 in
1986 3025 2089 3079 hoc
2122 3016 2239 3093 ipso
2281 3032 2538 3092 purpura
2562 3014 2708 3074 dono
2752 3036 2950 3075 novum
2977 3035 3041 3073 ac
3075 3018 3395 3087 ampliorem

179 3100 377 3156 fatetur
404 3109 680 3172 accepisse
710 3110 1072 3178 splendorem.
1104 3112 1260 3165 illum
1293 3116 1440 3165 velut
1467 3112 1785 3166 admirantis
1803 3114 1975 3167 turbae
2008 3125 2172 3173 unus,
2208 3110 2389 3179 (cujus
2422 3108 2565 3161 enim
2599 3109 2838 3161 animum
2872 3114 3056 3161 tantus
3086 3104 3262 3170 fulgor
3288 3117 3401 3155 non

180 3196 421 3271 alliceret
449 3206 543 3251 aut
570 3200 973 3269 exhilararet?)
1013 3202 1259 3270 deposito
1275 3218 1385 3255 non
1420 3201 1623 3255 amisso
1653 3202 1879 3268 pudore,
1917 3198 2149 3252 vicinior
2180 3196 2377 3248 intueri
2402 3209 2521 3245 sum
2550 3206 2739 3253 ausus,
2774 3207 2885 3260 quo
2943 3204 3066 3243 meo
3114 3188 3289 3242 labori
3336 3195 3391 3240 θα

180 3282 332 3347 operi
353 3281 489 3336 lucis
518 3285 805 3351 plurimum
838 3286 1109 3357 affulgeat.
1147 3288 1441 3341 chideuse
1471 3285 1639 3339 olfero
1656 3285 1750 3339 tibi
1778 3299 1998 3343 munus,
2027 3283 2118 3336 sed
2150 3280 2344 3334 aﬂ‘ecm
2397 3279 2601 3346 grande
2629 3294 2644 3341 ;
2689 3278 2899 3333 meritis
2939 3277 3133 3343 impar,
3204 3287 3396 3326 verum

182 3367 236 3419 in
268 3384 378 3436 quo
404 3372 620 3425 cunctis
665 3387 761 3425 ceu
795 3375 1071 3442 congestis
1095 3374 1152 3427 in
1188 3388 1438 3427 acervum
1470 3371 1843 3440 dignitatibus.
1877 3380 2141 3441 quantum
2166 3371 2255 3424 illa
2289 3368 2390 3423 sibi
2422 3367 2546 3436 jure
2568 3368 2952 3435 deposcerent,
2981 3367 3124 3420 bono
3160 3363 3214 3416 in
3242 3362 3403 3413 lumi-

184 3470 250 3507 ³³⁸
272 3468 437 3523 βοιιηο
472 3460 584 3511 Hoc
604 3460 771 3528 igitur
798 3460 1159 3515 observamus
1191 3462 1242 3514 ih
1276 3470 1327 3515 tt-
1356 3470 1485 3513 mete
1521 3457 2123 3513 monumentum-velim
2150 3457 2411 3524 excipias,
2439 3465 2494 3508 et
2543 3455 2717 3509 oculis
2747 3454 2947 3524 quibus
3012 3466 3189 3506 meum
3222 3447 3405 3517 rapui-

164 3532 253 3597 “su
294 3546 497 3611 pridem
530 3548 793 3611 animum,
828 3548 1060 3618 benigne
1090 3542 1310 3615 inspice.
1332 3547 1461 3600 Vale
1484 3560 1538 3599 et
1567 3546 1683 3599 vive
1711 3542 1969 3597 Ecclesize
2000 3541 2066 3596 ad
2101 3542 2411 3605 utilitatem,
2443 3534 2629 3595 Gallia:
2652 3541 2904 3594 adomne
2946 3550 3119 3608 genus
3173 3535 3405 3591 felicita~

185 3633 285 3694 tis;
308 3631 495 3687 Ordiui
533 3649 721 3691 nostro
747 3630 814 3690 ad
846 3644 1252 3699 ornamentum,
1288 3634 1382 3688 tibi
1409 3634 1473 3686 ad
1507 3636 1717 3687 beatam
1746 3630 1996 3700 gloriam.
2041 3630 2114 3682 lta
2140 3638 2301 3681 vovet
2330 3627 2590 3680 submissi
2615 3627 2786 3679 animi

289 3741 614 3798 Entincntiae
637 3753 742 3798 tua:
764 3743 1142 3797 dcditissimus
1174 3756 1365 3796 servus
1594 3786 1595 3789 η

1994 3845 2053 3900 F.
2075 3842 2385 3899 JACOBUS
2416 3842 2602 3896 GOAR
2630 3842 2751 3897 0rd.
2782 3841 3009 3896 Przedic.

1816 3952 1857 4008 Ε
1895 3963 2165 4009 conventu
2199 3961 2289 4005 tuo
2323 3950 2616 4004 Parisieusi
2646 3949 2704 4005 S.
2746 3948 2928 4004 Maria:
2954 3948 3329 4005 Aununtiatm.

557 4144 3382 4170 W

1050 4356 1171 4459 Ρ.
1265 4346 1750 4517 JACOBI
1839 4344 2539 4459 euersum

1452 4589 2171 4687 PROOEMIUM.

1760 4808 1831 4826 ο-

262 4948 402 5004 Aute
424 4944 636 5015 viginti,
662 4953 717 4998 et
750 4941 895 5013 quod
929 4942 1191 5005 excurrit,
1222 4956 1390 4995 annos
1414 4941 1645 4995 libenter
1669 4954 1719 4997 et
1748 4942 2035 5013 diligenter
2065 4940 2306 5014 legebam
2341 4930 2581 4994 libellum
2625 4930 2843 5001 deorin
2881 4928 3068 4985 (ioditti
3103 4928 3194 4983 De.
3218 4929 3409 4999 officiis

194 5048 242 5091 et
269 5035 574 5106 oﬂicialibus
605 5032 810 5101 Magna:
839 5032 1093 5083 Ecclesia:
1122 5039 1170 5081 ct
1227 5029 1368 5082 aula:
1401 5024 1712 5098 Cpolitanaz.
1743 5027 2083 5085 Testimonio
2110 5046 2228 5084 esse
2260 5032 2483 5098 possunt
2513 5032 2651 5077 ιιὺῑω
2676 5018 2743 5074 ad
2770 5017 3304 5106 εεΐυηάσιηλίοῖηυιη
3337 5019 3403 5071 de

199 5127 257 5178 S.
281 5103 479 5185 cruce,
507 5130 562 5174 et
586 5130 728 5174 notae
756 5118 819 5172 ad
855 5116 1260 5171 Cudinnmeum
1295 5115 1499 5169 Ethicis
1534 5114 1722 5171 Murcti
1751 5116 2057 5186 publicata),
2085 5120 2137 5169 et
2166 5113 2361 5167 FaCula
2387 5106 2594 5165 Codino
2647 5120 2898 5170 accensa,
2923 5183 2928 5186 _
2969 5103 3221 5171 evulgata
3282 5110 3406 5158 eum

197 5210 445 5280 ejusdem
466 5183 671 5261 iMureti
700 5207 753 5258 in
784 5204 1033 5257 Tacitum
1067 5202 1507 5262 Commentariis.
1534 5183 1801 5271 consultis
1832 5216 1886 5256 et
1914 5219 2036 5257 cum
2070 5196 2311 5255 editione
2334 5188 2566 5252 Iuniana
2600 5192 2816 5249 collatis
2840 5183 3017 5245 tribus
3038 5188 3259 5244 calamo
3278 5196 3409 5244 exa-

196 5296 331 5353 ratis
353 5294 781 5362 exemplaribus,
823 5290 1037 5343 duobus
1069 5287 1328 5341 nimirum
1370 5287 1548 5340 Boicie
1578 5286 1943 5355 bibliothecae,
1973 5289 2129 5341 tertio
2155 5280 2561 5340 Lautherianae.
2962 5357 2970 5362 Δ
3226 5352 3229 5355 _

271 5382 427 5449 Sepe
461 5396 492 5433 a
517 5357 621 5457 me
636 5357 909 5448 petierunt
938 5376 1037 5429 viri
1070 5368 1214 5427 docti
1247 5383 1305 5427 ut
1333 5372 1597 5426 Codinum
1632 5374 1697 5427 de
1736 5374 1948 5443 integro
1981 5372 2398 5457 interpretarer.
2438 5364 2748 5457 Paruissem
2783 5362 2896 5432 jam
2938 5357 3169 5423 dudum,
3201 5358 3245 5457 si

199 5467 338 5521 alias
366 5448 775 5535 occupationes,
834 5479 940 5533 qua
970 5463 1217 5531 publicas
1250 5460 1303 5513 in
1334 5460 1543 5514 scholis
1568 5475 1676 5529 qua
1697 5459 1935 5529 privatas
1957 5456 2127 5521 domi,
2162 5454 2428 5510 licuiSSet.
2484 5450 2661 5538 Nunc!
2685 5460 2810 5503 cum
2864 5457 3157 5538 perpetuus
3209 5448 3406 5538 089".“

201 5555 475 5621 totiusque
501 5534 746 5620 corporis
775 5551 1000 5620 languor
1026 5559 1110 5603 sat
1131 5547 1468 5601 luculentum
1502 5546 1671 5601 otium
1698 5545 2155 5613 mihi-pepererit.
2189 5536 2481 5603 Codinum,
2517 5544 2585 5592 ne
2615 5534 2774 5602 plane
2825 5536 3284 5621 Otiosns‘essem»
3345 5534 3402 5621 "3

202 5616 403 5694 manus
420 5616 649 5708 sumpsi,
681 5640 838 5704 verti,
872 5616 1262 5705 commentaria
1292 5633 1489 5703 adjcei,
1521 5648 1735 5688 errores
1760 5633 2109 5704 gravissimos
2135 5628 2279 5683 Junii
2302 5626 2500 5689 dctexi,
2532 5625 2718 5692 utique
2738 5623 2789 5677 id
2812 5631 2901 5674 aut
2926 5634 3030 5673 non
3050 5616 3291 5669 inetur“
3313 5616 3409 5666 ειη
