3992 6240
437 303 528 367 et:
1667 292 1725 351 πρ
1771 290 2012 349 coam
2056 286 2497 347 ruam—Tro,
3628 279 3720 341 se.

444 428 608 486 parce
629 413 898 473 facturus,
918 405 1175 475 quamvis
1197 404 1519 459 innumeros
1537 404 1654 470 ejus
1672 419 1885 457 errores
1908 398 2526 461 dissimulaverim,'uisi
2549 396 2745 453 Junfus
2765 396 2926 451 homo
2954 391 3395 486 arrogantissimi
3422 396 3703 486 supercilii
3752 449 3759 455 ,

442 480 496 554 et
519 497 796 551 catholicm
828 492 952 548 fidei
991 490 1425 545 immanissimus
1450 487 1625 543 bostis
1647 486 1837 543 fuisset
1868 505 1882 553 ;
1915 491 2159 556 quicum
2194 503 2221 542 a
2251 486 2367 542 suis
2413 488 2706 541 haberetur
2732 492 2788 539 et
2814 482 3189 537 venditaretur
3223 480 3549 546 omniscius,
3576 496 3703 547 per-

441 588 627 651 spicue
650 580 893 636 ostendit
914 579 1061 632 edito
1080 577 1289 631 Codino
1320 575 1425 631 sibi
1451 576 1824 644 liaeopinione
1852 575 2061 631 etfama
2090 575 2207 629 ﬁeri
2236 573 2568 643 injuriam,si
2590 581 2771 627 tamen
2788 568 2985 624 volenti
3010 566 3122 623 lleri
3150 575 3327 635 potest
3349 565 3723 636 injuria,quia,
3748 610 3753 615 .

440 674 635 731 Junius
663 671 807 722 hanc
829 667 897 721 de
920 681 979 721 se
999 665 1312 733 opinionem
1341 676 1392 716 et
1421 662 1619 717 famam
1656 662 1870 720 volebat
1895 675 1949 719 et
1979 664 2220 728 fovebat,
2239 667 2332 734 qui
2352 662 2734 732 Curopalatam
2764 661 2942 730 primo
2981 657 3150 712 edidit
3173 671 3318 712 anno
3376 657 3727 727 [tedempto-.

445 763 520 813 l‘iS
555 758 690 811 1588
716 771 783 809 ex
812 752 1145 807 bibliotheca
1176 749 1305 804 Julii
1330 749 1498 813 Pacii,
1534 765 1833 818 suppresso
1867 765 1967 806 suo
1991 753 2322 816 nomine,vel
2345 753 2525 823 potius
2584 752 2639 805 in
2674 748 2962 804 Judaiciuu
3014 755 3352 801 commutato
3384 763 3398 800 :
3440 743 3702 800 Nadabus

443 847 586 900 υιιὶιιι
613 840 912 915 Agmonius
934 837 1150 892 senatui
1184 836 1631 893 Francofortensi
1672 836 1942 892 Codinum
1971 840 2299 909 dedicabat;
2334 852 2385 895 et
2416 858 2487 896 ne
2521 857 2629 894 non
2703 840 2844 894 satis
2898 835 3179 892 dedicatus
3231 842 3396 901 esset,
3451 839 3702 891 eumdem

446 933 637 984 Pacius
677 926 943 983 dedicavit
966 924 1254 994 llippolyto
1286 939 1315 977 a
1352 924 1615 991 Collibus,
1643 940 1745 979 suo
1793 925 1845 980 in
1878 927 2130 995 praetorio
2190 927 2631 996 ileidelbergensi
2674 922 3135 996 collcgm.Postca
3202 932 3395 976 nactus
3448 919 3644 976 Junius
3670 936 3701 974 a
3752 960 3757 968 .

448 1016 775 1084 Marquardo
832 1013 1073 1069 Frehero
1106 1013 1404 1081 integriora
1436 1012 1789 1081 exemplaria,
1818 1012 2052 1083 adjectis
2100 1014 2270 1085 priori
2315 1014 2542 1071 editioni
2594 1014 2801 1083 aliquot
2864 1012 3089 1082 pagellis
3121 1052 3137 1077 ,
3204 1010 3406 1079 quibus
3479 1007 3707 1062 lacunas

447 1104 738 1157 nonnullas
761 1102 1016 1169 explevit,
1048 1114 1247 1153 nomen
1279 1115 1436 1153 suum
1461 1098 1738 1167 professus
1766 1111 1869 1167 est,
1912 1102 2217 1170 Codinumq
2232 1118 2299 1156 ue
2371 1101 2610 1157 Frebero
2636 1103 2938 1171 inscripsit.
2979 1103 3051 1155 ita
3082 1112 3141 1156 ut
3199 1096 3529 1168 Curopalata
3591 1092 3705 1160 lam

447 1189 627 1249 tribus
648 1189 887 1257 patronis
918 1188 1219 1255 stipatusin
1245 1186 1523 1256 publicum
1547 1191 1784 1243 venerit.
1825 1188 2014 1242 Merito
2047 1198 2226 1243 tamen
2251 1190 2556 1257 culpandus
2593 1198 2673 1242 est
2719 1186 2941 1249 Junius,
2988 1190 3134 1256 quod
3183 1200 3380 1241 novam
3410 1182 3706 1238 editionem

447 1286 555 1330 non
589 1275 867 1331 adornarit
893 1283 946 1329 et
986 1290 1016 1325 a
1050 1289 1111 1328 se
1151 1276 1313 1342 pleno
1346 1288 1508 1327 sacco
1550 1290 1773 1342 sparsos
1820 1290 2034 1331 errores
2076 1292 2185 1331 non
2237 1279 2537 1331 correxerit
2587 1276 2809 1346 adjutus
2860 1276 3147 1332 codicibus
3203 1272 3549 1330 bibliotheca:
3601 1267 3704 1322 Pn-

446 1366 625 1418 latina:
653 1373 709 1417 et
734 1362 1027 1432 Bapbaelis
1049 1360 1243 1415 Seileri
1275 1362 1598 1429 exemplari,
1632 1362 1778 1432 quod
1802 1372 1916 1416 erat
1944 1366 2314 1433 apOgrapbum
2355 1364 2540 1433 Optimi
2594 1364 2803 1419 codicis
2866 1362 3207 1433 Augustani:
3253 1375 3378 1415 naut
3433 1356 3706 1414 Codinunt

446 1433 571 1503 uliin
596 1451 770 1504 fuisse
805 1450 857 1503 in
888 1449 1213 1505 bibliotheca
1246 1449 1460 1518 inclyta:
1495 1450 1571 1505 rei
1600 1450 1829 1519 publicae
1856 1451 2189 1519 Augustam:
2246 1452 2403 1511 testis
2451 1460 2536 1505 est
2580 1449 2813 1507 Wolﬁus
2872 1450 3193 1519 praefatione
3241 1448 3309 1502 ad
3359 1444 3603 1500 Nieetam
3654 1450 3710 1496 et

451 1540 564 1605 ipse
583 1537 846 1601 Seilerus,
870 1536 964 1605 qui
992 1537 1119 1590 inde.
1141 1536 1327 1595 Graece
1358 1538 1670 1605 descripsit;
1696 1544 1752 1590 et
1778 1536 1969 1592 Latine
2008 1540 2189 1602 vertit,
2229 1539 2444 1596 tametsi
2477 1539 2783 1593 versionem
2818 1552 2971 1593 suam
3006 1537 3062 1591 in
3114 1536 3310 1604 vulgus
3366 1533 3517 1588 exire
3564 1546 3709 1585 nun-

452 1640 609 1687 quam
633 1625 903 1690 permisit.
934 1623 1067 1679 Dico
1090 1624 1220 1679 olim
1252 1625 1421 1680 fuisse
1443 1641 1457 1678 :
1478 1626 1589 1693 jam
1621 1625 1765 1681 enim
1802 1641 1910 1681 non
1940 1636 2042 1688 est,
2078 1627 2173 1685 sed
2207 1627 2447 1680 amissus
2465 1635 2573 1685 est.
2595 1636 2653 1681 ιιι
2675 1634 2803 1680 ante
2836 1625 3049 1693 aliquot
3087 1638 3262 1677 annos
3316 1636 3382 1679 ex
3428 1618 3710 1687 amplissi-

449 1728 537 1767 mo
563 1713 785 1766 domino
814 1710 1001 1769 Marco
1030 1711 1277 1766 Welsero
1309 1713 1351 1765 ll
1382 1713 1500 1767 viro
1523 1712 1842 1779 Augustano
1871 1713 2113 1767 intellexi
2141 1730 2153 1767 :
2187 1714 2429 1769 nescitur
2455 1712 2616 1778 cujus
2637 1709 3067 1782 negligentiavd
3089 1709 3283 1763 fraude
3318 1706 3564 1777 perierit.
3601 1701 3709 1757 Tot

449 1813 579 1867 ergo
604 1799 870 1853 subsidiis
901 1800 1203 1857 instructus
1225 1798 1445 1861 Junius,
1481 1800 1787 1867 praesertim
1809 1801 2170 1857 translatione
2198 1798 2525 1864 Seileriana,
2545 1798 2780 1853 debebat
2810 1795 3083 1851 Codinum
3105 1794 3328 1863 acapite
3378 1792 3446 1846 ad
3498 1793 3704 1845 calcent

452 1899 862 1954 recognoscere,
894 1886 1126 1953 plurima
1161 1894 1216 1941 et
1239 1886 1564 1955 gravissima
1600 1885 1799 1943 menda
1827 1887 2146 1951 emendare,
2184 1888 2495 1957 librumque
2528 1888 2599 1943 ab
2625 1885 2910 1943 erroribus
2946 1885 3178 1945 liberum
3210 1880 3398 1939 lectori
3439 1892 3710 1949 propone-

453 1990 530 2027 re.
563 1972 758 2027 Verum
785 1973 925 2026 nihil
959 1975 1152 2028 borum
1183 1974 1458 2042 prmstitit,
1491 1975 1595 2030 nisi
1620 1974 1788 2043 quod,
1809 1982 1865 2029 ut
1893 1982 2053 2030 antea
2076 1974 2308 2040 dictum,
2328 1976 2590 2042 pauculas
2619 1974 2863 2046 pagellas
2917 1972 3106 2043 prima
3161 1986 3224 2027 ac
3273 1961 3709 2025 mendosissima

450 2076 562 2112 sua:
588 2059 813 2112 editioni
856 2060 1049 2121 assuit,
1077 2069 1284 2115 mutato
1316 2060 1493 2125 titulo,
1528 2060 1715 2117 addito
1747 2076 1889 2117 novo
1921 2069 2155 2130 patrono
2178 2064 2534 2133 oppositoque
2558 2076 2658 2118 suo
2707 2059 2953 2116 nomine.
2978 2058 3261 2128 Quogipso
3302 2056 3484 2123 fucum
3541 2057 3711 2112 lecto-

454 2147 603 2200 ribus
633 2145 785 2208 fecit,
812 2144 968 2214 quasi
999 2161 1195 2200 novam
1227 2146 1527 2203 editionem
1553 2157 1852 2216 proruerat,
1871 2163 2014 2228 anno
2036 2147 2192 2227 15386,
2221 2163 2348 2203 cum
2378 2163 2484 2203 non
2512 2147 2679 2207 fuerit
2703 2161 2849 2205 nova
2895 2146 2990 2203 aed
3044 2146 3247 2217 prima,
3301 2144 3393 2201 illa
3449 2144 3709 2205 nimirum

456 2234 568 2300 ipsa
593 2248 713 2301 qua:
747 2247 893 2284 anno
927 2232 1064 2286 1588
1088 2234 1391 2300 prodierat.

1314 2242 1391 2289 at.
2674 2240 2675 2243 “
2878 2241 2890 2259 ‘

525 2323 603 2376 De
631 2335 749 2373 inea
783 2322 1018 2375 editione
1055 2330 1110 2374 et
1142 2322 1555 2378 commentariis
1589 2337 1698 2378 non
1734 2323 1912 2379 habeo
1946 2325 2093 2394 quod
2127 2324 2332 2379 dicam.
2376 2323 2590 2394 Equos
2630 2324 2868 2381 lectores
2905 2324 3110 2382 laboris
3140 2323 3250 2380 mei
3286 2321 3528 2380 arbitros
3585 2335 3745 2383 eue-

455 2408 600 2462 volo.
632 2406 863 2477 Equos,
895 2407 1118 2476 inquam
1148 2424 1165 2461 :
1197 2422 1321 2462 nam
1363 2409 1580 2478 iniquos
1621 2425 1730 2465 non
1770 2426 1974 2466 moror.
2016 2411 2071 2465 Si
2106 2410 2236 2479 quid
2266 2419 2533 2469 mutatum
2560 2410 2656 2474 sit,
2678 2411 2839 2481 cujus
2868 2413 3007 2467 ratio
3039 2411 3094 2468 in
3122 2410 3538 2468 commentariis
3594 2423 3743 2467 nom.

456 2495 722 2556 redditur,
752 2494 966 2549 noveris
1014 2494 1064 2548 id
1096 2502 1189 2549 aut
1231 2509 1298 2549 ex
1323 2495 1539 2551 duobus
1567 2496 1745 2559 Boicis
1775 2505 1830 2551 et
1859 2496 2231 2553 Lautberiano
2269 2496 2559 2553 codicibus
2591 2506 2685 2553 aut
2732 2512 2798 2555 ex
2857 2498 3145 2568 perspicua
3185 2498 3399 2559 ratione
3453 2496 3704 2567 petitum.

462 2582 593 2636 Vale
616 2580 863 2645 feliciter,
894 2581 967 2635 mi
996 2582 1189 2637 lector.
1213 2583 1526 2652 lngolstadii
1552 2600 1698 2639 anno
1728 2585 1924 2640 salutis
1958 2583 2120 2640 l620.

476 2803 3705 2828 mm

1430 2978 1555 3091 P.
1646 2973 2269 3093 JACOBUS
2351 2965 2743 3093 GOAR.

1807 3212 2362 3317 LECTORI.

2943 3359 2955 3368 .

2766 3372 2769 3375 '
2850 3374 2895 3399 tv.
2912 3373 2980 3398 ’ζεῖ

2790 3397 2816 3430 .
2850 3408 2877 3416 συ
2900 3403 2921 3418 ο

2029 3431 2097 3444 _
2874 3432 2877 3433 ⁷

528 3585 681 3651 Quod
716 3600 821 3640 usu
853 3583 989 3639 solet
1019 3570 1251 3638 evenire-
1274 3581 1381 3637 illis
1435 3582 1527 3650 qui
1561 3581 1704 3634 inter
1734 3579 2086 3649 expurganda
2117 3581 2424 3637 dirutorum
2453 3583 2806 3638 mdiliciorum
2850 3583 3052 3639 rudera
3081 3593 3291 3639 veteres
3340 3584 3623 3640 offendunt
3645 3595 3733 3642 eth

458 3673 721 3726 cﬂ‘odiunt
753 3686 1032 3734 nummos,
1070 3670 1201 3723 illud
1241 3670 1381 3722 idem
1431 3669 1699 3723 hactenus
1729 3667 2015 3723 Codiniani
2053 3669 2235 3739 operis
2269 3670 2661 3740 interpretibus
2693 3670 2992 3740 contigisse
3021 3672 3318 3736 nominem,
3357 3672 3451 3742 qui
3486 3673 3703 3742 legerit,

459 3761 660 3813 infitias
694 3761 898 3813 iturum
930 3769 1101 3828 puto:
1140 3757 1216 3810 illi
1252 3757 1518 3824 siquidem
1552 3755 1643 3807 ubi
1673 3764 1869 3824 prater
1900 3771 2117 3809 onmem
2150 3772 2304 3825 spem
2344 3759 2395 3811 in
2427 3758 2648 3826 aliquod
2688 3759 2961 3814 numistua
2996 3760 3260 3821 incidere.
3303 3775 3362 3815 se
3401 3761 3703 3831 locupletes

462 3846 775 3899 existimant
804 3866 816 3908 ;
853 3848 993 3898 unde
1033 3844 1175 3897 facto
1208 3844 1410 3911 impetu
1445 3842 1684 3905 irruunt,
1718 3851 1770 3896 ct
1804 3843 1963 3912 quasi
1996 3842 2135 3897 foret
2162 3847 2429 3901 reconditi
2468 3847 2710 3901 tliesauri
2740 3857 3149 3917 argumentum,
3188 3848 3385 3918 majori
3415 3852 3706 3908 conamine

463 3945 657 3986 ll‘l'l'a'll
694 3934 819 3986 liiuc
862 3934 985 3985 inde
1011 3940 1227 3991 eruunt,
1264 3930 1520 4001 gaudent,
1555 3929 1848 3993 mirantur,
1896 3938 2140 3997 sperant,
2168 3941 2223 3985 et
2251 3934 2529 4001 quodnam
2560 3935 2628 3987 sit
2664 3934 2865 3986 metalli
2895 3950 3065 4000 genus
3096 3943 3190 3987 ant
3220 3945 3454 3990 nmneta:
3487 3938 3704 4004 species

466 4021 862 4089 unusquisque,
900 4030 1062 4089 prout
1091 4020 1260 4072 tuenti
1297 4021 1557 4076 occurrit.
1585 4017 2001 4085 interpretatur.
2027 4016 2109 4069 Me
2133 4015 2386 4082 Hercule,
2418 4020 2461 4072 si
2489 4034 2595 4073 non
2645 4017 2834 4075 felices
2859 4018 3106 4081 omnino,
3134 4019 3181 4073 si
3217 4034 3327 4074 non
3373 4021 3572 4076 divites
3600 4022 3700 4088 illi,

465 4108 621 4161 beata
660 4108 990 4161 uumismata
1034 4123 1158 4175 quae
1205 4107 1256 4159 in
1294 4106 1507 4158 illorum
1542 4104 1812 4159 devenere
1845 4120 2067 4167 manus,
2095 4119 2327 4172 quarum
2375 4113 2923 4172 operalcontractam
2979 4106 3229 4160 amittunt
3283 4108 3617 4179 rubiginem,
3647 4120 3703 4167 et

463 4196 728 4263 quidquid
783 4195 1091 4263 squalidum
1150 4193 1453 4246 adbreserat
1486 4191 1790 4259 deponunt,
1822 4193 1893 4244 ita
1924 4201 1980 4243 ut
2020 4190 2066 4243 si
2097 4203 2202 4241 non
2241 4188 2528 4255 pristinum
2556 4190 2821 4254 valerem,
2848 4190 3161 4245 restitutum
3194 4193 3385 4247 saltem
3417 4212 3482 4250 ex
3512 4197 3699 4267 aliqua
3782 4206 3787 4211 “

466 4293 616 4349 parte
645 4282 909 4350 recipiunt
944 4279 1312 4348 splendorem.
1347 4279 1609 4333 Fossores
1642 4293 1770 4330 vero
1804 4294 1906 4331 nec
1937 4277 2163 4330 ditiores
2198 4289 2300 4329 nec
2332 4274 2603 4329 feliciores
2638 4276 2876 4344 appello,
2910 4276 2957 4331 si
2987 4279 3220 4351 pretium
3265 4282 3475 4335 nullum
3518 4284 3612 4350 sit,
3654 4286 3701 4340 si

464 4370 618 4434 cujus
655 4367 915 4437 principis
941 4366 1353 4433 inscriptionem
1390 4366 1660 4417 numisma
1689 4354 1827 4418 ferat
1865 4372 1960 4419 aut
1986 4363 2276 4437 imaginem
2304 4373 2655 4431 reprzrsentet
2681 4364 2953 4431 ignorent.
2990 4363 3200 4420 Exesos
3234 4369 3483 4437 rubigine
3512 4372 3703 4425 chara-

462 4467 639 4508 cteres
672 4458 999 4522 perlustrant
1029 4472 1042 4517 ;
1082 4466 1145 4505 ac
1175 4451 1278 4503 nisi
1311 4452 1594 4505 vaticinari
1631 4452 1882 4503 noverint
1911 4460 2006 4505 aut
2031 4450 2251 4505 aliunde
2284 4452 2598 4520 acceperint
2629 4452 2761 4520 qttid
2797 4452 2998 4506 littera:
3046 4455 3131 4507 vel
3163 4456 3348 4522 figurae
3371 4456 3697 4527 significent,

466 4558 570 4593 non
610 4542 995 4610 explanabunl.
1031 4539 1413 4591 Verumtzuuen
1440 4539 1585 4606 quod
1608 4538 1672 4591 ad
1694 4536 1889 4590 Collini
1922 4553 2060 4606 opus
2084 4539 2302 4602 attinet,
2348 4538 2564 4594 etiamsi
2592 4555 2701 4607 pra:
2725 4548 2997 4594 vetustate
3026 4557 3135 4594 non
3162 4546 3232 4595 sit
3254 4544 3564 4609 rancidum,
3590 4561 3700 4615 pra:

466 4633 705 4683 novitate
739 4641 937 4690 tamen,
970 4642 1089 4695 qua:
1126 4627 1390 4694 majorem
1430 4625 1608 4677 lucem
1662 4633 1722 4677 ut
1748 4624 2046 4692 plurimum
2078 4626 2304 4681 deberet
2337 4627 2679 4695 promittere.
2714 4626 2992 4681 invenitur
3026 4629 3350 4684 obscurum.
3384 4632 3455 4685 De
3491 4649 3698 4701 nupera

468 4732 702 4783 uaiuque
748 4716 921 4769 solum
969 4714 1174 4767 Graecia
1207 4713 1450 4765 COtliﬂllS
1484 4712 1615 4780 agit,
1668 4725 1781 4764 non
1836 4712 2066 4765 vocibus
2105 4722 2310 4766 tantum
2353 4712 2529 4776 novis,
2563 4712 2679 4776 sed,
2711 4714 2861 4782 quod
2893 4715 3091 4769 mirum
3124 4725 3228 4776 est.
3257 4716 3370 4784 jam
3412 4719 3699 4771 obsoletis.

472 4806 616 4857 Usus
644 4803 863 4871 quippe,
891 4803 983 4870 qui
1008 4800 1335 4854 recentiores
1359 4800 1515 4857 ritus.
1542 4813 1745 4863 mores,
1779 4798 1973 4864 ollicia,
1999 4808 2196 4863 vestes,
2220 4800 2491 4867 integrum
2514 4802 2751 4869 denique
2773 4801 2998 4857 Gracia:
3019 4812 3224 4857 statum
3252 4803 3481 4866 invexit,
3508 4802 3700 4856 Orien-
3756 4834 3764 4855 .

475 4894 539 4941 iis
566 4905 757 4943 everso
781 4889 1009 4957 imperio
1044 4888 1290 4941 funditus
1318 4885 1533 4938 interiit
1569 4902 1585 4950 ;
1612 4895 1664 4938 et
1694 4887 1798 4941 sub
1826 4887 1999 4956 ipsius
2028 4887 2214 4955 Cpolis
2248 4888 2445 4950 ruinis,
2476 4903 2599 4956 qua:
2638 4897 2763 4941 ante
2793 4888 3064 4942 ducentos
3097 4896 3310 4941 tantum
3352 4903 3527 4942 annos
3557 4889 3609 4941 itt
3634 4903 3695 4942 ea

475 4979 722 5044 \igebaut
749 4976 1192 5031 consuetudines,
1222 4974 1351 5042 quia
1380 4971 1551 5024 ferme
1578 4987 1719 5025 novo
1753 4981 1807 5025 et
1832 4962 2037 5041 ‘ignoto
2069 4973 2326 5042 loquendi
2357 4989 2554 5043 genere
2585 4988 2881 5041 expressae,
2904 4974 3091 5040 jacent
3118 4975 3318 5030 misere
3343 4976 3699 5044 consepulttc.

473 5065 683 5115 l’aucos
713 5079 774 5115 ea
803 5064 868 5115 de
902 5076 1064 5114 causa
1098 5064 1341 5128 reperire
1367 5070 1451 5113 est
1482 5060 1575 5127 qui
1606 5068 1833 5125 aspectu
1862 5059 2037 5127 primo
2067 5063 2567 5123 nondcmirentur,
2596 5059 2849 5127 quamvis
2879 5059 2987 5113 rari
3013 5059 3124 5114 sint
3154 5063 3244 5130 qui
3274 5061 3500 5133 propius
3526 5062 3702 5132 inspi-

469 5156 680 5217 rjentes
708 5151 918 5203 litteras
948 5151 1190 5202 auctoris
1226 5164 1289 5203 ac
1336 5148 1458 5217 ejus
1496 5147 1772 5201 scribendi
1806 5149 2184 5203 characterem
2218 5148 2304 5200 vel
2335 5145 2642 5201 evolverint
2673 5147 2755 5197 vel
2795 5148 3153 5215 penetrarint.
3186 5150 3360 5215 Quam
3404 5147 3703 5205 infeliciter

466 5239 671 5290 Junius
705 5238 756 5289 in
781 5236 1103 5289 elucidanda
1138 5235 1453 5296 verborum,
1483 5235 1687 5303 quibus
1717 5249 1852 5289 usus
1900 5245 1987 5289 est
2030 5235 2297 5295 Codinus,
2324 5231 2661 5286 obscuritate
2710 5232 3084 5299 tlesudaverit,
3113 5235 3340 5290 Meursii
3369 5235 3614 5303 pluribus
3645 5238 3699 5291 in

468 5326 610 5379 locis
639 5310 981 5378 demonstrat
1027 5323 1339 5375 emendatio
1372 5331 1429 5375 et
1466 5321 1721 5375 instituta
1775 5338 1871 5390 per
1917 5322 2232 5376 Gretserum
2273 5319 2452 5373 versio
2484 5335 2547 5373 ac
2580 5319 2634 5373 iu
2674 5322 2875 5390 amplis
2914 5322 3246 5391 disertisque
3284 5325 3700 5379 commentariis

468 5414 715 5481 ejusdem
739 5412 1263 5475 Codiuiqillustratio
1294 5425 1310 5475 ;
1349 5408 1443 5465 sed
1472 5424 1597 5462 cum
1620 5424 1683 5463 ea
1710 5425 1816 5477 qua
1848 5409 2138 5464 Gretserus
2167 5416 2325 5462 aetate
2356 5407 2621 5473 vertebat,
2658 5424 2819 5464 voces
2848 5410 2951 5465 illa:
2979 5411 3268 5465 neoterica:
3303 5411 3527 5467 Graeciae
3559 5426 3701 5465 non-

471 5504 603 5555 dum
626 5502 678 5555 in
706 5500 980 5555 Occiduas
1001 5508 1183 5564 partes
1212 5508 1393 5552 essent
1427 5497 1625 5563 allatze,
1656 5508 1943 5567 propterea
1974 5496 2130 5551 venia
2162 5496 2357 5566 dignus
2383 5506 2467 5551 est
2500 5499 2581 5551 vir
2611 5513 2744 5552 sane
2774 5498 2840 5552 de
2871 5515 2931 5552 rc
2960 5500 3229 5554 litteraria
3278 5502 3413 5555 bene
3452 5500 3700 5563 meritus,

475 5592 634 5657 cujus
662 5591 869 5657 scripta
907 5587 1132 5641 multam
1168 5587 1472 5640 doctrinam
1505 5585 1812 5650 continent,
1837 5585 2089 5639 doctrina
2147 5583 2403 5652 pietatem
2435 5584 2578 5651 sapit
2605 5592 2654 5637 cl
2690 5584 2755 5637 ad
2789 5585 3135 5639 sanctitatem
3178 5586 3393 5642 accedit
3428 5585 3622 5653 pietas.
3654 5589 3699 5657 si

478 5681 709 5734 aliorum
742 5686 976 5732 utentem
1019 5684 1242 5730 secutus
1269 5674 1321 5727 in
1356 5666 1542 5728 cerum
1578 5673 1768 5727 menda
1800 5671 2094 5740 prolapsus
2132 5671 2433 5739 impcgcrit.
2466 5670 2579 5724 Non
2611 5670 2757 5725 enim
2796 5671 2884 5724 ille
2919 5671 3068 5725 solus
3101 5687 3181 5727 est
3207 5674 3302 5740 qui
3341 5687 3408 5729 au
3443 5668 3704 5734 scomfu
