3992 6240
268 322 337 383 23
1148 381 1161 388 ,
1479 321 1746 383 CODlNI
1787 322 2304 385 CUROPALATXE
3427 331 3497 393 «ξι

267 451 407 504 quos
443 432 656 488 Meursii
678 431 1022 485 Glossarium
1053 446 1116 484 ex
1151 431 1347 499 potiori
1383 444 1539 500 parte
1568 435 1939 504 ὁλοὸἁρόαρον
1973 438 2215 503 exponit.
2253 435 2441 487 aliidat
2472 453 2485 488 ε
2522 434 2569 488 is
2599 435 2742 489 enim
2769 450 2892 489 cum
2931 451 3244 503 germanam
3277 437 3497 495 Gricca-

269 538 392 576 rum
425 534 489 575 ac
517 520 817 587 vulgarium
848 534 1040 572 vocum
1068 529 1301 571 mentem
1327 534 1433 573 non
1464 522 1537 575 sit
1563 532 1866 585 assecutus,
1902 528 2226 593 sequacibus
2259 511 2651 589 fovi-ain'fecit,
2680 526 2733 577 in
2762 540 2926 593 quam
2956 526 3071 592 ipse
3105 527 3251 593 prior
3279 504 3493 597 lapsus,

276 608 381 662 nisi
409 622 437 659 a
482 606 805 660 recentioris
842 606 1170 659 Graecanica:
1210 605 1406 674 lingua:
1455 608 1591 661 bene
1633 611 1809 676 perito
1845 613 2174 680 corrigatur,
2211 612 2513 665 illustratur
2564 628 2627 666 ac
2658 612 2885 665 infinitis
2919 614 3339 681 prepemodum,
3376 633 3495 684 qua:
3526 670 3529 671 ν

267 708 496 763 possunt
525 696 670 757 addi,
692 695 1020 748 dictionibus
1048 705 1333 764 augeatur,
1363 696 1573 750 facilem
1602 699 1779 752 adhuc
1810 699 2085 752 secuturis
2116 698 2375 763 prazbebit
2405 699 2589 762 lapsus
2616 699 2985 753 occasionem.
3038 698 3231 753 Fateor
3262 702 3483 756 Gretse-

275 802 395 836 rum
431 792 581 835 eruta
616 781 831 834 metalla
863 783 1227 843 examinasse,
1266 798 1293 834 a
1337 784 1608 852 plerisque
1640 785 1799 839 sitmn
1835 793 1887 836 et
1913 786 2225 849 squalorem
2257 784 2574 845 detersisse.
2602 785 2655 837 in
2700 785 3045 854 exponendis
3074 786 3498 843 emblematibus

270 871 459 938 (lEdipi
496 871 731 939 gessisse
762 884 1078 937 personam,
1114 879 1168 922 et
1198 870 1603 933 characterum,
1633 871 1725 940 qui
1752 873 1838 924 vix
1876 873 2360 938 dignoscebantur.
2390 873 2728 926 reconditam
2776 872 3231 942 significationem
3266 874 3496 928 investi-

274 970 474 1025 gasse':
507 956 601 1009 sed
635 970 760 1008 cum
794 956 1014 1008 omnino
1054 954 1125 1008 sit
1156 957 1495 1022 impossibile
1528 961 1609 1025 vel
1662 958 1795 1010 nihil
1839 958 2090 1025 ignorare
2124 958 2203 1010 vel
2236 958 2481 1011 omnium
2519 959 2658 1013 votis
2694 956 3035 1020 satisfacere,
3099 961 3408 1027 complures
3436 968 3490 1011 et

268 1044 468 1113 egregii
501 1043 718 1112 quidem
754 1042 853 1095 viri
885 1043 1089 1110 aliquid
1120 1052 1314 1109 praeter
1341 1044 1461 1111 ejus
1497 1044 1755 1109 laborem,
1787 1060 1897 1111 quo
1945 1045 2096 1097 labor
2132 1044 2361 1113 ipsemet
2392 1045 2760 1112 ampliﬁcatus
2789 1054 3157 1108 excresceret,
3199 1054 3487 1113 exspecta-

272 1132 424 1183 bant.
455 1130 547 1183 llla
576 1143 661 1182 me
694 1128 959 1181 desideria
990 1140 1276 1184 moverunt
1322 1140 1379 1181 ut
1416 1132 1583 1201 multa
1618 1129 1971 1191 illustrarem,
1999 1130 2347 1197 explanarcm
2385 1132 2512 1195 alia,
2549 1132 2615 1185 de
2646 1146 2765 1185 meo
2797 1132 3061 1185 nonnulla
3093 1132 3398 1185 conferrem
3443 1150 3456 1185 :

272 1219 478 1272 utinam
536 1217 755 1269 homine
789 1216 943 1270 Gallo
972 1225 1311 1271 monstrante
1358 1218 1523 1278 viam,
1559 1232 1718 1270 nemo
1760 1218 1811 1269 in
1847 1226 2123 1281 posterum
2157 1216 2320 1268 etiam
2360 1218 2576 1269 aliunde
2605 1227 2764 1270 natus
2797 1218 2851 1270 in
2900 1218 3109 1271 Graecia
3167 1218 3491 1286 peregrinus

272 1304 525 1358 aberret!
559 1304 615 1357 In
646 1303 878 1356 alienam
927 1317 1155 1356 messem
1192 1317 1297 1355 non
1326 1304 1462 1355 adeo
1496 1301 1689 1355 falcem
1721 1318 1883 1371 quam
1922 1303 2198 1357 uberiores
2225 1313 2433 1370 segetes
2473 1304 2727 1357 immitto.
2768 1302 3025 1357 Gretsero
3047 1320 3143 1358 sua
3175 1314 3322 1357 sarta
3356 1311 3498 1357 tecta

273 1393 491 1458 reliqui,
534 1401 587 1443 et
622 1391 767 1443 velut
801 1390 926 1442 data
954 1404 1017 1442 ex
1052 1388 1263 1456 tripode
1293 1402 1555 1453 responsa
1589 1404 1711 1441 sum
1747 1401 2053 1443 veneratus.
2090 1389 2348 1454 Superest
2386 1397 2442 1441 ut
2468 1404 2587 1457 quae
2614 1404 2733 1441 mea
2772 1399 2898 1443 sunt
2927 1399 2985 1443 et
3016 1390 3154 1458 juris
3182 1389 3385 1455 pulflici
3414 1389 3499 1454 fa,-

276 1478 470 1532 cienda
505 1476 693 1542 paucis
732 1488 1055 1542 proponam,
1087 1482 1399 1527 accuratam
1442 1474 1660 1526 scilicet
1697 1472 1982 1527 Codiniani
2014 1479 2196 1525 textus
2224 1485 2344 1524 cum
2376 1470 2638 1523 alterutro
2668 1471 2752 1523 vel
2786 1471 2949 1523 simul
2983 1462 3107 1524 cum
3140 1472 3354 1523 duobus
3387 1471 3496 1522 Re-

271 1569 370 1631 gia:
402 1561 741 1614 bibliothecze
771 1559 1173 1627 exemplaribus
1199 1560 1572 1612 collationem.
1600 1557 1829 1612 Textum
1862 1559 2061 1627 ipsum,
2093 1573 2198 1611 non
2226 1558 2292 1609 ad
2322 1555 2738 1609 abundantioris
2766 1556 3030 1610 doctrina:
3052 1556 3500 1617 ostentationem,

274 1650 371 1704 sed
395 1650 458 1703 ad
488 1648 780 1702 utilitatem
816 1647 1137 1715 respiciens,
1169 1647 1456 1700 emendavi
1487 1663 1499 1698 :
1530 1646 1967 1699 emendationem
1995 1643 2075 1696 vel
2104 1642 2739 1703 lectionumdvarielatem
2772 1642 2827 1695 in
2860 1642 3159 1711 marginem
3186 1641 3370 1710 rejeci.
3401 1637 3504 1694 Ubi

272 1758 396 1794 cum
430 1748 663 1808 utroque
708 1737 875 1805 Regio
909 1738 1087 1789 minus
1126 1737 1417 1789 convenire
1447 1736 1715 1804 comperi.
1760 1734 1907 1787 locos
1932 1732 2035 1784 hoc
2067 1730 2243 1784 indice
2277 1738 2385 1782 utr.
2412 1728 2540 1799 Reg.
2577 1730 2655 1797 (l)
2681 1729 2961 1797 designavi
2989 1744 3004 1783 :
3034 1729 3126 1781 ubi
3164 1743 3292 1781 vero
3326 1743 3491 1779 unum

273 1828 489 1879 illorum
515 1841 545 1878 a
580 1833 762 1896 textus
798 1824 1031 1877 lectione
1066 1823 1367 1891 discrepat,
1404 1823 1637 1889 primum
1674 1818 1969 1874 numeralis
1999 1818 2283 1871 character
2311 1814 2580 1869 Arabicus
2609 1817 2632 1867 l
2672 1815 2941 1883 iudigitat,
2971 1829 3036 1868 ac
3065 1814 3098 1864 2
3122 1814 3355 1865 alterum
3380 1810 3483 1882 (2).

277 1914 340 1966 Et
362 1914 405 1966 si
439 1911 656 1980 quando
683 1911 895 1969 deiectu
927 1910 1160 1977 alicujus
1180 1919 1317 1963 uotae
1336 1909 1691 1971 laboraveris,
1712 1908 1910 1967 lector,
1930 1905 1995 1958 ad
2021 1903 2436 1972 praecedentem,
2458 1916 2580 1969 quas
2607 1902 2751 1955 vires
2777 1900 2898 1967 ejus
2927 1899 3220 1966 supplebit,
3243 1912 3484 1951 recurre.

352 2001 414 2053 Et
449 2015 516 2053 ne
547 1998 672 2067 quis
704 2006 852 2066 putet
905 2012 989 2051 me
1020 1997 1143 2050 data
1177 2010 1339 2065 Opera
1371 1994 1611 2049 Gretseri
1651 2006 1935 2048 censorem
1970 2005 2151 2060 agere,
2189 1990 2367 2057 ipsum
2405 1990 2546 2041 inter
2593 1996 2647 2040 et
2696 2002 2781 2040 me
2832 1986 3131 2053 quemlibet
3185 1994 3491 2037 statuamus

276 2085 568 2146 arbitrum,
606 2084 697 2152 qui
725 2084 789 2136 de
824 2081 1052 2137 feliciori
1090 2091 1271 2135 textus
1302 2081 1647 2150 expositione
1672 2080 1951 2149 dijudicct.
1978 2075 2043 2128 Et
2074 2075 2326 2142 quamvis
2352 2074 2404 2127 in
2426 2072 2664 2127 Gretscri
2696 2073 2940 2125 favorem
2973 2070 3175 2124 feratur
3201 2068 3496 2129 sententia,

281 2186 384 2224 non
417 2171 576 2224 debui
617 2180 931 2238 perceptum
969 2185 1003 2221 a
1031 2183 1116 2222 me
1143 2183 1342 2222 novum
1371 2182 1591 2222 sensum
1627 2166 2063 2235 praetermittere,
2094 2179 2253 2232 quem
2288 2161 2382 2231 qui
2431 2160 2798 2215 Codiuianum
2832 2167 3037 2212 textum
3072 2157 3264 2225 legerit
3311 2169 3499 2209 emen-

283 2258 494 2321 datum,
524 2271 631 2310 non
662 2256 875 2325 longius
909 2257 1167 2324 requiret,
1193 2270 1315 2309 cum
1347 2254 1522 2308 oculis
1552 2254 1728 2306 subsit
1759 2254 1810 2305 iu
1836 2251 2102 2306 versionis
2127 2250 2392 2319 margine.

358 2342 552 2397 Parum
587 2357 736 2408 sane,
776 2343 903 2396 licet
926 2338 1185 2395 nonnihil
1246 2340 1555 2409 splendoris
1578 2338 1786 2393 Codino
1814 2341 2194 2397 contulissem.
2244 2337 2290 2391 si
2329 2338 2383 2389 in
2412 2336 2530 2390 solo
2553 2344 2699 2388 textu
2732 2332 2815 2385 vel
2847 2330 2965 2399 ejus
2992 2329 3243 2409 versione
3284 2326 3506 2380 restitu-

281 2431 423 2483 enda
464 2438 674 2498 tempus
703 2406 1087 2497 impendissem
1132 2444 1146 2482 :
1182 2406 1368 2492 debui,
1401 2427 1542 2496 quod
1574 2440 1753 2494 operae
1783 2428 2014 2493 pretium
2042 2433 2157 2479 erat
2178 2432 2231 2478 et
2263 2422 2447 2491 operis
2475 2426 2579 2474 erit
2605 2420 2813 2475 utilitas
2842 2426 2895 2471 et
2925 2406 3411 2475 oblectamentum,
3451 2421 3507 2465 ut

286 2519 497 2586 ignotos
533 2517 896 2571 recentiorum
930 2515 1243 2569 Graecorum
1277 2528 1475 2576 mores,
1508 2513 1577 2565 ita
1603 2512 1912 2567 Codiuiana:
1944 2511 2201 2567 dictionis
2230 2510 2512 2563 abstrusos
2542 2516 2596 2560 et
2630 2505 2940 2559 reconditos
2971 2518 3165 2557 sensus
3200 2501 3500 2564 elucidare,

284 2606 557 2671 catalogos
599 2603 666 2657 de
691 2603 934 2656 ecclesias
963 2602 1041 2654 vel
1081 2600 1262 2669 palatii
1294 2598 1627 2653 Ollicialibus
1660 2612 1724 2651 ex
1764 2598 1941 2668 [legite
1976 2600 2057 2654 vel
2100 2596 2325 2652 illustris
2354 2594 2642 2648 Mazarinze
2681 2592 3024 2649 bibliotheca:
3053 2588 3336 2641 codicibus
3364 2600 3503 2638 mss.

282 2694 421 2747 alios
446 2706 509 2745 ac
530 2691 755 2745 omnino
784 2690 1027 2743 diversos
1054 2688 1316 2756 proferre,
1352 2688 1491 2741 ritus
1519 2687 1653 2742 istos
1686 2687 1841 2741 velut
1873 2686 2084 2754 regulas
2121 2684 2278 2737 factis
2307 2691 2361 2736 et
2390 2679 2651 2748 exemplis
2678 2677 3028 2738 conﬁrmare,
3067 2674 3134 2728 de
3159 2688 3281 2726 meo
3303 2671 3511 2726 referre

283 2792 453 2846 pauca
484 2776 569 2831 vel
596 2776 764 2830 ferme
788 2775 945 2837 nihil,
967 2790 996 2827 a
1029 2790 1113 2828 me
1139 2774 1310 2827 relata
1343 2784 1538 2829 cuncta
1566 2774 1652 2828 vel
1677 2773 1881 2829 Graecis
1913 2771 2275 2838 scriptoribus
2328 2768 2412 2823 vel
2438 2767 2506 2822 iis
2539 2766 2634 2834 qui
2668 2765 2788 2818 viva
2825 2777 2957 2816 voce
2996 2762 3303 2814 docuerunt
3336 2758 3511 2823 ascri-

286 2843 438 2922 bere.
473 2864 679 2930 Quodsi
720 2862 853 2916 mihi
888 2862 1043 2916 fidem
1078 2876 1184 2915 non
1217 2861 1381 2916 faciat
1414 2878 1536 2931 quae
1566 2863 1669 2918 ﬁde
1723 2862 1970 2915 laborare
1998 2857 2206 2912 Graecia
2240 2852 2608 2924 praesumitur,
2638 2852 2685 2904 si
2708 2863 2891 2902 meum
2925 2846 3301 2899 testimonium
3332 2843 3385 2895 in
3420 2856 3511 2896 su-

287 2928 584 3023 spicionem
617 2951 816 3013 veniat,
848 2949 939 3018 qui
973 2949 1085 3003 fieri
1111 2958 1289 3018 potest
1318 2959 1376 3003 ut
1401 2928 1507 3003 tam
1534 2950 1686 3004 multi
1719 2956 1970 3003 auctores
1998 2944 2051 2997 iu
2088 2942 2232 2996 notis
2254 2940 2321 2994 ad
2352 2938 2567 3007 singula
2599 2936 2773 3004 capita
2799 2933 3027 3003 adjectis
3048 2928 3367 2985 catervatim
3388 2942 3510 2997 pro-

288 3042 520 3095 lati-title
544 3048 758 3102 vacent,
789 3045 885 3090 aut
919 3038 1042 3105 quis
1075 3052 1260 3091 eorum
1298 3035 1552 3106 suil'ragia
1585 3036 1820 3091 voluerit
1849 3035 1904 3089 in
1936 3031 2163 3086 dubium
2191 3026 2439 3081 vocare?

358 3126 541 3183 Unum
577 3133 745 3179 restat
773 3124 916 3193 quod
949 3137 1222 3187 moneam,
1255 3105 1488 3192 primum
1518 3133 1679 3194 caput
1707 3124 1771 3177 de
1791 3120 2125 3176 Ollicialibus
2148 3118 2353 3186 Magum
2379 3114 2623 3169 ecclesiae
2655 3126 2760 3165 non
2788 3110 2917 3162 mihi
2947 3107 3117 3160 videri
3143 3105 3368 3194 Codini‘.
3399 3105 3505 3194 Cu-

285 3217 377 3285 jus
405 3211 689 3268 senteutiae
723 3212 989 3265 rationem
1016 3211 1310 3280 subiungo,
1350 3188 1607 3265 nimirum
1642 3210 1949 3279 catalogum
1978 3209 2031 3261 in
2058 3219 2167 3275 quo
2190 3201 2507 3257 ofﬁciaiium
2544 3198 2766 3251 nomina
2801 3202 3181 3253 recenSentur,
3206 3206 3244 3285 -a
3275 3188 3502 3257 reliquis

293 3276 484 3356 Cadini
516 3298 784 3369 capitibus
816 3295 1013 3365 saepius
1032 3296 1084 3350 in
1116 3276 1301 3364 Regiis
1326 3312 1458 3351 mss.
1487 3296 1808 3351 distinctum
1827 3276 2083 3365 reperiri.
2109 3290 2173 3342 Et
2207 3290 2480 3355 integrum
2513 3298 2652 3351 opus
2681 3282 2888 3350 absque
2914 3279 3161 3369 catalogo
3206 3276 3260 3328 in
3287 3290 3392 3369 sua.
3419 3289 3509 3327 re-

294 3397 384 3443 cto
412 3361 602 3441 ordine
632 3384 810 3453 capita
864 3361 1046 3437 videre
1077 3391 1159 3436 est
1189 3361 1541 3435 distributum
1569 3400 1583 3447 ;
1617 3381 1763 3449 quod
1800 3392 1857 3436 et
1895 3361 1999 3451 ipsi
2034 3378 2239 3447 quibus
2271 3389 2406 3429 usus
2444 3380 2527 3426 est
2559 3369 2849 3425 Gretserus
2880 3361 3513 3453 comprobant-codices.

295 3471 428 3524 Cum
463 3478 640 3522 tamen
771 3465 1039 3520 Codinum
1068 3466 1388 3533 scriptorem
1424 3446 1672 3533 plerique
1697 3446 1957 3526 referant,
1991 3446 2122 3534 quin
2148 3463 2415 3518 Codinum
2441 3463 2701 3528 agnoscat
2729 3463 3009 3524 parentem
3038 3464 3143 3503 non
3166 3448 3382 3534 invideo
3418 3446 3518 3512 (3).

297 3555 448 3610 Alios
469 3554 593 3622 ipso
629 3553 923 3623 ampliores
959 3554 1100 3604 inter
1131 3560 1291 3604 natas
1328 3550 1585 3621 adjungo.
1622 3549 1771 3619 lpsas
1796 3551 1961 3605 etiam
2004 3533 2165 3601 notas
2216 3536 2461 3613 utrisque
2494 3557 2557 3596 ac
2590 3541 2685 3596 toti
2738 3537 2931 3593 Codini
2961 3535 3112 3605 Operi
3140 3533 3284 3586 volui
3316 3543 3521 3585 conne-

300 3658 422 3706 xas,
449 3619 507 3694 ut
534 3619 775 3694 auctoris
808 3638 1083 3693 arridente
1116 3645 1258 3691 textu
1296 3638 1413 3705 ejus
1443 3619 1711 3706 expositio
1736 3636 1959 3693 nullam
1994 3636 2090 3690 tibi
2130 3636 2401 3700 relinquat
2436 3631 2618 3683 animo
2642 3628 2992 3683 dubietatem.
3024 3624 3292 3678 Collinum
3344 3619 3513 3687 igitur

301 3728 509 3798 plenius
536 3743 597 3782 ac
627 3728 836 3796 integre
867 3726 1039 3796 magis
1080 3725 1427 3795 explanatum
1466 3725 1708 3794 suspice,
1740 3734 1793 3777 et
1826 3721 2179 3777 inteﬂerrime
2222 3718 2362 3771 vale.

376 3909 450 3975 (l)
488 3907 639 3960 Nunc
658 3906 768 3961 AB.

375 3977 451 4041 (‘2)
486 3978 633 4029 Nunc
658 3978 696 4030 Λ
729 3985 782 4029 et
807 3975 866 4027 Β.

381 4046 454 4114 (5)
479 4046 559 4098 Cf.
589 4046 827 4099 Gretscr.
866 4054 1221 4097 commentar.
1260 4045 1287 4097 l
1321 4044 1343 4095 l
1369 4051 1509 4096 extr.
