3992 6240
275 334 339 399 ιι
1254 338 1353 400 DE
1386 336 1713 399 OFFICIIS
1746 335 2209 400 cromams.
2242 334 2401 397 CAP.
2440 336 2536 398 Iv.
2748 304 2749 307 γ
3448 321 3520 387 42

351 446 462 500 Καὶ
499 447 565 499 τὰ
593 444 686 498 τοῦ
715 444 1211 515 παρακοιμωμένου
1240 444 1335 497 τοῦ
1368 444 1624 507 κοιτῶνος
1670 444 1848 497 πάντα

2024 440 2364 498 Accubitoris
2420 424 2658 496 cubiculi
2696 424 2929 509 insignia
2964 436 3147 492 omnia
3179 435 3515 493 conveniunt

278 532 367 592 οἶα
401 540 466 591 τά
492 538 583 591 τοῦ
623 538 1119 607 παρακοιμωμένου
1148 536 1247 606 τῆς
1282 536 1592 606 σφενδόνης.
1649 535 1791 607 Πλὴν
1824 538 1852 589 ὁ

280 631 380 701 μὲν
408 629 623 700 πρῶτος
656 627 907 688 κόνδυλος
935 626 1032 679 τοῦ
1064 626 1363 680 δικανικίου
1390 626 1625 697 χρυσοῦς
1653 627 1729 690 ὡς
1758 628 1852 681 καὶ

277 722 328 773 0i
358 719 467 773 τῶν
497 719 695 781 ἄλλων,
730 717 792 770 τὸ
816 718 871 769 δὲ
905 714 1101 786 ἐφεξῆς
1152 717 1255 780 ἓως
1304 716 1453 770 κάτω
1499 717 1851 788 χρυσάσπρον

280 810 682 878 κεκλωσμένον.

308 876 425 951 εΤὸ
476 876 572 951 τοῦ
629 897 909 966 λογοθέτου
954 898 1046 951 τοῦ
1100 898 1319 966 γενικοῦ
1380 898 1615 952 σκιάδιον
1660 898 1851 977 λευκὸν

285 991 500 1061 βλάτιον
554 989 690 1058 μετὰ
737 988 1095 1059 μαργελλίων.
1150 990 1223 1043 Τὸ
1274 989 1563 1044 καϐὗάδιον
1632 992 1693 1042 ὲκ
1744 991 1851 1043 τῶν

282 1082 528 1151 συνήθως
556 1079 980 1148 πολιτευομένων
1007 1078 1255 1148 βλατιων.
1316 1079 1390 1133 Τὸ
1432 1080 1488 1132 δὲ
1526 1079 1850 1146 σκαράνικον

281 1173 645 1241 χρυσόλευκον
680 1170 922 1239 βλάτινον
949 1172 1328 1238 συρματέῖνον,
1386 1169 1505 1239 ἔχον
1537 1169 1850 1239 ἔμπροσθέν

281 1278 346 1311 τε
370 1260 464 1312 καὶ
495 1260 713 1312 δπισθεν
732 1259 830 1329 τὴν
856 1258 949 1311 τοῦ
977 1258 1238 1327 βασιλέως
1263 1259 1442 1311 εἰκόνα
1471 1257 1844 1325 διαγέλαστον,

282 1350 477 1419 ὥσπερ
499 1352 591 1403 καὶ
624 1350 717 1402 τοῦ
762 1347 1184 1420 πριμμικηρίου,
1227 1349 1319 1400 καὶ
1359 1346 1487 1401 ἄνευ
1528 1348 1845 1403 δικανικίου.

352 1617 425 1670 Τδ
460 1616 555 1671 τοῦ
603 1615 1097 1687 ⁴ιιριυτοσειςτιαριου
1145 1616 1381 1671 σκιάδιον
1434 1616 1736 1671 κλαπωτόν.
1776 1618 1850 1670 Τδ

276 1709 569 1763 κασὸάδιον
595 1709 690 1761 καὶ
718 1708 778 1760 τὸ
810 1707 1136 1777 σκαράνικον
1169 1707 1334 1760 αὑτοῦ
1358 1703 1450 1760 οἷα
1473 1706 1541 1759 τὰ
1572 1706 1667 1759 106
1698 1706 1850 1775 λογο-

278 1804 438 1857 θέτου
472 1801 561 1853 106
592 1799 829 1868 γενικοῦ.
857 1799 964 1852 Τοῦ
1009 1800 1066 1852 δὲ
1106 1798 1407 1853 δικανικίου
1444 1797 1607 1851 αὑτοῦ
1637 1798 1666 1851 ὁ
1694 1801 1848 1870 πρῶ-

278 1913 371 1957 τος
403 1896 497 1964 μὲν
520 1894 772 1955 κόνδυλος
804 1891 1061 1965 χρυσοῦς,
1097 1894 1158 1947 τὸ
1177 1892 1233 1946 δὲ
1256 1894 1454 1963 ἑφεξῆς
1480 1892 1843 1964 συσαλταρέα,

279 1989 697 2059 χρυσοκόκκινα.
724 1988 757 2055 ’γ

353 2078 539 2131 Τάτοῦ
558 2076 878 2147 δομεπῐκου
916 2077 1015 2146 τῆς
1044 2076 1318 2148 τραπέζης
1368 2077 1650 2148 φορέματα
1690 2077 1850 2148 ὅμοια

280 2173 395 2232 τοῖς
428 2171 518 2223 τοῦ
549 2168 1098 2238 πρωτοὸεστιαρίτου,
1126 2168 1253 2222 ἄνευ
1280 2167 1602 2223 δικανικίου.

353 2259 429 2312 Τά
456 2259 550 2312 τοῦ
575 2260 668 2334 ἐπὶ
697 2258 797 2327 τῆς
833 2257 1111 2329 τραπέζης
1134 2256 1222 2312 οἷα
1260 2260 1329 2311 τά
1378 2259 1576 2325 αὐτῶν,
1638 2261 1731 2312 τοῦ
1792 2276 1849 2313 τε

285 2351 811 2419 πρωτοῶστιαρίτου
838 2349 934 2401 καὶ
964 2348 1057 2400 τοῦ
1088 2349 1407 2418 δομεστῑκου
1430 2350 1529 2420 τῆς
1547 2352 1847 2422 τραπέζης.
1877 2426 1880 2428 γ

286 2440 390 2491 Τοῦ
447 2439 503 2491 δὲ
558 2439 851 2492 δικανικίου
891 2439 1055 2491 αὐτοῦ
1103 2440 1131 2490 ό
1178 2438 1275 2506 μὲν
1332 2441 1545 2509 πρῶτος
1604 2441 1851 2505 κόνδυλος

286 2533 538 2600 χρυσοῦς,
576 2533 603 2583 ὁ
632 2532 687 2584 δὲ
717 2531 964 2599 δεύτερος
1007 2530 1193 2600 μέλας,
1223 2528 1339 2585 εἶτα
1364 2533 1596 2601 χρυσοῦς
1620 2536 1713 2587 καὶ
1744 2534 1851 2588 πά-

285 2623 373 2674 λιν
407 2624 601 2690 μέλας,
634 2622 731 2675 καὶ
763 2622 996 2689 καθεξῆς
1024 2623 1250 2692 ὁμοίως.

363 2713 447 2764 Τὰ
489 2710 581 2764 106
607 2710 837 2779 μεγάλου
867 2712 1074 2765 παπίου
1108 2714 1389 2782 φορέματα
1421 2714 1581 2785 ὃμοια
1613 2718 1723 2779 τοῖς
1759 2715 1851 2769 106

292 2802 612 2872 δομεστικου
668 2803 763 2872 τῆς
808 2803 1102 2873 τραπέζης.
1158 2804 1230 2857 Τὸ
1258 2805 1316 2857 δὲ
1364 2806 1659 2861 δικανίκιον
1691 2807 1852 2861 αὐτοῦ

297 2894 486 2962 ὥσπερ
540 2892 629 2946 τοῦ
691 2896 1186 2963 παρακοιμωμένου
1243 2896 1345 2964 τῆς
1396 2896 1684 2968 σφενδόνης
1740 2898 1855 2969 ἔχει

299 2984 547 3038 κόνδυλον
603 2983 839 3054 χρυσοῦν
882 2984 976 3037 καὶ
1022 2986 1270 3039 κόνδυλον
1306 2987 1687 3055 χρυσόλευκον,
1715 2988 1855 3041 οὕτω

296 3075 453 3128 τοῦτο
501 3074 747 3128 κόνδυλον
803 3075 1040 3145 χρυσοῦν
1106 3077 1199 3130 καὶ
1247 3077 1496 3131 κόνδυλον
1553 3079 1855 3148 χρυσοκόκ-
1881 3108 1925 3165 c

296 3183 465 3221 κινον.

365 3257 472 3309 Καὶ
492 3256 560 3310 τά
588 3257 679 3311 τοῦ
707 3256 948 3327 ἐπάρχου
986 3254 1078 3312 οἷα
1124 3259 1191 3312 τὰ
1218 3259 1311 3314 106
1346 3261 1583 3330 μεγάλου
1627 3261 1853 3328 παπιου,

294 3346 422 3400 ἄνευ
442 3348 499 3401 δὲ
528 3349 852 3405 δικανικιου.

362 3438 444 3491 Τά
484 3438 576 3491 τοῦ
608 3439 851 3508 μεγάλου
900 3439 1259 3511 δρουγγαρίου
1309 3442 1407 3512 τῆς
1461 3443 1645 3515 βιγλης
1694 3445 1857 3514 φορέ-

299 3544 467 3596 ματα,
498 3528 662 3597 ἡγουν
698 3529 838 3583 τότε
868 3530 1105 3583 σκιάδιον
1134 3532 1228 3585 καὶ
1258 3533 1320 3584 τὸ
1363 3532 1675 3598 καδσάδιον,
1701 3536 1859 3604 ὅμοια

296 3620 414 3681 τοῖς
440 3617 531 3671 τοῦ
560 3619 826 3690 ἐπάρχου.
853 3620 927 3674 Τὸ
959 3621 1016 3674 δι
1051 3620 1144 3674 106
1185 3624 1516 3694 σκαρανίκου
1537 3624 1701 3678 αὐτοῦ
1730 3626 1861 3695 βλά-

299 3725 415 3762 τιον
434 3710 868 3780 χρυσοκιτρινον,
896 3711 1424 3782 χρυσοκλαὸαρικὸν,
1482 3715 1859 3784 συρματέῖνον,

297 3791 416 3861 εχει
449 3796 758 3864 ἔμπροσθεν
791 3796 892 3866 μὲν
935 3797 1024 3850 τὸν
1049 3798 1270 3867 βασιλέα
1307 3801 1587 3865 εἰκονικῶς
1616 3803 1861 3872 καθήμε-

299 3901 392 3936 νον
410 3886 500 3937 ἐπὶ
533 3885 722 3957 θρόνου
746 3888 944 3958 χρυσοῦ
972 3889 1266 3956 ἀναδατοῦ,
1301 3892 1523 3948 δπισθεν
1555 3894 1610 3948 δὲ
1664 3895 1865 3964 ἐφνῐπ·

299 3994 429 4032 που.
460 3980 533 4032 Τδ
553 3980 848 4037 δικανίκιον
877 3985 1042 4039 αὐτοῦ
1094 3986 1230 4055 μετὰ
1266 3986 1355 4041 τὸν
1393 3989 1576 4041 δπάνω
1612 3989 1865 4042 κόνδυλον

303 4074 721 4141 κεχρυσωμένον
758 4075 908 4140 ὄντα,
967 4077 1043 4141 ὡς
1100 4080 1193 4132 καὶ
1238 4080 1295 4132 ἐν
1326 4082 1439 4143 τοῖς
1489 4080 1597 4134 τῶν
1629 4081 1861 4146 πάντων,

303 4162 747 4232 χρυσοκόκκινον,
778 4165 1285 4238 κεκαλλωπισμένον
1314 4169 1417 4234 ἓως
1449 4172 1617 4228 κάτωε

372 4341 683 4412 Σημείωσαι
709 4346 791 4398 ὅτι
839 4344 950 4398 ἀπὸ
980 4343 1072 4398 τοῦ
1098 4346 1331 4415 μεγάλου
1360 4345 1678 4417 δομεστίκου
1707 4350 1866 4419 μέχρι

302 4435 397 4484 καὶ
453 4432 547 4486 τοῦ
609 4435 774 4487 αὑτοῦ
816 4435 1052 4503 μεγάλου
1100 4437 1459 4506 δρουγγαρίου
1507 4438 1605 4507 τῆς
1670 4438 1861 4508 βιγλης
1892 4460 1939 4521 D

302 4521 502 4585 πάντες
534 4523 811 4595 ἄρχοντες,
835 4526 923 4578 ὅτε
956 4528 1054 4596 μὲν
1082 4526 1387 4598 βούλονται,
1425 4528 1677 4596 φοροῦσιν
1725 4532 1862 4584 x16-

300 4611 480 4680 ϐάδια,
533 4615 622 4667 ὅτε
668 4615 746 4680 δὲ,
795 4617 1114 4687 ὲπιλούρικα
1145 4633 1159 4648 °
1216 4618 1323 4671 ἀπὸ
1371 4620 1426 4672 δὲ
1460 4618 1551 4671 τοῦ
1577 4622 1738 4675 αὑτοῦ
1773 4625 1864 4676 καὶ

300 4704 453 4755 κάτω
484 4703 582 4771 οὐχ
609 4702 799 4767 οὕτως.
1763 4713 1769 4719 ’

372 4794 455 4846 Τὰ
480 4795 572 4846 τοῦ
606 4796 842 4863 μεγάλου
877 4796 1220 4868 ἐταιριάρχου
1254 4799 1531 4870 φορέματα
1563 4796 1651 4854 οἷα
1681 4802 1750 4855 τά
1770 4803 1860 4856 τοῦ

314 4884 546 4951 μεγάλου
574 4885 957 4958 δρουγγαρεου.
991 4889 1064 4941 Τὸ
1107 4891 1401 4944 δικανίκιον
1446 4891 1633 4958 αὑτοῦ,
1678 4892 1864 4965 ὥσπερ

314 4976 373 5026 τὸ
402 4974 493 5027 106
532 4977 768 5047 μεγάλου
823 4980 1181 5049 δρουγγαρίου
1232 4981 1672 5051 χρυσοκόκκινον,
1725 4982 1867 5037 οὕτω

314 5066 470 5119 τοῦτο
491 5071 885 5140 χρυσοηέρανον
905 5073 1295 5141 κεκλωσμένον.

380 5158 462 5211 Τά
480 5160 574 5212 τοῦ
606 5161 841 5228 μεγάλου
869 5164 1258 5235 χαρτουλαρίου
1291 5159 1379 5219 οἷα
1415 5166 1483 5221 τά
1511 5167 1603 5221 τοῦ
1635 5167 1865 5238 μεγάλου

310 5252 682 5320 ὲταιριάρχου,
724 5253 851 5305 ἄνευ
881 5253 937 5306 δὲ
957 5254 1278 5311 δικανικίου.

384 5344 459 5396 Τὸ
478 5341 574 5395 106
605 5342 888 5409 λογοθέτου
924 5343 1017 5397 106
1066 5345 1263 5414 δρόμου
1293 5348 1529 5402 σκιάδιον
1555 5346 1663 5403 οἷον
1688 5352 1747 5404 τὸ
1775 5351 1869 5405 τοῦ

316 5434 554 5503 μεγάλου
589 5434 1002 5503 χαρτουλαριου.
1049 5436 1361 5492 Φακεωλίδα
1407 5440 1463 5492 δὲ
1514 5444 1671 5511 φορεί
1716 5436 1872 5505 οὗτος

315 5526 803 5596 καὶ-ἐπιλούρικον,
826 5526 888 5577 οὐ
918 5529 1023 5595 μὴν
1060 5530 1404 5597 σκαράνικον.

391 5613 465 5667 Ἰὸ
493 5616 586 5667 τοῦ
625 5617 1112 5686 πρωτοασηκρῆτις
1170 5620 1406 5675 σκιάδιον
1452 5620 1684 5692 βλάτιον,
1730 5622 1868 5676 διδο-

316 5705 456 5770 λέον,
482 5705 766 5775 χρώματος
813 5705 963 5773 ὀξέος
1001 5708 1093 5760 καὶ
1139 5708 1353 5777 λευκοῦ,
1390 5712 1510 5782 ἔχον
1568 5716 1868 5796 μαργηὲλλια

525 5804 794 5861 Parnm.
823 5800 941 5861 Gn.
976 5799 1203 5862 CLVII.
1812 5810 1815 5815 ’

1954 548 2077 588 cum
2114 533 2424 605 insignibus
2480 531 2814 588 accubitoris
2865 528 3023 598 sigilli
3077 542 3172 583 seu
3225 527 3514 596 sigillileri.

1954 632 2185 692 excepto
2213 622 2356 691 quod
2390 622 2600 691 primus
2630 621 2873 676 calamus
2898 616 3077 672 baculi
3105 630 3187 671 es:
3208 632 3426 680 aureus,
3461 626 3518 670 ut

1950 723 2006 769 et
2035 714 2288 778 aliorum,
2326 721 2615 782 sequentes
2647 725 2778 766 vero
2814 710 2878 763 ad
2923 710 3080 762 linem
3108 722 3283 777 usque
3314 723 3378 762 ex
3420 724 3519 762 au-

1952 821 2045 861 reo
2069 816 2122 859 ct
2153 806 2275 859 albo
2306 805 2489 859 colore
2524 803 2669 857 nexi.

2021 897 2327 967 Logothetae
2354 896 2624 965 generalis
2655 895 2831 948 aerarii
2860 894 3033 963 pileus
3074 900 3156 947 est
3193 892 3349 946 albus
3379 904 3517 959 pan-

1951 1004 2050 1043 nus
2103 1003 2227 1042 cum
2287 988 2580 1057 margellis.
2636 986 2973 1041 Cabbadium
3007 1001 3070 1039 ex
3106 985 3173 1038 iis
3211 998 3332 1053 quae
3364 998 3517 1037 com-

1955 1080 2109 1135 muni
2144 1094 2297 1135 more
2322 1082 2522 1150 gestari
2548 1080 2723 1134 solent
2750 1078 2946 1148 pannis
2978 1078 3196 1133 sericis.
3250 1076 3513 1130 Scaranio

1951 1189 2072 1228 cum
2114 1175 2267 1227 aurei
2294 1181 2349 1226 et
2379 1172 2487 1226 albi
2512 1172 2713 1226 coloris
2749 1182 2849 1237 est,
2906 1186 3084 1241 panno
3118 1169 3294 1224 serico
3329 1166 3518 1222 ductili

1950 1279 2087 1318 auro
2129 1272 2277 1318 texto
2308 1244 2642 1323 conlectum,
2682 1263 2890 1317 habens
2922 1271 3046 1315 ante
3068 1269 3121 1315 et
3162 1268 3310 1315 retro
3348 1260 3519 1327 impe-

1918 1357 2149 1411 ‘ratoris
2179 1356 2467 1426 imaginem
2489 1372 2553 1409 ex
2583 1356 2799 1423 liquato
2820 1355 2885 1408 ad
2915 1354 3248 1433 pigmentum
3274 1351 3516 1412 metallo.

1952 1446 2262 1514 cujusmodi
2292 1446 2457 1501 etiam
2490 1454 2573 1500 est
2626 1446 2974 1500 scaranicum
3006 1444 3324 1512 primicerii.
3357 1442 3520 1497 Caret

1950 1538 2163 1593 baculo.
2664 1534 2671 1553 ‘

2022 1629 2482 1685 Protovestiaritae
2518 1628 2692 1699 pileus
2749 1641 2884 1681 auro
2933 1634 3112 1679 textus
3147 1633 3248 1677 est.
3308 1623 3520 1678 Cabba-

1952 1721 2103 1775 dium
2134 1730 2190 1777 et
2236 1721 2575 1775 scaranicum
2630 1720 2733 1788 21
2770 1719 2893 1787 ejus
2943 1726 3002 1771 ut
3031 1717 3320 1786 logOthetae
3350 1730 3520 1785 gene-

1953 1811 2317 1866 ralismrarii.
2376 1811 2562 1866 Baculi
2617 1812 2825 1880 primus
2853 1810 3103 1862 calamus
3150 1816 3236 1863 est
3290 1821 3515 1869 aureus,

1950 1912 2243 1973 sequentes
2266 1902 2548 1958 storeatim
2578 1901 2727 1975 plexi
2756 1900 2908 1955 aurei
2931 1907 2987 1954 et
3016 1897 3258 1953 coccinei
3289 1896 3510 1953 coloris.

2017 2077 2334 2133 Gestamina
2393 2075 2676 2132 domestici
2709 2090 2911 2132 mensa:
2962 2075 3092 2131 talia
3153 2084 3280 2131 sunt
3337 2073 3519 2144 qualia

1951 2168 2426 2240 protovestiaritar.
2469 2168 2633 2222 Caret
2658 2179 2834 2223 tamen
2867 2170 3085 2222 baculo.

2022 2258 2269 2314 Praefecti
2298 2273 2500 2313 mensae
2528 2259 2707 2327 qualia
2734 2258 3183 2328 protovestiaritae
3216 2265 3271 2312 et
3336 2256 3524 2311 dome-

1952 2351 2076 2406 stici
2111 2364 2335 2405 mensaa.
2408 2350 2592 2404 Baculi
2629 2350 2746 2419 ejus
2779 2349 2988 2418 primus
3020 2349 3262 2403 calamus
3320 2362 3522 2402 aureus

1954 2449 2059 2505 est,
2093 2441 2368 2497 secundus
2395 2442 2574 2511 niger,
2611 2450 2801 2511 postea
2830 2455 3052 2504 aureus,
3089 2440 3286 2493 iterum
3345 2439 3516 2507 niger,

1953 2539 2007 2585 et
2039 2530 2118 2585 sic
2151 2530 2428 2598 deinceps.

2027 2705 2205 2775 Magni
2239 2705 2450 2776 pappiae
2481 2705 2785 2774 gestamina
2839 2705 3038 2759 similia
3070 2713 3199 2759 sunt
3234 2706 3518 2761 domestici

1958 2812 2178 2853 mensae.
2210 2797 2274 2851 Et
2323 2807 2382 2851 ut
2435 2796 2661 2851 baculus
2716 2795 2983 2865 sigillil‘cri
3022 2796 3184 2849 habet
3247 2796 3517 2850 calamum

1957 2889 2108 2943 aurei
2154 2898 2208 2943 et
2241 2887 2346 2942 albi
2402 2888 2623 2949 coloris.
2665 2887 2746 2942 sic
2803 2886 3032 2941 baculus
3090 2888 3298 2956 pappia:
3359 2887 3521 2943 habet

1957 2980 2224 3034 calamum
2278 2994 2529 3043 aureum,
2571 2987 2625 3034 et
2664 2977 2933 3034 calamum
2977 2978 3130 3033 aurei
3174 2986 3228 3034 et
3275 2979 3520 3035 coccinei

1958 3072 2175 3126 coloris.

2030 3253 2262 3323 Eparchi
2316 3253 2502 3309 omnia
2535 3264 2661 3310 sunt
2686 3262 2745 3309 ut
2790 3256 2974 3326 magni
3020 3258 3260 3326 pappiae;
3293 3257 3387 3313 sed
3413 3273 3521 3314 non

1958 3353 2134 3412 gestat
2164 3344 2440 3399 baculum.

2036 3433 2215 3505 Magni
2253 3435 2534 3503 drungarii
2584 3436 2891 3506 vigiliarum
2952 3440 3273 3508 gestamina.
3328 3454 3526 3511 nempe

1962 3526 2137 3593 pileus
2185 3535 2239 3580 et
2270 3526 2616 3591 cabbadium,
2653 3528 2983 3583 conveniunt
3016 3544 3141 3583 cum
3198 3532 3521 3600 gestamini-

1922 3613 2064 3687 ,ιω
2123 3616 2363 3684 eparchi.
2404 3615 2686 3671 Scaranici
2747 3617 2919 3687 ipsius
2952 3633 3170 3687 pannus
3233 3635 3405 3674 aureo
3445 3621 3524 3675 ci-

1961 3704 2215 3775 trinoque
2268 3706 2449 3760 colore
2499 3708 2655 3773 nitet,
2706 3722 2873 3777 opere
2934 3708 3174 3779 Phrygio
3213 3720 3440 3765 ornatur
3473 3722 3527 3766 et

1962 3809 2094 3849 auro
2128 3796 2319 3851 ductili
2348 3814 2363 3850 :
2401 3798 2563 3852 habet
2594 3800 2870 3854 anteriore
2903 3798 3121 3868 quidem
3161 3811 3314 3869 parte
3348 3800 3521 3869 impe-

1963 3896 2196 3941 ratorem
2231 3887 2526 3958 eﬂigiatum
2561 3889 2839 3944 sedentem
2875 3892 2928 3943 in
2961 3892 3177 3944 sublimi
3209 3892 3399 3946 throno
3424 3908 3526 3946 au-

1963 3990 2079 4042 reo,
2115 3992 2255 4047 pone
2278 3993 2406 4034 vero
2444 3989 2779 4049 equestrem.
2840 3980 3074 4035 Baculus
3103 3980 3222 4049 ejus
3254 3992 3378 4050 post
3434 3997 3528 4037 su-

1964 4083 2208 4138 premum
2235 4070 2502 4124 calamum
2541 4070 2874 4133 inauratum,
2903 4072 3009 4142 22
3056 4080 3115 4126 ut
3141 4073 3373 4129 aliorum
3409 4091 3528 4131 om—

1966 4159 2137 4225 nium,
2185 4176 2352 4216 aureo
2379 4173 2432 4216 et
2462 4162 2719 4217 coccineo
2769 4163 2951 4219 colore
3003 4174 3237 4221 constat.
3297 4180 3527 4226 ornatus

1966 4267 2140 4322 usque
2172 4253 2239 4309 ad
2272 4253 2464 4309 imum.

2037 4344 2278 4401 Observa
2314 4360 2347 4401 a
2380 4361 2576 4416 magno
2603 4346 2905 4405 domestico
2958 4364 3130 4421 usque
3161 4349 3229 4405 ad
3269 4367 3526 4422 magnum

1964 4435 2317 4491 excubiarum
2347 4437 2706 4507 drungarium
2738 4453 2927 4495 Omnes
2975 4456 3251 4508 proceres,
3309 4448 3529 4511 quando

1967 4523 2173 4590 volunt,
2212 4525 2352 4579 ferre
2379 4525 2643 4581 cabbadia
2671 4544 2685 4593 ;
2718 4537 2769 4582 et
2790 4531 3002 4596 quando
3033 4530 3204 4597 lubet,
3235 4531 3379 4587 ferre
3419 4534 3533 4603 epi—

1965 4614 2156 4680 lorica,
2216 4615 2319 4670 hoc
2352 4627 2435 4672 est
2472 4620 2778 4687 superulas.
2832 4621 2914 4675 Ab
2952 4620 3057 4676 hoc
3111 4638 3242 4678 vero
3271 4623 3530 4678 deorsum

1966 4724 2160 4763 versus
2194 4725 2280 4764 res
2315 4711 2472 4765 aliter
2501 4727 2561 4767 se
2598 4713 2780 4768 habet.

2040 4803 2215 4873 Magni
2252 4804 2623 4861 hetaeriarcha:
2658 4807 2959 4875 gestamina
2992 4816 3123 4860 sunt
3175 4809 3355 4875 qualia
3413 4824 3531 4860 ma-

1967 4894 2060 4961 gni
2089 4894 2391 4965 drungarii.
2422 4896 2485 4953 Et
2514 4897 2973 4965 quemadmodum
3009 4896 3190 4964 magni
3244 4896 3526 4965 druugarii

1969 4983 2196 5038 baculus
2225 4993 2308 5039 est
2330 4985 2480 5038 aurei
2515 4994 2569 5038 et
2598 4983 2839 5039 coccinei
2866 4982 3087 5049 coloris,
3126 4983 3201 5037 ita
3233 4984 3397 5053 hujus
3446 4998 3532 5040 est

1970 5078 2119 5130 aurei
2153 5086 2207 5131 et
2241 5079 2383 5130 caesii
2411 5077 2617 5129 intorti.

2044 5169 2222 5237 Magni
2254 5168 2571 5222 chartularii
2598 5166 2898 5237 gestamina
2929 5166 3111 5237 qualia
3144 5167 3326 5235 magni
3367 5167 3532 5222 beta:-

1970 5262 2224 5314 riarrhaa.
2262 5257 2366 5311 Sed
2397 5240 2555 5312 caret,
2580 5260 2793 5314 baculo.

2044 5350 2355 5419 Logothetae
2386 5365 2581 5404 cursus
2615 5351 2787 5420 pileus
2821 5361 2906 5407 est
2935 5350 3113 5421 qualis
3142 5344 3323 5419 magni
3371 5349 3531 5405 char-

1971 5440 2190 5493 tularii:
2222 5440 2325 5494 fert
2358 5440 2455 5495 iste
2495 5439 2831 5508 pbaceolium
2869 5450 2924 5496 et
2974 5441 3314 5510 epiloricum,
3343 5451 3400 5495 at
3424 5457 3533 5496 non

1970 5532 2336 5586 scaranicum.
3062 5530 3069 5537 ”

2040 5623 2207 5679 Primi
2244 5627 2520 5681 secretarii
2571 5626 2741 5696 pileus
2788 5634 2962 5681 estex
3001 5642 3183 5697 panno
3216 5627 3415 5693 serico,
3441 5625 3534 5681 du-

1972 5716 2128 5786 plicis
2191 5718 2413 5786 coloris,
2445 5718 2673 5775 violacei
2708 5728 2761 5773 et
2816 5718 2921 5773 albi
2951 5737 2964 5783 ;
3018 5720 3220 5774 habens
3257 5720 3533 5787 margellia

3129 5812 3159 5851 ι)
