3992 6240
349 264 426 328 49
1337 282 1435 341 DE
1487 286 1815 348 OFFICIIS
1854 287 2328 353 CPOLITANIS.
2360 290 2522 353 CAP.
2565 295 2626 355 Υ.
2848 286 2853 291 ’
3526 297 3623 360 50

351 382 820 453 πρωτοστράτορα
850 384 1175 458 ἀποδημεῖν,
1208 393 1357 446 ποιεῖ
1399 396 1560 449 τοῦτο
1602 398 1698 452 ἀπ’
1746 397 1924 468 ἀρχῆς

2031 397 2191 451 linem
2225 412 2455 467 magnus
2487 398 2881 456 chartularius.
2921 400 2977 455 Si
3011 408 3067 457 et
3096 400 3213 472 ipse
3237 402 3401 467 absit,
3463 416 3595 462 tunc

352 472 521 542 μέχρι
565 474 756 536 τέλους
783 477 811 528 6
840 477 1017 545 μέγας
1053 483 1466 553 χαρτουλάριος.
1512 488 1639 540 Ἐὰν
1680 488 1739 542 δὲ
1769 484 1924 552 οὗτος

350 565 648 634 ἀποδημεῖ,
683 567 838 636 φέρει
886 568 978 621 τὸν
1004 570 1172 626 ἵππον
1201 575 1310 627 ἀπὸ
1341 575 1447 629 τῶν
1478 578 1923 649 καθευρεθέντων

348 659 635 729 ἀρχόντων
662 662 691 712 6
719 660 1095 730 ἐντιμότεροςῖ

423 750 517 802 Δεῖ
546 749 604 801 δὲ
634 749 928 816 γινώσκειν
956 755 1037 806 ὅτι
1062 753 1182 818 ἔθος
1212 757 1328 811 εστὶ
1365 761 1489 814 καθ’
1518 761 1758 833 ἑκάστην
1785 763 1926 818 ἑτοί-

348 858 490 911 μους
513 838 653 894 εἷναι
693 842 895 906 ἵππους
941 845 1102 909 ἑπτὰ,
1129 848 1179 900 οἵ
1206 849 1299 902 καὶ
1340 852 1632 907 καλοῦνται
1658 854 1923 923 στρώσια,

345 931 745 1001 ἐκδεχομένους
791 936 886 988 τὸν
920 936 1180 1006 βασιλέα,
1229 942 1657 999 καὸαλλικεῦσαι
1706 942 1818 1001 οἷον
1854 946 1926 1002 ἂν

346 1022 417 1074 ἐκ
445 1021 649 1076 τούτων
680 1023 951 1093 βούλοιτο.
989 1029 1050 1080 Oi
1087 1029 1145 1083 δὲ
1178 1031 1354 1085 λοιποὶ
1400 1034 1559 1089 ἵπποι
1600 1037 1926 1091 ἀκολουθοῦ-

348 1128 463 1175 σιν,
502 1114 552 1165 οἳ
598 1114 691 1168 καὶ
737 1116 1027 1171 καλοῦνται
1086 1123 1283 1192 συρτά.
1336 1124 1393 1179 '0
1429 1127 1614 1196 μέντοι
1663 1128 1925 1198 δηλωθεὶς

349 1206 537 1274 κόμης
582 1206 668 1259 ἐπ’
710 1208 892 1271 ἀδείας
939 1210 1076 1281 ἔχει,
1118 1208 1232 1268 οἷον
1273 1216 1340 1271 ἂν
1368 1218 1431 1271 ἐκ
1476 1220 1588 1273 τῶν
1627 1221 1924 1291 βασιλικῶν

350 1292 544 1346 ἵππων
570 1296 834 1362 βούλοιτο,
851 1300 1269 1358 κασαλλικεῦειν
1296 1307 1379 1369 είς
1409 1308 1469 1360 τδ
1498 1310 1925 1381 καόαλλαρίκιον

343 1385 446 1437 τοῦ
483 1386 769 1455 βασιλέως,
811 1390 965 1458 ἄγειν
990 1406 1053 1447 τε
1085 1394 1182 1448 καλ⁵
1215 1400 1404 1468 φέρειν
1451 1401 1510 1453 ὲν
1553 1405 1618 1472 τῇ
1663 1404 1798 1475 αὐλῇ
1832 1407 1927 1459 καὶ

346 1474 572 1536 ἐθίζειν,
608 1478 863 1542 πεζεύειν
913 1482 980 1537 αὖ
1031 1487 1113 1549 είς
1162 1488 1224 1542 τὸ
1274 1490 1725 1564 κασαλλαρίκιον,
1775 1474 1926 1562 ἐντὸς

352 1565 561 1656 μέντοι,
593 1568 670 1631 ὡς
706 1571 944 1642 εἴρηται,
990 1576 1090 1646 τῆς
1136 1578 1309 1647 αὐλῆς
1353 1583 1512 1646 μόνον
1538 1598 1551 1614 ·
1605 1586 1833 1656 ἐκϐῆναι
1867 1589 1925 1642 δὲ

349 1655 556 1727 ταύτης
596 1660 885 1735 ίππότηςῆ
918 1666 1179 1722 εἰσελθεῖν
1214 1670 1330 1724 οὗθ’
1358 1666 1512 1736 οὗτος
1540 1676 1663 1729 οὔτε
1696 1655 1778 1741 τις
1807 1680 1926 1733 ἕτε-

2025 488 2224 557 aliquis
2255 504 2319 542 ex
2382 489 2848 558 ltonoratioribus,
2905 492 2998 563 qui
3039 507 3332 562 praesentes
3361 506 3489 552 sunt
3529 513 3595 552 ex

2022 581 2357 649 proceribus,
2372 596 2568 652 equum
2589 582 2756 639 ducit.

2095 756 2506 814 Observandum
2535 769 2618 816 est
2643 761 2813 816 moris
2842 774 2962 817 esse
3012 771 3071 816 ut
3111 762 3356 832 quotidie
3409 766 3593 833 parati

2026 847 2138 903 sint
2165 860 2371 920 septem
2403 853 2722 922 equi,quos
2784 862 2987 927 stratos
3044 866 3261 917 vocant,
3316 857 3595 924 excepturi

2028 938 2435 1007 imperatorem,
2500 950 2560 995 ut
2625 957 3011 1012 quemcunque
3086 959 3154 997 ex
3203 943 3315 997 illis
3368 943 3599 997 voluerit

2025 1031 2253 1099 equitet.
2288 1028 2505 1100 Reliqui
2529 1032 2656 1101 equi
2693 1044 3018 1100 sequuntur,
3071 1048 3209 1103 quos
3232 1032 3596 1087 manuductos

2029 1121 2329 1189 appellant.
2387 1121 2716 1177 Memoratus
2808 1124 2973 1193 igitur
3024 1139 3211 1180 comes
3266 1132 3593 1193 potestatem

2028 1212 2191 1267 habet
2222 1214 2506 1283 equitandi
2533 1229 2915 1285 quemcunque
2935 1230 3001 1270 ex
3034 1215 3407 1285 imperatoriis
3437 1216 3596 1284 equis

2027 1300 2256 1357 voluerit
2286 1304 2341 1358 in
2366 1304 2547 1373 equile
2574 1305 2937 1374 imperatoris,
2976 1308 3101 1361 item
3132 1307 3414 1371 domandi,
3439 1322 3598 1361 exer-

2028 1396 2187 1452 cendi
2215 1404 2268 1452 et
2293 1398 2613 1452 instituendi
2645 1399 2697 1451 in
2723 1398 2844 1453 aula
2877 1407 2933 1452 et
2962 1414 3025 1452 ex
3056 1412 3201 1467 equo
3224 1398 3511 1451 desiliendi
3541 1397 3594 1449 in

2029 1488 2347 1544 catadromo
2384 1504 2401 1543 :
2443 1498 2708 1550 attamen.
2734 1496 2795 1541 ut
2824 1488 2933 1557 3o
2969 1487 3172 1541 dictum
3227 1496 3333 1544 est.
3392 1488 3599 1540 solum-

2029 1579 2195 1636 modo
2229 1581 2368 1635 intra
2396 1580 2610 1645 aulam;
2642 1594 2709 1634 ex
2741 1580 2847 1634 hac
2868 1594 2998 1634 vero
3050 1578 3292 1647 equitem
3316 1578 3465 1633 exire
3514 1578 3597 1632 vel

2012 1672 2255 1727 introire
2282 1686 2457 1740 neque
2483 1672 2611 1726 huic
2633 1686 2812 1741 neque
2864 1671 3029 1747 alteri
3078 1669 3318 1738 cuipiam
3369 1683 3598 1723 conces-

348 1762 470 1815 po;.
496 1748 559 1800 El
586 1748 642 1801 δὲ
671 1751 840 1824 δεήσῃ
880 1754 1154 1823 ἄρχοντάς
1205 1775 1360 1823 τινας
1398 1762 1827 1819 καὸαλλικεῦσαι
1860 1768 1919 1821 ὲν

2031 1779 2147 1821 sum
2206 1772 2309 1821 est.
2385 1763 2480 1818 Sin
2536 1773 2715 1819 autem
2770 1772 3023 1834 oporteat
3079 1774 3335 1831 proceres
3382 1760 3598 1828 aliquos

344 1838 417 1907 τῇ
462 1837 621 1908 αὐλῇ,
656 1842 794 1912 πεζῇ
829 1844 928 1914 μὲν
950 1846 1316 1918 εἰσέρχονται,
1351 1845 1472 1904 εἶτα
1502 1853 1924 1909 καϐαλλικεύου-

350 1942 461 1985 σιν.
497 1930 669 1986 Πάλιν
718 1930 798 1986 δι
830 1936 910 1999 είς
959 1937 1057 2006 τὴν
1099 1938 1329 2012 ἐκϐολὴν
1376 1943 1554 1998 αὐτῶν
1596 1946 1922 2013 πεζεύοντες

346 2019 666 2092 ἐξέρχονται
691 2026 852 2094 πεζῇ.
894 2029 1047 2099 Ἔχει
1081 2048 1139 2085 τε
1173 2033 1358 2088 ἄδειαν
1383 2037 1412 2089 6
1440 2037 1616 2108 κόμης
1649 2037 1921 2109 βασιλέως

346 2114 619 2185 παρόντος
655 2119 937 2188 βασιλικὸν
984 2123 1411 2182 καδαλλικεύειν
1454 2129 1676 2199 συρτδν,
1708 2126 1822 2186 οἷον
1854 2132 1922 2188 ἂν

351 2209 594 2278 βούλοιτο
615 2229 631 2246 ·
664 2214 899 2278 ἀπόντος
928 2217 975 2271 δ’
1021 2220 1118 2289 οὐχ
1148 2220 1344 2286 οὕτως.
1382 2224 1546 2279 ’Δλλά
1581 2226 1923 2297 σαγίσματος

347 2303 459 2356 τῶν
502 2304 596 2357 τοῦ
638 2306 807 2361 ἵππου
854 2312 1201 2365 σκαπουλίων
1235 2314 1587 2385 επικειμένου
1622 2319 1783 2389 μέχρι
1828 2319 1923 2372 καὶ

348 2398 451 2464 τῆς
477 2399 737 2467 ἡμισείας
792 2402 1084 2467 σκέποντκ
1115 2405 1297 2472 σέλας,
1330 2406 1474 2461 οὕτω
1517 2408 1922 2476 κασαλλικεύει,

350 2486 726 2557 ἀπερχόμενος
758 2490 995 2562 ἀλλαχοῦ
1024 2493 1127 2563 μὲν
1161 2495 1436 2568 οὐδαμῶς,
1468 2497 1573 2563 ἕως
1602 2499 1660 2554 δι
1701 2500 1796 2553 καὶ
1827 2500 1924 2571 μό-

351 2594 448 2632 νον
475 2581 569 2634 τοῦ
601 2588 999 2656 στρατορικίου.

434 2760 598 2825 Ἐθος
624 2762 679 2816 δέ
726 2781 777 2819 τι
823 2768 917 2820 καὶ
947 2768 1107 2843 τοῦτο
1152 2772 1275 2826 κατ’
1305 2772 1426 2837 ἔτος
1479 2776 1654 2839 ἐστὶν.
1684 2778 1744 2829 τὸ
1780 2780 1923 2833 κατὰ

349 2852 450 2906 τὸν
478 2854 570 2907 τοῦ
601 2857 840 2925 μεγάλου
873 2860 1067 2932 Πάσχα
1099 2866 1286 2935 καιρὸν
1311 2868 1562 2935 γίνεσθαι
1589 2870 1782 2933 σὲλλας
1818 2870 1919 2940 βα-

352 2945 571 3009 σιλικὰς
620 2951 716 3004 καὶ
782 2952 1034 3022 χαλινοὺς
1083 2959 1177 3010 καὶ
1238 2959 1426 3014 ἐπάνω
1485 2964 1686 3017 σκέπια
1742 2964 1920 3018 πάντα

348 3038 537 3098 καινά.
569 3040 664 3093 καὶ
690 3043 759 3095 τὰ
786 3043 995 3097 παλαιά
1027 3045 1325 3114 λαμϐάνειν
1352 3050 1530 3104 πάντα
1558 3050 1649 3103 τὸν
1680 3051 1918 3123 κόμητα,

346 3128 472 3197 ἦτοι
498 3130 595 3190 τὰς
625 3133 817 3196 σέλλας
841 3138 977 3204 μετὰ
997 3138 1106 3191 τῶν
1134 3141 1469 3209 κομπωσίων
1498 3143 1592 3195 καὶ
1615 3144 1741 3206 τοὺς
1769 3145 1923 3213 χαλι-

345 3223 477 3283 νοὺς
507 3223 647 3277 οὕτω
678 3225 819 3293 μετά
846 3227 953 3279 τῶν
983 3228 1217 3296 τουφῶν.

439 3310 505 3363 Ἡ
535 3312 593 3365 δὲ
622 3313 732 3365 τῶν
769 3314 1081 3383 λεγομένων
1141 3321 1353 3391 συρτῶν
1399 3322 1698 3392 βασιλικῶν
1739 3324 1925 3378 ἵππων

351 3400 734 3474 ἀκολούθησις,
759 3407 994 3476 ὁπηνίκα
1024 3410 1392 3483 κασαλλικεύῃ
1415 3416 1444 3467 6
1465 3414 1742 3484 βασιλεὺς,
1771 3416 1926 3484 λέγε-

348 3510 447 3546 ται
473 3496 724 3563 γενέσθαι
747 3497 808 3563 ἐξ
826 3499 1008 3562 αίτίας
1028 3503 1267 3561 τοιᾶσδε.
1288 3505 1391 3558 Τὸν
1414 3506 1642 3576 βασιλέα
1665 3508 1925 3577 Θεόφιλόν

350 3601 488 3651 φασι
519 3587 772 3653 γενέσθαι
805 3589 1161 3657 φιλοδίκαιον.
1202 3594 1465 3666 Ἱππότην
1499 3593 1591 3651 οὖν
1620 3582 1924 3669 φερόμενόν

348 3690 509 3762 ποτε,
537 3676 847 3749 ὑπαντῆσαί
889 3696 1025 3753 φησι
1069 3686 1328 3750 γυναῖκα,
1362 3688 1669 3757 κράζουσαν
1720 3690 1924 3762 ἑαυτῆς

348 3760 497 3819 εἶναι
523 3770 615 3820 τὸν
649 3770 813 3823 ἵππον
846 3765 890 3839 ᾧ
924 3775 1201 3843 ἐποχεῖται
1233 3778 1261 3829 6
1293 3778 1572 3846 βασιλεὺς.
1607 3780 1716 3836 Teii
1742 3760 1923 3838 τοιοό-

347 3875 449 3911 του
508 3859 688 3912 τοίνυν
738 3861 1122 3929 ὲξετασθέντος
1190 3868 1482 3938 εὑρεθῆναι
1547 3872 1924 3943 ἀληθεύουσαν

350 3950 458 4015 τῇν
486 3954 722 4018 γυναῖκα
748 3967 762 3983 ⁸
799 3951 936 4008 εἷναι
974 3956 1073 4026 μὲν
1121 3959 1229 4027 γὰρ
1273 3958 1367 4013 τὸν
1401 3960 1565 4014 ἵππον
1613 3962 1799 4032 αὐτῆς,
1833 3966 1925 4021 τὸν

352 4041 415 4092 δὲ
456 4041 693 4113 ἔπαρχον
736 4045 1068 4116 ἀφελόμενον
1111 4048 1302 4118 δῶρον,
1348 4050 1423 4115 ὡς
1482 4052 1680 4107 ἑαυτοῦ
1734 4055 1924 4110 τοῦτον

352 4134 506 4197 ὄντα,
538 4141 923 4206 προσενεγκεῖν
949 4141 1026 4209 τῷ
1050 4140 1281 4206 βασιλεῖ.
1320 4143 1525 4198 Τούτου
1553 4147 1734 4202 τοίνυν
1762 4148 1923 4220 δήλου

351 4228 645 4295 γεγονότος
692 4231 784 4284 τὸν
837 4232 936 4301 μὲν
983 4232 1211 4302 βασιλέα
1252 4234 1434 4301 εὐθὺς,
1463 4238 1539 4302 ὡς
1592 4238 1725 4311 εἷχε,
1760 4260 1928 4298 κατα·-

354 4318 523 4385 6ῆναι
568 4319 663 4373 τοῦ
696 4321 886 4388 ἵππου,
922 4327 1017 4377 καὶ
1046 4323 1233 4378 δοῦναι
1265 4326 1453 4381 τοῦτον
1486 4333 1551 4400 τῇ
1584 4333 1919 4407 κεκτημένῃ.

2024 1854 2273 1926 equitare
2298 1855 2352 1908 in
2410 1854 2557 1918 aula,
2618 1852 2828 1923 pedites
2905 1851 3307 1921 ingrediuntur,
3401 1846 3597 1903 deinde

2014 1944 2285 2014 equitant.
2312 1943 2539 2001 Rursus,
2565 1956 2689 1997 cum
2722 1941 3038 2019 abeundum
3090 1949 3199 2004 est,
3256 1938 3598 1996 descendunt

2014 2045 2082 2087 ex
2111 2047 2276 2103 equo,
2306 2039 2360 2088 et
2381 2031 2736 2101 egrediuntur
2763 2033 2993 2104 pedites.
3034 2030 3209 2086 liabet
3258 2044 3445 2086 comes
3500 2042 3596 2098 po-

2024 2131 2274 2179 testatem
2307 2131 2575 2193 prasente
2606 2125 2940 2193 imperatore
2974 2122 3250 2193 equitandi
3287 2136 3597 2192 quemcun-

2018 2229 2124 2285 qne
2156 2213 2766 2284 volueritimperatoris
2803 2228 3006 2281 equum
3041 2227 3107 2266 ex
3131 2211 3215 2267 his
3237 2211 3332 2281 qui
3380 2212 3595 2265 ducun-

2020 2315 2110 2362 tur
2145 2320 2332 2360 manu.
2379 2305 2619 2360 Absente
2655 2304 2983 2372 imperatore
3023 2320 3132 2360 non
3164 2304 3317 2359 item.
3377 2301 3484 2357 Sed
3517 2310 3597 2356 te-

2018 2405 2278 2467 gumento
2307 2397 2434 2467 equi
2468 2396 2714 2465 scapulis
2747 2396 3102 2451 incumbente
3128 2404 3182 2449 et
3209 2393 3449 2448 mediam
3490 2393 3596 2447 sel-

2019 2490 2127 2545 lam
2162 2489 2443 2559 operiente
2468 2488 2713 2557 equitat;
2756 2502 2937 2557 neque
2972 2501 3246 2557 quoquam
3289 2485 3599 2572 secconfert

2023 2580 2127 2636 nisi
2156 2583 2223 2635 ad
2249 2582 2428 2636 locum
2463 2580 2556 2635 nbi
2606 2588 2813 2635 strator
2856 2579 3246 2649 imperatorem
3290 2579 3352 2631 in
3391 2592 3593 2643 equum

2027 2672 2305 2728 sublevat.

2094 2762 2506 2819 Consuetudine
2529 2770 2806 2831 receptum
2836 2770 2919 2816 est
2959 2769 3019 2815 ut
3070 2758 3375 2831 quotannis
3444 2756 3597 2811 circa

2028 2871 2283 2923 magnum
2335 2856 2542 2926 pascha
2595 2862 2927 2909 renoventur
2990 2866 3179 2909 omnes
3233 2848 3588 2921 imperatoris

2022 2950 2193 3011 sellae,
2217 2947 2355 3003 freni
2376 2956 2431 3002 et
2450 2947 2634 3002 omnia
2661 2947 2769 3001 alia
2800 2945 3060 3017 tegmina,
3086 2944 3378 3013 omniaque
3406 2949 3588 2995 vetera

2020 3038 2256 3107 accipiat
2304 3053 2510 3104 comes,
2575 3037 2740 3091 sellas
2795 3037 3058 3089 nimirum
3118 3049 3246 3089 cum
3332 3031 3591 3101 apicibus

2028 3131 2320 3187 muscariis
2350 3139 2405 3186 et
2435 3131 2589 3185 frena
2619 3128 2785 3184 simul
2809 3144 2940 3184 cum
2967 3128 3202 3197 phaleris
3226 3142 3288 3181 ac
3318 3125 3523 3182 iloceis.

2097 3308 2368 3365 Caeterum
2405 3311 2700 3365 comitatus
2726 3322 2994 3379 equorum
3019 3309 3111 3373 qni
3156 3322 3320 3361 manu
3373 3305 3587 3359 ducun-

2028 3409 2138 3467 tur,
2170 3402 2390 3471 quando
2423 3401 2718 3472 imperator
2745 3400 2975 3470 equitat.
3031 3398 3122 3453 tali
3183 3413 3247 3452 ex
3305 3395 3595 3451 occasione

2026 3493 2301 3548 exstitisse
2329 3492 2520 3547 fertur.
2553 3491 2719 3545 Fama
2761 3502 2845 3547 est
2891 3490 3280 3561 imperatorem
3315 3487 3596 3557 Theophi-

2030 3585 2138 3639 lum
2177 3584 2344 3640 fuisse
2369 3584 2595 3652 iustitiae
2621 3592 2920 3637 amantem.
2948 3583 3081 3637 Cum
3128 3582 3295 3652 igitur
3357 3578 3595 3649 quodam

2028 3687 2269 3748 tempore
2302 3692 2440 3747 equo
2463 3676 2743 3742 insideret,
2782 3675 3090 3730 occurrisse
3117 3674 3271 3727 aiunt
3302 3670 3594 3741 quamdam

2028 3769 2431 3835 mulierculam,
2469 3777 2524 3823 et
2548 3768 2819 3823 clamasse
2845 3782 3047 3837 equum
3092 3766 3269 3827 illum,
3297 3778 3405 3831 quo
3435 3764 3591 3814 velte.

2028 3867 2189 3921 batur
2222 3866 2538 3933 imperator,
2596 3879 2758 3919 suum
2828 3878 2972 3917 esse.
3027 3858 3391 3928 inquisitione
3460 3854 3597 3907 facta

2028 3956 2307 4026 cognitum
2337 3969 2456 4009 esse
2492 3953 2773 4007 mulierem
2811 3966 2933 4005 vera
2965 3949 3173 4011 dicere,
3205 3962 3402 4016 equum
3448 3946 3595 3998 enim

2029 4048 2201 4115 ipsius
2217 4061 2357 4110 esse,
2388 4045 2686 4114 eparcltum
2714 4050 2899 4097 autem
2938 4042 2990 4097 vi
3033 4040 3281 4109 rapuisse
3312 4039 3415 4108 31
3448 4049 3501 4091 et
3528 4047 3587 4090 ut

2028 4151 2210 4200 suum,
2240 4136 2555 4204 imperatori
2581 4148 2781 4189 munus
2836 4132 3122 4187 obtulisse.
3178 4132 3592 4199 Imperatorem,-

2028 4246 2152 4286 cum
2178 4232 2292 4286 haec
2327 4230 2709 4300 comperisset,
2773 4228 2955 4284 statim
3012 4227 3069 4281 in
3104 4225 3334 4295 vestigio
3371 4226 3599 4280 descen-

2028 4322 2177 4378 disse
2198 4324 2266 4376 de
2296 4337 2461 4392 equo,
2490 4337 2729 4393 eumque
2763 4321 2981 4377 dedisse
3001 4321 3051 4375 ei
3085 4319 3241 4390 cuius
3265 4330 3407 4374 erat.
3454 4319 3591 4373 Cum

364 4409 525 4464 Ἐπεὶ
552 4411 595 4465 δ’
627 4413 723 4465 οὐκ
751 4408 889 4485 ἦσαν
937 4416 1057 4468 τότε
1091 4417 1249 4495 ἵπποι
1298 4418 1571 4487 βασιλικοὶ
1602 4425 1918 4495 συρόμενοι,

2031 4424 2210 4469 autem
2244 4424 2371 4468 tunc
2395 4428 2528 4469 usus
2558 4428 2823 4484 equorum
2873 4414 2967 4483 qui
3032 4428 3193 4467 manu
3256 4412 3600 4466 ducerentur

352 4504 576 4570 ἐγένετο
607 4504 663 4557 δὲ
711 4505 739 4556 6
784 4504 1037 4575 βασιλεὺς
1067 4508 1122 4561 ὲν
1151 4490 1313 4579 χρείᾳ
1348 4509 1517 4564 ἵππου
1568 4490 1924 4570 καὶνὲκαὸαλέ-

352 4594 606 4647 λίκευσεν
635 4596 801 4649 ἵππον
847 4596 939 4649 τὸν
988 4599 1235 4668 τυχόντα,
1267 4601 1469 4671 ἐτάχθη
1500 4605 1533 4674 ὴ
1567 4604 1676 4658 τῶν
1711 4608 1924 4673 συρτῶν

352 4684 733 4754 ἀκολούθησις,
772 4686 847 4750 ὠς
877 4687 966 4752 ἂν,
997 4688 1051 4741 εί
1076 4706 1129 4743 τι
1154 4691 1505 4761 συμϐεὕηκὸς
1531 4695 1708 4765 τύχοι,
1731 4695 1922 4768 εἵησαν

355 4777 565 4845 ἕτοιμοι
596 4779 752 4831 ἵπποι
783 4777 1059 4848 βασιλικοὶ
1091 4781 1228 4848 πρὸς
1274 4784 1336 4835 τὸ
1367 4783 1794 4852 ἀφιππάσασθαι
1833 4786 1924 4840 τὸν

363 4865 603 4936 βασιλέα.

444 5049 507 5103 Ἦ
542 5053 725 5121 μέντοι
756 5054 939 5122 σπάθη
973 5053 1066 5108 τοῦ
1099 5056 1361 5126 βασιλέως
1389 5059 1476 5112 ἀεὶ
1507 5057 1588 5121 είς
1621 5057 1683 5111 τδ
1726 5061 1927 5131 ρουχα⁸

363 5144 509 5213 ρεῖον
535 5144 865 5213 εὑρίσκεται,
892 5146 961 5199 τὰ
1007 5147 1065 5201 δὲ
1116 5148 1437 5219 ὑποδήματα
1472 5150 1554 5212 είς
1604 5150 1666 5203 τὸ
1707 5149 1929 5220 βεστιάο

362 5249 496 5303 ριον.
533 5234 688 5288 Ἐστι
737 5234 793 5288 δὲ
851 5236 949 5290 καὶ
1002 5237 1190 5307 ἕτερον
1241 5234 1381 5301 εἶδος
1439 5239 1837 5309 ὑποδημάτων,
1892 5241 1929 5297 ἃ

362 5325 650 5380 καλοῦνται
700 5326 957 5395 τζαγγία,
994 5329 1186 5399 ἔχοντα
1228 5330 1291 5382 ἐκ
1337 5330 1586 5399 πλαγίων
1642 5333 1785 5387 κατὰ
1830 5333 1930 5397 τὰς

362 5419 576 5487 κνήμας
622 5419 718 5472 καὶ
758 5421 849 5473 ἐπὶ
874 5422 983 5474 τῶν
1020 5422 1239 5492 ταρσῶν
1287 5421 1479 5485 ἀετοὺς
1524 5423 1612 5476 διὰ
1644 5423 1810 5477 λίθων
1838 5426 1933 5479 καὶ

368 5510 694 5579 μαργάρων,
724 5510 883 5564 ἅτινα
916 5514 1009 5565 καὶ
1040 5514 1199 5584 φορεῖ
1239 5513 1268 5566 6
1320 5514 1573 5584 βασιλεὺς
1599 5514 1679 5578 εἵς
1706 5533 1766 5569 τε
1800 5517 1931 5577 τοὺς

362 5602 702 5671 περιπάτους
732 5605 826 5658 καὶ
859 5604 956 5668 τὰς
987 5605 1315 5675 προκύψεις.
1353 5607 1464 5660 Καὶ
1491 5606 1520 5658 6
1551 5608 1728 5661 ταῦτα
1760 5608 1933 5663 ποιῶν

363 5693 426 5746 οὐ
458 5692 813 5767 τξαγγάριος,
840 5695 915 5761 ὡς
949 5697 997 5750 οἱ
1034 5697 1234 5769 ἕτεροι,
1268 5697 1405 5752 ἀλλὰ
1454 5696 1698 5768 τζαγγάς
1734 5700 1934 5771 ὀνομά-

2027 4504 2270 4559 nondum
2303 4504 2650 4560 introductus
2683 4513 2852 4570 esset,
2889 4514 2943 4559 et
2973 4504 3270 4574 imperator
3304 4518 3448 4572 equo
3508 4503 3597 4555 in-

2027 4596 2222 4665 digens
2255 4595 2476 4649 obvium
2510 4596 2810 4665 equitasset
2831 4610 3056 4666 equum,
3089 4596 3372 4649 decretum
3428 4592 3598 4646 fuisse

2028 4694 2089 4739 ut
2121 4700 2245 4739 eum
2270 4686 2666 4741 comitarentur
2713 4688 2843 4758 equi
2866 4688 3178 4743 sessoribus
3231 4687 3414 4745 vacui,
3454 4694 3510 4737 ut
3548 4685 3593 4738 si

2028 4779 2154 4849 quis
2185 4794 2348 4834 casus
2378 4782 2689 4843 exsisteret,
2722 4781 2896 4849 parati
2931 4786 3284 4848 suppeterent
3309 4778 3457 4843 equi-
3497 4778 3598 4829 im-

2029 4871 2310 4940 peratorii,
2343 4874 2434 4941 qui
2463 4873 2843 4941 imperatorem
2873 4877 3362 4938 equosmutautem
3384 4869 3601 4937 excipe-

2030 4972 2169 5019 rent.

2110 5055 2311 5126 Spatlia
2346 5071 2440 5111 seu
2463 5054 2984 5123 ensisimperatoris
3018 5069 3232 5125 semper
3260 5064 3345 5111 est
3394 5055 3448 5109 in
3508 5073 3608 5111 ru-

2032 5149 2242 5211 chariu,
2266 5145 2432 5199 calcei
2452 5159 2580 5198 vero
2607 5144 2661 5197 in
2686 5144 2964 5200 vestiario.
2996 5147 3089 5200 Est
3114 5154 3167 5200 et
3226 5146 3334 5200 alia
3376 5148 3592 5215 species

2033 5241 2363 5300 calceorum,
2413 5236 2504 5305 qui
2536 5235 2890 5291 nominantur
2933 5239 3169 5305 tzangia.
3220 5236 3605 5308 lnsigniuntur

2037 5348 2064 5383 a
2097 5330 2359 5385 lateribus
2390 5329 2692 5383 secundum
2713 5329 2875 5385 tibias
2899 5339 2954 5385 et
2980 5332 3036 5384 in
3063 5329 3359 5394 calcaneis,
3399 5331 3603 5401 aquilis

2034 5441 2101 5479 ex
2125 5423 2319 5493 lapillis
2355 5432 2408 5477 et
2437 5422 2769 5493 margaritis,
2809 5438 2949 5492 quos
2995 5423 3157 5477 etiam
3195 5422 3375 5477 induit
3432 5425 3604 5493 impe-

2036 5531 2183 5573 rator
2211 5517 2275 5571 ad
2303 5516 2684 5586 processiones
2715 5524 2771 5570 et
2799 5515 3216 5571 ostentationes.
3258 5515 3323 5570 Et
3348 5516 3441 5586 qui
3503 5518 3603 5569 ltus

2036 5611 2247 5667 calceos
2299 5609 2450 5675 facit,
2497 5624 2603 5663 non
2642 5607 2947 5677 tzangarius
2991 5609 3106 5663 sive
3154 5617 3345 5673 sutor,
3383 5606 3443 5662 ﬁt
3501 5621 3605 5662 cat-

2040 5703 2161 5769 teri,
2206 5702 2298 5757 sed
2344 5709 2566 5772 tzangas
2616 5697 3401 5770 appellatur.Quandocunque
3442 5697 3604 5771 igitur
