  <div class='ocr_page' id='page_1' title='image "/cluster/home/n/w/nwhite01/storage/ocr_20150623/157/hvd.32044073502668/031.png"; bbox 0 0 3992 6240; ppageno 0'>
   <div class='ocr_carea' id='block_1_1' title="bbox 418 285 3666 366">
    <p class='ocr_par' dir='ltr' id='par_1_1' title="bbox 418 285 3666 366">
     <span class='ocr_line' id='line_1_1' title="bbox 418 285 3666 366; baseline 0.006 -20"><span class='ocrx_word' id='word_1_1' title='bbox 418 286 480 347; x_wconf 75' lang='grc'><strong>51</strong></span> <span class='ocrx_word' id='word_1_2' title='bbox 1633 285 1896 346; x_wconf 86' lang='lat' dir='ltr'><strong>CODlNI</strong></span> <span class='ocrx_word' id='word_1_3' title='bbox 1966 290 2259 352; x_wconf 84' lang='lat' dir='ltr'><strong>CUROPA</strong></span> <span class='ocrx_word' id='word_1_4' title='bbox 2271 296 2485 354; x_wconf 61' lang='grc' dir='ltr'><strong>ιΑΤλΕ</strong></span> <span class='ocrx_word' id='word_1_5' title='bbox 3593 300 3666 366; x_wconf 73' lang='lat'><strong>52</strong></span> 
     </span>
    </p>
   </div>
   <div class='ocr_carea' id='block_1_2' title="bbox 412 391 1974 478">
    <p class='ocr_par' dir='ltr' id='par_1_2' title="bbox 412 391 1974 464">
     <span class='ocr_line' id='line_1_2' title="bbox 412 391 1974 464; baseline 0.004 -16"><span class='ocrx_word' id='word_1_6' title='bbox 412 397 796 463; x_wconf 77' lang='lat' dir='ltr'><strong>imperatorem</strong></span> <span class='ocrx_word' id='word_1_7' title='bbox 815 391 1060 461; x_wconf 86' lang='lat' dir='ltr'><strong>equitare</strong></span> <span class='ocrx_word' id='word_1_8' title='bbox 1085 403 1318 462; x_wconf 85' lang='lat' dir='ltr'><strong>oportet,</strong></span> <span class='ocrx_word' id='word_1_9' title='bbox 1339 393 1464 449; x_wconf 86' lang='lat' dir='ltr'><strong>calc-</strong></span> <span class='ocrx_word' id='word_1_10' title='bbox 1489 407 1549 448; x_wconf 89' lang='lat' dir='ltr'><strong>os</strong></span> <span class='ocrx_word' id='word_1_11' title='bbox 1570 395 1746 449; x_wconf 77' lang='lat' dir='ltr'><strong>adfert</strong></span> <span class='ocrx_word' id='word_1_12' title='bbox 1769 412 1897 464; x_wconf 89' lang='lat' dir='ltr'><strong>puer</strong></span> <span class='ocrx_word' id='word_1_13' title='bbox 1920 415 1974 454; x_wconf 71' lang='lat' dir='ltr'><strong>ei</strong></span> 
     </span>
    </p>
   </div>
   <div class='ocr_carea' id='block_1_3' title="bbox 2085 391 3665 478">
    <p class='ocr_par' dir='ltr' id='par_1_3' title="bbox 2092 403 3665 478">
     <span class='ocr_line' id='line_1_3' title="bbox 2092 403 3665 478; baseline 0.006 -23"><span class='ocrx_word' id='word_1_14' title='bbox 2092 403 2263 467; x_wconf 80' lang='grc' dir='ltr'>ζεται.</span> <span class='ocrx_word' id='word_1_15' title='bbox 2311 406 2578 476; x_wconf 83' lang='grc' dir='ltr'>Ὀπηνίκα</span> <span class='ocrx_word' id='word_1_16' title='bbox 2626 407 2754 473; x_wconf 88' lang='grc' dir='ltr'>γοῦν</span> <span class='ocrx_word' id='word_1_17' title='bbox 2797 408 2981 478; x_wconf 83' lang='grc' dir='ltr'>δεήσει</span> <span class='ocrx_word' id='word_1_18' title='bbox 3009 408 3098 462; x_wconf 77' lang='grc' dir='ltr'>τὸν</span> <span class='ocrx_word' id='word_1_19' title='bbox 3133 409 3356 478; x_wconf 81' lang='grc' dir='ltr'>βασιλέα</span> <span class='ocrx_word' id='word_1_20' title='bbox 3405 410 3665 464; x_wconf 81' lang='grc' dir='ltr'>καϐαλλι-</span> 
     </span>
    </p>
   </div>
   <div class='ocr_carea' id='block_1_4' title="bbox 411 485 1974 573">
    <p class='ocr_par' dir='ltr' id='par_1_4' title="bbox 411 485 1974 554">
     <span class='ocr_line' id='line_1_4' title="bbox 411 485 1974 554; baseline 0.004 -18"><span class='ocrx_word' id='word_1_21' title='bbox 411 485 693 548; x_wconf 75' lang='lat' dir='ltr'><strong>vestiario,</strong></span> <span class='ocrx_word' id='word_1_22' title='bbox 732 487 878 554; x_wconf 89' lang='lat' dir='ltr'><strong>quod</strong></span> <span class='ocrx_word' id='word_1_23' title='bbox 921 486 1080 554; x_wconf 80' lang='lat' dir='ltr'><strong>vulgo</strong></span> <span class='ocrx_word' id='word_1_24' title='bbox 1111 494 1310 540; x_wconf 84' lang='lat' dir='ltr'><strong>vocant</strong></span> <span class='ocrx_word' id='word_1_25' title='bbox 1338 486 1762 541; x_wconf 78' lang='lat' dir='ltr'><strong>allaximarium.</strong></span> <span class='ocrx_word' id='word_1_26' title='bbox 1792 488 1974 542; x_wconf 83' lang='lat' dir='ltr'><strong>Paratc</strong></span> 
     </span>
    </p>
   </div>
   <div class='ocr_carea' id='block_1_5' title="bbox 2085 485 3651 573">
    <p class='ocr_par' dir='ltr' id='par_1_5' title="bbox 2089 497 3651 573">
     <span class='ocr_line' id='line_1_5' title="bbox 2089 497 3651 573; baseline 0.006 -25"><span class='ocrx_word' id='word_1_27' title='bbox 2089 497 2298 558; x_wconf 86' lang='grc' dir='ltr'>κεῦσαι,</span> <span class='ocrx_word' id='word_1_28' title='bbox 2325 500 2480 568; x_wconf 83' lang='grc' dir='ltr'>φέρει</span> <span class='ocrx_word' id='word_1_29' title='bbox 2504 502 2568 552; x_wconf 83' lang='grc' dir='ltr'>τὰ</span> <span class='ocrx_word' id='word_1_30' title='bbox 2593 501 2911 570; x_wconf 84' lang='grc' dir='ltr'>ὑποδήματα</span> <span class='ocrx_word' id='word_1_31' title='bbox 2942 503 3296 556; x_wconf 85' lang='grc' dir='ltr'>παιδόπουλον</span> <span class='ocrx_word' id='word_1_32' title='bbox 3319 504 3412 555; x_wconf 89' lang='grc' dir='ltr'><strong>τοῦ</strong></span> <span class='ocrx_word' id='word_1_33' title='bbox 3438 505 3651 573; x_wconf 81' lang='grc' dir='ltr'>βεστια-</span> 
     </span>
    </p>
   </div>
   <div class='ocr_carea' id='block_1_6' title="bbox 404 577 1974 666">
    <p class='ocr_par' dir='ltr' id='par_1_6' title="bbox 404 577 1974 649">
     <span class='ocr_line' id='line_1_6' title="bbox 404 577 1974 649; baseline 0.003 -19"><span class='ocrx_word' id='word_1_34' title='bbox 404 577 514 644; x_wconf 83' lang='lat' dir='ltr'><strong>jam</strong></span> <span class='ocrx_word' id='word_1_35' title='bbox 543 586 597 630; x_wconf 94' lang='lat' dir='ltr'><strong>et</strong></span> <span class='ocrx_word' id='word_1_36' title='bbox 625 579 908 646; x_wconf 88' lang='lat' dir='ltr'><strong>equitante</strong></span> <span class='ocrx_word' id='word_1_37' title='bbox 972 579 1301 646; x_wconf 80' lang='lat' dir='ltr'><strong>imperatore</strong></span> <span class='ocrx_word' id='word_1_38' title='bbox 1351 580 1686 648; x_wconf 55' lang='lat' dir='ltr'><strong>cymbalistria</strong></span> <span class='ocrx_word' id='word_1_39' title='bbox 1730 581 1974 649; x_wconf 66' lang='lat' dir='ltr'><strong>cymbala</strong></span> 
     </span>
    </p>
   </div>
   <div class='ocr_carea' id='block_1_7' title="bbox 2085 577 3653 666">
    <p class='ocr_par' dir='ltr' id='par_1_7' title="bbox 2090 590 3653 666">
     <span class='ocr_line' id='line_1_7' title="bbox 2090 590 3653 666; baseline 0.007 -26"><span class='ocrx_word' id='word_1_40' title='bbox 2090 590 2205 656; x_wconf 89' lang='grc' dir='ltr'>ρίου</span> <span class='ocrx_word' id='word_1_41' title='bbox 2229 591 2559 656; x_wconf 80' lang='grc' dir='ltr'>ὲκτὸς,οῦτω</span> <span class='ocrx_word' id='word_1_42' title='bbox 2591 594 2783 654; x_wconf 84' lang='grc' dir='ltr'>κοινῶς</span> <span class='ocrx_word' id='word_1_43' title='bbox 2809 595 3209 662; x_wconf 79' lang='grc' dir='ltr'><strong>ὀνομαζομένου</strong></span> <span class='ocrx_word' id='word_1_44' title='bbox 3239 597 3653 666; x_wconf 80' lang='grc' dir='ltr'>ἁλλαξιμαρίου.</span> 
     </span>
    </p>
   </div>
   <div class='ocr_carea' id='block_1_8' title="bbox 407 670 1974 757">
    <p class='ocr_par' dir='ltr' id='par_1_8' title="bbox 407 670 1974 736">
     <span class='ocr_line' id='line_1_8' title="bbox 407 670 1974 736; baseline 0.002 -14"><span class='ocrx_word' id='word_1_45' title='bbox 407 670 645 736; x_wconf 86' lang='lat' dir='ltr'><strong>pulsant,</strong></span> <span class='ocrx_word' id='word_1_46' title='bbox 671 670 936 724; x_wconf 70' lang='lat' dir='ltr'><strong>tubicines</strong></span> <span class='ocrx_word' id='word_1_47' title='bbox 956 671 1192 733; x_wconf 89' lang='lat' dir='ltr'><strong>tubis,et</strong></span> <span class='ocrx_word' id='word_1_48' title='bbox 1223 670 1604 725; x_wconf 84' lang='lat' dir='ltr'><strong>buccinatorcs</strong></span> <span class='ocrx_word' id='word_1_49' title='bbox 1631 672 1878 726; x_wconf 88' lang='lat' dir='ltr'><strong>buccinis</strong></span> <span class='ocrx_word' id='word_1_50' title='bbox 1900 689 1974 725; x_wconf 87' lang='lat' dir='ltr'><strong>ar-</strong></span> 
     </span>
    </p>
   </div>
   <div class='ocr_carea' id='block_1_9' title="bbox 2085 670 3656 757">
    <p class='ocr_par' dir='ltr' id='par_1_9' title="bbox 2099 681 3656 757">
     <span class='ocr_line' id='line_1_9' title="bbox 2099 681 3656 757; baseline 0.008 -25"><span class='ocrx_word' id='word_1_51' title='bbox 2099 681 2550 751; x_wconf 82' lang='grc' dir='ltr'>Ἐτοιμασθέντος</span> <span class='ocrx_word' id='word_1_52' title='bbox 2582 685 2674 738; x_wconf 82' lang='grc' dir='ltr'><strong>οῦν</strong></span> <span class='ocrx_word' id='word_1_53' title='bbox 2707 688 2801 738; x_wconf 68' lang='grc' dir='ltr'>καὶ</span> <span class='ocrx_word' id='word_1_54' title='bbox 2847 687 3379 747; x_wconf 81' lang='grc' dir='ltr'>καὸαλλικεύσαντος</span> <span class='ocrx_word' id='word_1_55' title='bbox 3408 689 3502 740; x_wconf 89' lang='grc' dir='ltr'><strong>τοῦ</strong></span> <span class='ocrx_word' id='word_1_56' title='bbox 3557 690 3656 757; x_wconf 86' lang='grc' dir='ltr'><strong>βα-</strong></span> 
     </span>
    </p>
   </div>
   <div class='ocr_carea' id='block_1_10' title="bbox 406 761 1974 849">
    <p class='ocr_par' dir='ltr' id='par_1_10' title="bbox 406 761 1974 827">
     <span class='ocr_line' id='line_1_10' title="bbox 406 761 1974 827; baseline 0.003 -15"><span class='ocrx_word' id='word_1_57' title='bbox 406 761 612 827; x_wconf 85' lang='lat' dir='ltr'><strong>genteis</strong></span> <span class='ocrx_word' id='word_1_58' title='bbox 630 773 847 816; x_wconf 78' lang='lat' dir='ltr'><strong>canunt.</strong></span> <span class='ocrx_word' id='word_1_59' title='bbox 876 761 967 816; x_wconf 73' lang='lat' dir='ltr'><strong>Ha:</strong></span> <span class='ocrx_word' id='word_1_60' title='bbox 994 777 1121 816; x_wconf 87' lang='lat' dir='ltr'><strong>vero</strong></span> <span class='ocrx_word' id='word_1_61' title='bbox 1140 764 1280 815; x_wconf 66' lang='lat' dir='ltr'><strong>tubae</strong></span> <span class='ocrx_word' id='word_1_62' title='bbox 1302 763 1424 816; x_wconf 89' lang='lat' dir='ltr'><strong>huic</strong></span> <span class='ocrx_word' id='word_1_63' title='bbox 1441 765 1562 817; x_wconf 85' lang='lat' dir='ltr'><strong>usui</strong></span> <span class='ocrx_word' id='word_1_64' title='bbox 1581 765 1860 820; x_wconf 71' lang='lat' dir='ltr'><strong>destinatae</strong></span> <span class='ocrx_word' id='word_1_65' title='bbox 1879 780 1974 819; x_wconf 85' lang='lat' dir='ltr'><strong>non</strong></span> 
     </span>
    </p>
   </div>
   <div class='ocr_carea' id='block_1_11' title="bbox 2085 761 3653 849">
    <p class='ocr_par' dir='ltr' id='par_1_11' title="bbox 2089 775 3653 849">
     <span class='ocr_line' id='line_1_11' title="bbox 2089 775 3653 849; baseline 0.005 -23"><span class='ocrx_word' id='word_1_66' title='bbox 2089 775 2316 838; x_wconf 82' lang='grc' dir='ltr'>σιλέως,</span> <span class='ocrx_word' id='word_1_67' title='bbox 2373 779 2421 829; x_wconf 88' lang='grc' dir='ltr'><strong>οί</strong></span> <span class='ocrx_word' id='word_1_68' title='bbox 2484 780 2852 849; x_wconf 71' lang='grc' dir='ltr'>ἀνακαρισταὶ</span> <span class='ocrx_word' id='word_1_69' title='bbox 2913 780 3173 848; x_wconf 89' lang='grc' dir='ltr'>κρούουσι</span> <span class='ocrx_word' id='word_1_70' title='bbox 3235 780 3306 832; x_wconf 84' lang='grc' dir='ltr'>τὰ</span> <span class='ocrx_word' id='word_1_71' title='bbox 3364 782 3653 848; x_wconf 86' lang='grc' dir='ltr'>ἀνάκαρα,</span> 
     </span>
    </p>
   </div>
   <div class='ocr_carea' id='block_1_12' title="bbox 411 852 1974 939">
    <p class='ocr_par' dir='ltr' id='par_1_12' title="bbox 411 852 1974 924">
     <span class='ocr_line' id='line_1_12' title="bbox 411 852 1974 924; baseline 0.005 -22"><span class='ocrx_word' id='word_1_72' title='bbox 411 852 654 906; x_wconf 88' lang='lat' dir='ltr'><strong>referunt</strong></span> <span class='ocrx_word' id='word_1_73' title='bbox 676 854 901 906; x_wconf 87' lang='lat' dir='ltr'><strong>aliarum</strong></span> <span class='ocrx_word' id='word_1_74' title='bbox 937 855 1187 907; x_wconf 86' lang='lat' dir='ltr'><strong>tubarum</strong></span> <span class='ocrx_word' id='word_1_75' title='bbox 1226 853 1478 918; x_wconf 80' lang='lat' dir='ltr'><strong>formam,</strong></span> <span class='ocrx_word' id='word_1_76' title='bbox 1505 856 1597 909; x_wconf 84' lang='lat' dir='ltr'><strong>sed</strong></span> <span class='ocrx_word' id='word_1_77' title='bbox 1621 855 1722 910; x_wconf 86' lang='lat' dir='ltr'><strong>alia</strong></span> <span class='ocrx_word' id='word_1_78' title='bbox 1752 857 1974 924; x_wconf 88' lang='lat' dir='ltr'><strong>quadam</strong></span> 
     </span>
    </p>
   </div>
   <div class='ocr_carea' id='block_1_13' title="bbox 2085 852 3655 939">
    <p class='ocr_par' dir='ltr' id='par_1_13' title="bbox 2087 866 3655 939">
     <span class='ocr_line' id='line_1_13' title="bbox 2087 866 3655 939; baseline 0.002 -20"><span class='ocrx_word' id='word_1_79' title='bbox 2087 866 2414 930; x_wconf 78' lang='grc' dir='ltr'>σαλπίζουσι</span> <span class='ocrx_word' id='word_1_80' title='bbox 2467 869 2522 920; x_wconf 85' lang='grc' dir='ltr'><strong>δὲ</strong></span> <span class='ocrx_word' id='word_1_81' title='bbox 2572 871 2665 922; x_wconf 77' lang='grc' dir='ltr'><strong>καὶ</strong></span> <span class='ocrx_word' id='word_1_82' title='bbox 2715 875 2762 922; x_wconf 73' lang='grc' dir='ltr'>οἱ</span> <span class='ocrx_word' id='word_1_83' title='bbox 2816 871 3147 936; x_wconf 80' lang='grc' dir='ltr'>σαλπιγκταὶ</span> <span class='ocrx_word' id='word_1_84' title='bbox 3192 871 3396 939; x_wconf 84' lang='grc' dir='ltr'>ὁμοίως</span> <span class='ocrx_word' id='word_1_85' title='bbox 3447 871 3542 922; x_wconf 74' lang='grc' dir='ltr'><strong>καὶ</strong></span> <span class='ocrx_word' id='word_1_86' title='bbox 3607 873 3655 925; x_wconf 82' lang='lat' dir='ltr'><strong>oi</strong></span> 
     </span>
    </p>
   </div>
   <div class='ocr_carea' id='block_1_14' title="bbox 406 941 1974 1032">
    <p class='ocr_par' dir='ltr' id='par_1_14' title="bbox 406 941 1974 1014">
     <span class='ocr_line' id='line_1_14' title="bbox 406 941 1974 1014; baseline 0.006 -21"><span class='ocrx_word' id='word_1_87' title='bbox 406 941 582 1009; x_wconf 86' lang='lat' dir='ltr'><strong>figura</strong></span> <span class='ocrx_word' id='word_1_88' title='bbox 612 945 848 1010; x_wconf 59' lang='lat' dir='ltr'><strong>praedita:</strong></span> <span class='ocrx_word' id='word_1_89' title='bbox 876 953 1023 997; x_wconf 90' lang='lat' dir='ltr'><strong>sunt.</strong></span> <span class='ocrx_word' id='word_1_90' title='bbox 1060 945 1268 998; x_wconf 90' lang='lat' dir='ltr'><strong>lndicat</strong></span> <span class='ocrx_word' id='word_1_91' title='bbox 1314 946 1415 999; x_wconf 91' lang='lat' dir='ltr'><strong>hoc</strong></span> <span class='ocrx_word' id='word_1_92' title='bbox 1446 948 1560 1014; x_wconf 90' lang='lat' dir='ltr'><strong>ipse</strong></span> <span class='ocrx_word' id='word_1_93' title='bbox 1606 949 1768 1000; x_wconf 87' lang='lat' dir='ltr'><strong>etiam</strong></span> <span class='ocrx_word' id='word_1_94' title='bbox 1819 963 1974 1002; x_wconf 73' lang='lat' dir='ltr'><strong>sonus</strong></span> 
     </span>
    </p>
   </div>
   <div class='ocr_carea' id='block_1_15' title="bbox 2085 941 3656 1032">
    <p class='ocr_par' dir='ltr' id='par_1_15' title="bbox 2087 956 3656 1032">
     <span class='ocr_line' id='line_1_15' title="bbox 2087 956 3656 1032; baseline 0.004 -23"><span class='ocrx_word' id='word_1_95' title='bbox 2087 956 2508 1028; x_wconf 83' lang='grc' dir='ltr'>βουκκινάτορες</span> <span class='ocrx_word' id='word_1_96' title='bbox 2540 960 2605 1013; x_wconf 84' lang='grc' dir='ltr'>δι’</span> <span class='ocrx_word' id='word_1_97' title='bbox 2637 962 2879 1032; x_wconf 86' lang='grc' dir='ltr'>ὀργάνων</span> <span class='ocrx_word' id='word_1_98' title='bbox 2908 962 3186 1031; x_wconf 85' lang='grc' dir='ltr'>ἀργυρῶν.</span> <span class='ocrx_word' id='word_1_99' title='bbox 3212 964 3278 1014; x_wconf 86' lang='lat' dir='ltr'><strong>Al.</strong></span> <span class='ocrx_word' id='word_1_100' title='bbox 3305 963 3483 1030; x_wconf 88' lang='grc' dir='ltr'>μέντοι</span> <span class='ocrx_word' id='word_1_101' title='bbox 3517 964 3656 1015; x_wconf 82' lang='grc' dir='ltr'>κατὰ</span> 
     </span>
    </p>
   </div>
   <div class='ocr_carea' id='block_1_16' title="bbox 409 1035 1986 1109">
    <p class='ocr_par' dir='ltr' id='par_1_16' title="bbox 409 1035 1986 1109">
     <span class='ocr_line' id='line_1_16' title="bbox 409 1035 1986 1109; baseline 0.005 -24"><span class='ocrx_word' id='word_1_102' title='bbox 409 1035 598 1086; x_wconf 89' lang='lat' dir='ltr'><strong>talium</strong></span> <span class='ocrx_word' id='word_1_103' title='bbox 634 1036 1123 1090; x_wconf 90' lang='lat' dir='ltr'><strong>instrumentorum</strong></span> <span class='ocrx_word' id='word_1_104' title='bbox 1149 1055 1162 1100; x_wconf 87' lang='lat'><strong>;</strong></span> <span class='ocrx_word' id='word_1_105' title='bbox 1197 1038 1290 1105; x_wconf 91' lang='lat' dir='ltr'><strong>qui</strong></span> <span class='ocrx_word' id='word_1_106' title='bbox 1316 1048 1422 1099; x_wconf 88' lang='lat' dir='ltr'><strong>est,</strong></span> <span class='ocrx_word' id='word_1_107' title='bbox 1453 1048 1506 1092; x_wconf 92' lang='lat' dir='ltr'><strong>ut</strong></span> <span class='ocrx_word' id='word_1_108' title='bbox 1536 1039 1580 1093; x_wconf 87' lang='lat' dir='ltr'><strong>si</strong></span> <span class='ocrx_word' id='word_1_109' title='bbox 1609 1040 1732 1108; x_wconf 86' lang='lat' dir='ltr'><strong>quis</strong></span> <span class='ocrx_word' id='word_1_110' title='bbox 1763 1056 1830 1094; x_wconf 81' lang='lat' dir='ltr'><strong>ex</strong></span> <span class='ocrx_word' id='word_1_111' title='bbox 1887 1056 1986 1109; x_wconf 83' lang='lat' dir='ltr'><strong>po-</strong></span> 
     </span>
    </p>
   </div>
   <div class='ocr_carea' id='block_1_17' title="bbox 408 1125 1980 1197">
    <p class='ocr_par' dir='ltr' id='par_1_17' title="bbox 408 1125 1980 1197">
     <span class='ocr_line' id='line_1_17' title="bbox 408 1125 1980 1197; baseline 0.008 -22"><span class='ocrx_word' id='word_1_112' title='bbox 408 1126 535 1191; x_wconf 89' lang='lat' dir='ltr'><strong>pulo</strong></span> <span class='ocrx_word' id='word_1_113' title='bbox 574 1125 780 1194; x_wconf 87' lang='lat' dir='ltr'><strong>aliquid</strong></span> <span class='ocrx_word' id='word_1_114' title='bbox 807 1127 913 1194; x_wconf 77' lang='lat'><strong>32</strong></span> <span class='ocrx_word' id='word_1_115' title='bbox 944 1137 1087 1193; x_wconf 82' lang='lat' dir='ltr'><strong>petat</strong></span> <span class='ocrx_word' id='word_1_116' title='bbox 1115 1129 1195 1181; x_wconf 76' lang='lat' dir='ltr'><strong>vel</strong></span> <span class='ocrx_word' id='word_1_117' title='bbox 1232 1130 1429 1197; x_wconf 80' lang='lat' dir='ltr'><strong>injuria</strong></span> <span class='ocrx_word' id='word_1_118' title='bbox 1465 1129 1755 1195; x_wconf 73' lang='lat' dir='ltr'><strong>afﬁciatur,</strong></span> <span class='ocrx_word' id='word_1_119' title='bbox 1789 1134 1980 1190; x_wconf 89' lang='lat' dir='ltr'><strong>audito</strong></span> 
     </span>
    </p>
   </div>
   <div class='ocr_carea' id='block_1_18' title="bbox 409 1220 1983 1290">
    <p class='ocr_par' dir='ltr' id='par_1_18' title="bbox 409 1220 1983 1290">
     <span class='ocr_line' id='line_1_18' title="bbox 409 1220 1983 1290; baseline 0.009 -26"><span class='ocrx_word' id='word_1_120' title='bbox 409 1220 512 1267; x_wconf 87' lang='lat' dir='ltr'><strong>hoc</strong></span> <span class='ocrx_word' id='word_1_121' title='bbox 572 1230 710 1269; x_wconf 91' lang='lat' dir='ltr'><strong>sono</strong></span> <span class='ocrx_word' id='word_1_122' title='bbox 779 1228 1032 1272; x_wconf 87' lang='lat' dir='ltr'><strong>accurrat</strong></span> <span class='ocrx_word' id='word_1_123' title='bbox 1106 1227 1161 1272; x_wconf 88' lang='lat' dir='ltr'><strong>et</strong></span> <span class='ocrx_word' id='word_1_124' title='bbox 1214 1221 1281 1273; x_wconf 89' lang='lat' dir='ltr'><strong>ad</strong></span> <span class='ocrx_word' id='word_1_125' title='bbox 1344 1221 1729 1290; x_wconf 82' lang='lat' dir='ltr'><strong>imperatorem</strong></span> <span class='ocrx_word' id='word_1_126' title='bbox 1810 1223 1983 1278; x_wconf 68' lang='lat' dir='ltr'><strong>liba-re</strong></span> 
     </span>
    </p>
   </div>
   <div class='ocr_carea' id='block_1_19' title="bbox 408 1303 638 1360">
    <p class='ocr_par' dir='ltr' id='par_1_19' title="bbox 408 1303 638 1360">
     <span class='ocr_line' id='line_1_19' title="bbox 408 1303 638 1360; baseline 0.022 -5"><span class='ocrx_word' id='word_1_127' title='bbox 408 1303 638 1360; x_wconf 89' lang='lat' dir='ltr'><strong>referat.</strong></span> 
     </span>
    </p>
   </div>
   <div class='ocr_carea' id='block_1_20' title="bbox 477 1480 1979 1555">
    <p class='ocr_par' dir='ltr' id='par_1_20' title="bbox 477 1480 1979 1555">
     <span class='ocr_line' id='line_1_20' title="bbox 477 1480 1979 1555; baseline 0.009 -23"><span class='ocrx_word' id='word_1_128' title='bbox 477 1480 564 1534; x_wconf 84' lang='lat' dir='ltr'><strong>Fit</strong></span> <span class='ocrx_word' id='word_1_129' title='bbox 593 1493 776 1536; x_wconf 88' lang='lat' dir='ltr'><strong>autem</strong></span> <span class='ocrx_word' id='word_1_130' title='bbox 812 1485 937 1547; x_wconf 78' lang='lat' dir='ltr'><strong>hoc,</strong></span> <span class='ocrx_word' id='word_1_131' title='bbox 976 1484 1020 1538; x_wconf 88' lang='lat' dir='ltr'><strong>si</strong></span> <span class='ocrx_word' id='word_1_132' title='bbox 1047 1485 1345 1554; x_wconf 86' lang='lat' dir='ltr'><strong>imperator</strong></span> <span class='ocrx_word' id='word_1_133' title='bbox 1372 1501 1530 1540; x_wconf 89' lang='lat' dir='ltr'><strong>mane</strong></span> <span class='ocrx_word' id='word_1_134' title='bbox 1565 1488 1794 1555; x_wconf 75' lang='lat' dir='ltr'><strong>equitet.</strong></span> <span class='ocrx_word' id='word_1_135' title='bbox 1820 1490 1887 1544; x_wconf 85' lang='lat' dir='ltr'><strong>At</strong></span> <span class='ocrx_word' id='word_1_136' title='bbox 1934 1491 1979 1545; x_wconf 91' lang='lat' dir='ltr'><strong>si</strong></span> 
     </span>
    </p>
   </div>
   <div class='ocr_carea' id='block_1_21' title="bbox 405 1572 1976 1641">
    <p class='ocr_par' dir='ltr' id='par_1_21' title="bbox 405 1572 1976 1641">
     <span class='ocr_line' id='line_1_21' title="bbox 405 1572 1976 1641; baseline 0.006 -18"><span class='ocrx_word' id='word_1_137' title='bbox 405 1581 520 1640; x_wconf 89' lang='lat' dir='ltr'><strong>post</strong></span> <span class='ocrx_word' id='word_1_138' title='bbox 555 1572 842 1640; x_wconf 83' lang='lat' dir='ltr'><strong>prandium</strong></span> <span class='ocrx_word' id='word_1_139' title='bbox 881 1573 1112 1641; x_wconf 82' lang='lat' dir='ltr'><strong>equitet,</strong></span> <span class='ocrx_word' id='word_1_140' title='bbox 1152 1573 1205 1627; x_wconf 89' lang='lat' dir='ltr'><strong>id</strong></span> <span class='ocrx_word' id='word_1_141' title='bbox 1247 1575 1397 1628; x_wconf 87' lang='lat' dir='ltr'><strong>nullo</strong></span> <span class='ocrx_word' id='word_1_142' title='bbox 1425 1576 1587 1630; x_wconf 91' lang='lat' dir='ltr'><strong>modo</strong></span> <span class='ocrx_word' id='word_1_143' title='bbox 1631 1577 1976 1633; x_wconf 74' lang='lat' dir='ltr'><strong>obserVatur.</strong></span> 
     </span>
    </p>
   </div>
   <div class='ocr_carea' id='block_1_22' title="bbox 403 1664 1995 1732">
    <p class='ocr_par' dir='ltr' id='par_1_22' title="bbox 403 1664 1995 1732">
     <span class='ocr_line' id='line_1_22' title="bbox 403 1664 1995 1732; baseline 0.006 -17"><span class='ocrx_word' id='word_1_144' title='bbox 403 1664 581 1717; x_wconf 79' lang='lat' dir='ltr'><strong>Causa</strong></span> <span class='ocrx_word' id='word_1_145' title='bbox 618 1665 862 1717; x_wconf 80' lang='lat' dir='ltr'><strong>nescitur</strong></span> <span class='ocrx_word' id='word_1_146' title='bbox 894 1682 905 1716; x_wconf 88' lang='lat'><strong>:</strong></span> <span class='ocrx_word' id='word_1_147' title='bbox 939 1674 994 1718; x_wconf 87' lang='lat' dir='ltr'><strong>at</strong></span> <span class='ocrx_word' id='word_1_148' title='bbox 1033 1667 1076 1718; x_wconf 88' lang='lat' dir='ltr'><strong>si</strong></span> <span class='ocrx_word' id='word_1_149' title='bbox 1103 1666 1432 1731; x_wconf 72' lang='lat' dir='ltr'><strong>conjecturae</strong></span> <span class='ocrx_word' id='word_1_150' title='bbox 1457 1667 1612 1721; x_wconf 90' lang='lat' dir='ltr'><strong>locus</strong></span> <span class='ocrx_word' id='word_1_151' title='bbox 1630 1668 1816 1732; x_wconf 87' lang='lat' dir='ltr'><strong>datur,</strong></span> <span class='ocrx_word' id='word_1_152' title='bbox 1841 1670 1995 1725; x_wconf 85' lang='lat' dir='ltr'><strong>dico‘</strong></span> 
     </span>
    </p>
   </div>
   <div class='ocr_carea' id='block_1_23' title="bbox 403 1753 1977 1827">
    <p class='ocr_par' dir='ltr' id='par_1_23' title="bbox 403 1753 1977 1827">
     <span class='ocr_line' id='line_1_23' title="bbox 403 1753 1977 1827; baseline 0.006 -23"><span class='ocrx_word' id='word_1_153' title='bbox 403 1767 525 1804; x_wconf 75' lang='lat' dir='ltr'><strong>cum</strong></span> <span class='ocrx_word' id='word_1_154' title='bbox 553 1753 745 1821; x_wconf 85' lang='lat' dir='ltr'><strong>plebeii</strong></span> <span class='ocrx_word' id='word_1_155' title='bbox 777 1768 936 1808; x_wconf 87' lang='lat' dir='ltr'><strong>mane</strong></span> <span class='ocrx_word' id='word_1_156' title='bbox 959 1755 1179 1821; x_wconf 85' lang='lat' dir='ltr'><strong>quidem</strong></span> <span class='ocrx_word' id='word_1_157' title='bbox 1213 1757 1383 1810; x_wconf 89' lang='lat' dir='ltr'><strong>sobrii</strong></span> <span class='ocrx_word' id='word_1_158' title='bbox 1441 1757 1575 1820; x_wconf 87' lang='lat' dir='ltr'><strong>sint,</strong></span> <span class='ocrx_word' id='word_1_159' title='bbox 1628 1767 1753 1825; x_wconf 93' lang='lat' dir='ltr'><strong>post</strong></span> <span class='ocrx_word' id='word_1_160' title='bbox 1810 1775 1977 1827; x_wconf 84' lang='lat' dir='ltr'><strong>pran-</strong></span> 
     </span>
    </p>
   </div>
   <div class='ocr_carea' id='block_1_24' title="bbox 2084 1050 3656 1121">
    <p class='ocr_par' dir='ltr' id='par_1_24' title="bbox 2084 1050 3656 1121">
     <span class='ocr_line' id='line_1_24' title="bbox 2084 1050 3656 1121; baseline 0.003 -19"><span class='ocrx_word' id='word_1_161' title='bbox 2084 1050 2183 1118; x_wconf 80' lang='grc' dir='ltr'>τὴν</span> <span class='ocrx_word' id='word_1_162' title='bbox 2221 1052 2478 1119; x_wconf 80' lang='grc' dir='ltr'><strong>τοιαύτην</strong></span> <span class='ocrx_word' id='word_1_163' title='bbox 2506 1053 2813 1121; x_wconf 76' lang='grc' dir='ltr'><strong>ὑπηρεσίαν</strong></span> <span class='ocrx_word' id='word_1_164' title='bbox 2846 1053 3210 1116; x_wconf 78' lang='grc' dir='ltr'>σαλπίζουσαι</span> <span class='ocrx_word' id='word_1_165' title='bbox 3260 1055 3560 1118; x_wconf 82' lang='grc' dir='ltr'>σάλπιγγες</span> <span class='ocrx_word' id='word_1_166' title='bbox 3594 1055 3656 1106; x_wconf 90' lang='grc' dir='ltr'><strong>οὑ</strong></span> 
     </span>
    </p>
   </div>
   <div class='ocr_carea' id='block_1_25' title="bbox 2084 1142 3658 1211">
    <p class='ocr_par' dir='ltr' id='par_1_25' title="bbox 2084 1142 3658 1211">
     <span class='ocr_line' id='line_1_25' title="bbox 2084 1142 3658 1211; baseline 0 -18"><span class='ocrx_word' id='word_1_167' title='bbox 2084 1142 2225 1193; x_wconf 74' lang='grc' dir='ltr'>κατὰ</span> <span class='ocrx_word' id='word_1_168' title='bbox 2284 1144 2383 1204; x_wconf 74' lang='grc' dir='ltr'><strong>τὰς</strong></span> <span class='ocrx_word' id='word_1_169' title='bbox 2437 1143 2604 1206; x_wconf 77' lang='grc' dir='ltr'>ἄλλας</span> <span class='ocrx_word' id='word_1_170' title='bbox 2649 1145 2755 1196; x_wconf 72' lang='grc' dir='ltr'>είσὶ</span> <span class='ocrx_word' id='word_1_171' title='bbox 2817 1143 3147 1211; x_wconf 79' lang='grc' dir='ltr'>σάλπιγγας,</span> <span class='ocrx_word' id='word_1_172' title='bbox 3199 1143 3316 1196; x_wconf 80' lang='grc' dir='ltr'>ἀλλ’</span> <span class='ocrx_word' id='word_1_173' title='bbox 3369 1143 3553 1211; x_wconf 70' lang='grc' dir='ltr'>ἔτερόν</span> <span class='ocrx_word' id='word_1_174' title='bbox 3603 1159 3658 1195; x_wconf 87' lang='grc' dir='ltr'><strong>τι</strong></span> 
     </span>
    </p>
   </div>
   <div class='ocr_carea' id='block_1_26' title="bbox 2085 1232 3659 1302">
    <p class='ocr_par' dir='ltr' id='par_1_26' title="bbox 2085 1232 3659 1302">
     <span class='ocr_line' id='line_1_26' title="bbox 2085 1232 3659 1302; baseline 0.001 -18"><span class='ocrx_word' id='word_1_175' title='bbox 2085 1232 2294 1300; x_wconf 83' lang='grc' dir='ltr'>σχῆμα.</span> <span class='ocrx_word' id='word_1_176' title='bbox 2350 1235 2512 1301; x_wconf 84' lang='grc' dir='ltr'>Δηλοῑ</span> <span class='ocrx_word' id='word_1_177' title='bbox 2574 1235 2629 1286; x_wconf 87' lang='grc' dir='ltr'>δὲ</span> <span class='ocrx_word' id='word_1_178' title='bbox 2680 1235 2774 1287; x_wconf 72' lang='grc' dir='ltr'><strong>καὶ</strong></span> <span class='ocrx_word' id='word_1_179' title='bbox 2833 1235 2865 1302; x_wconf 79' lang='grc' dir='ltr'>ἡ</span> <span class='ocrx_word' id='word_1_180' title='bbox 2921 1235 3028 1287; x_wconf 86' lang='grc' dir='ltr'><strong>τῶν</strong></span> <span class='ocrx_word' id='word_1_181' title='bbox 3096 1233 3358 1286; x_wconf 81' lang='grc' dir='ltr'>τοιούτων</span> <span class='ocrx_word' id='word_1_182' title='bbox 3407 1233 3659 1301; x_wconf 83' lang='grc' dir='ltr'>ὀργάνων</span> 
     </span>
    </p>
   </div>
   <div class='ocr_carea' id='block_1_27' title="bbox 2083 1323 3654 1394">
    <p class='ocr_par' dir='ltr' id='par_1_27' title="bbox 2083 1323 3654 1394">
     <span class='ocr_line' id='line_1_27' title="bbox 2083 1323 3654 1394; baseline 0.001 -21"><span class='ocrx_word' id='word_1_183' title='bbox 2083 1324 2257 1392; x_wconf 76' lang='grc' dir='ltr'>φωνὴ,</span> <span class='ocrx_word' id='word_1_184' title='bbox 2289 1323 2348 1374; x_wconf 78' lang='grc' dir='ltr'><strong>τὸ</strong></span> <span class='ocrx_word' id='word_1_185' title='bbox 2381 1325 2584 1392; x_wconf 74' lang='grc' dir='ltr'>ἐάνπερ</span> <span class='ocrx_word' id='word_1_186' title='bbox 2632 1343 2683 1378; x_wconf 87' lang='grc' dir='ltr'><strong>τι</strong></span> <span class='ocrx_word' id='word_1_187' title='bbox 2719 1326 2841 1394; x_wconf 82' lang='grc' dir='ltr'>αίτῇ</span> <span class='ocrx_word' id='word_1_188' title='bbox 2870 1343 2958 1387; x_wconf 89' lang='grc' dir='ltr'><strong>τις</strong></span> <span class='ocrx_word' id='word_1_189' title='bbox 3005 1326 3102 1378; x_wconf 91' lang='grc' dir='ltr'><strong>τοῦ</strong></span> <span class='ocrx_word' id='word_1_190' title='bbox 3135 1323 3263 1379; x_wconf 83' lang='grc' dir='ltr'>λαοῦ</span> <span class='ocrx_word' id='word_1_191' title='bbox 3315 1325 3347 1394; x_wconf 77' lang='grc' dir='ltr'><strong>ἢ</strong></span> <span class='ocrx_word' id='word_1_192' title='bbox 3381 1324 3654 1393; x_wconf 81' lang='grc' dir='ltr'>ἀδικῆται,</span> 
     </span>
    </p>
   </div>
   <div class='ocr_carea' id='block_1_28' title="bbox 2083 1415 3135 1487">
    <p class='ocr_par' dir='ltr' id='par_1_28' title="bbox 2083 1415 3135 1487">
     <span class='ocr_line' id='line_1_28' title="bbox 2083 1415 3135 1487; baseline 0.004 -20"><span class='ocrx_word' id='word_1_193' title='bbox 2083 1415 2326 1477; x_wconf 85' lang='grc' dir='ltr'>ἀκούσας</span> <span class='ocrx_word' id='word_1_194' title='bbox 2349 1415 2553 1469; x_wconf 84' lang='grc' dir='ltr'>τούτων</span> <span class='ocrx_word' id='word_1_195' title='bbox 2579 1417 2806 1486; x_wconf 85' lang='grc' dir='ltr'>δραμὼν</span> <span class='ocrx_word' id='word_1_196' title='bbox 2843 1419 3135 1487; x_wconf 86' lang='grc' dir='ltr'>ἀνενέγκῃ.</span> 
     </span>
    </p>
   </div>
   <div class='ocr_carea' id='block_1_29' title="bbox 2153 1501 3658 1575">
    <p class='ocr_par' dir='ltr' id='par_1_29' title="bbox 2153 1501 3658 1575">
     <span class='ocr_line' id='line_1_29' title="bbox 2153 1501 3658 1575; baseline 0.002 -20"><span class='ocrx_word' id='word_1_197' title='bbox 2153 1501 2406 1572; x_wconf 76' lang='grc' dir='ltr'>Γίγνεται</span> <span class='ocrx_word' id='word_1_198' title='bbox 2454 1507 2637 1574; x_wconf 80' lang='grc' dir='ltr'>μέντοι</span> <span class='ocrx_word' id='word_1_199' title='bbox 2667 1507 2729 1559; x_wconf 78' lang='grc' dir='ltr'>τὸ</span> <span class='ocrx_word' id='word_1_200' title='bbox 2763 1507 3025 1569; x_wconf 82' lang='grc' dir='ltr'>τοιοῦτον,</span> <span class='ocrx_word' id='word_1_201' title='bbox 3055 1509 3102 1559; x_wconf 83' lang='grc' dir='ltr'><strong>εί</strong></span> <span class='ocrx_word' id='word_1_202' title='bbox 3140 1504 3281 1559; x_wconf 87' lang='grc' dir='ltr'><strong>κατά</strong></span> <span class='ocrx_word' id='word_1_203' title='bbox 3310 1505 3410 1575; x_wconf 77' lang='grc' dir='ltr'><strong>τὴν</strong></span> <span class='ocrx_word' id='word_1_204' title='bbox 3445 1505 3658 1574; x_wconf 81' lang='grc' dir='ltr'>πρωῖαν</span> 
     </span>
    </p>
   </div>
   <div class='ocr_carea' id='block_1_30' title="bbox 2081 1587 3656 1666">
    <p class='ocr_par' dir='ltr' id='par_1_30' title="bbox 2081 1587 3656 1666">
     <span class='ocr_line' id='line_1_30' title="bbox 2081 1587 3656 1666; baseline 0.003 -18"><span class='ocrx_word' id='word_1_205' title='bbox 2081 1595 2236 1665; x_wconf 85' lang='grc' dir='ltr'>τύχοι</span> <span class='ocrx_word' id='word_1_206' title='bbox 2265 1597 2678 1651; x_wconf 82' lang='grc' dir='ltr'>καϐαλλικεύων</span> <span class='ocrx_word' id='word_1_207' title='bbox 2711 1601 2739 1651; x_wconf 81' lang='grc' dir='ltr'>ὁ</span> <span class='ocrx_word' id='word_1_208' title='bbox 2769 1597 3024 1666; x_wconf 86' lang='grc' dir='ltr'>βασιλεύς</span> <span class='ocrx_word' id='word_1_209' title='bbox 3050 1614 3065 1629; x_wconf 89' lang='grc'><strong>·</strong></span> <span class='ocrx_word' id='word_1_210' title='bbox 3107 1587 3245 1666; x_wconf 69' lang='grc' dir='ltr'>εἰστά</span> <span class='ocrx_word' id='word_1_211' title='bbox 3289 1596 3345 1649; x_wconf 84' lang='grc' dir='ltr'>δὲ</span> <span class='ocrx_word' id='word_1_212' title='bbox 3389 1598 3451 1649; x_wconf 81' lang='grc' dir='ltr'><strong>τὸ</strong></span> <span class='ocrx_word' id='word_1_213' title='bbox 3476 1595 3656 1665; x_wconf 76' lang='grc' dir='ltr'>γεῦμα</span> 
     </span>
    </p>
   </div>
   <div class='ocr_carea' id='block_1_31' title="bbox 2083 1687 3651 1759">
    <p class='ocr_par' dir='ltr' id='par_1_31' title="bbox 2083 1687 3651 1759">
     <span class='ocr_line' id='line_1_31' title="bbox 2083 1687 3651 1759; baseline 0.001 -19"><span class='ocrx_word' id='word_1_214' title='bbox 2083 1687 2535 1743; x_wconf 76' lang='grc' dir='ltr'>κασαλλικεύσειν</span> <span class='ocrx_word' id='word_1_215' title='bbox 2570 1691 2857 1759; x_wconf 76' lang='grc' dir='ltr'>μέλλοντος</span> <span class='ocrx_word' id='word_1_216' title='bbox 2887 1691 3138 1758; x_wconf 82' lang='grc' dir='ltr'>οὐδαμῶς</span> <span class='ocrx_word' id='word_1_217' title='bbox 3189 1689 3436 1758; x_wconf 88' lang='grc' dir='ltr'>γίγνεται</span> <span class='ocrx_word' id='word_1_218' title='bbox 3471 1688 3651 1742; x_wconf 87' lang='grc' dir='ltr'>τοῦτο.</span> 
     </span>
    </p>
   </div>
   <div class='ocr_carea' id='block_1_32' title="bbox 2008 1781 3657 1859">
    <p class='ocr_par' dir='ltr' id='par_1_32' title="bbox 2008 1781 3657 1859">
     <span class='ocr_line' id='line_1_32' title="bbox 2008 1781 3657 1859; baseline 0.002 -28"><span class='ocrx_word' id='word_1_219' title='bbox 2008 1803 2051 1859; x_wconf 73' lang='grc' dir='ltr'><strong>Β</strong></span> <span class='ocrx_word' id='word_1_220' title='bbox 2089 1781 2156 1832; x_wconf 82' lang='grc' dir='ltr'><strong><em>Ἥ</em></strong></span> <span class='ocrx_word' id='word_1_221' title='bbox 2199 1782 2347 1834; x_wconf 75' lang='grc' dir='ltr'>αἰτία</span> <span class='ocrx_word' id='word_1_222' title='bbox 2393 1783 2691 1850; x_wconf 84' lang='grc' dir='ltr'>ἀγνοεῖται.</span> <span class='ocrx_word' id='word_1_223' title='bbox 2742 1783 3125 1852; x_wconf 83' lang='grc' dir='ltr'>Στοχαστικῶς</span> <span class='ocrx_word' id='word_1_224' title='bbox 3173 1800 3235 1850; x_wconf 90' lang='grc' dir='ltr'><strong>γε</strong></span> <span class='ocrx_word' id='word_1_225' title='bbox 3270 1783 3378 1850; x_wconf 78' lang='grc' dir='ltr'><strong>μὴν</strong></span> <span class='ocrx_word' id='word_1_226' title='bbox 3410 1783 3553 1848; x_wconf 85' lang='grc' dir='ltr'>λέγω</span> <span class='ocrx_word' id='word_1_227' title='bbox 3581 1782 3657 1842; x_wconf 82' lang='grc' dir='ltr'>ὼς</span> 
     </span>
    </p>
   </div>
   <div class='ocr_carea' id='block_1_33' title="bbox 409 1845 1974 1943">
    <p class='ocr_par' dir='ltr' id='par_1_33' title="bbox 409 1845 1974 1917">
     <span class='ocr_line' id='line_1_33' title="bbox 409 1845 1974 1917; baseline 0.006 -21"><span class='ocrx_word' id='word_1_228' title='bbox 409 1845 558 1898; x_wconf 87' lang='lat' dir='ltr'><strong>dium</strong></span> <span class='ocrx_word' id='word_1_229' title='bbox 589 1847 912 1914; x_wconf 87' lang='lat' dir='ltr'><strong>plerumque</strong></span> <span class='ocrx_word' id='word_1_230' title='bbox 943 1846 1078 1901; x_wconf 87' lang='lat' dir='ltr'><strong>ebrii</strong></span> <span class='ocrx_word' id='word_1_231' title='bbox 1105 1856 1157 1900; x_wconf 88' lang='lat' dir='ltr'><strong>et</strong></span> <span class='ocrx_word' id='word_1_232' title='bbox 1197 1848 1368 1917; x_wconf 82' lang='lat' dir='ltr'><strong>magis</strong></span> <span class='ocrx_word' id='word_1_233' title='bbox 1431 1850 1730 1915; x_wconf 85' lang='lat' dir='ltr'><strong>temerarii,</strong></span> <span class='ocrx_word' id='word_1_234' title='bbox 1778 1851 1974 1906; x_wconf 87' lang='lat' dir='ltr'><strong>merito</strong></span> 
     </span>
    </p>
   </div>
   <div class='ocr_carea' id='block_1_34' title="bbox 2085 1845 3658 1943">
    <p class='ocr_par' dir='ltr' id='par_1_34' title="bbox 2085 1845 3658 1943">
     <span class='ocr_line' id='line_1_34' title="bbox 2085 1845 3658 1943; baseline -0.001 -19"><span class='ocrx_word' id='word_1_235' title='bbox 2085 1872 2313 1942; x_wconf 71' lang='grc' dir='ltr'>ὶπείπερ</span> <span class='ocrx_word' id='word_1_236' title='bbox 2359 1874 2408 1925; x_wconf 90' lang='grc' dir='ltr'><strong>οί</strong></span> <span class='ocrx_word' id='word_1_237' title='bbox 2440 1845 2552 1926; x_wconf 60' lang='grc' dir='ltr'><strong>⁷τοῦ</strong></span> <span class='ocrx_word' id='word_1_238' title='bbox 2585 1874 2822 1942; x_wconf 82' lang='grc' dir='ltr'><strong>πλήθους</strong></span> <span class='ocrx_word' id='word_1_239' title='bbox 2848 1845 3132 1943; x_wconf 65' lang='grc' dir='ltr'>άνθρωποι</span> <span class='ocrx_word' id='word_1_240' title='bbox 3178 1845 3392 1942; x_wconf 74' lang='grc' dir='ltr'>πρωῒας</span> <span class='ocrx_word' id='word_1_241' title='bbox 3427 1845 3527 1940; x_wconf 61' lang='grc' dir='ltr'>μέν</span> <span class='ocrx_word' id='word_1_242' title='bbox 3564 1871 3658 1940; x_wconf 78' lang='grc' dir='ltr'><strong>νή-</strong></span> 
     </span>
    </p>
   </div>
   <div class='ocr_carea' id='block_1_35' title="bbox 407 1937 1978 2012">
    <p class='ocr_par' dir='ltr' id='par_1_35' title="bbox 407 1937 1978 2012">
     <span class='ocr_line' id='line_1_35' title="bbox 407 1937 1978 2012; baseline 0.008 -25"><span class='ocrx_word' id='word_1_243' title='bbox 407 1950 568 1989; x_wconf 84' lang='lat' dir='ltr'><strong>mane</strong></span> <span class='ocrx_word' id='word_1_244' title='bbox 601 1937 744 1990; x_wconf 86' lang='lat' dir='ltr'><strong>tubis</strong></span> <span class='ocrx_word' id='word_1_245' title='bbox 775 1946 980 1991; x_wconf 87' lang='lat' dir='ltr'><strong>canunt</strong></span> <span class='ocrx_word' id='word_1_246' title='bbox 1030 1951 1097 1992; x_wconf 88' lang='lat' dir='ltr'><strong>eo</strong></span> <span class='ocrx_word' id='word_1_247' title='bbox 1156 1954 1267 2006; x_wconf 90' lang='lat' dir='ltr'><strong>quo</strong></span> <span class='ocrx_word' id='word_1_248' title='bbox 1325 1939 1564 1996; x_wconf 81' lang='lat' dir='ltr'><strong>diximus</strong></span> <span class='ocrx_word' id='word_1_249' title='bbox 1613 1942 1798 2006; x_wconf 89' lang='lat' dir='ltr'><strong>modo,</strong></span> <span class='ocrx_word' id='word_1_250' title='bbox 1853 1951 1978 2012; x_wconf 79' lang='lat' dir='ltr'><strong>post</strong></span> 
     </span>
    </p>
   </div>
   <div class='ocr_carea' id='block_1_36' title="bbox 404 2029 1979 2102">
    <p class='ocr_par' dir='ltr' id='par_1_36' title="bbox 404 2029 1979 2102">
     <span class='ocr_line' id='line_1_36' title="bbox 404 2029 1979 2102; baseline 0.006 -21"><span class='ocrx_word' id='word_1_251' title='bbox 404 2029 695 2095; x_wconf 84' lang='lat' dir='ltr'><strong>prandium</strong></span> <span class='ocrx_word' id='word_1_252' title='bbox 757 2045 888 2084; x_wconf 85' lang='lat' dir='ltr'><strong>vero</strong></span> <span class='ocrx_word' id='word_1_253' title='bbox 947 2046 1322 2100; x_wconf 84' lang='lat' dir='ltr'><strong>nequaquam,</strong></span> <span class='ocrx_word' id='word_1_254' title='bbox 1380 2047 1450 2087; x_wconf 89' lang='lat' dir='ltr'><strong>ne</strong></span> <span class='ocrx_word' id='word_1_255' title='bbox 1507 2035 1630 2102; x_wconf 88' lang='lat' dir='ltr'><strong>quis</strong></span> <span class='ocrx_word' id='word_1_256' title='bbox 1683 2035 1979 2092; x_wconf 88' lang='lat' dir='ltr'><strong>ebriusin-</strong></span> 
     </span>
    </p>
   </div>
   <div class='ocr_carea' id='block_1_37' title="bbox 402 2121 1978 2192">
    <p class='ocr_par' dir='ltr' id='par_1_37' title="bbox 402 2121 1978 2192">
     <span class='ocr_line' id='line_1_37' title="bbox 402 2121 1978 2192; baseline 0.006 -16"><span class='ocrx_word' id='word_1_257' title='bbox 402 2121 705 2191; x_wconf 84' lang='lat' dir='ltr'><strong>composite</strong></span> <span class='ocrx_word' id='word_1_258' title='bbox 779 2131 832 2176; x_wconf 85' lang='lat' dir='ltr'><strong>et</strong></span> <span class='ocrx_word' id='word_1_259' title='bbox 907 2130 1111 2177; x_wconf 85' lang='lat' dir='ltr'><strong>temere</strong></span> <span class='ocrx_word' id='word_1_260' title='bbox 1182 2124 1251 2178; x_wconf 91' lang='lat' dir='ltr'><strong>ad</strong></span> <span class='ocrx_word' id='word_1_261' title='bbox 1340 2124 1728 2192; x_wconf 79' lang='lat' dir='ltr'><strong>imperatorem</strong></span> <span class='ocrx_word' id='word_1_262' title='bbox 1824 2143 1978 2185; x_wconf 86' lang='lat' dir='ltr'><strong>acce-</strong></span> 
     </span>
    </p>
   </div>
   <div class='ocr_carea' id='block_1_38' title="bbox 402 2215 513 2268">
    <p class='ocr_par' dir='ltr' id='par_1_38' title="bbox 402 2215 513 2268">
     <span class='ocr_line' id='line_1_38' title="bbox 402 2215 513 2268; baseline 0.027 -3"><span class='ocrx_word' id='word_1_263' title='bbox 402 2215 513 2268; x_wconf 84' lang='lat' dir='ltr'><strong>dat.</strong></span> 
     </span>
    </p>
   </div>
   <div class='ocr_carea' id='block_1_39' title="bbox 471 2395 1976 2466">
    <p class='ocr_par' dir='ltr' id='par_1_39' title="bbox 471 2395 1976 2466">
     <span class='ocr_line' id='line_1_39' title="bbox 471 2395 1976 2466; baseline 0.003 -17"><span class='ocrx_word' id='word_1_264' title='bbox 471 2397 697 2466; x_wconf 87' lang='lat' dir='ltr'><strong>Insuper</strong></span> <span class='ocrx_word' id='word_1_265' title='bbox 732 2403 1095 2465; x_wconf 83' lang='lat' dir='ltr'><strong>protostrator</strong></span> <span class='ocrx_word' id='word_1_266' title='bbox 1125 2406 1208 2452; x_wconf 89' lang='lat' dir='ltr'><strong>est</strong></span> <span class='ocrx_word' id='word_1_267' title='bbox 1235 2395 1494 2452; x_wconf 81' lang='lat' dir='ltr'><strong>defensor</strong></span> <span class='ocrx_word' id='word_1_268' title='bbox 1515 2413 1703 2452; x_wconf 88' lang='lat' dir='ltr'><strong>eorum</strong></span> <span class='ocrx_word' id='word_1_269' title='bbox 1734 2399 1825 2466; x_wconf 86' lang='lat' dir='ltr'><strong>qui</strong></span> <span class='ocrx_word' id='word_1_270' title='bbox 1885 2415 1976 2454; x_wconf 59' lang='lat' dir='ltr'><strong>ex.</strong></span> 
     </span>
    </p>
   </div>
   <div class='ocr_carea' id='block_1_40' title="bbox 400 2490 1977 2560">
    <p class='ocr_par' dir='ltr' id='par_1_40' title="bbox 400 2490 1977 2560">
     <span class='ocr_line' id='line_1_40' title="bbox 400 2490 1977 2560; baseline 0.001 -18"><span class='ocrx_word' id='word_1_271' title='bbox 400 2492 678 2544; x_wconf 77' lang='lat' dir='ltr'><strong>cursiones</strong></span> <span class='ocrx_word' id='word_1_272' title='bbox 714 2490 919 2544; x_wconf 90' lang='lat' dir='ltr'><strong>faciunt</strong></span> <span class='ocrx_word' id='word_1_273' title='bbox 943 2501 995 2544; x_wconf 89' lang='lat' dir='ltr'><strong>et</strong></span> <span class='ocrx_word' id='word_1_274' title='bbox 1034 2492 1242 2560; x_wconf 66' lang='lat' dir='ltr'><strong>praedas</strong></span> <span class='ocrx_word' id='word_1_275' title='bbox 1279 2504 1445 2558; x_wconf 85' lang='lat' dir='ltr'><strong>agunt</strong></span> <span class='ocrx_word' id='word_1_276' title='bbox 1477 2509 1490 2543; x_wconf 90' lang='lat'>:</span> <span class='ocrx_word' id='word_1_277' title='bbox 1522 2507 1645 2543; x_wconf 90' lang='lat' dir='ltr'><strong>cum</strong></span> <span class='ocrx_word' id='word_1_278' title='bbox 1673 2492 1821 2543; x_wconf 89' lang='lat' dir='ltr'><strong>enim</strong></span> <span class='ocrx_word' id='word_1_279' title='bbox 1883 2491 1977 2546; x_wconf 83' lang='lat' dir='ltr'><strong>isti</strong></span> 
     </span>
    </p>
   </div>
   <div class='ocr_carea' id='block_1_41' title="bbox 400 2583 1976 2651">
    <p class='ocr_par' dir='ltr' id='par_1_41' title="bbox 400 2583 1976 2651">
     <span class='ocr_line' id='line_1_41' title="bbox 400 2583 1976 2651; baseline 0.002 -18"><span class='ocrx_word' id='word_1_280' title='bbox 400 2597 576 2650; x_wconf 87' lang='lat' dir='ltr'><strong>neque</strong></span> <span class='ocrx_word' id='word_1_281' title='bbox 607 2591 820 2635; x_wconf 87' lang='lat' dir='ltr'><strong>certum</strong></span> <span class='ocrx_word' id='word_1_282' title='bbox 881 2583 1129 2636; x_wconf 90' lang='lat' dir='ltr'><strong>ordinem</strong></span> <span class='ocrx_word' id='word_1_283' title='bbox 1174 2599 1346 2650; x_wconf 80' lang='lat' dir='ltr'><strong>neque</strong></span> <span class='ocrx_word' id='word_1_284' title='bbox 1389 2598 1668 2651; x_wconf 79' lang='lat' dir='ltr'><strong>proprium</strong></span> <span class='ocrx_word' id='word_1_285' title='bbox 1722 2583 1976 2636; x_wconf 82' lang='lat' dir='ltr'><strong>flammu-</strong></span> 
     </span>
    </p>
   </div>
   <div class='ocr_carea' id='block_1_42' title="bbox 398 2673 1974 2740">
    <p class='ocr_par' dir='ltr' id='par_1_42' title="bbox 398 2673 1974 2740">
     <span class='ocr_line' id='line_1_42' title="bbox 398 2673 1974 2740; baseline 0.004 -17"><span class='ocrx_word' id='word_1_286' title='bbox 398 2673 505 2724; x_wconf 86' lang='lat' dir='ltr'><strong>lum</strong></span> <span class='ocrx_word' id='word_1_287' title='bbox 530 2674 787 2736; x_wconf 88' lang='lat' dir='ltr'><strong>habeant,</strong></span> <span class='ocrx_word' id='word_1_288' title='bbox 818 2673 911 2729; x_wconf 90' lang='lat' dir='ltr'><strong>sed</strong></span> <span class='ocrx_word' id='word_1_289' title='bbox 968 2673 1193 2728; x_wconf 78' lang='lat' dir='ltr'><strong>confuse</strong></span> <span class='ocrx_word' id='word_1_290' title='bbox 1220 2685 1273 2727; x_wconf 88' lang='lat' dir='ltr'><strong>et</strong></span> <span class='ocrx_word' id='word_1_291' title='bbox 1295 2677 1411 2728; x_wconf 85' lang='lat' dir='ltr'><strong>sine</strong></span> <span class='ocrx_word' id='word_1_292' title='bbox 1460 2679 1652 2728; x_wconf 90' lang='lat' dir='ltr'><strong>ordine</strong></span> <span class='ocrx_word' id='word_1_293' title='bbox 1706 2675 1974 2740; x_wconf 85' lang='lat' dir='ltr'><strong>ferantur,</strong></span> 
     </span>
    </p>
   </div>
   <div class='ocr_carea' id='block_1_43' title="bbox 398 2766 1979 2834">
    <p class='ocr_par' dir='ltr' id='par_1_43' title="bbox 398 2766 1979 2834">
     <span class='ocr_line' id='line_1_43' title="bbox 398 2766 1979 2834; baseline 0.002 -17"><span class='ocrx_word' id='word_1_294' title='bbox 398 2775 756 2834; x_wconf 87' lang='lat' dir='ltr'><strong>protostrator</strong></span> <span class='ocrx_word' id='word_1_295' title='bbox 782 2780 920 2834; x_wconf 86' lang='lat' dir='ltr'><strong>pone</strong></span> <span class='ocrx_word' id='word_1_296' title='bbox 956 2767 1263 2819; x_wconf 89' lang='lat' dir='ltr'><strong>consistens</strong></span> <span class='ocrx_word' id='word_1_297' title='bbox 1296 2766 1538 2820; x_wconf 81' lang='lat' dir='ltr'><strong>defendit</strong></span> <span class='ocrx_word' id='word_1_298' title='bbox 1570 2768 1714 2829; x_wconf 83' lang='lat' dir='ltr'><strong>illus,</strong></span> <span class='ocrx_word' id='word_1_299' title='bbox 1769 2769 1814 2821; x_wconf 89' lang='lat' dir='ltr'><strong>si</strong></span> <span class='ocrx_word' id='word_1_300' title='bbox 1865 2769 1979 2822; x_wconf 84' lang='lat' dir='ltr'><strong>bel-</strong></span> 
     </span>
    </p>
   </div>
   <div class='ocr_carea' id='block_1_44' title="bbox 397 2855 1982 2926">
    <p class='ocr_par' dir='ltr' id='par_1_44' title="bbox 397 2855 1982 2926">
     <span class='ocr_line' id='line_1_44' title="bbox 397 2855 1982 2926; baseline 0.002 -17"><span class='ocrx_word' id='word_1_301' title='bbox 397 2859 506 2910; x_wconf 89' lang='lat' dir='ltr'><strong>lum</strong></span> <span class='ocrx_word' id='word_1_302' title='bbox 537 2859 774 2926; x_wconf 79' lang='lat' dir='ltr'><strong>ingruat.</strong></span> <span class='ocrx_word' id='word_1_303' title='bbox 808 2855 934 2909; x_wconf 88' lang='lat' dir='ltr'><strong>ldeo</strong></span> <span class='ocrx_word' id='word_1_304' title='bbox 956 2857 1122 2909; x_wconf 85' lang='lat' dir='ltr'><strong>etiam</strong></span> <span class='ocrx_word' id='word_1_305' title='bbox 1151 2865 1516 2923; x_wconf 87' lang='lat' dir='ltr'><strong>protostrator</strong></span> <span class='ocrx_word' id='word_1_306' title='bbox 1549 2857 1875 2924; x_wconf 73' lang='lat' dir='ltr'><strong>appellatur,</strong></span> <span class='ocrx_word' id='word_1_307' title='bbox 1899 2859 1982 2912; x_wconf 90' lang='lat' dir='ltr'><strong>ni-</strong></span> 
     </span>
    </p>
   </div>
   <div class='ocr_carea' id='block_1_45' title="bbox 396 2949 1982 3018">
    <p class='ocr_par' dir='ltr' id='par_1_45' title="bbox 396 2949 1982 3018">
     <span class='ocr_line' id='line_1_45' title="bbox 396 2949 1982 3018; baseline 0.001 -16"><span class='ocrx_word' id='word_1_308' title='bbox 396 2950 594 3002; x_wconf 86' lang='lat' dir='ltr'><strong>mirum</strong></span> <span class='ocrx_word' id='word_1_309' title='bbox 633 2950 776 3018; x_wconf 89' lang='lat' dir='ltr'><strong>quod</strong></span> <span class='ocrx_word' id='word_1_310' title='bbox 807 2949 1284 3003; x_wconf 85' lang='lat' dir='ltr'><strong>antecedattotum</strong></span> <span class='ocrx_word' id='word_1_311' title='bbox 1318 2951 1569 3017; x_wconf 67' lang='grc' dir='ltr'>στρατόν,</span> <span class='ocrx_word' id='word_1_312' title='bbox 1593 2951 1694 3002; x_wconf 89' lang='lat' dir='ltr'><strong>hoc</strong></span> <span class='ocrx_word' id='word_1_313' title='bbox 1714 2960 1796 3003; x_wconf 91' lang='lat' dir='ltr'><strong>est</strong></span> <span class='ocrx_word' id='word_1_314' title='bbox 1826 2966 1982 3004; x_wconf 72' lang='lat' dir='ltr'><strong>exer-</strong></span> 
     </span>
    </p>
   </div>
   <div class='ocr_carea' id='block_1_46' title="bbox 396 3041 1980 3110">
    <p class='ocr_par' dir='ltr' id='par_1_46' title="bbox 396 3041 1980 3110">
     <span class='ocr_line' id='line_1_46' title="bbox 396 3041 1980 3110; baseline 0.002 -16"><span class='ocrx_word' id='word_1_315' title='bbox 396 3043 586 3095; x_wconf 82' lang='lat' dir='ltr'><strong>citum.</strong></span> <span class='ocrx_word' id='word_1_316' title='bbox 625 3041 702 3094; x_wconf 83' lang='lat' dir='ltr'><strong>Ex</strong></span> <span class='ocrx_word' id='word_1_317' title='bbox 732 3041 1060 3094; x_wconf 87' lang='lat' dir='ltr'><strong>animalibus</strong></span> <span class='ocrx_word' id='word_1_318' title='bbox 1089 3056 1216 3093; x_wconf 81' lang='lat' dir='ltr'><strong>vero</strong></span> <span class='ocrx_word' id='word_1_319' title='bbox 1246 3042 1421 3107; x_wconf 65' lang='lat' dir='ltr'><strong>praeda</strong></span> <span class='ocrx_word' id='word_1_320' title='bbox 1458 3043 1686 3104; x_wconf 84' lang='lat' dir='ltr'><strong>abactis,</strong></span> <span class='ocrx_word' id='word_1_321' title='bbox 1718 3060 1943 3110; x_wconf 78' lang='lat' dir='ltr'><strong>quzecun</strong></span> <span class='ocrx_word' id='word_1_322' title='bbox 1963 3074 1980 3088; x_wconf 89' lang='lat'><strong>-</strong></span> 
     </span>
    </p>
   </div>
   <div class='ocr_carea' id='block_1_47' title="bbox 2081 1961 3658 2032">
    <p class='ocr_par' dir='ltr' id='par_1_47' title="bbox 2081 1961 3658 2032">
     <span class='ocr_line' id='line_1_47' title="bbox 2081 1961 3658 2032; baseline 0 -20"><span class='ocrx_word' id='word_1_323' title='bbox 2081 1975 2297 2028; x_wconf 81' lang='grc' dir='ltr'>φουσιν,</span> <span class='ocrx_word' id='word_1_324' title='bbox 2332 1962 2470 2030; x_wconf 83' lang='grc' dir='ltr'>μετὰ</span> <span class='ocrx_word' id='word_1_325' title='bbox 2497 1961 2554 2014; x_wconf 73' lang='grc' dir='ltr'>δὲ</span> <span class='ocrx_word' id='word_1_326' title='bbox 2579 1962 2636 2014; x_wconf 79' lang='grc' dir='ltr'><strong>τὸ</strong></span> <span class='ocrx_word' id='word_1_327' title='bbox 2672 1961 2852 2031; x_wconf 81' lang='grc' dir='ltr'>γεῦμα</span> <span class='ocrx_word' id='word_1_328' title='bbox 2886 1962 3177 2032; x_wconf 83' lang='grc' dir='ltr'>μεθύουσιν</span> <span class='ocrx_word' id='word_1_329' title='bbox 3198 1961 3273 2024; x_wconf 82' lang='grc' dir='ltr'>ὡς</span> <span class='ocrx_word' id='word_1_330' title='bbox 3304 1963 3395 2014; x_wconf 72' lang='grc' dir='ltr'><strong>ἐπὶ</strong></span> <span class='ocrx_word' id='word_1_331' title='bbox 3423 1962 3484 2014; x_wconf 83' lang='grc' dir='ltr'>τὸ</span> <span class='ocrx_word' id='word_1_332' title='bbox 3511 1962 3658 2014; x_wconf 81' lang='grc' dir='ltr'>πλεῖ-</span> 
     </span>
    </p>
   </div>
   <div class='ocr_carea' id='block_1_48' title="bbox 2083 2054 3656 2124">
    <p class='ocr_par' dir='ltr' id='par_1_48' title="bbox 2083 2054 3656 2124">
     <span class='ocr_line' id='line_1_48' title="bbox 2083 2054 3656 2124; baseline 0 -18"><span class='ocrx_word' id='word_1_333' title='bbox 2083 2069 2207 2106; x_wconf 90' lang='grc' dir='ltr'>στον</span> <span class='ocrx_word' id='word_1_334' title='bbox 2253 2055 2345 2106; x_wconf 80' lang='grc' dir='ltr'>καὶ</span> <span class='ocrx_word' id='word_1_335' title='bbox 2396 2057 2830 2124; x_wconf 79' lang='grc' dir='ltr'>προπετέστεροι</span> <span class='ocrx_word' id='word_1_336' title='bbox 2876 2057 3136 2122; x_wconf 82' lang='grc' dir='ltr'>γίνονται,</span> <span class='ocrx_word' id='word_1_337' title='bbox 3165 2054 3393 2117; x_wconf 74' lang='grc' dir='ltr'>εἰκότως</span> <span class='ocrx_word' id='word_1_338' title='bbox 3441 2056 3656 2124; x_wconf 78' lang='grc' dir='ltr'>πρωϊας</span> 
     </span>
    </p>
   </div>
   <div class='ocr_carea' id='block_1_49' title="bbox 2083 2145 3657 2215">
    <p class='ocr_par' dir='ltr' id='par_1_49' title="bbox 2083 2145 3657 2215">
     <span class='ocr_line' id='line_1_49' title="bbox 2083 2145 3657 2215; baseline -0.001 -17"><span class='ocrx_word' id='word_1_339' title='bbox 2083 2145 2182 2214; x_wconf 80' lang='grc' dir='ltr'>μὲν</span> <span class='ocrx_word' id='word_1_340' title='bbox 2219 2145 2543 2209; x_wconf 79' lang='grc' dir='ltr'>σαλπίζουσι</span> <span class='ocrx_word' id='word_1_341' title='bbox 2595 2146 2666 2198; x_wconf 87' lang='grc' dir='ltr'>δι’</span> <span class='ocrx_word' id='word_1_342' title='bbox 2711 2145 2770 2198; x_wconf 81' lang='grc' dir='ltr'>ὃν</span> <span class='ocrx_word' id='word_1_343' title='bbox 2819 2147 3046 2215; x_wconf 84' lang='grc' dir='ltr'>εῐπομεν</span> <span class='ocrx_word' id='word_1_344' title='bbox 3077 2148 3301 2215; x_wconf 84' lang='grc' dir='ltr'>τρόπον,</span> <span class='ocrx_word' id='word_1_345' title='bbox 3337 2147 3480 2213; x_wconf 77' lang='grc' dir='ltr'>μετὰ</span> <span class='ocrx_word' id='word_1_346' title='bbox 3511 2145 3657 2198; x_wconf 80' lang='grc' dir='ltr'>δὲτὸ</span> 
     </span>
    </p>
   </div>
   <div class='ocr_carea' id='block_1_50' title="bbox 2081 2236 3657 2308">
    <p class='ocr_par' dir='ltr' id='par_1_50' title="bbox 2081 2236 3657 2308">
     <span class='ocr_line' id='line_1_50' title="bbox 2081 2236 3657 2308; baseline -0.001 -19"><span class='ocrx_word' id='word_1_347' title='bbox 2081 2237 2265 2304; x_wconf 77' lang='grc' dir='ltr'>γεῦμα</span> <span class='ocrx_word' id='word_1_348' title='bbox 2294 2238 2564 2307; x_wconf 80' lang='grc' dir='ltr'>οὐδαμῶς,</span> <span class='ocrx_word' id='word_1_349' title='bbox 2597 2239 2688 2292; x_wconf 74' lang='grc' dir='ltr'>ἵνα</span> <span class='ocrx_word' id='word_1_350' title='bbox 2741 2238 2814 2308; x_wconf 86' lang='grc' dir='ltr'>μή</span> <span class='ocrx_word' id='word_1_351' title='bbox 2873 2256 2957 2300; x_wconf 90' lang='grc' dir='ltr'><strong>τις</strong></span> <span class='ocrx_word' id='word_1_352' title='bbox 3013 2237 3228 2307; x_wconf 84' lang='grc' dir='ltr'>μεθύων</span> <span class='ocrx_word' id='word_1_353' title='bbox 3259 2237 3510 2299; x_wconf 79' lang='grc' dir='ltr'>ἀτάκτως</span> <span class='ocrx_word' id='word_1_354' title='bbox 3561 2236 3657 2290; x_wconf 81' lang='grc' dir='ltr'><strong>καὶ</strong></span> 
     </span>
    </p>
   </div>
   <div class='ocr_carea' id='block_1_51' title="bbox 2081 2329 3056 2403">
    <p class='ocr_par' dir='ltr' id='par_1_51' title="bbox 2081 2329 3056 2403">
     <span class='ocr_line' id='line_1_51' title="bbox 2081 2329 3056 2403; baseline -0.001 -22"><span class='ocrx_word' id='word_1_355' title='bbox 2081 2329 2369 2398; x_wconf 79' lang='grc' dir='ltr'>προπετῶς</span> <span class='ocrx_word' id='word_1_356' title='bbox 2402 2331 2677 2403; x_wconf 75' lang='grc' dir='ltr'>προσέλθῃ</span> <span class='ocrx_word' id='word_1_357' title='bbox 2717 2331 2793 2399; x_wconf 84' lang='grc' dir='ltr'>τῷ</span> <span class='ocrx_word' id='word_1_358' title='bbox 2825 2330 3056 2399; x_wconf 77' lang='grc' dir='ltr'>βασιλεῖ,</span> 
     </span>
    </p>
   </div>
   <div class='ocr_carea' id='block_1_52' title="bbox 2156 2419 3658 2492">
    <p class='ocr_par' dir='ltr' id='par_1_52' title="bbox 2156 2419 3658 2492">
     <span class='ocr_line' id='line_1_52' title="bbox 2156 2419 3658 2492; baseline 0.001 -21"><span class='ocrx_word' id='word_1_359' title='bbox 2156 2419 2276 2472; x_wconf 87' lang='grc' dir='ltr'><strong>Ἔτι</strong></span> <span class='ocrx_word' id='word_1_360' title='bbox 2311 2423 2337 2472; x_wconf 83' lang='grc' dir='ltr'><strong>ὁ</strong></span> <span class='ocrx_word' id='word_1_361' title='bbox 2374 2423 2820 2492; x_wconf 83' lang='grc' dir='ltr'>πρωτοστράτωρ</span> <span class='ocrx_word' id='word_1_362' title='bbox 2845 2423 2925 2475; x_wconf 77' lang='grc' dir='ltr'>ἔνι</span> <span class='ocrx_word' id='word_1_363' title='bbox 2949 2423 3043 2476; x_wconf 71' lang='grc' dir='ltr'>καὶ</span> <span class='ocrx_word' id='word_1_364' title='bbox 3063 2423 3340 2492; x_wconf 82' lang='grc' dir='ltr'>δεφένσωρ</span> <span class='ocrx_word' id='word_1_365' title='bbox 3366 2420 3472 2474; x_wconf 85' lang='grc' dir='ltr'><strong>τῶν</strong></span> <span class='ocrx_word' id='word_1_366' title='bbox 3497 2436 3658 2487; x_wconf 88' lang='grc' dir='ltr'>κουρ-</span> 
     </span>
    </p>
   </div>
   <div class='ocr_carea' id='block_1_53' title="bbox 2081 2514 3656 2586">
    <p class='ocr_par' dir='ltr' id='par_1_53' title="bbox 2081 2514 3656 2586">
     <span class='ocr_line' id='line_1_53' title="bbox 2081 2514 3656 2586; baseline 0.001 -22"><span class='ocrx_word' id='word_1_367' title='bbox 2081 2514 2370 2568; x_wconf 73' lang='grc' dir='ltr'>σευὸντων.</span> <span class='ocrx_word' id='word_1_368' title='bbox 2405 2515 2624 2568; x_wconf 81' lang='grc' dir='ltr'>Τούτων</span> <span class='ocrx_word' id='word_1_369' title='bbox 2671 2517 2780 2584; x_wconf 85' lang='grc' dir='ltr'><strong>γάρ</strong></span> <span class='ocrx_word' id='word_1_370' title='bbox 2842 2519 2977 2586; x_wconf 80' lang='grc' dir='ltr'>μήτε</span> <span class='ocrx_word' id='word_1_371' title='bbox 3038 2516 3192 2576; x_wconf 79' lang='grc' dir='ltr'>τάξιν</span> <span class='ocrx_word' id='word_1_372' title='bbox 3237 2517 3467 2584; x_wconf 78' lang='grc' dir='ltr'>ἐχόντων</span> <span class='ocrx_word' id='word_1_373' title='bbox 3519 2515 3656 2584; x_wconf 80' lang='grc' dir='ltr'>μήτε</span> 
     </span>
    </p>
   </div>
   <div class='ocr_carea' id='block_1_54' title="bbox 2084 2604 3649 2673">
    <p class='ocr_par' dir='ltr' id='par_1_54' title="bbox 2084 2604 3649 2673">
     <span class='ocr_line' id='line_1_54' title="bbox 2084 2604 3649 2673; baseline -0.002 -18"><span class='ocrx_word' id='word_1_374' title='bbox 2084 2604 2397 2672; x_wconf 61' lang='grc' dir='ltr'>φλάμουλον</span> <span class='ocrx_word' id='word_1_375' title='bbox 2435 2607 2584 2671; x_wconf 75' lang='grc' dir='ltr'>ἴδιον,</span> <span class='ocrx_word' id='word_1_376' title='bbox 2614 2607 2729 2659; x_wconf 74' lang='grc' dir='ltr'>ἀλλ’</span> <span class='ocrx_word' id='word_1_377' title='bbox 2763 2607 3010 2669; x_wconf 81' lang='grc' dir='ltr'>ἀτάκτως</span> <span class='ocrx_word' id='word_1_378' title='bbox 3037 2606 3209 2668; x_wconf 78' lang='grc' dir='ltr'>οὑτως</span> <span class='ocrx_word' id='word_1_379' title='bbox 3242 2605 3649 2673; x_wconf 81' lang='grc' dir='ltr'>ἀπολυομένων,</span> 
     </span>
    </p>
   </div>
   <div class='ocr_carea' id='block_1_55' title="bbox 2081 2697 3654 2768">
    <p class='ocr_par' dir='ltr' id='par_1_55' title="bbox 2081 2697 3654 2768">
     <span class='ocr_line' id='line_1_55' title="bbox 2081 2697 3654 2768; baseline 0 -21"><span class='ocrx_word' id='word_1_380' title='bbox 2081 2698 2110 2747; x_wconf 83' lang='grc' dir='ltr'><strong>ὁ</strong></span> <span class='ocrx_word' id='word_1_381' title='bbox 2137 2701 2578 2767; x_wconf 76' lang='grc' dir='ltr'>πρωτοστρὰτωρ</span> <span class='ocrx_word' id='word_1_382' title='bbox 2605 2699 2780 2751; x_wconf 81' lang='grc' dir='ltr'>ὀπίσω</span> <span class='ocrx_word' id='word_1_383' title='bbox 2814 2698 3020 2751; x_wconf 90' lang='grc' dir='ltr'>τούτων</span> <span class='ocrx_word' id='word_1_384' title='bbox 3048 2699 3435 2768; x_wconf 72' lang='grc' dir='ltr'>εὑρισκόμενος</span> <span class='ocrx_word' id='word_1_385' title='bbox 3463 2697 3654 2763; x_wconf 84' lang='grc' dir='ltr'>δεφεν-</span> 
     </span>
    </p>
   </div>
   <div class='ocr_carea' id='block_1_56' title="bbox 2081 2790 3655 2860">
    <p class='ocr_par' dir='ltr' id='par_1_56' title="bbox 2081 2790 3655 2860">
     <span class='ocr_line' id='line_1_56' title="bbox 2081 2790 3655 2860; baseline 0.001 -21"><span class='ocrx_word' id='word_1_386' title='bbox 2081 2790 2226 2842; x_wconf 84' lang='grc' dir='ltr'>δεύει</span> <span class='ocrx_word' id='word_1_387' title='bbox 2264 2792 2512 2855; x_wconf 80' lang='grc' dir='ltr'>τούτους,</span> <span class='ocrx_word' id='word_1_388' title='bbox 2542 2793 2636 2844; x_wconf 61' lang='lat' dir='ltr'><strong>raw</strong></span> <span class='ocrx_word' id='word_1_389' title='bbox 2665 2793 2769 2860; x_wconf 82' lang='grc' dir='ltr'>ἄρα</span> <span class='ocrx_word' id='word_1_390' title='bbox 2803 2792 3041 2858; x_wconf 84' lang='grc' dir='ltr'>πόλεμον</span> <span class='ocrx_word' id='word_1_391' title='bbox 3075 2791 3310 2858; x_wconf 83' lang='grc' dir='ltr'>εὑρωσιν</span> <span class='ocrx_word' id='word_1_392' title='bbox 3333 2807 3347 2823; x_wconf 78' lang='grc' dir='ltr'><strong><em>ο</em></strong></span> <span class='ocrx_word' id='word_1_393' title='bbox 3376 2791 3464 2842; x_wconf 82' lang='grc' dir='ltr'><strong>διὰ</strong></span> <span class='ocrx_word' id='word_1_394' title='bbox 3498 2790 3655 2842; x_wconf 87' lang='grc' dir='ltr'>τοῦτο</span> 
     </span>
    </p>
   </div>
   <div class='ocr_carea' id='block_1_57' title="bbox 2081 2882 3657 2952">
    <p class='ocr_par' dir='ltr' id='par_1_57' title="bbox 2081 2882 3657 2952">
     <span class='ocr_line' id='line_1_57' title="bbox 2081 2882 3657 2952; baseline -0.003 -16"><span class='ocrx_word' id='word_1_395' title='bbox 2081 2884 2175 2936; x_wconf 74' lang='grc' dir='ltr'><strong>καὶ</strong></span> <span class='ocrx_word' id='word_1_396' title='bbox 2220 2886 2330 2950; x_wconf 76' lang='grc' dir='ltr'>γὰρ</span> <span class='ocrx_word' id='word_1_397' title='bbox 2364 2885 2806 2952; x_wconf 77' lang='grc' dir='ltr'>πρωτοστράτωρ</span> <span class='ocrx_word' id='word_1_398' title='bbox 2855 2884 3125 2944; x_wconf 77' lang='grc' dir='ltr'>καλεῖται,</span> <span class='ocrx_word' id='word_1_399' title='bbox 3161 2883 3248 2934; x_wconf 81' lang='grc' dir='ltr'>διὰ</span> <span class='ocrx_word' id='word_1_400' title='bbox 3279 2882 3339 2933; x_wconf 75' lang='grc' dir='ltr'>τὸ</span> <span class='ocrx_word' id='word_1_401' title='bbox 3391 2883 3657 2949; x_wconf 84' lang='grc' dir='ltr'>προηγεῖ-</span> 
     </span>
    </p>
   </div>
   <div class='ocr_carea' id='block_1_58' title="bbox 2084 2973 3656 3043">
    <p class='ocr_par' dir='ltr' id='par_1_58' title="bbox 2084 2973 3656 3043">
     <span class='ocr_line' id='line_1_58' title="bbox 2084 2973 3656 3043; baseline -0.002 -17"><span class='ocrx_word' id='word_1_402' title='bbox 2084 2975 2205 3026; x_wconf 83' lang='grc' dir='ltr'>σθαι</span> <span class='ocrx_word' id='word_1_403' title='bbox 2231 2975 2432 3037; x_wconf 82' lang='grc' dir='ltr'>παντὸς</span> <span class='ocrx_word' id='word_1_404' title='bbox 2463 2975 2628 3028; x_wconf 86' lang='grc' dir='ltr'>αὑτοῦ</span> <span class='ocrx_word' id='word_1_405' title='bbox 2659 2975 2751 3028; x_wconf 90' lang='grc' dir='ltr'><strong>τοῦ</strong></span> <span class='ocrx_word' id='word_1_406' title='bbox 2801 2975 3051 3043; x_wconf 88' lang='grc' dir='ltr'>στρατοῦ.</span> <span class='ocrx_word' id='word_1_407' title='bbox 3096 2975 3229 3025; x_wconf 80' lang='grc' dir='ltr'>Ἀπὸ</span> <span class='ocrx_word' id='word_1_408' title='bbox 3263 2973 3318 3025; x_wconf 82' lang='grc' dir='ltr'>δὲ</span> <span class='ocrx_word' id='word_1_409' title='bbox 3347 2973 3462 3024; x_wconf 84' lang='grc' dir='ltr'><strong>τῶν</strong></span> <span class='ocrx_word' id='word_1_410' title='bbox 3493 2988 3656 3040; x_wconf 89' lang='grc' dir='ltr'>κουρ-</span> 
     </span>
    </p>
   </div>
   <div class='ocr_carea' id='block_1_59' title="bbox 2086 3063 3652 3134">
    <p class='ocr_par' dir='ltr' id='par_1_59' title="bbox 2086 3063 3652 3134">
     <span class='ocr_line' id='line_1_59' title="bbox 2086 3063 3652 3134; baseline 0.001 -18"><span class='ocrx_word' id='word_1_411' title='bbox 2086 3065 2392 3134; x_wconf 77' lang='grc' dir='ltr'>σευομένων</span> <span class='ocrx_word' id='word_1_412' title='bbox 2422 3069 2600 3120; x_wconf 76' lang='grc' dir='ltr'>πάντα</span> <span class='ocrx_word' id='word_1_413' title='bbox 2623 3067 2689 3118; x_wconf 84' lang='grc' dir='ltr'><strong>τὰ</strong></span> <span class='ocrx_word' id='word_1_414' title='bbox 2715 3066 2952 3130; x_wconf 75' lang='grc' dir='ltr'>ποικίλα,</span> <span class='ocrx_word' id='word_1_415' title='bbox 2969 3065 3005 3117; x_wconf 84' lang='grc' dir='ltr'><strong>ἂ.</strong></span> <span class='ocrx_word' id='word_1_416' title='bbox 3024 3063 3381 3134; x_wconf 76' lang='grc' dir='ltr'>ὀνομάζονται</span> <span class='ocrx_word' id='word_1_417' title='bbox 3409 3064 3652 3132; x_wconf 81' lang='grc' dir='ltr'>φυτίλια,</span> 
     </span>
    </p>
   </div>
   <div class='ocr_carea' id='block_1_60' title="bbox 395 3133 1974 3228">
    <p class='ocr_par' dir='ltr' id='par_1_60' title="bbox 395 3135 1974 3205">
     <span class='ocr_line' id='line_1_60' title="bbox 395 3135 1974 3205; baseline 0.006 -20"><span class='ocrx_word' id='word_1_418' title='bbox 395 3149 502 3203; x_wconf 90' lang='lat' dir='ltr'><strong>que</strong></span> <span class='ocrx_word' id='word_1_419' title='bbox 520 3135 703 3189; x_wconf 89' lang='lat' dir='ltr'><strong>colore</strong></span> <span class='ocrx_word' id='word_1_420' title='bbox 722 3143 852 3187; x_wconf 89' lang='lat' dir='ltr'><strong>sunt</strong></span> <span class='ocrx_word' id='word_1_421' title='bbox 882 3136 1053 3196; x_wconf 86' lang='lat' dir='ltr'><strong>varia,</strong></span> <span class='ocrx_word' id='word_1_422' title='bbox 1075 3149 1194 3202; x_wconf 75' lang='lat' dir='ltr'><strong>quae</strong></span> <span class='ocrx_word' id='word_1_423' title='bbox 1216 3136 1570 3189; x_wconf 88' lang='lat' dir='ltr'><strong>nominantur</strong></span> <span class='ocrx_word' id='word_1_424' title='bbox 1591 3136 1837 3205; x_wconf 86' lang='lat' dir='ltr'><strong>phytilia,</strong></span> <span class='ocrx_word' id='word_1_425' title='bbox 1863 3154 1974 3194; x_wconf 75' lang='lat' dir='ltr'><strong>mos</strong></span> 
     </span>
    </p>
   </div>
   <div class='ocr_carea' id='block_1_61' title="bbox 2085 3133 3317 3228">
    <p class='ocr_par' dir='ltr' id='par_1_61' title="bbox 2085 3133 3317 3228">
     <span class='ocr_line' id='line_1_61' title="bbox 2085 3133 3317 3228; baseline 0.001 -21"><span class='ocrx_word' id='word_1_426' title='bbox 2085 3157 2201 3220; x_wconf 75' lang='grc' dir='ltr'>ἔθος</span> <span class='ocrx_word' id='word_1_427' title='bbox 2222 3133 2349 3211; x_wconf 67' lang='grc' dir='ltr'>εστὶ</span> <span class='ocrx_word' id='word_1_428' title='bbox 2381 3159 2678 3228; x_wconf 81' lang='grc' dir='ltr'>λαμόάνειν</span> <span class='ocrx_word' id='word_1_429' title='bbox 2711 3173 2800 3209; x_wconf 92' lang='grc' dir='ltr'><strong>τον</strong></span> <span class='ocrx_word' id='word_1_430' title='bbox 2833 3154 3317 3225; x_wconf 87' lang='grc' dir='ltr'>πρωτοστράτορα.</span> 
     </span>
    </p>
   </div>
   <div class='ocr_carea' id='block_1_62' title="bbox 395 3227 1249 3297">
    <p class='ocr_par' dir='ltr' id='par_1_62' title="bbox 395 3227 1249 3297">
     <span class='ocr_line' id='line_1_62' title="bbox 395 3227 1249 3297; baseline -0.005 -12"><span class='ocrx_word' id='word_1_431' title='bbox 395 3238 476 3285; x_wconf 85' lang='lat' dir='ltr'><strong>cst</strong></span> <span class='ocrx_word' id='word_1_432' title='bbox 496 3236 951 3297; x_wconf 88' lang='lat' dir='ltr'><strong>protostratorem</strong></span> <span class='ocrx_word' id='word_1_433' title='bbox 983 3227 1249 3295; x_wconf 85' lang='lat' dir='ltr'><strong>accipere.</strong></span> 
     </span>
    </p>
   </div>
   <div class='ocr_carea' id='block_1_63' title="bbox 466 3321 1983 3401">
    <p class='ocr_par' dir='ltr' id='par_1_63' title="bbox 466 3321 1983 3401">
     <span class='ocr_line' id='line_1_63' title="bbox 466 3321 1983 3401; baseline 0.003 -26"><span class='ocrx_word' id='word_1_434' title='bbox 466 3323 699 3390; x_wconf 85' lang='lat' dir='ltr'><strong>Magnus</strong></span> <span class='ocrx_word' id='word_1_435' title='bbox 730 3321 1003 3391; x_wconf 86' lang='lat' dir='ltr'><strong>logotheta</strong></span> <span class='ocrx_word' id='word_1_436' title='bbox 1039 3330 1194 3374; x_wconf 89' lang='lat' dir='ltr'><strong>curat</strong></span> <span class='ocrx_word' id='word_1_437' title='bbox 1243 3322 1408 3376; x_wconf 86' lang='lat' dir='ltr'><strong>missa</strong></span> <span class='ocrx_word' id='word_1_438' title='bbox 1443 3325 1693 3379; x_wconf 88' lang='lat' dir='ltr'><strong>mandata</strong></span> <span class='ocrx_word' id='word_1_439' title='bbox 1723 3336 1775 3381; x_wconf 88' lang='lat' dir='ltr'><strong>et</strong></span> <span class='ocrx_word' id='word_1_440' title='bbox 1821 3329 1983 3401; x_wconf 76' lang='lat' dir='ltr'><strong>chry-</strong></span> 
     </span>
    </p>
   </div>
   <div class='ocr_carea' id='block_1_64' title="bbox 396 3412 1982 3487">
    <p class='ocr_par' dir='ltr' id='par_1_64' title="bbox 396 3412 1982 3487">
     <span class='ocr_line' id='line_1_64' title="bbox 396 3412 1982 3487; baseline 0.004 -21"><span class='ocrx_word' id='word_1_441' title='bbox 396 3413 637 3466; x_wconf 88' lang='lat' dir='ltr'><strong>sobullas</strong></span> <span class='ocrx_word' id='word_1_442' title='bbox 661 3427 753 3465; x_wconf 91' lang='lat' dir='ltr'><strong>seu</strong></span> <span class='ocrx_word' id='word_1_443' title='bbox 783 3426 978 3466; x_wconf 88' lang='lat' dir='ltr'><strong>aureas</strong></span> <span class='ocrx_word' id='word_1_444' title='bbox 1001 3412 1209 3466; x_wconf 87' lang='lat' dir='ltr'><strong>litteras</strong></span> <span class='ocrx_word' id='word_1_445' title='bbox 1228 3413 1292 3465; x_wconf 89' lang='lat' dir='ltr'><strong>ad</strong></span> <span class='ocrx_word' id='word_1_446' title='bbox 1321 3428 1496 3482; x_wconf 89' lang='lat' dir='ltr'><strong>reges,</strong></span> <span class='ocrx_word' id='word_1_447' title='bbox 1515 3416 1781 3483; x_wconf 85' lang='lat' dir='ltr'><strong>sultanos,</strong></span> <span class='ocrx_word' id='word_1_448' title='bbox 1801 3429 1982 3487; x_wconf 84' lang='lat' dir='ltr'><strong>tepar-</strong></span> 
     </span>
    </p>
   </div>
   <div class='ocr_carea' id='block_1_65' title="bbox 394 3503 1978 3582">
    <p class='ocr_par' dir='ltr' id='par_1_65' title="bbox 394 3503 1978 3582">
     <span class='ocr_line' id='line_1_65' title="bbox 394 3503 1978 3582; baseline 0.004 -24"><span class='ocrx_word' id='word_1_449' title='bbox 394 3505 549 3558; x_wconf 82' lang='lat' dir='ltr'><strong>chas.</strong></span> <span class='ocrx_word' id='word_1_450' title='bbox 615 3503 677 3556; x_wconf 83' lang='lat' dir='ltr'><strong>Et</strong></span> <span class='ocrx_word' id='word_1_451' title='bbox 707 3503 811 3560; x_wconf 90' lang='lat' dir='ltr'><strong>hoc</strong></span> <span class='ocrx_word' id='word_1_452' title='bbox 878 3518 1084 3557; x_wconf 90' lang='lat' dir='ltr'><strong>munus</strong></span> <span class='ocrx_word' id='word_1_453' title='bbox 1120 3504 1406 3572; x_wconf 90' lang='lat' dir='ltr'><strong>proprium</strong></span> <span class='ocrx_word' id='word_1_454' title='bbox 1441 3516 1523 3559; x_wconf 82' lang='lat' dir='ltr'><strong>est</strong></span> <span class='ocrx_word' id='word_1_455' title='bbox 1575 3512 1754 3578; x_wconf 87' lang='lat' dir='ltr'><strong>magni</strong></span> <span class='ocrx_word' id='word_1_456' title='bbox 1821 3512 1978 3582; x_wconf 83' lang='lat' dir='ltr'><strong>logo-</strong></span> 
     </span>
    </p>
   </div>
   <div class='ocr_carea' id='block_1_66' title="bbox 393 3597 578 3652">
    <p class='ocr_par' dir='ltr' id='par_1_66' title="bbox 393 3597 578 3652">
     <span class='ocr_line' id='line_1_66' title="bbox 393 3597 578 3652; baseline -0.005 0"><span class='ocrx_word' id='word_1_457' title='bbox 393 3597 578 3652; x_wconf 64' lang='lat' dir='ltr'><strong>thema.</strong></span> 
     </span>
    </p>
   </div>
   <div class='ocr_carea' id='block_1_67' title="bbox 461 3711 1976 3785">
    <p class='ocr_par' dir='ltr' id='par_1_67' title="bbox 461 3711 1976 3785">
     <span class='ocr_line' id='line_1_67' title="bbox 461 3711 1976 3785; baseline 0.003 -19"><span class='ocrx_word' id='word_1_458' title='bbox 461 3712 567 3783; x_wconf 82' lang='lat'><strong>33</strong></span> <span class='ocrx_word' id='word_1_459' title='bbox 589 3712 877 3768; x_wconf 86' lang='lat' dir='ltr'><strong>Domestici</strong></span> <span class='ocrx_word' id='word_1_460' title='bbox 918 3711 1156 3767; x_wconf 87' lang='lat' dir='ltr'><strong>officium</strong></span> <span class='ocrx_word' id='word_1_461' title='bbox 1181 3720 1264 3767; x_wconf 90' lang='lat' dir='ltr'><strong>est</strong></span> <span class='ocrx_word' id='word_1_462' title='bbox 1292 3720 1349 3766; x_wconf 89' lang='lat' dir='ltr'><strong>ut</strong></span> <span class='ocrx_word' id='word_1_463' title='bbox 1381 3711 1644 3784; x_wconf 85' lang='lat' dir='ltr'><strong>quidquid</strong></span> <span class='ocrx_word' id='word_1_464' title='bbox 1679 3716 1976 3785; x_wconf 84' lang='lat' dir='ltr'><strong>imperator</strong></span> 
     </span>
    </p>
   </div>
   <div class='ocr_carea' id='block_1_68' title="bbox 393 3806 1116 3876">
    <p class='ocr_par' dir='ltr' id='par_1_68' title="bbox 393 3806 1116 3876">
     <span class='ocr_line' id='line_1_68' title="bbox 393 3806 1116 3876; baseline -0.003 -17"><span class='ocrx_word' id='word_1_465' title='bbox 393 3806 714 3876; x_wconf 76' lang='lat' dir='ltr'><strong>przeceperit</strong></span> <span class='ocrx_word' id='word_1_466' title='bbox 764 3816 1116 3875; x_wconf 83' lang='lat' dir='ltr'><strong>exsequatur.</strong></span> 
     </span>
    </p>
   </div>
   <div class='ocr_carea' id='block_1_69' title="bbox 464 3921 1971 3992">
    <p class='ocr_par' dir='ltr' id='par_1_69' title="bbox 464 3921 1971 3992">
     <span class='ocr_line' id='line_1_69' title="bbox 464 3921 1971 3992; baseline 0.002 -18"><span class='ocrx_word' id='word_1_467' title='bbox 464 3922 692 3992; x_wconf 69' lang='lat' dir='ltr'><strong>Magnus</strong></span> <span class='ocrx_word' id='word_1_468' title='bbox 727 3921 1176 3990; x_wconf 83' lang='lat' dir='ltr'><strong>stralopedarcha</strong></span> <span class='ocrx_word' id='word_1_469' title='bbox 1218 3927 1541 3988; x_wconf 86' lang='lat' dir='ltr'><strong>procurator</strong></span> <span class='ocrx_word' id='word_1_470' title='bbox 1582 3930 1666 3974; x_wconf 91' lang='lat' dir='ltr'><strong>est</strong></span> <span class='ocrx_word' id='word_1_471' title='bbox 1727 3924 1971 3978; x_wconf 87' lang='lat' dir='ltr'><strong>omnium</strong></span> 
     </span>
    </p>
   </div>
   <div class='ocr_carea' id='block_1_70' title="bbox 392 4013 1973 4087">
    <p class='ocr_par' dir='ltr' id='par_1_70' title="bbox 392 4013 1973 4087">
     <span class='ocr_line' id='line_1_70' title="bbox 392 4013 1973 4087; baseline 0.002 -18"><span class='ocrx_word' id='word_1_472' title='bbox 392 4017 586 4085; x_wconf 87' lang='lat' dir='ltr'><strong>quibus</strong></span> <span class='ocrx_word' id='word_1_473' title='bbox 605 4018 876 4070; x_wconf 81' lang='lat' dir='ltr'><strong>exercitus</strong></span> <span class='ocrx_word' id='word_1_474' title='bbox 900 4017 1125 4087; x_wconf 85' lang='lat' dir='ltr'><strong>indiget,</strong></span> <span class='ocrx_word' id='word_1_475' title='bbox 1149 4025 1205 4068; x_wconf 93' lang='lat' dir='ltr'><strong>ut</strong></span> <span class='ocrx_word' id='word_1_476' title='bbox 1224 4023 1349 4068; x_wconf 89' lang='lat' dir='ltr'><strong>sunt</strong></span> <span class='ocrx_word' id='word_1_477' title='bbox 1365 4013 1668 4079; x_wconf 88' lang='lat' dir='ltr'><strong>esculenta,</strong></span> <span class='ocrx_word' id='word_1_478' title='bbox 1686 4017 1973 4085; x_wconf 79' lang='lat' dir='ltr'><strong>poculenta</strong></span> 
     </span>
    </p>
   </div>
   <div class='ocr_carea' id='block_1_71' title="bbox 391 4107 1283 4162">
    <p class='ocr_par' dir='ltr' id='par_1_71' title="bbox 391 4107 1283 4162">
     <span class='ocr_line' id='line_1_71' title="bbox 391 4107 1283 4162; baseline 0.001 -1"><span class='ocrx_word' id='word_1_479' title='bbox 391 4117 444 4161; x_wconf 91' lang='lat' dir='ltr'><strong>et</strong></span> <span class='ocrx_word' id='word_1_480' title='bbox 462 4108 646 4160; x_wconf 81' lang='lat' dir='ltr'><strong>omnia</strong></span> <span class='ocrx_word' id='word_1_481' title='bbox 671 4107 737 4160; x_wconf 87' lang='lat' dir='ltr'><strong>ad</strong></span> <span class='ocrx_word' id='word_1_482' title='bbox 755 4108 918 4160; x_wconf 84' lang='lat' dir='ltr'><strong>vitam</strong></span> <span class='ocrx_word' id='word_1_483' title='bbox 947 4109 1283 4162; x_wconf 89' lang='lat' dir='ltr'><strong>necessaria.</strong></span> 
     </span>
    </p>
   </div>
   <div class='ocr_carea' id='block_1_72' title="bbox 410 4219 1970 4295">
    <p class='ocr_par' dir='ltr' id='par_1_72' title="bbox 410 4219 1970 4295">
     <span class='ocr_line' id='line_1_72' title="bbox 410 4219 1970 4295; baseline 0.004 -23"><span class='ocrx_word' id='word_1_484' title='bbox 410 4229 413 4231; x_wconf 83' lang='lat'>&#39;</span> <span class='ocrx_word' id='word_1_485' title='bbox 461 4219 691 4286; x_wconf 72' lang='lat' dir='ltr'><strong>Magnus</strong></span> <span class='ocrx_word' id='word_1_486' title='bbox 726 4219 1093 4287; x_wconf 85' lang='lat' dir='ltr'><strong>primicerius,</strong></span> <span class='ocrx_word' id='word_1_487' title='bbox 1125 4225 1344 4288; x_wconf 87' lang='lat' dir='ltr'><strong>quando</strong></span> <span class='ocrx_word' id='word_1_488' title='bbox 1371 4226 1515 4280; x_wconf 88' lang='lat' dir='ltr'><strong>intra</strong></span> <span class='ocrx_word' id='word_1_489' title='bbox 1579 4227 1843 4295; x_wconf 84' lang='lat' dir='ltr'><strong>palatium</strong></span> <span class='ocrx_word' id='word_1_490' title='bbox 1891 4227 1970 4279; x_wconf 88' lang='lat' dir='ltr'><strong>fa-</strong></span> 
     </span>
    </p>
   </div>
   <div class='ocr_carea' id='block_1_73' title="bbox 393 4309 1966 4377">
    <p class='ocr_par' dir='ltr' id='par_1_73' title="bbox 393 4309 1966 4377">
     <span class='ocr_line' id='line_1_73' title="bbox 393 4309 1966 4377; baseline 0.003 -15"><span class='ocrx_word' id='word_1_491' title='bbox 393 4310 575 4363; x_wconf 88' lang='lat' dir='ltr'><strong>mulus</strong></span> <span class='ocrx_word' id='word_1_492' title='bbox 602 4324 670 4362; x_wconf 76' lang='lat' dir='ltr'><strong>ex</strong></span> <span class='ocrx_word' id='word_1_493' title='bbox 706 4309 986 4372; x_wconf 81' lang='lat' dir='ltr'><strong>vestiario,</strong></span> <span class='ocrx_word' id='word_1_494' title='bbox 1026 4311 1417 4365; x_wconf 86' lang='lat' dir='ltr'><strong>circumstante</strong></span> <span class='ocrx_word' id='word_1_495' title='bbox 1464 4315 1767 4368; x_wconf 87' lang='lat' dir='ltr'><strong>aulicorum</strong></span> <span class='ocrx_word' id='word_1_496' title='bbox 1800 4326 1966 4377; x_wconf 59' lang='lat' dir='ltr'><strong>coetu,</strong></span> 
     </span>
    </p>
   </div>
   <div class='ocr_carea' id='block_1_74' title="bbox 392 4399 1964 4471">
    <p class='ocr_par' dir='ltr' id='par_1_74' title="bbox 392 4399 1964 4471">
     <span class='ocr_line' id='line_1_74' title="bbox 392 4399 1964 4471; baseline 0.003 -19"><span class='ocrx_word' id='word_1_497' title='bbox 392 4399 736 4467; x_wconf 85' lang='lat' dir='ltr'><strong>imperatoris</strong></span> <span class='ocrx_word' id='word_1_498' title='bbox 775 4408 1047 4466; x_wconf 88' lang='lat' dir='ltr'><strong>sceptrum</strong></span> <span class='ocrx_word' id='word_1_499' title='bbox 1077 4400 1241 4453; x_wconf 90' lang='lat' dir='ltr'><strong>etiam</strong></span> <span class='ocrx_word' id='word_1_500' title='bbox 1270 4416 1442 4470; x_wconf 88' lang='lat' dir='ltr'><strong>usque</strong></span> <span class='ocrx_word' id='word_1_501' title='bbox 1471 4403 1538 4455; x_wconf 91' lang='lat' dir='ltr'><strong>ad</strong></span> <span class='ocrx_word' id='word_1_502' title='bbox 1577 4403 1797 4471; x_wconf 86' lang='lat' dir='ltr'><strong>duplam</strong></span> <span class='ocrx_word' id='word_1_503' title='bbox 1868 4406 1964 4458; x_wconf 85' lang='lat' dir='ltr'><strong>tri-</strong></span> 
     </span>
    </p>
   </div>
   <div class='ocr_carea' id='block_1_75' title="bbox 391 4491 1965 4565">
    <p class='ocr_par' dir='ltr' id='par_1_75' title="bbox 391 4491 1965 4565">
     <span class='ocr_line' id='line_1_75' title="bbox 391 4491 1965 4565; baseline 0.002 -20"><span class='ocrx_word' id='word_1_504' title='bbox 391 4492 538 4546; x_wconf 80' lang='lat' dir='ltr'><strong>clinii</strong></span> <span class='ocrx_word' id='word_1_505' title='bbox 575 4501 779 4560; x_wconf 88' lang='lat' dir='ltr'><strong>partem</strong></span> <span class='ocrx_word' id='word_1_506' title='bbox 823 4491 995 4552; x_wconf 79' lang='lat' dir='ltr'><strong>atfert,</strong></span> <span class='ocrx_word' id='word_1_507' title='bbox 1028 4493 1095 4546; x_wconf 89' lang='lat' dir='ltr'><strong>ab</strong></span> <span class='ocrx_word' id='word_1_508' title='bbox 1133 4497 1323 4547; x_wconf 82' lang='lat' dir='ltr'><strong>eodem</strong></span> <span class='ocrx_word' id='word_1_509' title='bbox 1385 4505 1668 4564; x_wconf 86' lang='lat' dir='ltr'><strong>acceptum</strong></span> <span class='ocrx_word' id='word_1_510' title='bbox 1732 4495 1965 4565; x_wconf 78' lang='lat' dir='ltr'><strong>impera-</strong></span> 
     </span>
    </p>
   </div>
   <div class='ocr_carea' id='block_1_76' title="bbox 392 4585 1964 4656">
    <p class='ocr_par' dir='ltr' id='par_1_76' title="bbox 392 4585 1964 4656">
     <span class='ocr_line' id='line_1_76' title="bbox 392 4585 1964 4656; baseline 0.002 -18"><span class='ocrx_word' id='word_1_511' title='bbox 392 4587 496 4638; x_wconf 91' lang='lat' dir='ltr'><strong>tori</strong></span> <span class='ocrx_word' id='word_1_512' title='bbox 531 4585 799 4654; x_wconf 80' lang='lat' dir='ltr'><strong>porrigit;</strong></span> <span class='ocrx_word' id='word_1_513' title='bbox 833 4594 882 4640; x_wconf 92' lang='lat' dir='ltr'><strong>et</strong></span> <span class='ocrx_word' id='word_1_514' title='bbox 921 4586 1142 4653; x_wconf 79' lang='lat' dir='ltr'><strong>quando</strong></span> <span class='ocrx_word' id='word_1_515' title='bbox 1176 4587 1304 4640; x_wconf 81' lang='lat' dir='ltr'><strong>illud</strong></span> <span class='ocrx_word' id='word_1_516' title='bbox 1344 4587 1410 4640; x_wconf 87' lang='lat' dir='ltr'><strong>ab</strong></span> <span class='ocrx_word' id='word_1_517' title='bbox 1433 4588 1764 4656; x_wconf 88' lang='lat' dir='ltr'><strong>imperatore</strong></span> <span class='ocrx_word' id='word_1_518' title='bbox 1828 4586 1964 4642; x_wconf 89' lang='lat' dir='ltr'><strong>reci—</strong></span> 
     </span>
    </p>
   </div>
   <div class='ocr_carea' id='block_1_77' title="bbox 393 4676 1960 4746">
    <p class='ocr_par' dir='ltr' id='par_1_77' title="bbox 393 4676 1960 4746">
     <span class='ocr_line' id='line_1_77' title="bbox 393 4676 1960 4746; baseline 0.006 -20"><span class='ocrx_word' id='word_1_519' title='bbox 393 4676 491 4743; x_wconf 84' lang='lat' dir='ltr'><strong>pit,</strong></span> <span class='ocrx_word' id='word_1_520' title='bbox 534 4691 675 4745; x_wconf 72' lang='lat' dir='ltr'><strong>saepe</strong></span> <span class='ocrx_word' id='word_1_521' title='bbox 715 4686 1037 4746; x_wconf 85' lang='lat' dir='ltr'><strong>potestatem</strong></span> <span class='ocrx_word' id='word_1_522' title='bbox 1080 4678 1239 4731; x_wconf 85' lang='lat' dir='ltr'><strong>habet</strong></span> <span class='ocrx_word' id='word_1_523' title='bbox 1266 4679 1541 4733; x_wconf 80' lang='lat' dir='ltr'><strong>retinendi</strong></span> <span class='ocrx_word' id='word_1_524' title='bbox 1570 4680 1702 4734; x_wconf 91' lang='lat' dir='ltr'><strong>illud</strong></span> <span class='ocrx_word' id='word_1_525' title='bbox 1729 4681 1960 4736; x_wconf 84' lang='lat' dir='ltr'><strong>honoris</strong></span> 
     </span>
    </p>
   </div>
   <div class='ocr_carea' id='block_1_78' title="bbox 394 4770 1967 4842">
    <p class='ocr_par' dir='ltr' id='par_1_78' title="bbox 394 4770 1967 4842">
     <span class='ocr_line' id='line_1_78' title="bbox 394 4770 1967 4842; baseline 0.001 -20"><span class='ocrx_word' id='word_1_526' title='bbox 394 4771 588 4839; x_wconf 81' lang='lat' dir='ltr'><strong>gratia.</strong></span> <span class='ocrx_word' id='word_1_527' title='bbox 632 4770 912 4842; x_wconf 83' lang='lat' dir='ltr'><strong>Proprium</strong></span> <span class='ocrx_word' id='word_1_528' title='bbox 957 4786 1086 4827; x_wconf 85' lang='lat' dir='ltr'><strong>vero</strong></span> <span class='ocrx_word' id='word_1_529' title='bbox 1145 4773 1400 4827; x_wconf 85' lang='lat' dir='ltr'><strong>baculum</strong></span> <span class='ocrx_word' id='word_1_530' title='bbox 1466 4775 1634 4828; x_wconf 85' lang='lat' dir='ltr'><strong>tradit</strong></span> <span class='ocrx_word' id='word_1_531' title='bbox 1705 4774 1967 4842; x_wconf 61' lang='lat' dir='ltr'><strong>prmtlicto</strong></span> 
     </span>
    </p>
   </div>
   <div class='ocr_carea' id='block_1_79' title="bbox 397 4863 1968 4932">
    <p class='ocr_par' dir='ltr' id='par_1_79' title="bbox 397 4863 1968 4932">
     <span class='ocr_line' id='line_1_79' title="bbox 397 4863 1968 4932; baseline 0.001 -19"><span class='ocrx_word' id='word_1_532' title='bbox 397 4864 887 4928; x_wconf 71' lang='lat' dir='ltr'><strong>vestiariifamulo,</strong></span> <span class='ocrx_word' id='word_1_533' title='bbox 928 4863 1018 4932; x_wconf 91' lang='lat' dir='ltr'><strong>qui</strong></span> <span class='ocrx_word' id='word_1_534' title='bbox 1041 4864 1172 4918; x_wconf 88' lang='lat' dir='ltr'><strong>illud</strong></span> <span class='ocrx_word' id='word_1_535' title='bbox 1215 4863 1371 4918; x_wconf 70' lang='lat' dir='ltr'><strong>eﬂert</strong></span> <span class='ocrx_word' id='word_1_536' title='bbox 1427 4866 1617 4920; x_wconf 82' lang='lat' dir='ltr'><strong>eadem</strong></span> <span class='ocrx_word' id='word_1_537' title='bbox 1660 4863 1968 4920; x_wconf 88' lang='lat' dir='ltr'><strong>ceremonia</strong></span> 
     </span>
    </p>
   </div>
   <div class='ocr_carea' id='block_1_80' title="bbox 397 4956 899 5024">
    <p class='ocr_par' dir='ltr' id='par_1_80' title="bbox 397 4956 899 5024">
     <span class='ocr_line' id='line_1_80' title="bbox 397 4956 899 5024; baseline 0.002 -17"><span class='ocrx_word' id='word_1_538' title='bbox 397 4971 503 5024; x_wconf 85' lang='lat' dir='ltr'><strong>qua</strong></span> <span class='ocrx_word' id='word_1_539' title='bbox 529 4956 899 5024; x_wconf 86' lang='lat' dir='ltr'><strong>imperatoris.</strong></span> 
     </span>
    </p>
   </div>
   <div class='ocr_carea' id='block_1_81' title="bbox 467 5065 1972 5136">
    <p class='ocr_par' dir='ltr' id='par_1_81' title="bbox 467 5065 1972 5136">
     <span class='ocr_line' id='line_1_81' title="bbox 467 5065 1972 5136; baseline -0.003 -16"><span class='ocrx_word' id='word_1_540' title='bbox 467 5068 581 5120; x_wconf 82' lang='lat' dir='ltr'><strong>Mos</strong></span> <span class='ocrx_word' id='word_1_541' title='bbox 615 5082 838 5136; x_wconf 85' lang='lat' dir='ltr'><strong>quoque</strong></span> <span class='ocrx_word' id='word_1_542' title='bbox 877 5066 1086 5119; x_wconf 85' lang='lat' dir='ltr'><strong>obtinet</strong></span> <span class='ocrx_word' id='word_1_543' title='bbox 1125 5077 1181 5119; x_wconf 83' lang='lat' dir='ltr'><strong>ut</strong></span> <span class='ocrx_word' id='word_1_544' title='bbox 1212 5082 1408 5135; x_wconf 77' lang='lat' dir='ltr'><strong>magno</strong></span> <span class='ocrx_word' id='word_1_545' title='bbox 1433 5066 1748 5134; x_wconf 87' lang='lat' dir='ltr'><strong>primicerio</strong></span> <span class='ocrx_word' id='word_1_546' title='bbox 1780 5065 1972 5131; x_wconf 84' lang='lat' dir='ltr'><strong>singu-</strong></span> 
     </span>
    </p>
   </div>
   <div class='ocr_carea' id='block_1_82' title="bbox 401 5159 1969 5227">
    <p class='ocr_par' dir='ltr' id='par_1_82' title="bbox 401 5159 1969 5227">
     <span class='ocr_line' id='line_1_82' title="bbox 401 5159 1969 5227; baseline 0 -17"><span class='ocrx_word' id='word_1_547' title='bbox 401 5161 467 5212; x_wconf 90' lang='lat' dir='ltr'><strong>lis</strong></span> <span class='ocrx_word' id='word_1_548' title='bbox 493 5160 1014 5221; x_wconf 85' lang='lat' dir='ltr'><strong>diebusdominicis,</strong></span> <span class='ocrx_word' id='word_1_549' title='bbox 1040 5169 1263 5227; x_wconf 84' lang='lat' dir='ltr'><strong>propter</strong></span> <span class='ocrx_word' id='word_1_550' title='bbox 1303 5161 1582 5219; x_wconf 89' lang='lat' dir='ltr'><strong>baculum,</strong></span> <span class='ocrx_word' id='word_1_551' title='bbox 1614 5159 1770 5211; x_wconf 87' lang='lat' dir='ltr'><strong>detur</strong></span> <span class='ocrx_word' id='word_1_552' title='bbox 1803 5173 1969 5210; x_wconf 90' lang='lat' dir='ltr'><strong>unum</strong></span> 
     </span>
    </p>
   </div>
   <div class='ocr_carea' id='block_1_83' title="bbox 403 5250 1972 5322">
    <p class='ocr_par' dir='ltr' id='par_1_83' title="bbox 403 5250 1972 5322">
     <span class='ocr_line' id='line_1_83' title="bbox 403 5250 1972 5322; baseline 0.002 -20"><span class='ocrx_word' id='word_1_553' title='bbox 403 5255 764 5322; x_wconf 75' lang='lat' dir='ltr'><strong>hyperpyrum</strong></span> <span class='ocrx_word' id='word_1_554' title='bbox 803 5271 816 5306; x_wconf 90' lang='lat'><strong>:</strong></span> <span class='ocrx_word' id='word_1_555' title='bbox 853 5261 1085 5306; x_wconf 67' lang='lat' dir='ltr'><strong>monetae</strong></span> <span class='ocrx_word' id='word_1_556' title='bbox 1144 5253 1192 5303; x_wconf 91' lang='lat' dir='ltr'><strong>id</strong></span> <span class='ocrx_word' id='word_1_557' title='bbox 1221 5268 1393 5318; x_wconf 81' lang='lat' dir='ltr'><strong>genus</strong></span> <span class='ocrx_word' id='word_1_558' title='bbox 1450 5261 1554 5305; x_wconf 90' lang='lat' dir='ltr'><strong>est.</strong></span> <span class='ocrx_word' id='word_1_559' title='bbox 1615 5250 1670 5304; x_wconf 88' lang='lat' dir='ltr'><strong>Si</strong></span> <span class='ocrx_word' id='word_1_560' title='bbox 1720 5250 1972 5305; x_wconf 79' lang='lat' dir='ltr'><strong>fortassis</strong></span> 
     </span>
    </p>
   </div>
   <div class='ocr_carea' id='block_1_84' title="bbox 404 5340 1972 5410">
    <p class='ocr_par' dir='ltr' id='par_1_84' title="bbox 404 5340 1972 5410">
     <span class='ocr_line' id='line_1_84' title="bbox 404 5340 1972 5410; baseline -0.001 -16"><span class='ocrx_word' id='word_1_561' title='bbox 404 5341 508 5394; x_wconf 82' lang='lat' dir='ltr'><strong>iste</strong></span> <span class='ocrx_word' id='word_1_562' title='bbox 530 5343 690 5405; x_wconf 78' lang='lat' dir='ltr'><strong>absit,</strong></span> <span class='ocrx_word' id='word_1_563' title='bbox 725 5353 839 5396; x_wconf 88' lang='lat' dir='ltr'><strong>tum</strong></span> <span class='ocrx_word' id='word_1_564' title='bbox 866 5343 1174 5409; x_wconf 85' lang='lat' dir='ltr'><strong>imperatori</strong></span> <span class='ocrx_word' id='word_1_565' title='bbox 1231 5343 1484 5396; x_wconf 88' lang='lat' dir='ltr'><strong>baculum</strong></span> <span class='ocrx_word' id='word_1_566' title='bbox 1545 5341 1774 5410; x_wconf 62' lang='lat' dir='ltr'><strong>porrigit</strong></span> <span class='ocrx_word' id='word_1_567' title='bbox 1817 5340 1972 5410; x_wconf 80' lang='lat' dir='ltr'><strong>quis—</strong></span> 
     </span>
    </p>
   </div>
   <div class='ocr_carea' id='block_1_85' title="bbox 409 5431 1974 5502">
    <p class='ocr_par' dir='ltr' id='par_1_85' title="bbox 409 5431 1974 5502">
     <span class='ocr_line' id='line_1_85' title="bbox 409 5431 1974 5502; baseline -0.001 -18"><span class='ocrx_word' id='word_1_568' title='bbox 409 5433 534 5499; x_wconf 89' lang='lat' dir='ltr'><strong>quis</strong></span> <span class='ocrx_word' id='word_1_569' title='bbox 574 5448 637 5487; x_wconf 72' lang='grc' dir='ltr'>οι</span> <span class='ocrx_word' id='word_1_570' title='bbox 674 5435 1122 5488; x_wconf 83' lang='lat' dir='ltr'><strong>honoratioribus</strong></span> <span class='ocrx_word' id='word_1_571' title='bbox 1157 5434 1476 5502; x_wconf 84' lang='lat' dir='ltr'><strong>proceribus</strong></span> <span class='ocrx_word' id='word_1_572' title='bbox 1506 5433 1679 5486; x_wconf 86' lang='lat' dir='ltr'><strong>adest.</strong></span> <span class='ocrx_word' id='word_1_573' title='bbox 1704 5433 1800 5486; x_wconf 75' lang='lat' dir='ltr'><strong>Est</strong></span> <span class='ocrx_word' id='word_1_574' title='bbox 1835 5431 1974 5484; x_wconf 90' lang='lat' dir='ltr'><strong>idem</strong></span> 
     </span>
    </p>
   </div>
   <div class='ocr_carea' id='block_1_86' title="bbox 408 5525 1968 5597">
    <p class='ocr_par' dir='ltr' id='par_1_86' title="bbox 408 5525 1968 5597">
     <span class='ocr_line' id='line_1_86' title="bbox 408 5525 1968 5597; baseline -0.001 -21"><span class='ocrx_word' id='word_1_575' title='bbox 408 5525 462 5577; x_wconf 90' lang='lat' dir='ltr'><strong>in</strong></span> <span class='ocrx_word' id='word_1_576' title='bbox 491 5528 734 5579; x_wconf 82' lang='lat' dir='ltr'><strong>exercitu</strong></span> <span class='ocrx_word' id='word_1_577' title='bbox 769 5543 989 5597; x_wconf 88' lang='lat' dir='ltr'><strong>quoque</strong></span> <span class='ocrx_word' id='word_1_578' title='bbox 1047 5527 1385 5595; x_wconf 84' lang='lat' dir='ltr'><strong>imperatorii</strong></span> <span class='ocrx_word' id='word_1_579' title='bbox 1440 5535 1730 5582; x_wconf 82' lang='lat' dir='ltr'><strong>comitatus</strong></span> <span class='ocrx_word' id='word_1_580' title='bbox 1783 5534 1968 5591; x_wconf 86' lang='lat' dir='ltr'><strong>caput.</strong></span> 
     </span>
    </p>
   </div>
   <div class='ocr_carea' id='block_1_87' title="bbox 407 5614 1972 5690">
    <p class='ocr_par' dir='ltr' id='par_1_87' title="bbox 407 5614 1972 5690">
     <span class='ocr_line' id='line_1_87' title="bbox 407 5614 1972 5690; baseline -0.001 -19"><span class='ocrx_word' id='word_1_581' title='bbox 407 5616 582 5672; x_wconf 84' lang='lat' dir='ltr'><strong>liabet</strong></span> <span class='ocrx_word' id='word_1_582' title='bbox 613 5631 740 5670; x_wconf 77' lang='lat' dir='ltr'><strong>vero</strong></span> <span class='ocrx_word' id='word_1_583' title='bbox 763 5619 1043 5690; x_wconf 88' lang='lat' dir='ltr'><strong>proprium</strong></span> <span class='ocrx_word' id='word_1_584' title='bbox 1079 5618 1240 5674; x_wconf 87' lang='lat' dir='ltr'><strong>etiam</strong></span> <span class='ocrx_word' id='word_1_585' title='bbox 1265 5615 1605 5672; x_wconf 81' lang='lat' dir='ltr'><strong>ﬂammulum</strong></span> <span class='ocrx_word' id='word_1_586' title='bbox 1665 5617 1718 5671; x_wconf 90' lang='lat' dir='ltr'><strong>in</strong></span> <span class='ocrx_word' id='word_1_587' title='bbox 1777 5614 1972 5684; x_wconf 87' lang='lat' dir='ltr'><strong>hujus-</strong></span> 
     </span>
    </p>
   </div>
   <div class='ocr_carea' id='block_1_88' title="bbox 405 5694 948 5766">
    <p class='ocr_par' dir='ltr' id='par_1_88' title="bbox 405 5694 948 5766">
     <span class='ocr_line' id='line_1_88' title="bbox 405 5694 948 5766; baseline -0.004 0"><span class='ocrx_word' id='word_1_588' title='bbox 405 5710 552 5766; x_wconf 81' lang='lat' dir='ltr'><strong>modi</strong></span> <span class='ocrx_word' id='word_1_589' title='bbox 586 5719 784 5766; x_wconf 88' lang='lat' dir='ltr'><strong>turma.</strong></span> <span class='ocrx_word' id='word_1_590' title='bbox 943 5694 948 5700; x_wconf 63' lang='grc'><em>’</em></span> 
     </span>
    </p>
   </div>
   <div class='ocr_carea' id='block_1_89' title="bbox 2168 3325 3648 3402">
    <p class='ocr_par' dir='ltr' id='par_1_89' title="bbox 2168 3325 3648 3402">
     <span class='ocr_line' id='line_1_89' title="bbox 2168 3325 3648 3402; baseline -0.007 -15"><span class='ocrx_word' id='word_1_591' title='bbox 2168 3333 2225 3386; x_wconf 88' lang='grc'><strong>⁸0</strong></span> <span class='ocrx_word' id='word_1_592' title='bbox 2257 3333 2428 3402; x_wconf 82' lang='grc' dir='ltr'>μέγας</span> <span class='ocrx_word' id='word_1_593' title='bbox 2456 3333 2744 3400; x_wconf 84' lang='grc' dir='ltr'>λογοθέτης</span> <span class='ocrx_word' id='word_1_594' title='bbox 2765 3330 3041 3384; x_wconf 83' lang='grc' dir='ltr'>διατάττει</span> <span class='ocrx_word' id='word_1_595' title='bbox 3075 3328 3144 3382; x_wconf 87' lang='grc' dir='ltr'>τὰ</span> <span class='ocrx_word' id='word_1_596' title='bbox 3174 3325 3329 3397; x_wconf 87' lang='grc' dir='ltr'><strong>παρά</strong></span> <span class='ocrx_word' id='word_1_597' title='bbox 3363 3326 3456 3380; x_wconf 88' lang='grc' dir='ltr'><strong>τοῦ</strong></span> <span class='ocrx_word' id='word_1_598' title='bbox 3493 3326 3648 3395; x_wconf 81' lang='grc' dir='ltr'>βασι-</span> 
     </span>
    </p>
   </div>
   <div class='ocr_carea' id='block_1_90' title="bbox 2073 3422 3653 3495">
    <p class='ocr_par' dir='ltr' id='par_1_90' title="bbox 2073 3422 3653 3495">
     <span class='ocr_line' id='line_1_90' title="bbox 2073 3422 3653 3495; baseline -0.005 -16"><span class='ocrx_word' id='word_1_599' title='bbox 2073 3427 2216 3490; x_wconf 65' lang='grc' dir='ltr'>Ἇέως</span> <span class='ocrx_word' id='word_1_600' title='bbox 2246 3427 2685 3495; x_wconf 81' lang='grc' dir='ltr'>ἀποστελλόμενα</span> <span class='ocrx_word' id='word_1_601' title='bbox 2723 3427 3124 3495; x_wconf 85' lang='grc' dir='ltr'>προστάγματα</span> <span class='ocrx_word' id='word_1_602' title='bbox 3152 3424 3245 3477; x_wconf 68' lang='lat' dir='ltr'><strong>xui.</strong></span> <span class='ocrx_word' id='word_1_603' title='bbox 3277 3422 3653 3493; x_wconf 81' lang='grc' dir='ltr'>χρυσόὸουλλα</span> 
     </span>
    </p>
   </div>
   <div class='ocr_carea' id='block_1_91' title="bbox 2083 3514 3653 3598">
    <p class='ocr_par' dir='ltr' id='par_1_91' title="bbox 2083 3514 3653 3598">
     <span class='ocr_line' id='line_1_91' title="bbox 2083 3514 3653 3598; baseline -0.006 -22"><span class='ocrx_word' id='word_1_604' title='bbox 2083 3521 2217 3591; x_wconf 85' lang='grc' dir='ltr'>πρός</span> <span class='ocrx_word' id='word_1_605' title='bbox 2242 3539 2299 3574; x_wconf 88' lang='grc' dir='ltr'><strong>τε</strong></span> <span class='ocrx_word' id='word_1_606' title='bbox 2325 3522 2520 3592; x_wconf 80' lang='grc' dir='ltr'>ρῆγας,</span> <span class='ocrx_word' id='word_1_607' title='bbox 2545 3521 2868 3583; x_wconf 84' lang='grc' dir='ltr'>σουλτάνους</span> <span class='ocrx_word' id='word_1_608' title='bbox 2901 3521 2998 3573; x_wconf 75' lang='grc' dir='ltr'>καὶ</span> <span class='ocrx_word' id='word_1_609' title='bbox 3026 3518 3334 3586; x_wconf 86' lang='grc' dir='ltr'>τοπάρχας.</span> <span class='ocrx_word' id='word_1_610' title='bbox 3362 3517 3470 3568; x_wconf 75' lang='grc' dir='ltr'><strong>Καὶ</strong></span> <span class='ocrx_word' id='word_1_611' title='bbox 3493 3514 3653 3598; x_wconf 80' lang='grc' dir='ltr'>τοῦτο</span> 
     </span>
    </p>
   </div>
   <div class='ocr_carea' id='block_1_92' title="bbox 2083 3609 3459 3681">
    <p class='ocr_par' dir='ltr' id='par_1_92' title="bbox 2083 3609 3459 3681">
     <span class='ocr_line' id='line_1_92' title="bbox 2083 3609 3459 3681; baseline -0.001 -19"><span class='ocrx_word' id='word_1_612' title='bbox 2083 3612 2185 3680; x_wconf 70' lang='grc' dir='ltr'>μὲν</span> <span class='ocrx_word' id='word_1_613' title='bbox 2218 3612 2348 3663; x_wconf 78' lang='grc' dir='ltr'>[διον</span> <span class='ocrx_word' id='word_1_614' title='bbox 2379 3611 2473 3663; x_wconf 91' lang='grc' dir='ltr'><strong>τοῦ</strong></span> <span class='ocrx_word' id='word_1_615' title='bbox 2507 3612 2746 3681; x_wconf 85' lang='grc' dir='ltr'>μεγάλου</span> <span class='ocrx_word' id='word_1_616' title='bbox 2776 3611 3064 3677; x_wconf 86' lang='grc' dir='ltr'>λογοθέτου</span> <span class='ocrx_word' id='word_1_617' title='bbox 3103 3609 3459 3678; x_wconf 81' lang='grc' dir='ltr'>ὑπηρέτημα.</span> 
     </span>
    </p>
   </div>
   <div class='ocr_carea' id='block_1_93' title="bbox 2150 3716 3652 3792">
    <p class='ocr_par' dir='ltr' id='par_1_93' title="bbox 2150 3716 3652 3792">
     <span class='ocr_line' id='line_1_93' title="bbox 2150 3716 3652 3792; baseline -0.003 -18"><span class='ocrx_word' id='word_1_618' title='bbox 2150 3723 2223 3774; x_wconf 84' lang='grc' dir='ltr'><strong>Τὸ</strong></span> <span class='ocrx_word' id='word_1_619' title='bbox 2247 3721 2302 3774; x_wconf 88' lang='grc' dir='ltr'>δὲ</span> <span class='ocrx_word' id='word_1_620' title='bbox 2337 3723 2431 3774; x_wconf 80' lang='grc' dir='ltr'><strong>τοῦ</strong></span> <span class='ocrx_word' id='word_1_621' title='bbox 2481 3724 2827 3792; x_wconf 82' lang='grc' dir='ltr'>δομεστικίου</span> <span class='ocrx_word' id='word_1_622' title='bbox 2878 3723 3122 3791; x_wconf 79' lang='grc' dir='ltr'>ἐνεργεῖν</span> <span class='ocrx_word' id='word_1_623' title='bbox 3172 3721 3200 3773; x_wconf 78' lang='grc' dir='ltr'><strong>ὃ</strong></span> <span class='ocrx_word' id='word_1_624' title='bbox 3246 3721 3313 3774; x_wconf 83' lang='grc' dir='ltr'>ἂν</span> <span class='ocrx_word' id='word_1_625' title='bbox 3348 3717 3594 3783; x_wconf 73' lang='grc' dir='ltr'>ἐπιτάξαι</span> <span class='ocrx_word' id='word_1_626' title='bbox 3624 3716 3652 3769; x_wconf 82' lang='grc'>6</span> 
     </span>
    </p>
   </div>
   <div class='ocr_carea' id='block_1_94' title="bbox 2079 3813 2356 3883">
    <p class='ocr_par' dir='ltr' id='par_1_94' title="bbox 2079 3813 2356 3883">
     <span class='ocr_line' id='line_1_94' title="bbox 2079 3813 2356 3883; baseline 0.007 -17"><span class='ocrx_word' id='word_1_627' title='bbox 2079 3813 2356 3883; x_wconf 80' lang='grc' dir='ltr'>βασιλεύς.</span> 
     </span>
    </p>
   </div>
   <div class='ocr_carea' id='block_1_95' title="bbox 2155 3923 3651 3996">
    <p class='ocr_par' dir='ltr' id='par_1_95' title="bbox 2155 3923 3651 3996">
     <span class='ocr_line' id='line_1_95' title="bbox 2155 3923 3651 3996; baseline -0.001 -20"><span class='ocrx_word' id='word_1_628' title='bbox 2155 3923 2214 3976; x_wconf 81' lang='grc' dir='ltr'>Ὀ</span> <span class='ocrx_word' id='word_1_629' title='bbox 2251 3924 2426 3991; x_wconf 83' lang='grc' dir='ltr'>μέγας</span> <span class='ocrx_word' id='word_1_630' title='bbox 2465 3923 2946 3996; x_wconf 81' lang='grc' dir='ltr'>στρατοπεδάρχης</span> <span class='ocrx_word' id='word_1_631' title='bbox 2979 3924 3124 3976; x_wconf 71' lang='grc' dir='ltr'>ἐστὶν</span> <span class='ocrx_word' id='word_1_632' title='bbox 3161 3923 3504 3992; x_wconf 77' lang='grc' dir='ltr'>ἐπιμελητὴς</span> <span class='ocrx_word' id='word_1_633' title='bbox 3539 3923 3651 3975; x_wconf 86' lang='grc' dir='ltr'><strong>τῶν</strong></span> 
     </span>
    </p>
   </div>
   <div class='ocr_carea' id='block_1_96' title="bbox 2075 4016 3653 4090">
    <p class='ocr_par' dir='ltr' id='par_1_96' title="bbox 2075 4016 3653 4090">
     <span class='ocr_line' id='line_1_96' title="bbox 2075 4016 3653 4090; baseline -0.001 -22"><span class='ocrx_word' id='word_1_634' title='bbox 2075 4017 2176 4086; x_wconf 80' lang='grc' dir='ltr'>τῆς</span> <span class='ocrx_word' id='word_1_635' title='bbox 2199 4018 2463 4085; x_wconf 80' lang='grc' dir='ltr'>στρατιᾶς</span> <span class='ocrx_word' id='word_1_636' title='bbox 2493 4016 2834 4085; x_wconf 77' lang='grc' dir='ltr'>ἐπιτηδείων,</span> <span class='ocrx_word' id='word_1_637' title='bbox 2864 4017 2983 4084; x_wconf 72' lang='grc' dir='ltr'>ἦτοι</span> <span class='ocrx_word' id='word_1_638' title='bbox 3008 4017 3317 4090; x_wconf 79' lang='grc' dir='ltr'>τροφίμων,</span> <span class='ocrx_word' id='word_1_639' title='bbox 3354 4016 3534 4070; x_wconf 82' lang='grc' dir='ltr'>ποτῶν</span> <span class='ocrx_word' id='word_1_640' title='bbox 3558 4016 3653 4068; x_wconf 75' lang='grc' dir='ltr'>καὶ</span> 
     </span>
    </p>
   </div>
   <div class='ocr_carea' id='block_1_97' title="bbox 2077 4109 2767 4179">
    <p class='ocr_par' dir='ltr' id='par_1_97' title="bbox 2077 4109 2767 4179">
     <span class='ocr_line' id='line_1_97' title="bbox 2077 4109 2767 4179; baseline 0.001 -17"><span class='ocrx_word' id='word_1_641' title='bbox 2077 4111 2296 4164; x_wconf 82' lang='grc' dir='ltr'>πάντων</span> <span class='ocrx_word' id='word_1_642' title='bbox 2328 4111 2437 4162; x_wconf 85' lang='grc' dir='ltr'>τῶν</span> <span class='ocrx_word' id='word_1_643' title='bbox 2468 4109 2767 4179; x_wconf 86' lang='grc' dir='ltr'>χρειωδῶν.</span> 
     </span>
    </p>
   </div>
   <div class='ocr_carea' id='block_1_98' title="bbox 2152 4219 3650 4296">
    <p class='ocr_par' dir='ltr' id='par_1_98' title="bbox 2152 4219 3650 4296">
     <span class='ocr_line' id='line_1_98' title="bbox 2152 4219 3650 4296; baseline -0.005 -18"><span class='ocrx_word' id='word_1_644' title='bbox 2152 4225 2212 4278; x_wconf 87' lang='lat'><strong>&#39;0</strong></span> <span class='ocrx_word' id='word_1_645' title='bbox 2252 4227 2424 4296; x_wconf 80' lang='grc' dir='ltr'>μέγας</span> <span class='ocrx_word' id='word_1_646' title='bbox 2474 4226 2880 4294; x_wconf 80' lang='grc' dir='ltr'>πριμμικήριος</span> <span class='ocrx_word' id='word_1_647' title='bbox 2909 4224 3060 4284; x_wconf 73' lang='grc' dir='ltr'>ἐντὸς</span> <span class='ocrx_word' id='word_1_648' title='bbox 3110 4221 3204 4274; x_wconf 91' lang='grc' dir='ltr'><strong>τοῦ</strong></span> <span class='ocrx_word' id='word_1_649' title='bbox 3258 4219 3522 4272; x_wconf 77' lang='grc' dir='ltr'>παλατίου</span> <span class='ocrx_word' id='word_1_650' title='bbox 3567 4220 3650 4280; x_wconf 82' lang='grc' dir='ltr'>εἰς</span> 
     </span>
    </p>
   </div>
   <div class='ocr_carea' id='block_1_99' title="bbox 2074 4308 3649 4385">
    <p class='ocr_par' dir='ltr' id='par_1_99' title="bbox 2074 4308 3649 4385">
     <span class='ocr_line' id='line_1_99' title="bbox 2074 4308 3649 4385; baseline -0.008 -16"><span class='ocrx_word' id='word_1_651' title='bbox 2074 4316 2172 4385; x_wconf 80' lang='grc' dir='ltr'>τὴν</span> <span class='ocrx_word' id='word_1_652' title='bbox 2200 4317 2552 4385; x_wconf 80' lang='grc' dir='ltr'>παράστασιν</span> <span class='ocrx_word' id='word_1_653' title='bbox 2585 4314 2951 4367; x_wconf 85' lang='grc' dir='ltr'>παιδοπούλου</span> <span class='ocrx_word' id='word_1_654' title='bbox 3000 4311 3092 4366; x_wconf 87' lang='grc' dir='ltr'><strong>τοῦ</strong></span> <span class='ocrx_word' id='word_1_655' title='bbox 3127 4310 3437 4382; x_wconf 83' lang='grc' dir='ltr'>βεστιαρίου</span> <span class='ocrx_word' id='word_1_656' title='bbox 3491 4308 3649 4376; x_wconf 79' lang='grc' dir='ltr'>κομί-</span> 
     </span>
    </p>
   </div>
   <div class='ocr_carea' id='block_1_100' title="bbox 2075 4399 3653 4476">
    <p class='ocr_par' dir='ltr' id='par_1_100' title="bbox 2075 4399 3653 4476">
     <span class='ocr_line' id='line_1_100' title="bbox 2075 4399 3653 4476; baseline -0.006 -18"><span class='ocrx_word' id='word_1_657' title='bbox 2075 4405 2260 4470; x_wconf 80' lang='grc' dir='ltr'>ζοντος</span> <span class='ocrx_word' id='word_1_658' title='bbox 2288 4408 2348 4459; x_wconf 84' lang='grc' dir='ltr'>τὺ</span> <span class='ocrx_word' id='word_1_659' title='bbox 2377 4405 2652 4476; x_wconf 78' lang='grc' dir='ltr'>βασιλικὸν</span> <span class='ocrx_word' id='word_1_660' title='bbox 2695 4404 3020 4466; x_wconf 82' lang='grc' dir='ltr'>δικανίκιον,</span> <span class='ocrx_word' id='word_1_661' title='bbox 3059 4404 3220 4472; x_wconf 82' lang='grc' dir='ltr'>μέχρι</span> <span class='ocrx_word' id='word_1_662' title='bbox 3268 4401 3361 4453; x_wconf 70' lang='lat' dir='ltr'><strong>ml.</strong></span> <span class='ocrx_word' id='word_1_663' title='bbox 3406 4399 3502 4451; x_wconf 86' lang='grc' dir='ltr'><strong>τοῦ</strong></span> <span class='ocrx_word' id='word_1_664' title='bbox 3538 4416 3653 4467; x_wconf 82' lang='grc' dir='ltr'>τρι-</span> 
     </span>
    </p>
   </div>
   <div class='ocr_carea' id='block_1_101' title="bbox 2072 4487 3653 4566">
    <p class='ocr_par' dir='ltr' id='par_1_101' title="bbox 2072 4487 3653 4566">
     <span class='ocr_line' id='line_1_101' title="bbox 2072 4487 3653 4566; baseline -0.009 -15"><span class='ocrx_word' id='word_1_665' title='bbox 2072 4497 2254 4551; x_wconf 79' lang='grc' dir='ltr'>κλίνου</span> <span class='ocrx_word' id='word_1_666' title='bbox 2285 4497 2556 4566; x_wconf 80' lang='grc' dir='ltr'>διμοίρου,</span> <span class='ocrx_word' id='word_1_667' title='bbox 2591 4489 2744 4556; x_wconf 72' lang='grc' dir='ltr'>οὗτος</span> <span class='ocrx_word' id='word_1_668' title='bbox 2779 4491 2942 4545; x_wconf 87' lang='grc' dir='ltr'>τοῦτο</span> <span class='ocrx_word' id='word_1_669' title='bbox 2975 4491 3272 4557; x_wconf 75' lang='grc' dir='ltr'>λαμϐάνων</span> <span class='ocrx_word' id='word_1_670' title='bbox 3325 4488 3402 4554; x_wconf 84' lang='grc' dir='ltr'><strong>τῷ</strong></span> <span class='ocrx_word' id='word_1_671' title='bbox 3438 4487 3653 4555; x_wconf 80' lang='grc' dir='ltr'>βασιλεῖ</span> 
     </span>
    </p>
   </div>
   <div class='ocr_carea' id='block_1_102' title="bbox 2075 4576 3652 4658">
    <p class='ocr_par' dir='ltr' id='par_1_102' title="bbox 2075 4576 3652 4658">
     <span class='ocr_line' id='line_1_102' title="bbox 2075 4576 3652 4658; baseline -0.008 -18"><span class='ocrx_word' id='word_1_672' title='bbox 2075 4589 2257 4658; x_wconf 82' lang='grc' dir='ltr'>φέρων</span> <span class='ocrx_word' id='word_1_673' title='bbox 2303 4588 2539 4642; x_wconf 80' lang='grc' dir='ltr'>δίδωσιν.</span> <span class='ocrx_word' id='word_1_674' title='bbox 2579 4586 2752 4639; x_wconf 76' lang='grc' dir='ltr'>’Ὅταν</span> <span class='ocrx_word' id='word_1_675' title='bbox 2791 4584 2834 4636; x_wconf 78' lang='grc' dir='ltr'>δ’</span> <span class='ocrx_word' id='word_1_676' title='bbox 2866 4583 2933 4636; x_wconf 80' lang='grc' dir='ltr'><strong>αὖ</strong></span> <span class='ocrx_word' id='word_1_677' title='bbox 2973 4582 3132 4636; x_wconf 85' lang='grc' dir='ltr'>τοῦτο</span> <span class='ocrx_word' id='word_1_678' title='bbox 3165 4577 3316 4646; x_wconf 78' lang='grc' dir='ltr'>παρὰ</span> <span class='ocrx_word' id='word_1_679' title='bbox 3365 4576 3458 4627; x_wconf 83' lang='grc' dir='ltr'><strong>τοῦ</strong></span> <span class='ocrx_word' id='word_1_680' title='bbox 3492 4577 3652 4644; x_wconf 85' lang='grc' dir='ltr'>βασι-</span> 
     </span>
    </p>
   </div>
   <div class='ocr_carea' id='block_1_103' title="bbox 2073 4669 3652 4750">
    <p class='ocr_par' dir='ltr' id='par_1_103' title="bbox 2073 4669 3652 4750">
     <span class='ocr_line' id='line_1_103' title="bbox 2073 4669 3652 4750; baseline -0.009 -16"><span class='ocrx_word' id='word_1_681' title='bbox 2073 4682 2214 4744; x_wconf 81' lang='grc' dir='ltr'>λέως</span> <span class='ocrx_word' id='word_1_682' title='bbox 2243 4681 2404 4750; x_wconf 76' lang='grc' dir='ltr'>λάϐῃ,</span> <span class='ocrx_word' id='word_1_683' title='bbox 2441 4679 2529 4732; x_wconf 81' lang='grc' dir='ltr'><strong>ἐπ’</strong></span> <span class='ocrx_word' id='word_1_684' title='bbox 2565 4679 2751 4740; x_wconf 82' lang='grc' dir='ltr'>ἁδείας</span> <span class='ocrx_word' id='word_1_685' title='bbox 2779 4677 2893 4745; x_wconf 76' lang='grc' dir='ltr'>ἔχει</span> <span class='ocrx_word' id='word_1_686' title='bbox 2930 4673 3193 4734; x_wconf 78' lang='grc' dir='ltr'>πολλάκις</span> <span class='ocrx_word' id='word_1_687' title='bbox 3223 4671 3478 4736; x_wconf 81' lang='grc' dir='ltr'>κατέχειν</span> <span class='ocrx_word' id='word_1_688' title='bbox 3517 4669 3652 4720; x_wconf 85' lang='grc' dir='ltr'>αὑτὸ</span> 
     </span>
    </p>
   </div>
   <div class='ocr_carea' id='block_1_104' title="bbox 2072 4761 3652 4844">
    <p class='ocr_par' dir='ltr' id='par_1_104' title="bbox 2072 4761 3652 4844">
     <span class='ocr_line' id='line_1_104' title="bbox 2072 4761 3652 4844; baseline -0.009 -16"><span class='ocrx_word' id='word_1_689' title='bbox 2072 4777 2238 4844; x_wconf 80' lang='grc' dir='ltr'>τιμῆς</span> <span class='ocrx_word' id='word_1_690' title='bbox 2286 4775 2470 4826; x_wconf 74' lang='grc' dir='ltr'>ἕνεκα.</span> <span class='ocrx_word' id='word_1_691' title='bbox 2501 4773 2572 4824; x_wconf 83' lang='grc' dir='ltr'>Τὸ</span> <span class='ocrx_word' id='word_1_692' title='bbox 2625 4772 2680 4823; x_wconf 83' lang='grc' dir='ltr'>δὲ</span> <span class='ocrx_word' id='word_1_693' title='bbox 2730 4771 2930 4821; x_wconf 75' lang='grc' dir='ltr'>οἰκεῖον</span> <span class='ocrx_word' id='word_1_694' title='bbox 2969 4766 3156 4818; x_wconf 87' lang='grc' dir='ltr'>δίδωσι</span> <span class='ocrx_word' id='word_1_695' title='bbox 3196 4762 3332 4830; x_wconf 75' lang='grc' dir='ltr'>πρὸς</span> <span class='ocrx_word' id='word_1_696' title='bbox 3382 4762 3442 4813; x_wconf 83' lang='grc' dir='ltr'><strong>τὸ</strong></span> <span class='ocrx_word' id='word_1_697' title='bbox 3483 4761 3652 4830; x_wconf 78' lang='grc' dir='ltr'>ῥηθὲν</span> 
     </span>
    </p>
   </div>
   <div class='ocr_carea' id='block_1_105' title="bbox 2075 4851 3651 4934">
    <p class='ocr_par' dir='ltr' id='par_1_105' title="bbox 2075 4851 3651 4934">
     <span class='ocr_line' id='line_1_105' title="bbox 2075 4851 3651 4934; baseline -0.007 -19"><span class='ocrx_word' id='word_1_698' title='bbox 2075 4865 2169 4918; x_wconf 90' lang='grc' dir='ltr'><strong>τοῦ</strong></span> <span class='ocrx_word' id='word_1_699' title='bbox 2201 4865 2513 4934; x_wconf 84' lang='grc' dir='ltr'>βεστιαρίου</span> <span class='ocrx_word' id='word_1_700' title='bbox 2549 4859 2932 4919; x_wconf 76' lang='grc' dir='ltr'>παιδόπουλον,</span> <span class='ocrx_word' id='word_1_701' title='bbox 2965 4855 3022 4916; x_wconf 78' lang='grc' dir='ltr'>ὃς</span> <span class='ocrx_word' id='word_1_702' title='bbox 3054 4854 3148 4905; x_wconf 77' lang='grc' dir='ltr'><strong>καὶ</strong></span> <span class='ocrx_word' id='word_1_703' title='bbox 3179 4851 3363 4919; x_wconf 67' lang='grc' dir='ltr'>ἐξάγει</span> <span class='ocrx_word' id='word_1_704' title='bbox 3393 4851 3551 4905; x_wconf 88' lang='grc' dir='ltr'>τοῦτο</span> <span class='ocrx_word' id='word_1_705' title='bbox 3593 4855 3651 4904; x_wconf 83' lang='grc' dir='ltr'>ὲν</span> 
     </span>
    </p>
   </div>
   <div class='ocr_carea' id='block_1_106' title="bbox 2075 4945 3173 5026">
    <p class='ocr_par' dir='ltr' id='par_1_106' title="bbox 2075 4945 3173 5026">
     <span class='ocr_line' id='line_1_106' title="bbox 2075 4945 3173 5026; baseline -0.011 -16"><span class='ocrx_word' id='word_1_706' title='bbox 2075 4958 2152 5026; x_wconf 80' lang='grc' dir='ltr'>τῷ</span> <span class='ocrx_word' id='word_1_707' title='bbox 2186 4959 2444 5026; x_wconf 71' lang='grc' dir='ltr'>σχήματι,</span> <span class='ocrx_word' id='word_1_708' title='bbox 2483 4957 2621 5007; x_wconf 80' lang='grc' dir='ltr'>κατὰ</span> <span class='ocrx_word' id='word_1_709' title='bbox 2648 4954 2742 5005; x_wconf 74' lang='grc' dir='ltr'><strong>καὶ</strong></span> <span class='ocrx_word' id='word_1_710' title='bbox 2781 4950 2839 5002; x_wconf 79' lang='grc' dir='ltr'><strong>τὸ</strong></span> <span class='ocrx_word' id='word_1_711' title='bbox 2873 4945 3173 5018; x_wconf 81' lang='grc' dir='ltr'>βασιλικόν.</span> 
     </span>
    </p>
   </div>
   <div class='ocr_carea' id='block_1_107' title="bbox 2153 5062 3649 5134">
    <p class='ocr_par' dir='ltr' id='par_1_107' title="bbox 2153 5062 3649 5134">
     <span class='ocr_line' id='line_1_107' title="bbox 2153 5062 3649 5134; baseline -0.007 -11"><span class='ocrx_word' id='word_1_712' title='bbox 2153 5073 2270 5124; x_wconf 85' lang='grc' dir='ltr'>Ἐνι</span> <span class='ocrx_word' id='word_1_713' title='bbox 2297 5071 2352 5122; x_wconf 81' lang='grc' dir='ltr'>δὲ</span> <span class='ocrx_word' id='word_1_714' title='bbox 2382 5071 2476 5122; x_wconf 76' lang='grc' dir='ltr'><strong>καὶ</strong></span> <span class='ocrx_word' id='word_1_715' title='bbox 2524 5066 2855 5134; x_wconf 77' lang='grc' dir='ltr'>τεταγμένον</span> <span class='ocrx_word' id='word_1_716' title='bbox 2883 5063 3120 5115; x_wconf 89' lang='grc' dir='ltr'>δίδοσθαι</span> <span class='ocrx_word' id='word_1_717' title='bbox 3158 5064 3297 5132; x_wconf 65' lang='grc' dir='ltr'>πρὸς</span> <span class='ocrx_word' id='word_1_718' title='bbox 3331 5063 3424 5115; x_wconf 75' lang='grc' dir='ltr'>τὸν</span> <span class='ocrx_word' id='word_1_719' title='bbox 3473 5062 3649 5131; x_wconf 89' lang='grc' dir='ltr'>μέγαν</span> 
     </span>
    </p>
   </div>
   <div class='ocr_carea' id='block_1_108' title="bbox 2078 5153 3647 5233">
    <p class='ocr_par' dir='ltr' id='par_1_108' title="bbox 2078 5153 3647 5233">
     <span class='ocr_line' id='line_1_108' title="bbox 2078 5153 3647 5233; baseline -0.007 -16"><span class='ocrx_word' id='word_1_720' title='bbox 2078 5163 2486 5233; x_wconf 84' lang='grc' dir='ltr'>πριμμικήριον</span> <span class='ocrx_word' id='word_1_721' title='bbox 2537 5160 2679 5212; x_wconf 77' lang='grc' dir='ltr'>κατὰ</span> <span class='ocrx_word' id='word_1_722' title='bbox 2725 5156 3033 5224; x_wconf 75' lang='grc' dir='ltr'>κυριακὴν.</span> <span class='ocrx_word' id='word_1_723' title='bbox 3088 5156 3250 5224; x_wconf 75' lang='grc' dir='ltr'>χάριν</span> <span class='ocrx_word' id='word_1_724' title='bbox 3299 5153 3647 5216; x_wconf 82' lang='grc' dir='ltr'>δικανικίου,</span> 
     </span>
    </p>
   </div>
   <div class='ocr_carea' id='block_1_109' title="bbox 2080 5241 3650 5323">
    <p class='ocr_par' dir='ltr' id='par_1_109' title="bbox 2080 5241 3650 5323">
     <span class='ocr_line' id='line_1_109' title="bbox 2080 5241 3650 5323; baseline -0.009 -14"><span class='ocrx_word' id='word_1_725' title='bbox 2080 5257 2398 5323; x_wconf 73' lang='grc' dir='ltr'>ὑπέρκορον</span> <span class='ocrx_word' id='word_1_726' title='bbox 2443 5252 2522 5304; x_wconf 77' lang='grc' dir='ltr'><strong>ἓν.</strong></span> <span class='ocrx_word' id='word_1_727' title='bbox 2559 5252 2656 5302; x_wconf 75' lang='lat' dir='ltr'><strong>&quot;Av</strong></span> <span class='ocrx_word' id='word_1_728' title='bbox 2692 5248 2736 5301; x_wconf 83' lang='grc' dir='ltr'>δ’</span> <span class='ocrx_word' id='word_1_729' title='bbox 2773 5250 2903 5310; x_wconf 72' lang='grc' dir='ltr'>ἴσως</span> <span class='ocrx_word' id='word_1_730' title='bbox 2947 5241 3100 5308; x_wconf 76' lang='grc' dir='ltr'>οὗτος</span> <span class='ocrx_word' id='word_1_731' title='bbox 3147 5247 3442 5314; x_wconf 79' lang='grc' dir='ltr'>ἀποδημεῖ,</span> <span class='ocrx_word' id='word_1_732' title='bbox 3471 5244 3650 5298; x_wconf 84' lang='grc' dir='ltr'>δίδωσι</span> 
     </span>
    </p>
   </div>
   <div class='ocr_carea' id='block_1_110' title="bbox 2082 5337 3651 5411">
    <p class='ocr_par' dir='ltr' id='par_1_110' title="bbox 2082 5337 3651 5411">
     <span class='ocr_line' id='line_1_110' title="bbox 2082 5337 3651 5411; baseline -0.008 -11"><span class='ocrx_word' id='word_1_733' title='bbox 2082 5349 2144 5400; x_wconf 81' lang='grc' dir='ltr'><strong>τδ</strong></span> <span class='ocrx_word' id='word_1_734' title='bbox 2171 5346 2472 5398; x_wconf 83' lang='grc' dir='ltr'>δικανίκιον</span> <span class='ocrx_word' id='word_1_735' title='bbox 2497 5344 2525 5398; x_wconf 76' lang='grc' dir='ltr'><strong><em>ὁ</em></strong></span> <span class='ocrx_word' id='word_1_736' title='bbox 2552 5341 2900 5411; x_wconf 78' lang='grc' dir='ltr'>ἐντιμότερος</span> <span class='ocrx_word' id='word_1_737' title='bbox 2930 5339 3038 5392; x_wconf 84' lang='grc' dir='ltr'>τῶν</span> <span class='ocrx_word' id='word_1_738' title='bbox 3072 5338 3512 5406; x_wconf 83' lang='grc' dir='ltr'>κσθευρεθέντων</span> <span class='ocrx_word' id='word_1_739' title='bbox 3547 5337 3651 5402; x_wconf 81' lang='grc' dir='ltr'>ἀρ-</span> 
     </span>
    </p>
   </div>
   <div class='ocr_carea' id='block_1_111' title="bbox 2082 5427 3650 5509">
    <p class='ocr_par' dir='ltr' id='par_1_111' title="bbox 2082 5427 3650 5509">
     <span class='ocr_line' id='line_1_111' title="bbox 2082 5427 3650 5509; baseline -0.009 -19"><span class='ocrx_word' id='word_1_740' title='bbox 2082 5440 2304 5509; x_wconf 79' lang='grc' dir='ltr'>χόντων.</span> <span class='ocrx_word' id='word_1_741' title='bbox 2333 5437 2661 5504; x_wconf 82' lang='grc' dir='ltr'>Εὑρίσκεται</span> <span class='ocrx_word' id='word_1_742' title='bbox 2688 5438 2781 5487; x_wconf 68' lang='grc' dir='ltr'><strong>καὶ</strong></span> <span class='ocrx_word' id='word_1_743' title='bbox 2813 5435 2889 5496; x_wconf 81' lang='grc' dir='ltr'><strong>είς</strong></span> <span class='ocrx_word' id='word_1_744' title='bbox 2915 5433 2975 5485; x_wconf 81' lang='grc' dir='ltr'><strong>τὸ</strong></span> <span class='ocrx_word' id='word_1_745' title='bbox 3000 5433 3287 5500; x_wconf 80' lang='grc' dir='ltr'>φωσσάτον</span> <span class='ocrx_word' id='word_1_746' title='bbox 3318 5427 3524 5497; x_wconf 78' lang='grc' dir='ltr'>κεφαλὴ</span> <span class='ocrx_word' id='word_1_747' title='bbox 3552 5429 3650 5493; x_wconf 78' lang='grc' dir='ltr'><strong>τῆς</strong></span> 
     </span>
    </p>
   </div>
   <div class='ocr_carea' id='block_1_112' title="bbox 2083 5517 3649 5597">
    <p class='ocr_par' dir='ltr' id='par_1_112' title="bbox 2083 5517 3649 5597">
     <span class='ocr_line' id='line_1_112' title="bbox 2083 5517 3649 5597; baseline -0.006 -17"><span class='ocrx_word' id='word_1_748' title='bbox 2083 5528 2368 5597; x_wconf 86' lang='grc' dir='ltr'>βασιλικῆς</span> <span class='ocrx_word' id='word_1_749' title='bbox 2418 5525 2745 5591; x_wconf 82' lang='grc' dir='ltr'>συντάξεως.</span> <span class='ocrx_word' id='word_1_750' title='bbox 2799 5525 2952 5594; x_wconf 82' lang='grc' dir='ltr'>Ἔχει</span> <span class='ocrx_word' id='word_1_751' title='bbox 3008 5523 3064 5576; x_wconf 66' lang='grc' dir='ltr'>δὲ</span> <span class='ocrx_word' id='word_1_752' title='bbox 3116 5523 3210 5576; x_wconf 75' lang='grc' dir='ltr'><strong>καὶ</strong></span> <span class='ocrx_word' id='word_1_753' title='bbox 3264 5518 3431 5575; x_wconf 85' lang='grc' dir='ltr'>ίδικὸν</span> <span class='ocrx_word' id='word_1_754' title='bbox 3482 5517 3649 5572; x_wconf 85' lang='grc' dir='ltr'>αὑτοῦ</span> 
     </span>
    </p>
   </div>
   <div class='ocr_carea' id='block_1_113' title="bbox 2083 5615 3158 5691">
    <p class='ocr_par' dir='ltr' id='par_1_113' title="bbox 2083 5615 3158 5691">
     <span class='ocr_line' id='line_1_113' title="bbox 2083 5615 3158 5691; baseline -0.004 -19"><span class='ocrx_word' id='word_1_755' title='bbox 2083 5618 2394 5691; x_wconf 78' lang='grc' dir='ltr'>φλάμουλον</span> <span class='ocrx_word' id='word_1_756' title='bbox 2427 5619 2486 5673; x_wconf 76' lang='grc' dir='ltr'>ὲν</span> <span class='ocrx_word' id='word_1_757' title='bbox 2520 5621 2587 5690; x_wconf 78' lang='grc' dir='ltr'>τῇ</span> <span class='ocrx_word' id='word_1_758' title='bbox 2621 5617 2844 5690; x_wconf 84' lang='grc' dir='ltr'>τοιαύτῃ</span> <span class='ocrx_word' id='word_1_759' title='bbox 2885 5615 3158 5680; x_wconf 81' lang='grc' dir='ltr'>συντάξει.</span> 
     </span>
    </p>
   </div>
  </div>
