3992 6240
345 234 425 294 53

1335 241 1433 301 DE
1498 240 1827 304 OFFICIIS
1882 242 2351 317 CPOIJTANIS.
2394 248 2552 310 CAP.
2585 249 2651 312 V.

3527 237 3594 300 54

425 345 487 398 Ὀ
530 345 706 414 μέγας
755 350 1149 417 κοντόσταυλος
1198 353 1512 426 εὑρίσκεται
1559 363 1772 435 κεφαλὴ
1808 366 1914 422 τῶν

2090 367 2319 438 Magnus
2351 364 2723 423 contostaulus
2756 371 2837 420 est
2867 370 3033 433 caput
3103 354 3587 430 stipendiariorum

338 441 655 508 ὁογστόρων
680 441 965 510 Φράγγων.

426 530 483 583 '0
510 534 967 599 πρωτοσεόαστδς
997 536 1257 608 οὐδεμίαν
1284 541 1588 614 ὑπηρεσίαν
1623 545 1758 617 ἔχει.

415 624 521 678 Τοῦ
549 627 820 697 πιγκέρνη
852 631 885 699 ἡ
912 628 1208 699 ὑπηρεσία,
1229 633 1314 687 ὅτε
1344 635 1435 688 καὶ
1470 636 1502 707 ἡ
1533 636 1639 690 τῶν
1672 638 1911 707 μεγάλου

333 715 664 785 δομεστίκου
696 716 1043 788 λεχθήσεται.

429 806 492 858 '0
525 809 941 877 κουροπαλάτης
965 806 1079 881 εἶχε
1112 814 1211 881 μὲν
1239 816 1319 877 είς
1349 815 1410 868 τὸ
1441 817 1665 872 καλαιδν
1707 818 1920 895 ὑπηρε-

336 898 491 962 σίαν,
522 898 643 967 ἥτις
672 900 822 953 ἐστὶν
859 902 1272 972 ἐνεπίγνωστος,
1309 905 1405 960 νῦν
1436 908 1494 961 δέ
1530 909 1810 979 οὐδεμίαν.

433 1081 491 1132 Ὀ
521 1080 1012 1151 παρικοιμώμενος
1043 1084 1142 1153 τῆς
1179 1086 1479 1157 σφενδόνης
1512 1088 1611 1159 τὴν
1643 1091 1738 1143 τοῦ
1768 1091 1924 1161 βασι-

339 1165 487 1230 λέως
512 1169 801 1239 σφενδόνην
830 1171 1126 1239 λαμϐάνων
1153 1174 1446 1245 σφραγίζει
1475 1178 1564 1233 διὰ
1595 1180 1765 1251 κηροῦ
1793 1182 1923 1237 ἔνθα

340 1257 440 1308 δεῖ
466 1272 482 1287 ·
525 1260 557 1326 ἡ
594 1260 649 1312 δὲ
681 1260 901 1329 τοιαύτη
953 1265 1209 1334 σφραγὶς,
1247 1268 1279 1337 ἡ
1325 1268 1415 1323 διὰ
1463 1272 1639 1342 κηροῦ
1692 1273 1922 1346 δηλαδὴ,

336 1347 591 1416 οὐδαμοῦ
623 1350 832 1417 γίνεται
877 1354 1115 1425 ἀλλαχοῦ
1141 1360 1294 1427 παρὰ
1320 1360 1414 1414 τοῦ
1448 1362 1731 1433 βασιλέως,
1762 1367 1811 1418 εί
1848 1367 1924 1437 μὴ

346 1438 488 1506 πρὸς
538 1440 639 1509 τὴν
696 1442 987 1500 δέσποιναν
1033 1448 1132 1520 τὴν
1202 1452 1412 1523 μητέρα
1462 1457 1627 1509 αὑτοῦ
1682 1457 1775 1511 καὶ
1831 1458 1928 1527 τὴν

344 1533 637 1588 δέσποιναν
668 1537 770 1607 τὴν
818 1543 1050 1605 γυναῖκα
1068 1543 1249 1599 αὑτοῦ
1303 1546 1398 1599 καὶ
1444 1547 1790 1618 τὸνβασιλέα
1836 1551 1930 1603 τὸν

349 1626 471 1677 υἱὸν
494 1628 683 1681 αὐτοῦ.
710 1629 852 1699 Πρὸς
880 1631 936 1686 δὲ
962 1634 1252 1702 δεσπότας,
1283 1638 1636 1708 πατριάρχας
1668 1640 1759 1693 καὶ
1801 1641 1930 1703 τοὺς

2013 464 2370 521 Francorum.

2085 552 2505 609 Protosebastus
2533 551 2683 607 nullo
2706 565 2937 605 munere
2963 548 3229 619 fungitur.

2087 648 2367 704 Pinceruze
2400 649 2641 703 officium
2670 646 3054 716 explicabitur,
3083 643 3299 714 quando
3352 642 3420 696 de
3471 653 3592 693 ma-

2018 742 2107 813 gni
2138 742 2420 796 domestici
2444 755 2669 794 munere
2698 753 2880 793 sermo
2906 738 3031 792 erit.

2090 834 2199 906 3h.
2227 833 2548 903 Curopalata
2596 832 2726 887 olim
2778 830 2995 901 quidem
3047 828 3279 884 habebat
3326 826 3590 892 officium,

2022 931 2165 1001 quod
2194 944 2339 984 nunc
2372 924 2705 995 incognitum
2736 932 2842 978 est.
2867 922 2926 976 ln
2952 921 3210 992 przesenti
3258 918 3407 973 nullo
3467 920 3595 972 fun-

2022 1023 2167 1093 gitur
2207 1036 2453 1076 munere.

2094 1114 2387 1169 Praefectus
2418 1110 2581 1180 sigilli
2613 1124 2706 1163 seu
2766 1106 3018 1176 sigillil‘er
3072 1101 3420 1174 imperatoris
3474 1100 3597 1169 pala

2026 1224 2124 1265 seu
2152 1207 2354 1261 annulo
2382 1204 2638 1275 obsignat
2666 1203 2877 1256 litteras
2901 1215 3050 1263 cera,
3088 1196 3311 1267 quando
3358 1200 3594 1263 oportet.

2027 1300 2141 1355 Hoc
2164 1315 2291 1353 vero
2321 1311 2629 1369 percaram
2663 1293 2901 1363 sigillum
2952 1307 3057 1345 non
3112 1295 3340 1357 usurpat
3386 1284 3600 1354 uspiam

2029 1391 2345 1460 imperator,
2380 1387 2488 1442 nisi
2541 1385 2607 1439 ad
2672 1384 2953 1438 dominam
3023 1391 3251 1434 matrem
3310 1392 3489 1441 suam,
3532 1373 3601 1427 ad

2028 1482 2306 1537 dominam
2343 1494 2567 1533 uxorem
2600 1490 2756 1531 suam
2782 1483 2836 1527 et
2867 1474 2930 1526 ad
2956 1474 3343 1540 imperatorem
3395 1468 3603 1531 ﬁlium;

2031 1575 2097 1627 ad
2128 1573 2383 1645 despotas
2417 1578 2619 1649 autem,
2650 1569 2716 1623 ad
2746 1564 3091 1636 patriarchas
3132 1574 3187 1616 et
3226 1562 3294 1616 ad
3358 1560 3599 1627 reliquos

2034 1664 2413 1719 honoratiores
2444 1648 2717 1729 principes
2744 1665 2797 1711 et
2825 1669 3078 1725 proceres
3125 1652 3297 1706 utitur
3346 1648 3601 1719 plumbea

345 1718 573 1821 λοιποὺς
602 1720 875 1821 άρχοντας
919 1724 1026 1821 τῶν
1059 1726 1424 1799 ἐντιμοτέρων
1464 1731 1553 1785 διὰ
1608 1733 1921 1804 μολιϐδίνης

2049 1756 2190 1809 pulla.
2211 1753 2397 1808 Portat
2415 1755 2637 1821 insuper
2661 1751 2760 1804 iste
2777 1746 3127 1819 imperatoris
3142 1757 3353 1809 ensem,
3377 1741 3604 1795 absente

349 1807 572 1878 βούλης.
607 1813 769 1882 Φέρει
801 1814 859 1867 δὲ
910 1810 1065 1880 οὗτος
1102 1821 1193 1873 καὶ
1221 1821 1319 1891 τὴν
1346 1821 1637 1893 βασιλικὴν
1682 1825 1920 1895 σπάθην,

345 1899 765 1969 ἀποδημοῦντος
799 1904 890 1956 τοῦ
925 1912 1428 1981 πρωτοστράτορος.

432 2012 498 2065 '0
525 2017 1024 2085 παρακοιμώμενος
1053 2020 1145 2075 τοῦ
1193 2023 1452 2087 κοιτῶνος
1484 2026 1806 2096 εὑρίσκεται
1839 2043 1930 2081 κεν

351 2104 504 2175 (pth
533 2106 640 2160 τῶν
671 2110 728 2159 ἐν
781 2108 858 2179 τῷ
888 2111 1108 2164 κοιτῶνι
1144 2114 1519 2175 παιδοπούλων
1551 2119 1645 2171 καὶ
1673 2118 1782 2172 τῶν
1811 2134 1928 2171 κοιο
1962 2154 1975 2173 .

350 2199 660 2267 τωναρίων,
691 2201 829 2273 ἔχων
872 2202 966 2261 ὑπ’
1000 2206 1166 2260 αὑτὸν
1220 2208 1314 2260 καὶ
1361 2208 1455 2262 τὸν
1508 2209 1931 2280 προκαθήμενον

350 2294 451 2351 τοῦ
484 2297 764 2359 κοιτῶνος.
795 2298 960 2352 Μένει
989 2299 1045 2353 δέ
1074 2301 1169 2354 καὶ
1201 2302 1352 2368 ἐντὸς
1378 2302 1474 2356 τοῦ
1502 2303 1787 2357 παλατίου.
1820 2301 1928 2355 Τοῦ

355 2390 862 2459 παρακοιμωμένου
909 2391 965 2445 δὲ
1015 2396 1115 2462 τῆς
1174 2396 1469 2464 σφενδόνης
1525 2393 1933 2464 ἀποδημοῦντος

352 2475 509 2546 οὗτος
540 2482 698 2551 φέρει
730 2482 829 2553 τὴν
853 2482 948 2536 τοῦ
977 2484 1245 2555 βασιλέως
1276 2488 1512 2557 σπάθην.

444 2592 515 2644 Ἥ
544 2592 636 2645 τοῦ
677 2595 894 2662 γενικοῦ
942 2598 1233 2665 λογοθέτου
1262 2599 1538 2669 ὑπηρεσία
1579 2599 1640 2650 οὐ
1670 2600 1934 2666 γινώσκε-

361 2703 485 2740 ται.

450 2801 512 2854 '0
559 2803 1087 2875 πρωτοσεστιαρίτης
1119 2806 1265 2860 ἐστὶν
1297 2780 1591 2877 ὑπηρέτης.
1623 2809 1720 2877 τῆς
1758 2823 1935 2875 παρα-

360 2893 627 2954 στάσεως.
660 2893 771 2962 Πρδ
828 2895 939 2963 γὰρ
991 2894 1087 2947 τοῦ
1136 2896 1231 2948 τὸν
1286 2897 1512 2965 βασιλέα
1564 2899 1658 2951 τοῦ
1717 2898 1928 2951 κελλίου

356 2984 528 3038 αὐτοῦ
575 2982 811 3049 ἐξελθεῖν
848 2979 1004 3050 οὗτος
1058 2987 1374 3056 εὑρίσκεται
1425 2991 1483 3042 ἐν
1532 2988 1621 3060 τῷ·
1647 2990 1932 3059 τρικλινίῳ

2030 1853 2452 1917 pr0tostratore.

2101 2044 2394 2103 Przefectus
2435 2040 2671 2099 cubiculi
2703 2046 2787 2095 est
2823 2047 2989 2109 caput
3042 2050 3233 2091 eorum
3298 2031 3391 2102 qui
3439 2029 3608 2085 mini-

2032 2144 2210 2192 strant
2239 2135 2293 2189 in
2321 2132 2575 2188 cubiculo
2601 2141 2655 2187 et
2687 2130 3176 2184 cubiculariorum.
3205 2123 3381 2181 Habet
3407 2123 3510 2179 sub
3544 2135 3607 2177 se

2030 2244 2246 2299 quoque
2279 2226 2566 2298 praesidem
2596 2222 2855 2279 cubiculi.
2895 2220 3078 2275 Manet
3118 2219 3174 2273 in
3227 2215 3456 2287 palatio.
3497 2214 3610 2268 Ab-

2032 2329 2185 2377 sente
2241 2316 2499 2389 praefecto
2555 2315 2722 2387 sigilli
2757 2314 2864 2371 fert
2922 2315 3028 2369 iste
3086 2307 3438 2382 imperatoris
3513 2318 3611 2360 en—

2036 2423 2175 2465 sem.

2107 2609 2640 2680 Functiologothetae
2665 2604 2936 2677 generalis
2982 2603 3263 2673 incognita
3292 2610 3398 2657 est.

2108 2804 2582 2859 Protovestiarites
2662 2801 2917 2856 minister
2969 2810 3051 2856 est
3117 2798 3612 2855 circumstationis.

2038 2899 2193 2953 Prius
2211 2899 2356 2953 enim
2384 2912 2545 2968 quam
2574 2897 2871 2966 imperator
2899 2912 2963 2950 cx
2998 2909 3097 2950 suo
3121 2894 3375 2949 conclavi
3430 2901 3613 2957 exeat,

2038 2993 2139 3049 iste
2167 2994 2278 3063 jam
2301 2991 2355 3045 in
2388 2990 2625 3045 triclinio
2659 3000 2912 3045 versatur
2937 3003 3060 3042 cum
3103 3002 3299 3056 magno
3330 2986 3611 3041 hetaeriar-

364 3076 507 3144 μετά
545 3093 603 3131 τε
646 3076 743 3129 τοῦ
782 3079 1021 3147 μεγάλου
1055 3080 1403 3151 ἐταιριάρχου
1441 3080 1539 3134 καὶ
1584 3080 1679 3134 τοῦ
1706 3084 1806 3149 τῆς
1836 3083 1935 3133 αὑ-

2049 3089 2140 3140 cha
2175 3093 2228 3139 et
2291 3082 2609 3153 primicerio
2652 3081 2811 3138 aulae.
2859 3082 2928 3136 Et
2982 3090 3271 3150 postquam
3322 3080 3619 3148 imperator

357 3170 461 3238 λῆς
505 3172 937 3239 πριμμικηρίου.
981 3171 1089 3223 Καὶ
1122 3170 1259 3240 μετὰ
1307 3172 1366 3224 τδ
1404 3171 1641 3236 ἐξελθεῖν
1680 3172 1775 3225 καὶ
1811 3189 1938 3225 στα-

358 3262 523 3331 θῆναι
562 3262 911 3331 τὸνβασιλέα
967 3264 1247 3332 ἐξέρχεται
1295 3264 1323 3315 ό
1370 3264 1934 3335 πρωτοδεστιαρίτης,

358 3357 461 3408 καὶ
495 3353 653 3406 καλεῖ
674 3354 803 3417 τοὺς
846 3354 954 3406 τῶν
985 3355 1259 3424 ἀρχόντων
1298 3357 1683 3426 ἐντιμοτέρους
1732 3356 1812 3418 εἰς
1838 3355 1940 3426 τὴν

364 3446 714 3515 παράστασιν
787 3447 1022 3499 Ἔπειτα
1072 3449 1101 3500 ὁ
1157 3448 1329 3515 μέγας
1387 3447 1783 3518 ἐταιριάρχης,
1844 3446 1940 3500 καὶ

365 3538 529 3591 καλεῖ
565 3540 659 3590 καὶ
702 3532 857 3598 οὗτός
892 3554 1046 3600 τινας
1094 3538 1201 3592 τῶν
1236 3539 1522 3610 προτέρων
1557 3539 1798 3601 πλείους.
1829 3540 1939 3593 Καὶ

368 3629 513 3696 μετὰ
551 3628 740 3681 τοῦτον
781 3626 1063 3700 ἐξέρχεται
1112 3630 1140 3681 ό
1187 3632 1591 3701 πριμμικήριος
1620 3632 1718 3701 τῆς
1748 3631 1939 3700 αὐλῆς,

366 3723 469 3783 καὶ
494 3722 651 3775 καλεῖ
676 3725 775 3775 καὶ
807 3717 962 3785 οὗτος
990 3722 1254 3785 ὡσαύτως
1280 3725 1404 3786 τοὺς
1446 3724 1666 3786 λοιποὺς
1695 3724 1805 3777 τῶν
1840 3726 1939 3792 ἀρ-

364 3812 593 3881 χόντων.
627 3807 762 3866 Εἶτα
792 3812 1017 3883 φέρουσι
1048 3812 1108 3866 τὸ
1137 3813 1232 3867 τοῦ
1282 3813 1547 3883 βασιλέως
1594 3814 1900 3870 δικανίκιον
1925 3834 1939 3847 ·

364 3899 430 3951 οῦ
464 3901 557 3952 καὶ
580 3901 823 3964 δοθέντος
845 3902 921 3971 τῷ
949 3902 1155 3971 βασιλεῖ
1186 3902 1334 3971 παρὰ
1366 3902 1459 3955 τοῦ
1496 3904 1734 3972 μεγάλου
1771 3921 1944 3973 πριμ-

373 3994 656 4063 μικηρίου,
683 3996 759 4055 ὼς
789 3995 1026 4063 εἴρηται,
1060 3995 1221 4058 εὐθὺς
1251 3997 1298 4048 oi
1331 3996 1681 4065 ἐταιριάρχαι
1713 3996 1941 4051 καλοῦσι

364 4088 499 4150 τοὺς
532 4087 868 4151 ἐπιλοίπους,
897 4088 1019 4146 τοὺς
1052 4087 1120 4140 τὰ
1161 4090 1392 4141 κόκκινα
1424 4087 1665 4158 δηλονότι
1704 4088 1940 4158 φοροῦν-

364 4194 466 4239 τας
502 4176 830 4245 σκαράνικα,
862 4178 959 4230 καὶ
986 4179 1193 4241 πάντας
1218 4181 1342 4240 τοὺς
1378 4179 1551 4232 κάτω.
1576 4180 1685 4232 Καὶ
1720 4181 1936 4247 γίνεται

371 4270 475 4337 μὲν
514 4260 658 4322 οὕτω
701 4267 861 4322 τοῦτο
909 4269 1166 4331 πάντοτε,
1199 4268 1342 4321 κατᾶ
1388 4286 1449 4321 τε
1482 4268 1583 4339 τὴν
1614 4270 1706 4322 τοῦ
1740 4269 1942 4340 ὄρθρου

366 4362 524 4429 ὥραν
550 4361 650 4430 τῆς
695 4361 1042 4429 λειτουργίας
1072 4363 1167 4415 καὶ
1206 4361 1496 4432 ἐσπερινοῦ
1522 4378 1536 4393 ·
1570 4362 1707 4429 μετὰ
1744 4364 1800 4415 δὲ
1842 4363 1943 4433 τὴν

2049 3175 2244 3244 prodiit
2275 3184 2329 3229 et
2379 3174 2433 3228 in
2470 3174 2708 3228 triclinio
2734 3173 3003 3238 constitit,
3030 3172 3310 3242 egreditur
3362 3182 3617 3240 protove-

2049 3266 2311 3331 stiarites,
2328 3274 2596 3333 vocatque
2611 3266 2676 3319 ad
2697 3265 3210 3319 cireumstationem
3232 3264 3619 3317 honoratiores

2047 3373 2112 3413 ex
2147 3357 2484 3426 proceribus.
2510 3357 2708 3411 Postea
2762 3370 2995 3426 magnus
3047 3354 3405 3409 hetaeriarcha
3462 3363 3624 3407 vocat

2049 3459 2101 3505 et
2129 3449 2246 3518 ipse
2272 3449 2502 3517 aliquos,
2534 3456 2587 3502 et
2619 3447 2838 3517 quidem
2893 3447 3078 3516 plures
3135 3446 3437 3515 prioribus.
3484 3445 3615 3502 Post

2018 3602 2019 3605 η
2051 3542 2193 3596 hunc
2221 3541 2333 3595 exit
2361 3540 2704 3610 primicerius
2740 3538 2845 3609 35
2888 3539 3047 3602 aulae,
3071 3539 3164 3607 qui
3217 3539 3456 3607 reliquos
3499 3553 3627 3608 pro-

2050 3647 2232 3687 cerum
2270 3631 2798 3686 similiteradvoeat.
2835 3630 3037 3685 Deinde
3096 3628 3333 3684 afferunt
3380 3629 3624 3696 impera-

2052 3724 2185 3778 toris
2206 3729 2518 3792 sceptrum;
2548 3720 2695 3791 quod
2723 3736 2957 3790 magnus
2984 3721 3329 3791 primicerius
3386 3720 3627 3787 impera-

2053 3818 2155 3872 tori
2189 3816 2352 3870 modo
2380 3830 2541 3884 supra
2556 3815 2803 3885 exposito
2844 3815 3098 3883 porrigit.
3136 3814 3255 3878 Quo
3273 3821 3493 3881 peracto
3518 3818 3626 3865 sta—

2052 3906 2547 3961 timhetaeriarchze
2604 3912 2898 3958 accersunt
2962 3912 3216 3962 οιοιετοε,
3275 3914 3471 3968 nempe
3518 3915 3615 3956 eos

2052 3999 2141 4066 qui
2176 3999 2458 4053 searanica
2482 3997 2737 4050 coccinea
2781 3995 2989 4059 ferunt,
3049 4001 3103 4048 et
3137 3994 3224 4049 his
3289 3990 3624 4059 inferiores;

2054 4091 2216 4159 ﬁtque
2252 4091 2352 4143 hoc
2386 4102 2601 4155 semper
2633 4101 2795 4142 mane
2828 4087 2974 4143 circa
3040 4088 3229 4140 horam
3282 4086 3522 4156 liturgiaa
3571 4096 3631 4141 et

2055 4181 2243 4234 horam
2279 4178 2577 4247 vespertini
2604 4178 2794 4233 oflicii.
2833 4179 2965 4233 Post
3006 4181 3353 4234 missionem.
3422 4178 3467 4233 si
3525 4179 3627 4231 imo

2052 4280 2271 4339 perator
2303 4279 2396 4324 aut
2424 4272 2587 4324 verba
2623 4267 2805 4323 facere
2839 4280 2933 4325 aut
2967 4269 3293 4324 beneficium
3326 4266 3502 4321 oflicii
3567 4266 3626 4322 in

2056 4362 2289 4431 aliquem
2322 4361 2573 4417 conferre
2613 4362 2761 4430 velit,
2800 4372 2985 4417 manet
3051 4361 3463 4417 circumstatio.
3522 4358 3623 4413 Sin

364 4452 661 4515 ἀπόλυσιν,
694 4452 740 4502 εί
770 4452 871 4520 μέν
893 4451 1008 4519 ἔχει
1030 4451 1241 4521 θέλημα
1275 4454 1303 4505 ό
1338 4452 1590 4523 βασιλεὺς
1643 4453 1732 4507 ἵνα
1760 4455 1938 4525 δημη-

2049 4456 2249 4519 minus,
2289 4455 2737 4523 protovestiarita
2791 4455 3019 4509 humum
3083 4470 3205 4509 cum
3267 4468 3369 4509 suo
3430 4452 3629 4507 baculo

365 4543 583 4614 γορησῃ
604 4542 639 4611 ἢ
668 4543 755 4596 εύε
768 4545 1027 4615 ργετήσῃ.
1047 4543 1300 4612 όφφίκιον
1336 4545 1471 4613 πρός
1495 4561 1639 4610 τινα,
1668 4546 1747 4599 ἔτι
1779 4549 1811 4617 ἡ
1841 4565 1949 4602 πα-

370 4634 643 4705 ράστασις
673 4635 910 4688 ἵσταται.
955 4636 1015 4688 Εί
1057 4636 1114 4687 δέ
1152 4637 1248 4704 μὴ,
1284 4636 1380 4689 τοῦ
1408 4636 1944 4707 πρωτοὸεστιαρίτου

365 4729 433 4779 τὸ
455 4726 654 4781 ἑαυτοῦ
684 4725 983 4778 δικανίκιον
1022 4726 1350 4795 κρούσαντος
1384 4725 1472 4778 ἐπ’
1500 4726 1733 4794 ἐδάφους
1758 4729 1944 4799 ἠρέμα

370 4820 421 4870 οἱ
449 4818 797 4888 ἐταιριάρχαι
825 4817 879 4870 οἱ
907 4817 1181 4870 δικανίκια
1221 4817 1408 4881 ξύλινα
1439 4816 1697 4887 φέροντες
1727 4818 1947 4887 λέγουσι

375 4911 488 4971 τοῖς
538 4910 678 4977 μετὰ
722 4907 786 4960 τὸ
834 4907 1140 4961 δικανίκιον
1189 4906 1494 4961 είσελθοῦσι
1530 4906 1628 4961 τοῦ
1661 4908 1944 4978 βασιλέως,

375 4999 471 5049 καὶ
500 4997 837 5067 ἐξέρχονται.
870 4998 935 5050 Et
977 4997 1035 5050 δέ
1066 5014 1119 5049 τι
1146 4999 1243 5065 τῆς
1270 5000 1673 5067 παραστάσεως
1721 5000 1947 5065 ἱσταμέ-

373 5104 473 5154 νης
522 5088 708 5156 δεήσει
768 5087 1124 5158 ἀνενεχθῆναι
1175 5087 1252 5156 τῷ
1289 5085 1524 5157 βασιλεῖ,
1558 5087 1669 5140 είτε
1717 5088 1949 5141 δι’ἀπο-

374 5179 682 5249 κρισιάριον
718 5180 827 5233 εἴτε
876 5179 947 5233 δι’
1000 5179 1129 5232 ἄλλο
1162 5196 1213 5232 τι
1259 5180 1369 5232 τῶν
1404 5180 1739 5248 ἀναγκαίων,
1776 5182 1948 5245 οὐδεὶς

374 5272 483 5325 τῶν
530 5274 806 5342 ἀρχόντων
847 5273 961 5341 ἔχει
1000 5273 1162 5325 τοῦτο
1208 5272 1296 5324 ἐπ’
1345 5271 1535 5335 ἁδείας
1574 5274 1822 5342 ποιῆσαι,
1871 5272 1947 5343 μὴ

372 5362 468 5419 τοῦ
529 5364 791 5434 βασιλέως
848 5366 979 5427 ἴσως
1036 5363 1415 5429 ἐπιτάξαντος,
1456 5365 1504 5417 εί
1570 5362 1642 5434 μὴ
1704 5364 1867 5433 μόνος
1921 5368 1949 5418 ὁ

2051 4548 2300 4617 pulsante
2325 4547 2587 4622 paulatim
2657 4547 3053 4611 lietmriarchie,
3116 4554 3170 4600 et
3240 4547 3334 4616 qui
3399 4545 3627 4600 baculus

2050 4640 2257 4710 ligneos
2286 4646 2518 4708 gestant,
2555 4638 2605 4691 id
2632 4637 2877 4693 indicant
2931 4638 3001 4691 iis
3061 4637 3154 4706 qui
3235 4645 3356 4705 post
3396 4636 3623 4688 allatum

2053 4740 2331 4801 sceptrum
2368 4730 2718 4799 imperatoris
2760 4729 2992 4799 ingressi
3031 4735 3187 4792 sunt,
3222 4734 3276 4780 et
3327 4724 3625 4793 egrediun-

2050 4834 2161 4879 tur.
2200 4822 2409 4892 Siquid
2449 4823 2681 4875 durante
2712 4820 3164 4875 circumstatione
3194 4816 3309 4869 sive
3350 4831 3446 4879 per
3489 4827 3622 4880 apo-

2052 4910 2361 4965 crisiarium
2386 4912 2503 4965 sive
2535 4910 2702 4962 alium
2726 4923 2884 4976 quem
2919 4922 2984 4960 ex
3012 4905 3340 4961 necessariis
3387 4905 3627 4973 impera-

2051 5002 2154 5055 tori
2199 4998 2614 5071 proponendum
2676 5000 2769 5063 sit,
2803 5012 2962 5051 nemo
3022 5012 3091 5053 ex
3142 4996 3463 5067 proceribus
3508 4993 3624 5061 ejus

2045 5093 2281 5147 faciendi
2313 5100 2634 5160 potestatem
2697 5091 2879 5155 habet,
2919 5105 3025 5143 non
3086 5089 3381 5143 mandante
3414 5088 3464 5142 id
3515 5086 3625 5142 for-

2051 5186 2586 5254 tassisimperatore,
2622 5185 2727 5239 nisi
2793 5184 2947 5238 solus
3013 5181 3510 5250 protovestiariles,
3569 5191 3626 5236 et

2053 5280 2169 5348 ipso
2201 5278 2428 5333 absente
2455 5293 2686 5349 magnus
2720 5278 3120 5343 hetaeriarcha;
3159 5277 3203 5331 si
3240 5286 3294 5331 et
3318 5276 3432 5346 ipse
3456 5276 3625 5339 absit,

2054 5368 2399 5434 primicerius
2446 5368 2606 5423 aulae.

375 5456 954 5528 πρωτοδεστιαρίτηςο
997 5458 1047 5511 εί
1087 5454 1134 5511 δ’
1180 5449 1337 5519 οὗτος
1383 5456 1678 5526 ἀποδημεῖ,
1714 5459 1741 5509 ό
1774 5458 1949 5527 μέγας
1987 5460 2362 5534 ἐταιριάρχης,
2394 5464 2443 5516 εί
2473 5463 2530 5516 δὲ
2563 5463 2659 5518 καὶ
2697 5462 2871 5527 οὗτος,
2907 5465 2935 5517 ό
2999 5461 3100 5533 τῆς
3165 5461 3336 5533 αὐλῆς
3389 5479 3627 5533 πριειμι.

371 5550 585 5619 κήριος.

454 5667 518 5720 Ἡ
553 5667 646 5722 τοῦ
693 5667 1017 5741 δομεστίκου
1073 5670 1170 5741 τῆς
1214 5668 1495 5741 τραπέζης
1546 5668 1821 5740 ὑπηρεσία
1861 5672 1958 5755 atati.

2138 5668 2389 5728 Officiqu
2426 5669 2712 5727 domestici
2760 5682 2961 5725 mensae
3012 5677 3064 5723 et
3133 5672 3372 5741 praefecti
3427 5685 3631 5728 mensae
