3992 6240
356 168 428 232 55
1553 167 1819 233 CODINI
1855 173 1933 235 Ct

2045 173 2155 233 iPA
2172 172 2388 235 [ΛΤΒ
3548 168 3616 229 56

349 284 744 353 explicabitur,
781 285 1003 356 quando
1068 283 1136 339 de
1188 297 1413 338 munere
1468 285 1645 355 magni
1677 286 1933 343 domestic

2058 289 2152 343 τοῦ
2205 289 2297 341 ἐπὶ
2340 288 2438 358 τῆς
2478 286 2755 358 τραπέζης
2795 284 3145 359 λεχθήσεται,
3175 286 3263 340 ὅτε
3311 286 3406 339 καὶ
3443 286 3474 355 ἠ
3522 286 3617 341 τοῦ

347 380 672 434 disseretur.

424 472 646 549 Magnus
677 475 901 543 pappias
920 474 1050 529 olim
1071 474 1261 530 habuit
1285 470 1625 543 incognitum
1658 470 1926 538 officium,

351 580 499 618 nunc
525 573 704 617 autem
767 565 1001 619 nullum.
1526 568 1537 583 '

428 653 695 707 Similiter
725 654 1023 723 eparchus,
1056 655 1231 724 quiet
1259 656 1378 727 ipse
1428 656 1637 711 nullum
1686 654 1927 709 officium

351 744 533 797 hahet.

420 835 530 905 36
561 836 736 905 Magni
761 838 1037 907 drungarii
1070 840 1377 908 vigiliarum
1416 839 1655 895 ofticium
1685 853 1927 909 expone-

354 936 462 991 tur,
496 927 720 993 quando
751 928 817 981 de
850 928 1034 982 officio
1068 931 1249 1000 magni
1310 930 1599 986 domestici
1656 930 1711 984 in
1763 943 1925 983 exer-

351 1016 461 1069 citu
490 1017 841 1071 disseremus.

423 1104 597 1175 Magni
639 1108 1011 1164 hetaeriarchaa
1039 1129 1236 1166 munus
1281 1114 1432 1183 prius
1478 1115 1698 1185 quidem
1757 1116 1928 1186 expli-

351 1207 534 1251 catum
575 1209 678 1265 est,
721 1202 941 1270 quando
994 1204 1060 1258 de
1100 1206 1553 1261 circumstatione
1603 1208 1923 1278 agebamus.

350 1286 568 1356 liecipit
627 1291 730 1347 iste
794 1295 1157 1365 undequaque
1213 1297 1568 1352 adventantes
1610 1298 1827 1353 exsules
1874 1308 1929 1352 et

350 1379 604 1448 perfugas
638 1399 653 1433 :
687 1382 809 1436 ideo
840 1387 1006 1438 etiam
1029 1386 1387 1442 betteriarcha
1412 1388 1738 1457 appellatur,
1806 1401 1925 1446 tan-

350 1483 512 1537 quam
544 1470 635 1538 qui
670 1472 917 1540 ἑταίρους
945 1476 1057 1530 sive
1089 1476 1295 1532 amicos
1351 1478 1635 1547 suscipiat.

422 1558 727 1630 Lngotheta
749 1576 949 1618 cursus
975 1565 1101 1617 olim
1130 1566 1318 1620 habuit
1336 1566 1578 1621 ofﬁcium
1604 1566 1927 1625 nobisinco-

349 1650 583 1718 gnitum,
623 1669 767 1708 nunc
797 1670 924 1709 vero
951 1656 1184 1710 nullum.

425 1827 900 1884 Primisecretarii
932 1846 1127 1887 munus
1147 1848 1210 1888 ex
1237 1835 1358 1904 ipso
1401 1838 1670 1894 vocabulo
1715 1840 1929 1896 innote-

360 1917 487 1970 scit.
519 1916 613 1971 Est
646 1919 855 1987 primus
882 1919 1023 1975 inter
1056 1922 1290 1990 iudices.
1335 1924 1611 1980 Interdum
1640 1942 1762 1981 cum
1812 1928 1931 1997 ipso

346 2008 614 2074 iudicant,
648 2009 872 2067 decreto
927 2013 1300 2084 imperatoris,
1332 2017 1493 2073 etiam
1528 2020 1621 2073 alii
1680 2020 1924 2074 honora-

351 2099 521 2152 tiores
587 2099 729 2168 ipso.

422 2188 669 2245 Praefecti
707 2194 982 2250 exercitus
1010 2197 1252 2252 officium
1274 2199 1658 2267 explicabitur,
1708 2202 1929 2270 quando

352 2285 419 2336 de
472 2280 656 2337 officio
723 2287 906 2355 magni
964 2289 1251 2345 domestici
1307 2291 1361 2344 in
1428 2291 1671 2345 exercitu
1745 2308 1928 2348 sermo

350 2375 476 2430 erit.

421 2467 635 2540 Mystioi
693 2469 901 2527 functio
948 2471 1181 2541 patescit
1209 2486 1273 2526 ex
1304 2472 1423 2542 ipso
1455 2473 1699 2527 nomine.

422 2644 768 2701 Domesticus
784 2647 1099 2702 scholarum
1126 2647 1257 2700 olim
1295 2646 1469 2702 ferme
1512 2649 1653 2702 idem
1682 2648 1926 2703 officium

352 2737 523 2806 gessit
549 2738 693 2806 quod
732 2740 895 2791 modo
920 2752 1147 2807 magnus
1183 2738 1544 2793 domesticus.
1576 2739 1729 2794 Nunc
1778 2741 1930 2794 nullo

353 2843 577 2882 muncre
623 2827 887 2897 fungitur.

434 2918 662 2986 Magnus
693 2891 1024 2987 drungarius
1055 2918 1249 2975 classis
1279 2934 1401 2974 eam
1451 2920 1717 2975 rationem
1772 2920 1934 2974 habet
1958 2891 2002 2949 θ

354 3010 421 3064 ad
451 3024 708 3079 magnum
733 3010 946 3074 ducem,
975 3026 1138 3079 quant
1173 3010 1484 3079 vigiliarum
1504 3026 1735 3080 magnus
1759 3012 1934 3066 druu-

354 3101 542 3168 garius
572 3101 639 3154 ad
678 3116 938 3171 magnum
972 3101 1364 3156 domesticum.

424 3195 778 3249 Pritnicerius
806 3196 944 3249 aulas
994 3194 1158 3249 habet
1210 3199 1267 3249 in
1316 3196 1766 3251 circumstatione
1814 3213 1933 3253 eam

357 3286 689 3341 iunctionem
717 3285 785 3340 de
802 3302 908 3355 qua
932 3287 1036 3356 37
1054 3295 1208 3341 antea
1230 3288 1458 3341 dictum.
1490 3288 1617 3357 Ejus
1634 3290 1793 3342 etiam
1822 3306 1936 3341 mu-

356 3390 458 3428 nus
486 3384 568 3429 est
602 3384 660 3429 ut
700 3375 840 3430 inter
866 3390 1057 3436 omnes
1115 3378 1207 3445 qui
1235 3377 1286 3430 iu
1319 3377 1444 3431 aula
1480 3390 1796 3443 versantur,
1831 3379 1929 3432 de-

355 3476 566 3521 centem
596 3468 842 3521 ordinem
875 3469 1200 3524 constituat.
1260 3469 1729 3535 Quemadmodum
1782 3472 1929 3525 enim

355 3560 588 3630 quilibet
640 3576 708 3615 ex
759 3561 1078 3629 proceribus
1143 3561 1489 3630 designatum
1540 3572 1593 3615 et
1649 3564 1932 3633 proprium

358 3650 538 3705 locum
566 3650 622 3704 in
673 3651 1125 3705 circumstatione
1167 3651 1401 3714 obtinet,
1451 3652 1523 3705 ita
1581 3663 1635 3707 et
1676 3654 1935 3723 quaelibet

357 3738 659 3794 aulicorum
692 3738 887 3793 classis
917 3738 1203 3806 proprium
1243 3739 1295 3792 in
1366 3740 1491 3793 aula
1543 3749 1688 3794 tenet
1729 3742 1933 3797 locum.

358 3831 591 3899 Barangi
616 3831 761 3885 enim
797 3829 1033 3883 ministri
1066 3837 1191 3883 sunt
1220 3830 1285 3883 ad
1313 3829 1459 3884 fores
1513 3832 1792 3886 conclavis
1822 3833 1927 3887 im-

358 3922 619 3991 peratorii
649 3931 705 3975 et
741 3921 986 3975 triclinii.
1020 3920 1076 3974 lu
1126 3920 1250 3974 aula
1300 3936 1433 3975 vero
1497 3921 1683 3991 palatii
1735 3924 1938 3980 milites

358 4022 485 4069 sunt
508 4013 836 4073 stationarii.
861 4013 1124 4067 habentes
1151 4029 1342 4082 equos,
1362 4015 1559 4083 quibus
1576 4017 1736 4070 etiam
1755 4017 1939 4084 aloga-

359 4114 442 4156 tor
463 4110 681 4171 praeest.
703 4101 827 4154 POst
851 4103 984 4156 istos
1014 4113 1142 4156 sunt
1172 4103 1261 4156 alii
1296 4101 1625 4169 stationarii,
1653 4106 1746 4162 sed
1780 4107 1937 4176 equis

2039 383 2276 453 μεγάλου
2320 382 2673 449 δομεστίκου.

2119 473 2178 526 '0
2229 474 2401 541 μέγας
2453 474 2702 533 παππίας
2755 466 2871 540 εἶχε
2935 472 3036 539 μὲν
3090 471 3260 525 πάλαι
3310 471 3615 541 ὑπηρεσίαν

2032 565 2466 631 ἀνεπίγνωστον,
2499 562 2595 613 νῦν
2625 562 2679 614 δὲ
2715 561 2997 629 οὐδεμίαν.

2117 655 2177 709 ’0
2209 656 2449 725 ἔπαρχος
2477 654 2776 717 ὡσαύτως·
2808 654 2904 709 νῦν
2941 656 2999 709 δὲ
3030 655 3153 709 οὐδὲ
3182 648 3357 718 οὗτος.

2114 832 2183 886 Ἥ
2211 831 2307 884 τοῦ
2349 831 2587 901 μεγάλου
2634 829 3000 898 δρουγγαρίου
3041 831 3142 899 τῆς
3182 828 3373 898 βίγλης
3402 829 3613 899 ὑπηρε-

2033 925 2124 976 σία
2159 922 2438 991 εἰρήσεται
2474 921 2573 973 καὶ
2594 920 2758 988 αὐτὴ,
2788 922 2876 972 ὅτε
2915 920 3010 972 καὶ
3054 920 3087 989 ἠ
3119 918 3215 972 τοῦ
3252 919 3491 989 μεγάλου
3520 923 3611 976 δο-

2034 1013 2292 1084 μεστίκου
2330 1014 2362 1082 η
2396 1014 2476 1075 είς
2504 1013 2563 1065 τδ
2592 1011 2905 1080 φωσσάτον.

2101 1106 2175 1158 Τὸ
2206 1104 2303 1157 τοῦ
2357 1104 2593 1173 μεγάλου
2634 1104 2984 1172 ἑταιριάρχου
3037 1103 3369 1172 ὑπηρέτημα
3416 1104 3611 1175 ἐλέχθη

2036 1198 2135 1265 μὲν
2158 1197 2448 1265 πρότερον.
2479 1195 2567 1247 ὅτε
2604 1194 2858 1263 περὶτῆς
2888 1192 3286 1264 παραστάσεως
3321 1192 3608 1260 ἐλέγομεν.

2030 1288 2250 1355 Δέχεται
2287 1286 2344 1339 δὲ
2382 1279 2534 1349 οὗτος
2568 1285 2665 1339 καὶ
2693 1286 2821 1347 τοὺς
2872 1284 3349 1354 προσερχομένους
3400 1301 3611 1337 παντα-

2030 1375 2190 1445 χόθεν
2232 1377 2518 1444 φυγάδαςο
2552 1375 2634 1428 διδ
2686 1376 2777 1427 καὶ
2821 1375 3179 1444 ἑταιριάρχης
3229 1375 3502 1439 καλεῖται,
3534 1375 3607 1438 ὼ,

2030 1468 2156 1530 τοὺς
2190 1468 2437 1537 ἑταίρους
2479 1467 2598 1537 ἦτοι
2636 1468 2762 1529 τοὺς
2792 1466 2981 1535 φίλους
3013 1465 3323 1534 δεχόμενος.

2113 1558 2172 1612 '0
2226 1558 2518 1627 λογοθέτης
2569 1559 2664 1611 τοῦ
2712 1558 2917 1628 δρόμου
2977 1555 3091 1627 είχε
3144 1558 3243 1624 μὲν
3292 1558 3461 1611 πάλαι
3513 1574 3587 1610 κα

2031 1641 2188 1712 οὗτος
2238 1650 2544 1719 ὑπηρεσίαν
2584 1649 2717 1718 ἡμῖν
2767 1649 3191 1717 ἔνεπίγνωστον,
3229 1646 3327 1703 νῦν
3367 1649 3423 1701 δὲ
3458 1649 3610 1702 οὐδε-

2035 1738 2184 1809 μίαν.

2102 1830 2176 1882 Τὸ
2232 1828 2327 1882 τοῦ
2384 1832 2852 1901 πρωτασηκρῆτις
2906 1831 3240 1901 ὑπηρέτημα
3300 1829 3458 1897 δῆλον
3513 1829 3610 1882 καὶ

2030 1921 2129 1973 ἀπ’
2157 1919 2324 1973 αὐτοῦ
2345 1921 2442 1974 τοῦ
2475 1922 2738 1985 ὀνόματος
2764 1939 2778 1954 ·
2807 1922 3027 1992 πρῶτος
3056 1922 3163 1989 γάρ
3190 1921 3297 1973 τῶν
3332 1922 3607 1989 σεκρέτων

2030 2009 2271 2079 λέγεται.
2302 2010 2456 2063 Ἔστι
2486 2011 2543 2064 δὲ
2570 2013 2658 2064 ὅτε
2692 2012 3045 2081 συγκρίνουσι
3096 2011 3215 2081 μετ’
3254 2010 3422 2064 αὐτοῦ
3452 2012 3609 2080 βασι-

2028 2100 2166 2170 λικῷ
2194 2102 2405 2172 ὁρισμῷ
2427 2104 2519 2156 καὶ
2545 2103 2724 2172 ἕτεροι
2766 2104 3102 2174 ἐντιμότεροι
3135 2103 3349 2156 τούτου.

2101 2194 2174 2246 Τδ
2203 2195 2299 2248 τοῦ
2350 2197 2443 2247 ἐπὶ
2481 2195 2577 2248 τοῦ
2624 2197 2718 2248 ἐπὶ
2748 2194 2981 2262 στρατοῦ
3029 2194 3380 2263 ὑπηρέτημα,
3409 2192 3605 2263 λεχθή-

2033 2301 2186 2339 σεται
2216 2285 2311 2339 καὶ
2344 2286 2629 2349 τοῦτο,δτε
2662 2288 2756 2345 καὶ
2786 2285 2880 2339 τοῦ
2913 2268 3151 2356 μεγάλού
3186 2285 3512 2355 δομεστίκου
3545 2285 3606 2338 τὸ

2030 2377 2111 2439 είς
2153 2377 2458 2445 φωσσάτον.

2113 2465 2177 2517 Ἥ
2206 2466 2299 2519 τοῦ
2324 2466 2590 2533 μυστικοῦ
2628 2465 2907 2537 ὑπηρεσία
2939 2466 3141 2519 νοεῖται
3172 2464 3264 2516 καὶ
3298 2464 3396 2517 ἀπ’
3437 2463 3607 2519 αὐτοῦ

2029 2552 2123 2608 τοῦ
2154 2556 2442 2626 ὀνόματος.

2112 2647 2171 2699 '0
2197 2647 2517 2715 δομέστικος
2561 2649 2669 2700 τῶν
2698 2647 2905 2718 σχολῶν
2951 2648 3117 2701 πάλαι
3158 2647 3257 2717 μὲν
3298 2642 3444 2715 εἶχεν
3468 2646 3611 2715 ὑπη-

2034 2739 2221 2807 ρεσίαν
2268 2739 2456 2808 σχεδὸν
2490 2740 2554 2810 ἢν
2579 2741 2608 2792 ὀ
2653 2739 2827 2809 μέγας
2868 2739 3188 2805 δομέστικος
3225 2738 3373 2805 άρτι,
3401 2735 3498 2789 νῦν
3551 2736 3610 2789 δὲ

2032 2830 2151 2881 οὐδε
2160 2831 2310 2896 μίαν.
2447 2856 2459 2861 -
3506 2855 3525 2873 ι

2118 2919 2177 2970 '0
2204 2919 2377 2987 μέγας
2397 2920 2762 2989 δρουγγάριος
2792 2920 2887 2972 τοῦ
2911 2920 3098 2972 στόλου
3129 2916 3220 2970 τὸν
3253 2916 3417 2969 αὐτὸν
3448 2915 3607 2984 λόγον

2036 3008 2149 3078 ἔχει
2195 3010 2333 3077 πρὸς
2361 3010 2453 3062 τὸν
2492 3012 2668 3079 μέγαν
2713 3009 2912 3061 δοῦκαν
2942 3010 2999 3061 ὃν
3020 3012 3048 3061 ὁ
3074 3008 3172 3075 τῆς
3205 3007 3400 3077 βίγλης
3428 3005 3608 3076 μέγας

2035 3101 2398 3171 δρουγγάριος
2431 3102 2568 3171 πρὸς
2589 3101 2681 3153 τὸν
2713 3101 2884 3168 μέγαν
2916 3100 3257 3166 δομέστικον.

2120 3192 2178 3246 Ὀ
2223 3193 2627 3263 πριμμικήριος
2677 3193 2775 3258 τῆς
2806 3192 2976 3260 αὐλῆς
3019 3190 3131 3260 ἔχει
3175 3189 3277 3259 μὲν
3314 3193 3374 3243 ἒν
3403 3194 3468 3261 τῇ
3506 3208 3611 3245 πα-

2040 3286 2298 3354 ραστάσει
2335 3283 2635 3354 ὑπηρεσίαν
2686 3284 2805 3335 οἵαν
2864 3282 3223 3352 προείπομεν,
3266 3281 3521 3333 εὐτακτεῐ
3552 3280 3609 3333 δὲ

2037 3380 2131 3432 καὶ
2159 3379 2285 3438 τοὺς
2327 3378 2384 3430 ἒν
2440 3379 2504 3445 τῇ
2561 3376 2700 3446 αὐλῇ
2731 3375 2957 3437 πάντας.
2991 3375 3203 3441 Ὠσπερ
3236 3372 3343 3441 γὰρ
3375 3372 3480 3424 τῶν
3512 3372 3607 3440 ἀρν

2037 3472 2240 3542 χόντων
2288 3470 2521 3529 ἕκαστος
2567 3470 2658 3522 τὸν
2710 3468 3159 3533 άποτεταγμένον
3203 3466 3296 3519 καὶ
3330 3466 3465 3517 ἴδιον
3495 3464 3607 3533 ἔχει

2037 3567 2199 3617 τόπον
2251 3563 2330 3625 είς
2391 3563 2490 3630 τὴν
2533 3564 2899 3632 παράστασιν,
2929 3558 3074 3609 οὕτω
3124 3556 3219 3610 καὶ
3274 3556 3384 3609 τῶν
3435 3558 3493 3608 ἐν
3540 3557 3606 3625 τῇ

2037 3656 2173 3726 αὐλῇ
2224 3653 2432 3718 τάξεων
2472 3655 2678 3721 ἑκάστη
2727 3652 2820 3703 τὸν
2853 3650 2986 3702 ίδιον
3015 3648 3185 3719 αὐλῆς
3227 3650 3492 3719 κέκτηται
3521 3646 3611 3699 τό·

2040 3767 2162 3805 πον.
2214 3748 2277 3802 Oi
2331 3747 2429 3816 μὲν
2484 3746 2594 3816 γάρ
2653 3745 2934 3814 Βάραγγοι
2996 3743 3346 3811 εὑρίσκονται
3398 3742 3609 3809 ὑπηρε-

2037 3840 2256 3903 τοῦντες
2292 3839 2371 3900 si;
2404 3854 2462 3889 τε
2499 3838 2596 3897 τὰς
2641 3835 2813 3903 Θύρας
2846 3835 2939 3888 τοῦ
2973 3833 3187 3888 κελλίου
3218 3832 3312 3885 τοῦ
3346 3830 3611 3900 βασιλέως

2039 3934 2135 3985 καὶ
2180 3933 2260 3993 είς
2313 3931 2372 3983 τὸ
2405 3928 2697 3999 τρίκλινον,
2725 3928 2784 3979 ὲν
2811 3929 2877 3997 τῇ
2910 3926 3047 3996 αὐλῇ
3094 3924 3153 3978 δὲ
3196 3924 3293 3977 τοῦ
3341 3921 3610 3976 παλατῐου

2042 4023 2372 4096 στρατιῶται
2407 4020 2807 4091 ὀνομαζόμενοι
2838 4018 2983 4071 οὕτω
3016 4018 3362 4086 παραμοναὶ,
3392 4014 3611 4083 ἔχοντες

2041 4114 2233 4180 ἄλογα,
2266 4112 2351 4180 ἐφ’
2405 4104 2481 4163 ὧν
2532 4109 2626 4164 καὶ
2678 4096 3034 4175 άλλαγάτωρ.
3083 4105 3191 4157 Καὶ
3243 4102 3361 4171 μετ’
3414 4103 3610 4165 αὐτοὺς

360 4202 547 4246 carent
572 4231 589 4258 ,
620 4190 816 4243 habent
850 4200 1028 4244 tamen
1045 4192 1373 4261 alogatorem
1400 4211 1415 4249 :
1447 4196 1540 4264 qui
1563 4197 1788 4265 spatbas
1810 4214 1933 4254 suas

2045 4207 2243 4275 ἕτεροι,
2284 4205 2603 4274 παραμοναὶ
2643 4199 2741 4269 μὲν
2793 4198 2886 4252 καὶ
2941 4189 3107 4259 οὗτοι,
3147 4194 3286 4265 πλὴν
3332 4194 3464 4247 ἄνευ
3492 4193 3614 4247 ἀλό-

359 4282 613 4337 manibus
688 4290 928 4350 gestant.
1009 4282 1211 4338 Deinde
1264 4295 1393 4338 sunt
1454 4301 1591 4353 quos
1646 4289 1935 4343 nominant

359 4382 632 4437 tzacones,
663 4372 757 4441 qui
790 4384 842 4425 et
872 4372 974 4437 ipsi
1037 4374 1279 4441 pilaticia
1353 4386 1595 4445 portant.
1645 4381 1776 4434 Post
1832 4383 1933 4436 hos

359 4472 490 4516 sunt
517 4462 630 4526 alii,
671 4461 886 4530 pedites
922 4464 1145 4531 quidem
1196 4476 1250 4520 et
1300 4466 1416 4529 isti,
1471 4483 1609 4537 quos
1664 4480 1931 4528 murtatos

357 4564 577 4618 vocant,
610 4569 843 4623 quorum
874 4556 1103 4625 quilibet
1132 4556 1237 4609 fert
1288 4542 1412 4612 tela.
1475 4560 1792 4615 Stationarii
1850 4564 1933 4633 pi-

359 4645 473 4698 leos
511 4659 605 4707 seu
668 4645 932 4699 umbelias
986 4654 1227 4714 gestant,
1277 4655 1554 4712 tzacoues,
1603 4659 1817 4717 petasos
1838 4668 1931 4707 seu

358 4738 695 4792 «uiculiones.
721 4736 926 4792 Ferunt
958 4739 1124 4793 etiam
1157 4754 1393 4807 superne
1420 4742 1628 4795 coloris
1664 4744 1814 4798 cassii
1846 4745 1929 4799 lo-

359 4833 499 4886 ricas
533 4832 805 4886 stantibus
830 4832 1105 4897 leonibus,
1164 4833 1344 4901 iisque
1391 4834 1569 4898 albis,
1604 4835 1657 4889 in
1714 4845 1935 4903 pectore

360 4922 672 4988 insignitas,
705 4922 799 4990 qui
850 4932 1043 4976 contra
1084 4938 1208 4978 sese
1264 4924 1434 4979 erecti
1472 4932 1619 4978 sunt.
1670 4924 1935 4981 Similiter

358 5013 413 5063 in
438 5022 612 5082 tergo.
662 5012 835 5066 Etiam
868 5014 1297 5082 Cortinarii,qui
1356 5025 1411 5071 et
1455 5017 1560 5086 ipsi
1618 5020 1930 5088 praefectum

358 5104 585 5167 habent,
619 5122 780 5175 quem
836 5107 1090 5161 comitem
1144 5109 1457 5177 appellant;
1508 5127 1743 5181 quorum
1807 5111 1938 5165 licet

360 5198 558 5253 classis
590 5199 768 5253 minor
802 5201 896 5265 sit,
949 5199 1243 5253 stationem
1309 5210 1488 5255 tamen
1542 5205 1745 5258 habent
1796 5204 1935 5258 infra

360 5288 544 5345 locum
605 5290 939 5356 imperatorii
996 5292 1205 5346 throni.
1280 5291 1624 5350 Bardariota:
1675 5297 1937 5353 destinati

362 5388 493 5434 sunt
542 5382 609 5434 ad
661 5383 969 5437 custodiam
1026 5384 1212 5452 janure
1261 5385 1474 5441 aulica.
1527 5387 1729 5444 Omnes
1774 5391 1940 5461 igitur

363 5471 475 5535 isti,
501 5473 720 5542 quando
747 5476 1026 5529 matutinae
1070 5476 1280 5541 laudes,
1313 5476 1545 5545 liturgiaa
1592 5488 1647 5534 et
1712 5497 1937 5550 vesper-

364 5566 490 5618 tinac
516 5565 898 5633 decantantur,
960 5568 1153 5623 ordine
1203 5570 1404 5635 quique
1460 5586 1562 5626 suo
1605 5576 1935 5637 consistunt,

2033 4317 2169 4368 γων,
2208 4299 2423 4367 ἔχοντες
2461 4293 2851 4360 άλλαγάτωρα,
2888 4290 3146 4359 φέροντες
3178 4288 3235 4340 ἐν
3272 4286 3432 4357 χερσὶ
3474 4288 3613 4340 πάν-

2033 4407 2123 4452 τες
2147 4389 2245 4451 τάς
2289 4386 2508 4447 σπάθας
2550 4384 2754 4436 αὐτῶν.
2787 4377 2922 4434 Εἶτα
2948 4379 3298 4449 εὑρίσκονται
3332 4379 3381 4429 ol
3414 4377 3614 4446 ὀνομα-

2033 4481 2251 4551 ζόμενοι
2284 4476 2590 4543 τεάκονες,
2627 4477 2887 4544 φέροντες
2939 4475 3034 4523 καὶ
3097 4466 3245 4525 οὑτοι
3306 4468 3609 4521 πιλατίκια.

2035 4550 2147 4624 καὶ
2200 4568 2341 4638 μετὰ
2390 4567 2614 4628 τούτους
2670 4565 2874 4633 ἕτεροι,
2907 4562 3062 4627 πεζοὶ
3127 4561 3226 4630 μὲν
3281 4560 3376 4613 καὶ
3440 4550 3607 4620 οὗτοι,

2041 4661 2429 4729 ὀνομαζόμενοι
2485 4656 2789 4726 Μυρτάτοι,
2846 4652 2979 4718 τόξα
3034 4652 3265 4713 ἕκαστος
3318 4650 3609 4717 φέροντες

2039 4753 2096 4806 αἱ
2134 4753 2317 4821 μέντοι
2346 4748 2667 4819 παραμοναὶ
2698 4744 2836 4815 μετὰ
2866 4744 3145 4808 σκιαδίων,
3181 4744 3230 4793 οί
3257 4740 3519 4804 τζάκονες
3551 4740 3610 4793 δὲ

2043 4842 2183 4912 μετὰ
2237 4841 2555 4901 καπασίων,
2626 4835 2923 4905 φοροῦντες
2989 4833 3085 4885 καὶ
3138 4831 3328 4884 ἐπάνω
3381 4831 3613 4885 κλίϐανα

2036 4936 2294 5005 ηεράνεα,
2326 4931 2547 4991 λέοντας
2578 4929 2707 4995 περὶ
2737 4928 2797 4978 τὸ
2836 4926 3033 4995 στῆθος
3063 4926 3255 4993 ἔχοντα
3286 4923 3611 4991 ἱσταμένους

2038 5024 2291 5087 λευκοὺς,
2319 5020 2562 5090 ὁρῶντας
2605 5016 2834 5085 ἀντικρὺ
2884 5015 3026 5068 κατὰ
3060 5013 3375 5082 πρόσωπον.
3418 5012 3611 5065 Ὡσαύ-

2040 5132 2149 5176 τως
2197 5115 2292 5166 ita).
2339 5112 2585 5165 ὄπισθεν.
2641 5104 2795 5160 Εἰσὶν
2848 5107 2942 5158 καὶ
2986 5106 3363 5175 Κορτινάριοι,
3396 5106 3611 5175 ἔχοντες

2043 5209 2136 5262 καὶ
2173 5202 2319 5261 οὗτοι
2372 5204 2579 5272 ἔνοχον,
2622 5200 2680 5265 ὃς
2734 5200 2910 5269 κόμης
2958 5198 3236 5252 καλεῖται’
3292 5198 3488 5260 οἵτινες
3546 5198 3611 5265 δὴ

2042 5300 2147 5352 κᾶν
2206 5296 2446 5350 ἐλάττων
2489 5294 2642 5357 τάξις
2693 5291 3096 5361 εὑρίσκωνται,
3152 5290 3269 5343 ἀλλ’
3319 5289 3414 5343 οὐν
3461 5289 3612 5341 κάτω

2043 5393 2287 5444 ἵστανται
2327 5390 2422 5457 τῆς
2477 5386 2827 5459 προκύψεως.
2861 5386 2925 5439 Οἱ
2980 5384 3038 5437 δὲ
3088 5381 3471 5454 Βαρδαριῶται
3527 5382 3610 5443 εἰς

2045 5482 2143 5550 τὴν
2190 5480 2286 5547 τῆς
2336 5477 2508 5545 αὐλῆς
2551 5476 2746 5546 θύραν.
2810 5474 3017 5534 Πάντες
3065 5466 3159 5522 οὗν
3212 5461 3379 5529 οὗτοι,
3414 5468 3508 5517 καὶ
3561 5466 3609 5516 οἱ

2045 5571 2349 5639 εἰρημένοι,
2377 5568 2500 5622 καθ’
2540 5569 2606 5638 ἥν
2640 5567 2789 5639 ὥραν
2822 5567 2848 5619 ὃ
2884 5580 2940 5617 τε
2967 5560 3214 5633 ὁρθρινὸς
3261 5558 3428 5628 ὕμνος
3472 5556 3608 5626 ψάλ-
