3992 6240
263 276 335 338 s7
1225 274 1324 343 ou
1374 287 1704 348 omens
1760 291 2214 358 ceoumms
2278 299 2438 362 CAP.
2482 302 2550 363 v.
3176 286 3177 291 ‘
3448 308 3518 367 58

267 391 448 485 λεται,
534 388 638 458 τῆς
665 390 1145 461 λειτουργίας,καὶ
1182 399 1210 449 ὁ
1242 399 1335 451 τοῦ
1370 402 1684 472 ἑσπερινοῦ,
1705 409 1846 461 κατὰ

1979 414 2263 469 trimicerio
2294 417 2431 471 aulae
2463 417 2611 485 ipsos
2670 417 2723 472 in
2770 418 3018 475 ordinem
3082 419 3364 474 decentem
3422 437 3520 475 co-

262 484 427 549 τάξιν
468 483 738 549 ἵστανται,
777 485 1167 549 εύτακτοῦντος
1217 491 1416 555 αὐτοὺς
1460 494 1555 548 τοῦ
1610 514 1848 569 πριμμι-

264 577 468 646 κηρίου
494 577 594 645 τῆς
626 577 821 646 αὐλῆς,
858 578 1002 632 καθὰ
1026 579 1268 649 εἴρηται.

352 669 721 737 Ὑπηρετούσι
756 669 813 721 δὲ
844 671 893 723 οἱ
926 672 1276 744 Κορτινάριοι
1308 678 1389 739 εἰς
1421 676 1521 748 τὴν
1551 680 1647 733 τοῦ
1691 681 1847 751 βασι-

265 762 408 822 λέως
458 761 686 831 σκηνὴν,
717 762 841 832 ἥτις
891 763 1060 833 κόρτη
1135 765 1488 837 ὀνομάζεται.
1534 772 1594 823 Ὀ
1658 774 1847 842 μέντοι

271 855 457 921 κόμης
494 852 678 904 αὐτῶν
704 854 799 905 καὶ
827 852 982 906 αὐτοὶ
1015 853 1061 906 δ’
1091 848 1235 909 οὗτοι
1271 858 1439 913 πανια
1465 861 1693 930 φοροῦσι
1720 864 1853 917 κόι-

230 961 402 1017 λχινα
441 945 503 996 ἐκ
550 944 661 996 τῶν
703 944 805 1012 τῆς
855 946 1061 1014 κόρτης
1110 949 1364 1003 παλαιῶν
1409 954 1630 1016 πανίων,
1671 958 1730 1022 ἐξ
1776 955 1853 1013 ὧν

267 1036 374 1087 καὶ
406 1035 499 1087 ἐπὶ
524 1037 773 1105 κεφαλῆς
803 1039 1069 1106 σκουφίας
1102 1041 1266 1108 μόνον
1296 1042 1535 1113 ὲρυθρὰς
1564 1048 1715 1111 ἐντὸς
1750 1051 1850 1118 μὲν

266 1126 380 1192 τῆς
420 1127 606 1197 αὐλῆς,
659 1128 720 1179 ού
762 1128 870 1198 μὴν
927 1129 982 1181 δὲ
1036 1132 1130 1182 καὶ
1180 1133 1467 1185 χαπάσια⁶
1513 1136 1590 1189 ἔτι
1640 1154 1700 1189 τε
1757 1142 1854 1194 καὶ

270 1222 523 1284 κάλτζας
592 1222 864 1284 τοιαύτας,
928 1224 1068 1291 μετὰ
1148 1226 1506 1291 παπουτζιῶν
1582 1232 1848 1299 μελάνων.

289 1314 488 1374 Ἐκτὺς
539 1315 597 1368 δὲ
645 1316 867 1385 φοροῦσι
919 1320 1017 1381 τὰς
1073 1318 1327 1382 τοιαύτας
1402 1327 1666 1393 σκουφίας
1713 1327 1855 1396 μετὰ

271 1404 588 1458 καπασίων.

350 1495 588 1550 Τοιαῦτα
634 1497 912 1568 ἐνδύματα
956 1503 1160 1574 ἐρυθρὰ
1196 1507 1471 1562 ἐνδύονται
1523 1509 1624 1577 μὲν
1676 1509 1772 1561 καὶ
1805 1509 1855 1560 οι

277 1587 675 1658 Βαρδαριῶται,
707 1591 796 1643 διὰ
843 1595 1070 1657 πανίων,
1106 1598 1203 1651 οὐκ
1243 1601 1303 1651 ὲκ
1331 1601 1428 1669 τῆς
1466 1601 1695 1670 κόρτης,
1740 1600 1854 1653 ἀλλ’

1949 513 2131 576 gente,
2166 518 2223 562 ut
2247 508 2454 563 dictum
2497 519 2610 565 est.

2018 685 2131 755 38
2154 685 2451 741 Cortinarii
2478 688 2792 743 ministrant
2845 688 2911 742 ad
2962 688 3307 758 imperatoris
3342 690 3520 744 taber-

1951 779 2232 843 naculum,
2272 781 2418 848 quod
2482 781 2653 835 cortis
2691 779 3047 844 nominatur;
3080 795 3309 848 quorum
3338 796 3519 835 comes

1952 878 2009 924 et
2040 870 2145 938 ipsi
2172 870 2357 924 {erunt
2396 886 2607 939 pannos
2629 871 2916 926 coccineos
2950 885 3015 924 ex
3046 871 3212 924 cortis
3244 873 3519 925 veteribus

1955 961 2171 1030 pannis,
2204 970 2257 1015 et
2299 976 2365 1015 ex
2404 962 2597 1015 iisdem
2649 961 2702 1014 in
2746 962 2927 1029 capite
2955 959 3284 1030 galericulos
3320 961 3522 1013 rubros

1956 1054 2098 1107 intra
2125 1054 2306 1107 aulam
2347 1053 2588 1121 quidem,
2622 1062 2678 1106 at
2712 1066 2826 1106 non
2847 1059 3090 1121 petasos.
3120 1050 3389 1104 Praeterea
3428 1064 3522 1104 ca-

1954 1144 2092 1213 ligas
2145 1146 2388 1213 ejusdem
2448 1146 2664 1214 generis
2709 1159 2832 1199 cum
2878 1143 3053 1211 nigris
3110 1141 3519 1196 calceamentis.

1957 1234 2120 1289 Extra
2149 1237 2330 1289 aulam
2368 1226 2514 1290 Vero
2548 1245 2763 1305 gestant
2820 1232 3137 1302 huiusmodi
3192 1232 3521 1302 galericulos

1956 1343 2080 1382 cum
2118 1328 2320 1397 petasis
2346 1344 2443 1395 seu
2471 1327 2875 1384 cuculionibus.

2028 1507 2353 1579 Hujusmodi
2401 1507 2586 1561 rubris
2635 1505 2977 1560 indumentis
3008 1503 3519 1559 vestiunturoetiam

1958 1600 2314 1663 Bardariotae,
2360 1613 2483 1667 quae
2521 1599 2769 1652 confecta
2810 1605 2941 1651 sunt
2981 1611 3044 1650 ex
3080 1596 3295 1662 pannis.
3344 1610 3450 1648 non
3492 1610 3522 1648 a

278 1677 349 1740 eg
370 1677 598 1743 οἰκείων,
639 1681 734 1733 ἐπὶ
763 1684 1002 1749 κεφαλῆς
1029 1685 1086 1739 δὲ
1107 1687 1375 1756 Περσικὸν
1396 1691 1631 1758 φόρεμα,
1656 1690 1857 1756 ἀγγου-

1979 1698 2107 1744 :orte
2140 1688 2393 1756 sumptis,
2432 1687 2527 1743 sed
2561 1702 2629 1741 ex
2660 1686 2921 1756 propriis.
2952 1686 3006 1739 In
3031 1686 3212 1753 capite
3237 1683 3523 1738 Persicum

284 1775 457 1841 ρωτὸν
485 1771 910 1841 ὀνομαζόμενον,
956 1775 1076 1846 ἔχον
1126 1778 1248 1831 ἀντὶ
1284 1778 1631 1847 μαργεηίων
1664 1777 1857 1830 πάνιον

281 1864 547 1933 κίτρινον.
585 1866 909 1936 Κρέμανται
949 1866 1001 1920 δὲ
1036 1869 1129 1922 ἐπὶ
1172 1868 1349 1939 ζώνης
1392 1869 1625 1921 ἑκάστου
1652 1871 1857 1920 τούτων

274 1956 465 2026 λῶροι,
519 1956 611 2018 οὓς
657 1958 884 2011 καλοῦσι
955 1960 1308 2026 μαγκλοὶὸια,
1374 1946 1660 2028 μαστίζειν
1723 1959 1854 2022 τοὺς

278 2050 469 2113 ἀξίους
519 2050 903 2119 μαστίζεσθαι,
941 2052 1199 2120 φέροντες
1240 2051 1327 2105 ἀεὶ
1379 2051 1675 2106 δικανίκια.
1724 2052 1857 2104 Ὅτε

277 2142 342 2195 δὲ
391 2141 801 2212 καδαλλικεύσῃ
830 2144 857 2196 ὁ
892 2140 1170 2210 βασιλεὺς.
1212 2141 1606 2213 προηγοῦνται,
1631 2145 1727 2197 καὶ
1755 2142 1856 2211 φέ-

283 2250 473 2302 ροντες
504 2234 643 2286 αύτά
696 2233 856 2303 ὄρθια
889 2233 1215 2286 εὐτακτοῦσι
1246 2233 1336 2287 τὸν
1362 2233 1512 2287 λαόν.
1542 2235 1769 2304 Ἔχουσι
1798 2234 1856 2288 δὲ

280 2316 432 2377 οὗτοι
458 2325 552 2377 καὶ
579 2326 1005 2395 πριμμικήριον.
1021 2324 1257 2387 Τούτους
1282 2325 1448 2379 πάλαι
1469 2325 1689 2396 Πέρσας
1719 2325 1860 2378 κατὰ

285 2416 445 2482 γένος
488 2416 649 2478 ὄντας
697 2417 726 2469 ὁ
758 2416 1012 2485 βασιλεὺς
1045 2415 1365 2485 μετοικίσας
1396 2416 1607 2471 ἐκεῖθεν
1652 2422 1735 2480 είς
1765 2419 1858 2470 τὸν

283 2506 587 2576 Βαρδάριον
608 2505 833 2560 ἐκάθισε
858 2506 1122 2576 ποταμὸν,
1144 2506 1239 2577 ἀφ’
1266 2501 1327 2560 οὗ
1353 2508 1449 2561 καὶ
1474 2507 1858 2579 Βαρδαριῶται

284 2597 609 2653 καλοῦνται.

380 2689 461 2742 ’0
491 2691 975 2762 πρωτοσπαθάριος
1020 2690 1239 2759 λέγεται
1268 2692 1353 2745 ὅτι
1381 2685 1448 2760 ἦν
1476 2690 1618 2744 κατὰ
1673 2691 1773 2760 μὲν
1800 2690 1862 2743 τὸ

283 2779 534 2835 παλαιὸν
584 2783 794 2853 πρῶτος
833 2784 943 2837 τῶν
991 2783 1315 2854 σπαθαρίων
1361 2782 1714 2852 παραμονῶν.
1748 2782 1862 2836 Νῦν

280 2874 343 2926 δὲ
376 2872 637 2941 οὐδεμίαν
666 2874 970 2944 ὑπηρεσίαν
1002 2874 1138 2941 ἔχει.

372 2966 431 3017 Ὀ
470 2966 641 3033 μέγας
680 2965 865 3035 ἄρχων
906 2965 1027 3018 οὐδὲ
1079 2964 1139 3017 ἓν
1191 2963 1527 3035 ὑπηρέτημα
1575 2965 1859 3035 κέκτηται.

282 3060 383 3113 καὶ
416 3060 633 3121 ὁτατᾶς
659 3058 761 3127 τῆς
794 3059 961 3125 αὐλῆς
1000 3059 1282 3121 ὡσαύτως.

357 3149 427 3203 Ol.
473 3150 698 3217 μεγάλοι
748 3148 1025 3213 τξαοὺσιοι
1077 3150 1419 3217 εὑρίσκονται
1471 3149 1861 3212 εὐτακτοῦντις

281 3242 389 3312 τὴν
418 3240 511 3293 τοῦ
540 3241 803 3310 βασιλέως
835 3240 1110 3307 σύνταξιν,
1140 3242 1243 3293 ὑπὸ
1273 3241 1365 3293 τὸν
1413 3240 1588 3310 μέγαν
1621 3256 1863 3311 πριμμι-

283 3334 483 3402 κήριον
512 3333 685 3394 ὄντες.

367 3422 432 3477 '0
463 3424 714 3495 πραίτωρ
756 3422 852 3476 τοῦ
882 3423 944 3494 δή
956 3440 1056 3493 μου
1084 3422 1193 3476 οὐδ’
1221 3414 1377 3485 οὗτος
1410 3422 1523 3492 ἔχει
1556 3420 1866 3491 ὑπηρεσίαν

288 3514 436 3567 τινά.

376 3602 438 3656 '0
463 3603 570 3655 τῶν
599 3604 891 3656 οίκειακῶν
919 3603 1213 3673 λογοθέτης
1243 3603 1531 3664 ὡσαύτως.

365 3696 479 3749 Καὶ
520 3698 548 3747 ὀ
592 3694 963 3765 λογαριαστὴς
1004 3695 1102 3764 τῆς
1134 3694 1305 3763 αὐλῆς
1351 3694 1460 3746 οὐδ’
1486 3684 1638 3756 οὗτος
1670 3693 1780 3763 εχει
1813 3710 1867 3746 τι

284 3789 628 3858 ὑπηρέτημα
660 3786 778 3841 νῦν.

370 3905 434 3957 Ὅ
466 3900 893 3972 πρωτοκυνηγδς
926 3899 1037 3969 ἔχει
1065 3899 1164 3969 μὲν
1195 3901 1293 3970 τὴν
1323 3901 1633 3970 ὑπηρεσίαν
1661 3897 1869 3968 ταύτην

285 3996 373 4047 ὅτι
426 3993 521 4046 τοῦ
571 3991 835 4061 βασιλέως
887 3991 979 4043 τὸν
1032 3990 1197 4043 ἵππον
1255 3990 1636 4051 ἀναϐαίνοντος
1686 3990 1866 4052 οὐδεὶς

284 4087 474 4156 ἕτερος
532 4084 632 4155 τὴν
688 4083 892 4137 σκὰλαν
936 4083 1158 4152 κατέχει
1199 4084 1247 4135 εί
1292 4083 1369 4152 μὴ
1412 4083 1568 4146 μόνος
1612 4075 1787 4147 οὗτος,
1818 4080 1867 4133 εί

288 4178 485 4246 παρὼν
519 4176 854 4246 εὑρίσκεται,
890 4173 1046 4244 ἄρχει
1089 4174 1143 4227 δὲ
1177 4174 1272 4226 καὶ
1308 4173 1415 4226 τῶν
1455 4174 1710 4241 κυνηγῶν
1756 4173 1868 4225 τῶν

285 4270 604 4336 λεγομένων
651 4268 1104 4335 σκυλ).ομάγγων.
1137 4266 1199 4317 Ei
1244 4266 1299 4318 δέ
1331 4282 1462 4318 ποτε
1507 4265 1870 4341 κυνηγετοῦν-

1959 1791 2236 1852 gestamen
2261 1790 2496 1849 gestant.
2519 1780 2607 1835 cui
2634 1793 2832 1833 nomen
2858 1788 3213 1847 angurotnm,
3238 1777 3381 1845 quod
3401 1776 3524 1829 loco

1960 1875 2345 1944 margellarum
2375 1887 2611 1942 pannum
2641 1870 2824 1925 citrini
2856 1869 3059 1923 coloris
3095 1869 3277 1921 habet.
3310 1868 3389 1921 Ex
3423 1883 3522 1921 cu-

1955 1966 2182 2035 juslibet
2217 1965 2415 2018 borum
2456 1977 2593 2016 zona
2630 1962 2867 2031 pendent
2918 1961 3055 2025 lora,
3095 1975 3216 2029 qua:
3258 1969 3527 2013 vocantur

1963 2057 2333 2121 manuclavia,
2376 2055 2481 2108 hoc
2515 2063 2599 2108 est
2634 2052 2816 2106 baculi
2857 2067 2957 2106 seu
2988 2050 3174 2119 virgae,
3212 2059 3274 2103 ut
3300 2048 3527 2116 ﬂagellis

1960 2151 2155 2222 dignos
2196 2147 2494 2216 ﬂagellent.
2539 2146 2768 2214 Semper
2808 2144 2991 2198 ferunt
3032 2141 3273 2195 baculos.
3314 2141 3528 2195 Praece-

1960 2247 2116 2308 dunt,
2151 2244 2370 2314 quando
2400 2242 2698 2310 imperator
2724 2237 2953 2308 equitat,
2978 2244 3033 2290 et
3064 2235 3292 2289 baeulos
3315 2244 3528 2287 erectos

1962 2338 2163 2403 lerunt,
2214 2346 2273 2390 ut
2306 2334 2644 2390 constituant
2672 2332 2921 2386 ordinem
2956 2329 3008 2382 in
3055 2327 3279 2396 populo.
3316 2324 3531 2379 Habent

1960 2443 2014 2485 et
2045 2430 2134 2485 isti
2164 2428 2542 2498 primicerium
2571 2439 2750 2496 ;qnos
2774 2423 2985 2492 origine
3010 2422 3204 2476 Persas
3231 2420 3532 2487 imperator

1963 2523 2088 2578 inde
2127 2519 2409 2575 transtulit
2442 2520 2509 2572 ad
2551 2518 2870 2572 Bardarium
2905 2514 3134 2575 ﬂumen,
3166 2527 3197 2566 a
3221 2525 3334 2580 quo
3364 2511 3551 2587 etiam

1962 2611 2407 2667 Bardariotarum
2449 2623 2652 2663 nomen
2689 2605 2924 2660 inditum
2953 2610 3059 2657 est.

2034 2699 2518 2771 Protospatbarius
2567 2699 2671 2752 hoc
2720 2710 2920 2750 nomen
2978 2690 3208 2759 adeptus
3257 2696 3362 2751 est,
3396 2687 3531 2757 quia

1964 2794 2094 2849 olim
2131 2793 2235 2847 fuit
2265 2793 2479 2863 primus
2521 2790 2664 2844 inter
2694 2787 3006 2857 spatharios
3048 2780 3423 2836 stationarios.
3471 2778 3531 2831 In

1965 2886 2226 2956 prtem-nti
2255 2886 2463 2940 nullum
2497 2883 2735 2937 cilicium
2772 2880 2930 2951 gerit.

2035 2978 2147 3048 39
2167 2976 2352 3045 Neque
2377 2990 2608 3045 magnus
2638 2975 2894 3043 princeps
2919 2970 3152 3025 oﬂicium
3181 2964 3401 3036 aliquod
3437 2964 3535 3019 ha-

1889 3067 1931 3122 C
1965 3070 2075 3134 bet,
2121 3078 2177 3123 ut
2204 3084 2304 3123 nec
2330 3076 2469 3122 tatas
2498 3068 2658 3121 aulae.

2039 3166 2217 3235 Magni
2267 3165 2459 3219 tzausii
2494 3164 2819 3220 comitatum
2859 3159 3208 3232 imperatoris
3253 3156 3534 3220 ordinant,

1967 3263 2022 3308 et
2045 3254 2278 3308 subsunt
2304 3267 2503 3321 magno
2534 3251 2877 3321 primicerio.

1999 3462 2003 3466 -
2041 3436 2248 3490 Prmtor
2278 3436 2463 3504 populi
2495 3441 2645 3488 caret
2674 3432 2975 3487 iunctione.

2838 3548 2868 3573 0

2042 3615 2306 3672 Similiter
2329 3613 2603 3685 logotheta
2637 3613 2713 3669 rei
2747 3592 3066 3666 familiaris.

2039 3708 2225 3778 Neque
2257 3705 2585 3775 logariastes
2611 3705 2745 3759 aula:
2774 3704 2963 3773 aliquo
2998 3715 3229 3755 munere
3268 3698 3539 3769 fungitur.

2040 3907 2260 3962 Primus
2291 3913 2611 3960 venatorum
2637 3902 2740 3979 hoc
2774 3899 3019 3953 muneris
3054 3899 3220 3952 habet
3252 3914 3265 3948 :
3299 3897 3540 3963 impera-

1973 4007 2089 4052 tore
2117 4013 2316 4067 equum
2347 3994 2673 4049 ascendente
2703 3990 2882 4044 nullus
2903 3989 3065 4052 alius,
3087 3992 3179 4043 sed
3209 3988 3326 4057 ipse
3358 3985 3537 4053 solus,

1972 4089 2020 4145 si
2051 4103 2289 4158 praesens
2312 4088 2402 4149 sit,
2429 4083 2707 4153 stapedem
2734 4090 2900 4137 tenet.
2927 4081 3128 4135 Prmest
3158 4081 3540 4144 venatoribus.

1972 4197 2110 4253 quos
2145 4195 2342 4234 canum
2378 4191 2679 4245 mangones
2711 4177 2978 4231 vocitant.
3034 4173 3092 4228 Si
3123 4175 3401 4245 contingat
3434 4177 3543 4229 ali-

1974 4273 2118 4344 quod
2152 4287 2218 4327 ex
2255 4269 2594 4325 vestimentis
2635 4268 2983 4338 imperatoris
3024 4267 3293 4335 sanguine
3324 4267 3542 4338 aspergi

286 4377 378 4423 τος
404 4359 499 4411 τοῦ
534 4357 800 4427 βασιλέως
827 4357 1165 4427 αἱμαχθῆναι
1205 4356 1387 4426 συμσῇ
1416 4373 1472 4409 τι
1499 4357 1608 4409 τῶν
1636 4357 1860 4427 ἱματίων

1979 4366 2029 4419 in
2062 4363 2366 4427 venatione,
2413 4362 2613 4431 accipit
2655 4360 2789 4415 illud
2824 4374 2888 4415 ex
2920 4374 3147 4414 munere
3176 4373 3279 4413 suo
3324 4360 3541 4429 primus

286 4451 482 4519 αὑτοῦ,
512 4451 785 4522 λαμὸάνει
814 4451 974 4505 τοῦτο
1008 4450 1134 4505 καθ’
1180 4450 1490 4520 ὑπηρεσίαν
1516 4453 1544 4503 ὁ
1578 4466 1867 4520 πρωτοκυ-

286 4546 477 4613 νηγὸς.

369 4659 430 4709 Ὀ
460 4658 778 4727 σκουτέριος
810 4658 1069 4728 βαστάζει
1117 4659 1180 4712 τδ
1220 4658 1490 4713 διὸέλλιον
1525 4658 1617 4712 καὶ
1647 4657 1741 4713 τοῦ
1772 4658 1869 4729 βα-

290 4750 479 4813 σιλέως
540 4751 978 4820 σκουτάριον,ού
1029 4750 1191 4820 μόνον
1249 4754 1329 4815 είς
1388 4752 1486 4814 τὰς
1538 4750 1864 4822 προκύψεις.

292 4843 429 4895 ἀλλὰ
464 4841 563 4894 κᾶν
605 4844 743 4894 ὅπου
772 4846 801 4895 ὁ
838 4842 1093 4913 βασιλεὺς
1140 4843 1474 4913 ἀπέρχηται.
1503 4841 1869 4912 Εὑρίσκονται

292 4936 351 4988 δὲ
404 4936 538 5004 μετὰ
582 4937 678 4988 τοῦ
728 4936 997 4990 διὸελλίου
1046 4938 1142 4990 καὶ
1208 4937 1408 5000 πάντες
1458 4939 1506 4990 οἱ
1559 4936 1863 5007 Βάραγγοι.

292 5027 418 5078 Εἴτε
469 5024 562 5080 οὖν
610 5030 691 5089 είς
737 5032 798 5080 τὸ
828 5030 1116 5096 φωσσάτον
1159 5031 1186 5081 ὀ
1215 5029 1470 5098 βασιλεὺς
1519 5029 1863 5099 εὑρίσκεται,

291 5117 404 5169 εἶτε
450 5119 542 5170 καὶ
586 5118 848 5189 ἀλλαχοῦ,
889 5120 952 5172 τὸ
992 5119 1259 5173 διϐέλλιον
1294 5121 1528 5175 πάντοτε
1560 5110 1868 5190 ἔμπροσθεν

291 5208 459 5260 αὑτοῦ
487 5208 737 5278 φέρεται.

375 5321 436 5373 Ὀ
459 5322 766 5391 ἀμηραλιος
799 5324 903 5375 ὑπὸ
931 5324 1023 5377 τὸν
1072 5325 1246 5393 μέγαν
1289 5322 1490 5377 δοῢκαν
1527 5290 1864 5392 εὑρίσκεται,

298 5414 507 5481 ἡγεῖται
535 5415 590 5467 δὲ
617 5415 713 5467 τοῦ
739 5416 927 5469 στόλου
964 5419 1192 5478 παντός.

385 5522 443 5575 '0
469 5524 560 5576 ἐπὶ
587 5525 697 5577 τῶν
725 5526 964 5596 δεήσεων
1001 5527 1221 5598 δέχεται
1270 5526 1370 5590 τὰς
1420 5527 1530 5581 τῶν
1573 5525 1872 5581 αἰτούντων

294 5616 394 5669 καὶ
422 5615 534 5670 τῶν
559 5617 932 5689 ἀδικουμένων
980 5620 1282 5692 ἀναφορὰς,
1313 5621 1679 5694 κασαλλαρίου
1726 5622 1871 5695 διερ-

296 5708 533 5777 χομένου
559 5708 653 5763 τοῦ
688 5710 977 5781 βασιλέως.

1974 4467 2316 4512 venatorum.

2049 4658 2287 4715 Scutifer
2310 4657 2416 4713 fert
2435 4656 2695 4712 vexillum
2726 4662 2779 4710 et
2811 4652 3163 4725 imperatoris
3193 4660 3407 4707 scutum
3436 4666 3542 4704 non

1977 4756 2153 4811 solum
2187 4754 2254 4808 ad
2282 4753 2401 4805 loca
2428 4751 2631 4821 quibus
2659 4750 2712 4802 in
2744 4748 2943 4801 throno
2966 4745 3217 4800 sublimis
3248 4742 3421 4806 sedet,
3449 4742 3544 4795 sed

1976 4858 2305 4916 quocunque
2330 4856 2387 4896 se
2414 4841 2630 4897 confert
2661 4839 2978 4907 imperator.
3011 4836 3217 4889 Omnes
3248 4848 3413 4903 porro
3446 4831 3548 4885 Ba-

1974 4937 2127 5007 rangi
2163 4937 2230 4991 ad
2256 4935 2363 4989 hoc
2387 4933 2644 4987 vexillum
2670 4927 3073 4983 defendendum
3100 4937 3229 4980 sunt
3263 4922 3545 4980 de’Stinati.
3634 4976 3643 4981 ,

1975 5030 2101 5084 Sive
2138 5027 2301 5099 igitur
2334 5026 2629 5094 imperator
2658 5023 2728 5076 sit
2763 5020 2817 5072 in
2842 5018 3109 5084 exercitu,
3135 5020 3248 5071 sive
3280 5015 3430 5083 alibi,
3456 5030 3550 5071 ve-

3456 5119 3487 5135 ν

1974 5124 2163 5177 xillum
2203 5135 2418 5188 semper
2446 5118 2523 5172 illi
2554 5123 2931 5185 praeponatur.

2044 5319 2352 5374 Ameralius
2386 5331 2585 5388 magno
2625 5316 2753 5372 duci
2782 5317 3059 5381 subditur,
3092 5314 3340 5384 regitque
3372 5321 3545 5370 totam

1974 5412 2230 5466 classem.

2045 5526 2302 5599 Magister
2332 5525 2640 5598 supplicum
2673 5526 3004 5588 libellorum,
3033 5521 3256 5591 quando
3303 5522 3547 5593 impera-

1977 5629 2065 5673 tor
2082 5619 2319 5688 equitat,
2345 5617 2773 5689 supplicationcs
2792 5630 2979 5671 eorum
3004 5612 3098 5683 qui
3122 5623 3314 5683 petunt
3340 5613 3549 5685 quique

1979 5710 2184 5781 injuria
2216 5710 2395 5767 affecti
2429 5720 2556 5767 sunt
2587 5709 2797 5779 recipit.
