3992 6240
509 270 577 333 3:9
1685 267 1954 332 CODINI
1992 261 2510 327 CUROPALATE
3665 252 3737 315 60

576 385 687 457 ω
703 383 950 450 Quaestor
969 382 1100 439 olim
1122 383 1359 440 habebat
1384 384 1642 452 oﬂicium,
1660 400 1806 443 nunc
1838 381 2073 442 nullum.
2103 381 2150 439 Δ

579 562 810 617 Functio
843 565 1022 634 magni
1049 564 1408 620 adnumiastaa
1439 565 1823 636 explicabitur,
1852 567 2072 637 quando

509 664 700 724 agetur
731 654 800 710 de
834 656 1015 711 oilicio
1046 657 1337 717 domestici
1377 658 1432 713 in
1476 659 1747 717 exercitu.

574 833 875 905 Logotbeta
907 837 1207 893 castrensis
1234 837 1443 894 nullum
1472 838 1848 900 ministerium
1878 842 2067 901 habet.

575 1008 795 1065 Primus
823 1010 1204 1081 accipitrarius
1228 1021 1428 1083 praeest
1463 1012 1571 1068 illis
1590 1015 1946 1073 venatoribus
1971 1018 2067 1086 qui

506 1114 634 1156 aves
663 1102 862 1161 ferunt.
896 1103 1085 1159 Gestat
1132 1119 1355 1175 quoque
1397 1104 1774 1163 chirothecam
1820 1108 1872 1163 in
1905 1125 2067 1180 zona,

506 1200 566 1245 ut
596 1202 756 1249 antea
779 1194 1012 1252 dictum.

576 1284 869 1354 Lugotheta
900 1303 1121 1358 gregum
1157 1305 1252 1347 seu
1279 1295 1552 1362 pecuaria:
1589 1295 1811 1354 functus
1845 1298 2067 1375 quidem

504 1375 632 1428 olim
660 1376 839 1430 fuerat
863 1378 1062 1444 ofﬁcio,
1095 1396 1241 1437 nunc
1270 1399 1401 1439 vero
1430 1386 1600 1440 nullo.

572 1466 800 1536 Magnus
827 1471 1099 1540 interpres
1127 1482 1212 1529 est
1254 1474 1466 1544 primus
1497 1479 1880 1549 interpretum,
1928 1495 2067 1551 quos

501 1559 664 1628 vulgo
695 1562 981 1621 nominant
1009 1564 1397 1634 dragomanos.

572 1651 880 1707 Acoluthus
923 1654 1286 1723 barangorum
1329 1659 1620 1731 praal'ectus
1654 1672 1761 1719 est.
1801 1662 2065 1733 Sequitur

500 1739 887 1810 imperatorem
919 1756 1045 1799 ante
1090 1746 1235 1805 illos.
1266 1717 1345 1804 Ea
1378 1752 1541 1806 etiam
1573 1753 1643 1813 de
1664 1769 1831 1814 causa
1876 1717 2065 1812 acolu-
2091 1717 2139 1777 Β

501 1834 649 1901 thus,
690 1835 797 1889 hoc
832 1844 917 1893 est
948 1849 1187 1904 secutor,
1225 1843 1554 1911 appellatur.

568 1925 740 1987 Judex
787 1930 1081 1995 exercitus,
1124 1933 1167 1989 si
1217 1933 1517 2003 imperator
1551 1936 1625 1992 sit
1678 1938 1734 1992 in
1788 1938 2059 2005 exercitu,

500 2029 855 2081 occurrentes
895 2025 1301 2081 controversias
1349 2027 1611 2093 militum,
1649 2029 1767 2085 sive
1808 2030 1878 2086 de
1904 2031 2063 2100 equis

499 2108 614 2165 sive
641 2111 707 2164 de
746 2114 915 2169 armis
938 2114 1053 2173 sive
1074 2117 1139 2170 de
1177 2117 1352 2177 praeda
1376 2118 1490 2174 sive
1512 2121 1581 2177 de
1609 2121 1712 2178 alia
1736 2138 2064 2194 quacunque

497 2204 780 2272 cognoscit
808 2219 873 2259 ac
909 2208 1211 2276 componit.

566 2380 859 2441 Praefectus
891 2384 1071 2455 allagii
1104 2387 1283 2443 locum
1313 2388 1521 2445 obtinet
1543 2390 1598 2446 in
1638 2391 1905 2449 comitatu
1947 2392 2055 2447 im-

495 2477 790 2544 peratOrio,
822 2489 879 2539 et
907 2480 1096 2536 subest
1122 2497 1319 2552 magno
1347 2482 1684 2551 primicerio.

565 2657 962 2729 Protallagator
1010 2660 1269 2723 similiter
1300 2663 1594 2734 subjicitur
1626 2680 1824 2733 magno
1871 2665 2062 2735 primi-

492 2751 662 2816 cerio,
699 2763 751 2807 et
768 2752 1087 2807 comitatum
1117 2755 1387 2827 sequitur,
1416 2764 1476 2811 ut
1508 2756 1554 2810 si
1585 2757 1714 2825 quis
1745 2772 1867 2812 eum
1904 2757 2059 2814 dese-

493 2849 600 2907 rat,
632 2850 850 2896 revocet
882 2850 935 2896 et
966 2844 1019 2897 in
1044 2844 1368 2898 comitatum
1399 2845 1624 2901 reducat
1655 2846 1759 2917 4],
1786 2846 2063 2903 debitum-
2102 2884 2107 2885 κ

494 2945 600 2998 que
617 2932 861 2986 ordinem
888 2944 1198 2989 conservet.
1224 2934 1280 2989 Si
1304 2949 1433 2990 vero
1461 2952 1692 3006 magnus
1716 2937 2060 3006 primicerius

493 3022 678 3090 aliquo
712 3038 778 3077 ex
816 3022 1081 3079 militibus
1123 3026 1417 3081 comitatus
1455 3042 1591 3096 opus
1638 3026 1861 3095 habeat,
1896 3028 2063 3098 signi-

493 3112 617 3167 ﬁcat
660 3112 720 3197 id.
759 3115 1197 3184 protallagatori,
1227 3117 1323 3188 qui
1352 3132 1478 3172 eum
1512 3119 1766 3175 accersit.

563 3293 793 3363 Magnus
821 3296 1234 3353 administrator
1266 3301 1468 3354 nullam
1500 3301 1836 3359 functionem
1872 3305 2058 3361 habet.

561 3388 1051 3460 Orphanotrophus
1080 3393 1208 3447 olim
1236 3393 1472 3450 habebat
1492 3412 1681 3452 curam
1706 3399 2058 3469 pupillorum,

490 3497 638 3536 nunc
671 3484 820 3537 omni
850 3483 1029 3539 cilicio
1062 3498 1238 3541 caret.

559 3663 978 3721 Protonotarius
1028 3667 1278 3737 ipso.suo
1327 3669 1551 3725 nomine
1586 3669 1927 3727 innotescit:
1967 3678 2051 3726 est

485 3756 632 3812 cnim
670 3759 882 3825 primus
915 3762 1257 3815 notariorum
1287 3763 1404 3817 sive
1442 3762 1771 3817 scribarum.

557 3850 691 3917 Ejus
713 3851 808 3921 qui
839 3867 869 3906 a
895 3854 1159 3910 memoria
1190 3851 1403 3910 functio
1432 3855 1562 3911 olim
1594 3865 1733 3919 erat,
1764 3866 1826 3913 ut
1865 3872 2058 3915 eorum

485 3944 577 4013 qui
612 3945 663 3999 in
697 3944 1137 4015 expeditionibus
1184 3957 1236 4003 et
1264 3948 1396 4005 alibi
1447 3949 1711 4023 praeclare
1753 3964 1814 4007 se
1850 3954 2059 4021 gessis-

486 4044 629 4098 sent.
659 4038 874 4095 nomina
896 4039 1256 4104 describeret,
1284 4057 1486 4115 eosque
1513 4042 1830 4111 imperatori
1859 4045 1913 4100 in
1943 4060 2058 4107 me-

486 4126 717 4179 moriam
748 4140 1044 4191 revocaret,
1074 4147 1184 4200 quo
1206 4133 1372 4201 justis
1396 4136 1698 4205 honoribus
1734 4145 1791 4191 et
1817 4137 2059 4206 praemiis

485 4217 852 4274 afﬁcerentur.
906 4220 964 4275 In
1019 4225 1277 4295 praesenti
1313 4227 1518 4283 nullam
1563 4228 1906 4285 funt-tionem
1955 4231 2055 4291 ha-

486 4308 598 4362 bet.

558 4401 900 4457 Domesticus
929 4419 1210 4459 murorum
1248 4408 1389 4461 hanc
1419 4398 1753 4463 iunctionem
1788 4410 1969 4475 habet,
1999 4420 2058 4469 ut
2082 4417 2137 4479 ι)

2252 377 2310 433 '0
2334 376 2631 445 κοιαίστωρ
2652 367 2765 443 εἶχε
2789 372 2888 442 μὶν
2910 368 3082 425 πάλαι
3107 366 3202 424 καὶ
3222 356 3377 432 οὗτος
3406 365 3731 436 ὑπηρεσίαν,

2173 468 2268 522 νῦν
2298 469 2354 522 δὲ
2389 466 2663 536 οὐδαμῶς.

2242 561 2316 614 Τὸ
2339 559 2432 613 τοῦ
2464 558 2700 628 μεγάλου
2735 555 3130 626 ἀδνουμιαστοῠ
3160 553 3492 624 ὑπηρέτημα
3536 549 3734 621 λεχθή-

2175 666 2325 703 σεται
2355 648 2410 707 δὲ
2437 646 2620 708 τοῦτο,
2654 644 2894 715 ὁπηνίκα
2920 643 3014 698 τοῦ
3045 642 3289 714 μεγάλου
3313 640 3640 709 δομεστίκου
3670 639 3735 692 τὸ

2168 739 2253 802 είς
2280 738 2339 792 τύ
2372 736 2674 805 φωσσάτον.

2254 829 2313 884 '0
2341 812 2632 899 λογοθέτης
2660 827 2752 882 τοῦ
2801 825 3201 898 στρατιωτικοῦ
3231 823 3494 894 οὐδεμίαν
3522 824 3735 893 ὑπηρε-

2172 921 2294 975 σίαν
2323 920 2457 993 ἔχει.
3330 932 3337 935 “

2252 1013 2311 1066 '0
2365 1011 2872 1084 πρωτοῖερακάριος
2915 1009 3073 1080 ἄρχει
3119 1008 3229 1062 τῶν
3269 1007 3543 1075 φερόντων
3569 1004 3733 1074 ὄρνεα

2169 1103 2449 1173 κυνηγῶν,
2490 1103 2644 1175 φέρει
2696 1102 2755 1157 δὲ
2802 1104 2897 1157 καὶ
2946 1103 3249 1172 χειρὸρτιον
3300 1100 3392 1153 ἐπὶ
3427 1099 3626 1165 ζώνης,
3657 1095 3737 1159 ὡς

2171 1195 2515 1264 προείρηται.

2252 1286 2309 1339 '0
2339 1287 2629 1356 λογοθέτης
2676 1286 2787 1339 τῶν
2836 1287 3049 1354 ἁγελῶν
3097 1284 3209 1355 εἶχε
3240 1286 3330 1337 καὶ
3372 1276 3525 1347 οὗτος
3566 1284 3734 1339 πάλαι

2170 1376 2495 1446 ὑπηρεσῖαν,
2528 1377 2622 1430 νῦν
2660 1377 2717 1431 δὲ
2746 1378 3017 1447 οὐδαμῶς.

2252 1468 2311 1522 Ὅ
2345 1468 2514 1538 μέγας
2549 1471 2946 1541 διερμηνευτής
2990 1472 3106 1525 ἔστι
3150 1470 3367 1539 πρῶτος
3409 1469 3518 1522 τῶν
3558 1470 3733 1540 ἑρμη-

2169 1562 2325 1622 νέων,
2352 1560 2444 1624 οὒς
2482 1562 2675 1625 κοινῶς
2708 1561 3033 1632 ὀνομάζουσι
3070 1562 3471 1632 δραγομάνους.

2249 1654 2308 1707 '0
2340 1654 2629 1717 ἀκόλουθος
2670 1654 2988 1725 εὑρίσκεται
3031 1654 3131 1723 μὲν
3159 1654 3345 1723 ἔνοχος
3372 1654 3480 1706 τῶν
3511 1653 3731 1722 Batde—

2170 1746 2605 1815 γων,ἀκολουθεί
2628 1745 2684 1798 δὲ
2716 1745 2791 1815 τῷ
2828 1745 3035 1815 βασιλεί
3064 1745 3373 1818 ἔμπροσθεν
3405 1746 3585 1799 αὐτῶν
3606 1745 3735 1801 κδιά

2169 1855 2251 1892 τοι
2281 1835 2435 1893 τοῦτο
2461 1839 2552 1895 καὶ
2581 1838 2869 1901 ἀκόλουθος
2900 1837 3139 1904 λέγεται.

2253 1931 2331 1984 ’ον
2360 1931 2551 2000 κριτὴς
2595 1930 2688 1984 τοῦ
2733 1931 3027 1999 φοσσάτου,
3079 1930 3175 1984 τοῦ
3225 1930 3490 2000 βασιλέως
3549 1933 3628 1994 είς
3673 1932 3734 1984 τὸ

2172 2022 2461 2091 φωσσάτον
2490 2022 2903 2093 εὑρισκομένου,
2937 2023 3033 2084 τὰς
3068 2025 3573 2099 πανρεμπιπτούσας
3600 2024 3734 2077 ὑπο-

2173 2116 2351 2180 θέσεις
2392 2119 2501 2181 τοῖς
2533 2116 2892 2186 στρατιώταις
2921 2111 3034 2165 εῐτε
3071 2112 3201 2181 περὶ
3232 2112 3443 2179 ἀλόγων
3492 2114 3603 2167 εἴτε
3638 2114 3735 2185 ἁρ-

2173 2209 2362 2277 μάτων
2395 2209 2505 2267 εἴτε
2549 2209 2645 2267 καὶ
2676 2207 2922 2277 κούρσων
2948 2204 2980 2269 ἢ
3017 2206 3146 2276 περὶ
3176 2205 3419 2283 τοιούτου
3468 2206 3611 2271 τινος
3640 2224 3737 2262 κα-

2171 2302 2330 2372 θιστᾷ
2362 2303 2457 2356 καὶ
2491 2302 2752 2367 ἐξετάζει.

2251 2399 2311 2452 '0
2355 2396 2539 2465 ἄρχων
2580 2394 2672 2450 τοῦ
2725 2395 2982 2463 ἀλλαγίου
3037 2399 3118 2459 είς
3171 2396 3273 2467 τὴν
3324 2394 3419 2448 τοῦ
3472 2391 3736 2463 βασιλέως

2170 2490 2482 2561 εὑρίσκεται
2535 2488 2636 2555 μιν
2683 2486 2967 2553 σύνταξιν·
3015 2489 3112 2543 καὶ
3150 2488 3256 2543 ὐπὸ
3311 2488 3405 2540 τὸν
3444 2486 3627 2552 μέγαν
3679 2483 3737 2537 δὲ

2170 2579 2596 2650 πριμμικήριον.
2628 2572 2637 2582 ’

2240 2667 2733 2738 Πρωταλλαγάτωρ
2781 2668 3044 2732 ὡσαύτως
3090 2667 3196 2722 ὑπὸ
3228 2667 3318 2725 τὸν
3360 2666 3538 2737 μέγαν
3566 2680 3739 2734 πριμ-

2174 2761 2450 2829 μικήριον,
2487 2760 2627 2829 πλὴν
2669 2759 2955 2815 ἀκολουθεῖ
3002 2760 3227 2814 ὄπισθεν
3265 2760 3364 2828 τῆς
3410 2757 3732 2823 συντάξεως,

2170 2852 2256 2906 ἵνα
2295 2852 2396 2905 κᾶν
2428 2834 2877 2920 ἀπολιμπάνηταί
2906 2868 2991 2911 τις
3030 2851 3225 2918 αὐτῆς,
3264 2850 3408 2921 φέρῃ
3449 2843 3608 2913 οὗτος
3645 2858 3739 2902 και

2168 2944 2514 3014 ἀποκαθιστᾷ
2562 2944 2642 3005 είς
2684 2943 2781 3013 τὴν
2836 2940 3092 3005 σύνταξιν
3137 2941 3235 2995 καὶ
3283 2940 3545 3011 εὐτακτῇ.
3587 2940 3646 2993 Et
3679 2939 3736 2991 δὲ

2169 3038 2261 3089 καὶ
2285 3038 2311 3089 ὀ
2336 3035 2506 3104 μέγας
2530 3034 2933 3105 πριμμικήριος
2969 3034 3027 3085 ὲν
3053 3033 3211 3104 χρείᾳ
3236 3032 3377 3096 τινὸς
3397 3033 3606 3097 γένοιτο
3632 3030 3738 3086 τῶν

2172 3128 2279 3182 ἀπὸ
2319 3126 2542 3196 ταύτης,
2586 3126 2722 3194 πρὸς
2763 3124 2853 3181 τὸν
2899 3123 3405 3194 πρωταλλαγάτορα
3451 3123 3601 3191 λέγει
3644 3121 3739 3175 καὶ

2170 3220 2331 3273 καλεῖ
2361 3218 2572 3271 τοῦτον.

2240 3308 2313 3363 λὈ
2347 3308 2521 3377 μέγας
2554 3305 2833 3378 διοικητὴς
2857 3303 3116 3374 οὐδεμίαν
3151 3300 3452 3372 ὑπηρεσίαν
3472 3302 3607 3371 ἔχει.

2250 3400 2311 3453 ⁸0
2336 3399 2746 3471 δρφανοτρόφος
2769 3393 2838 3468 ἦν
2875 3396 2973 3467 μὲν
3005 3392 3308 3465 φροντίζων
3332 3393 3428 3455 καὶ
3456 3390 3739 3460 ἐπιμελού-

2171 3510 2331 3563 μενος
2363 3494 2528 3547 πάλαι
2560 3492 2667 3546 τῶν
2692 3490 2966 3561 ὀρφανῶν,
3002 3488 3099 3542 νῦν
3141 3487 3199 3541 δὲ
3249 3483 3499 3555 οὐδαμῶς
3534 3483 3737 3552 κέκτη-

2167 3584 2255 3636 ταί
2292 3601 2412 3638 τινα
2464 3584 2793 3652 ὐπηρησίαν.

2246 3674 2308 3728 '0
2346 3674 2778 3745 πρωτονοτάριος
2804 3672 2960 3743 δῆλος
2996 3671 3108 3737 καὶ,
3135 3670 3240 3727 ἀπὸ
3290 3668 3385 3725 τοῦ
3436 3667 3735 3738 ὀνόματος·

2168 3765 2388 3837 πρῶτος
2416 3765 2522 3836 γὰρ
2549 3765 2658 3817 τῶν
2698 3765 2964 3835 νοταρίων
3006 3765 3127 3835 ἦτοι
3164 3763 3273 3818 τῶν
3310 3761 3735 3832 γραμματικῶν.

2240 3856 2315 3911 To
2338 3858 2432 3911 τοῦ
2458 3856 2549 3910 ἰπὶ
2570 3855 2677 3910 τῶν
2700 3856 3058 3925 ἀναμνήσεων
3081 3854 3413 3925 ὑπηρέτημα
3436 3852 3603 3911 πάλαι
3636 3853 3741 3921 μὲν

2167 3945 2236 4020 ἦν
2263 3948 2355 4003 τοῦ
2382 3948 2801 4018 ἀπογράφεσθαι
2824 3946 2952 4009 τοὺς
2975 3949 3031 4002 ὲν
3059 3948 3178 4009 ταῖς
3214 3945 3491 4015 στρατιαῖς
3517 3945 3611 4001 καὶ
3642 3944 3743 3997 ἁλ-

2168 4040 2335 4112 λαχοῦ
2387 4039 2793 4109 ἀριστεύοντας,
2843 4040 2938 4093 καὶ
2986 4038 3426 4108 ἀναμιμνήσκειν
3476 4034 3537 4090 τὸ
3594 4035 3737 4105 ὑπὲρ

2167 4134 2347 4188 αὐτῶν
2379 4131 2457 4203 τῷ
2486 4132 2717 4204 βασιλεῖ,
2764 4131 2850 4185 ἵνα
2884 4129 3202 4201 λαμὸἀνωσι
3228 4128 3327 4191 τὰς
3352 4124 3742 4197 προσηκούσας

2165 4227 2371 4297 τιμάςο
2439 4225 2584 4279 κατὰ
2641 4225 2698 4278 δὲ
2766 4223 2828 4277 τὸ
2889 4221 3061 4291 παρὸν
3124 4220 3384 4288 οὐδεμίαν
3436 4217 3742 4289 ὑπηρεσίαν

2165 4319 2300 4375 ἕνει.

2332 4410 2651 4479 δομέστικος
2680 4406 2907 4477 τειχέων
2940 4404 3053 4475 ἔχει
3090 4401 3251 4459 τοῦτο
3283 4403 3344 4458 τὸ
3380 4403 3739 4473 ὑπηρέτημα,

484 4493 528 4545 si
566 4508 673 4560 qua
714 4494 880 4550 urbes
919 4499 1267 4565 reparatione
1318 4507 1538 4568 egeant,
1579 4500 1632 4554 id
1686 4505 2055 4571 reparandum

2185 4522 2243 4557 ντι
2267 4501 2319 4555 εἴ
2344 4518 2487 4564 τινος
2514 4500 2580 4553 τὰ
2610 4498 2821 4569 κάστρα
2852 4497 3259 4567 περιποιήσεως
3282 4496 3510 4559 δέοιντο,
3545 4495 3745 4560 ἐπιμε-

483 4594 661 4637 ουτοι.

556 4670 767 4729 Pimses
795 4672 1032 4728 cubiculi
1060 4674 1401 4744 imperatorii
1430 4687 1626 4747 praeest
1652 4682 1873 4750 quidem
1903 4681 2060 4737 cubi-

483 4763 732 4831 culariis,
758 4766 850 4820 sed
875 4767 1123 4839 subjacet
1146 4770 1445 4825 accubitori
1475 4773 1736 4829 cubiculi.

554 4947 763 5004 Praeses
794 4950 1033 5004 vestiarii
1072 4953 1365 5023 subjicitur
1396 4954 1874 5021 protovestiaritae.
1915 4954 2059 5026 Ope-

486 5059 603 5097 ram
660 5060 815 5098 suam
858 5045 1004 5099 locat
1062 5050 1114 5099 in
1169 5062 1524 5116 acceptorum
1582 5065 2062 5121 expensorumque

488 5146 848 5204 proventuum
884 5137 1186 5193 rationibus
1210 5143 1559 5198 auuotandis.

561 5317 814 5374 Vestiarii
849 5334 1048 5373 munus
1077 5330 1376 5389 occupatur
1404 5323 1457 5376 in
1486 5324 1642 5376 mari.
1676 5322 1812 5378 Nam
1841 5325 2062 5393 quando

489 5412 786 5479 imperatur
806 5412 1209 5481 expeditionem
1235 5412 1343 5484 42
1376 5414 1641 5468 marinam
1684 5417 1935 5486 suscipit,
1958 5418 2062 5472 iste

490 5514 687 5573 praeest
722 5506 931 5560 triremi
955 5521 1080 5576 quae
1110 5509 1424 5561 vestiarium
1460 5507 1865 5580 (imperatoris)
1888 5509 2061 5566 vehit.

493 5601 643 5659 Pone
671 5600 921 5665 sequitur
955 5600 1234 5655 triremem
1271 5600 1705 5669 imperatoriam.
1930 5668 1937 5675 η

566 5692 935 5749 Ιιοιεετίιιτειιιι
971 5695 1216 5766 quidem,
1243 5705 1300 5751 ut
1332 5707 1456 5752 autc
1482 5695 1690 5751 dictum
1720 5707 1823 5766 est,
1856 5698 1922 5754 ad
1957 5698 2060 5755 cir-

2165 4595 2373 4651 λείσθαι
2405 4592 2560 4644 τοῦτο
2587 4591 2666 4654 είς
2704 4590 2764 4643 τὸ
2803 4588 3217 4651 ἁνακτίζεσθαι.

2249 4684 2307 4739 Ὀ
2334 4679 2754 4753 προκαθήμενος
2781 4678 2876 4731 τοῦ
2908 4677 3165 4739 κοιτῶνος
3198 4693 3291 4728 τοο
3324 4673 3606 4744 βασιλικοῦ
3641 4672 3749 4739 ἄρ-

2168 4793 2250 4849 χει
2288 4774 2383 4846 μὲν
2430 4773 2539 4825 τῶν
2582 4770 2972 4841 κοιτωναρίων,
3024 4769 3341 4837 εὑρίσκεται
3394 4766 3451 4817 δὲ
3506 4765 3611 4818 ὑπὸ
3651 4768 3745 4819 τὸν

2164 4867 2258 4921 τοῦ
2290 4866 2542 4927 κοιτῶνος
2575 4860 3094 4932 παρακοιμώμενον.

2243 4959 2303 5010 '0
2340 4954 2758 5027 προκαθήμενος
2783 4950 2877 5004 τοῦ
2921 4950 3233 5021 βεστιαρίου
3266 4950 3373 5003 ὑπὸ
3404 4950 3495 5003 τὸν
3526 4966 3744 5021 πρωτο-

2168 5049 2517 5118 6εστιαρίτην
2566 5045 2907 5132 εὑρίσκεται,
2972 5043 3236 5111 ὑπηρετεῖ
3284 5043 3339 5095 δὲ
3387 5042 3485 5095 καὶ
3535 5043 3613 5103 είς
3646 5041 3745 5102 τὰς

2167 5141 2582 5213 προφερομένας
2612 5137 2706 5191 καὶ
2737 5133 3106 5206 ἑξερχομένας
3142 5135 3381 5201 είσόδους
3415 5153 3474 5188 τε
3501 5135 3595 5188 καὶ
3623 5133 3747 5197 ἐξό-

2166 5235 2309 5297 δους.

2246 5324 2305 5375 Ὀ
2349 5320 2662 5392 βεστιάριος
2724 5318 2838 5388 ἔχει
2887 5316 3221 5388 ὑπηρέτημα
3271 5316 3584 5372 θαλάσσιον.
3636 5313 3749 5367 Τοῦ

2166 5416 2274 5486 γὰρ
2328 5413 2590 5485 βασιλέως
2630 5409 2773 5464 κατὰ
2816 5409 3096 5465 θάλασσαν
3146 5406 3538 5479 στρατεύοντος
3584 5405 3749 5475 ἄρχει

2169 5506 2323 5568 οὗτος
2350 5504 2442 5558 τοῦ
2469 5504 2533 5557 σὺ
2560 5501 2869 5571 βεστιάρων
2904 5502 3164 5570 φέροντος
3191 5498 3483 5567 κατέργου,
3514 5495 3753 5551 ἀκολου-

2170 5601 2257 5665 θεῖ
2292 5616 2351 5650 τε
2386 5598 2615 5651 κατόπιν
2650 5595 2755 5648 τοῦ
2782 5592 3063 5663 βασιλικοῦ
3097 5590 3393 5662 κατέργου.

2254 5691 2314 5744 Ὀ
2354 5689 2716 5760 ὲταιριάρχης
2759 5685 3025 5754 ὑπηρετεί
3066 5683 3166 5753 μὲν
3206 5682 3285 5746 είς
3331 5683 3429 5753 τὴν
3461 5686 3755 5757 παράστα-
