3992 6240
281 265 355 331 Gl
1254 279 1354 340 DE
1396 282 1728 345 OFFICIIS
1758 286 2229 357 CPOLlTANIS.
2284 298 2444 359 CAP.
2478 300 2580 365 VI.
3474 320 3548 382 6‘2

285 403 402 449 σιν,
433 385 506 446 ὡς
538 383 891 454 προείρηται,
926 396 1299 464 συνυπηρετεί
1326 397 1383 451 δὲ
1405 401 1502 451 καὶ
1540 399 1620 471 τῷ
1658 403 1848 472 μεγὰλι

288 477 613 505 ι,....ι..ι-....
656 476 798 505 Αρλ-
835 479 944 505 -I‘...
988 501 1161 505 ___-_.,
1189 485 1241 505 οη
1314 504 1317 505 ,

1983 412 2406 467 cumstationem
2443 416 2742 474 ministrat.
2775 418 2950 475 Simul
2983 432 3165 477 autem
3206 442 3326 482 cum
3354 448 3550 505 magno

282 477 615 547 ἑταιριάρχῃ
656 476 799 549 ὑπὲρ
835 479 945 533 τῶν
985 485 1341 554 προσφύγων.

368 658 430 711 '0
457 658 557 727 τῆς
606 658 776 729 αὐλῆς
827 660 1197 733 λογαριαστὴς
1239 666 1516 734 λογίζεται
1546 669 1672 733 τοὺς
1719 670 1776 724 ἐν
1802 674 1866 742 τῇ

282 752 429 823 αὐλῇ
489 752 919 821 εὑρισκομένους
964 756 1175 820 πάντας
1220 760 1544 829 ῥογάτορας,
1597 764 1644 815 εί
1690 763 1869 816 λείπει

275 848 389 900 τινὶ
435 846 544 900 ἀπὸ
571 846 671 914 τῆς
700 847 869 917 ρόγας
920 848 1085 901 αὑτοῦ
1115 850 1149 919 ἢ
1202 851 1579 916 ἒξεδούλευσεν
1614 855 1753 927 ὑπὲρ
1779 850 1867 923 τῶν

274 939 578 1009 ἑρογεύθη.

353 1031 844 1102 Στρατοπεδάρχης
895 1030 1004 1085 τῶν
1051 1036 1471 1099 μονοκαόάλλων
1525 1038 1860 1110 ὑπηρέτημα

269 1117 398 1191 εἶχε
456 1122 718 1176 τοιοῦτον.
754 1118 942 1175 Ἦσαν
974 1123 1033 1176 ἐν
1069 1126 1183 1189 τοῖς
1231 1128 1375 1181 κατὰ
1424 1128 1637 1198 θέματα
1670 1131 1867 1195 τόποις

272 1211 583 1279 φωσσάτου
618 1211 896 1279 τάγματα,
933 1214 982 1265 oi
1019 1213 1117 1282 μιν
1163 1217 1622 1286 μεγαλοαλογῖται
1662 1223 1866 1291 ὀνομα-

276 1301 531 1371 ζόμενοι,
585 1305 633 1355 oi
662 1303 718 1355 δὲ
767 1304 1147 1374 τρικάδαλλοι,
1191 1308 1241 1359 oi
1289 1308 1346 1362 δὶ
1402 1310 1737 1379 δικάσαλὶοι,
1768 1315 1865 1369 καὶ

268 1392 461 1462 ἕτεροι
494 1392 911 1459 μονοκάσαλλοι.
941 1390 1053 1449 Ἦν
1082 1396 1176 1451 οὖν
1216 1391 1371 1463 οὗτος
1400 1403 1428 1456 6
1464 1405 1864 1477 στρατοπεδάρ-

275 1500 386 1551 χης
416 1484 746 1553 φροντιστὴς
769 1484 865 1538 καλ⁸
898 1486 1237 1560 ἐπιμελητὴς
1265 1494 1443 1558 μόνων
1480 1492 1590 1547 τῶν
1632 1511 1863 1562 μονοκα-

281 1575 518 1631 ϐάλλων.

368 1667 426 1721 '0
454 1668 561 1720 τῶν
589 1667 1017 1742 τζαγγρατόρων
1042 1677 1528 1748 στρατοπεδάρχης
1554 1684 1859 1750 φροντίζων

1975 499 2338 557 δειωτίστοὴει
2372 521 2555 561 curam
2588 511 2726 579 gerit
2758 526 2948 567 eorum
2977 513 3070 582 qui
3102 516 3371 589 refugium
3402 499 3553 596 qua:-

1974 601 2122 646 γυηι.

2044 678 2393 750 ιοεπῐοειθε
2440 691 2579 747 aula:
2625 706 2879 751 numerat
2928 709 2983 755 et
3033 713 3319 773 computat
3348 721 3544 763 omnes

1971 775 2173 833 milites
2208 782 2300 849 qui
2351 782 2403 837 in
2441 788 2563 841 aula
2612 791 2880 859 stipendia
2925 808 3184 863 merent;
3222 811 3276 854 et
3324 802 3539 870 dispicit

1969 880 2098 920 num
2134 871 2262 936 quid
2297 873 2460 929 alicui
2498 879 2565 931 de
2600 880 2869 947 stipendio
2897 885 3060 951 desit,
3108 898 3201 942 ant
3229 908 3354 945 num
3384 894 3542 962 plene

1967 958 2296 1017 satisfecerit
2323 979 2419 1031 pro
2445 968 2717 1038 stipendio
2748 976 2888 1042 quod
2922 978 3153 1046 accepit.

2040 1049 2505 1122 Stratopedarcha
2558 1063 2793 1117 militum
2855 1068 2946 1135 qui
3003 1083 3117 1122 uno
3166 1071 3341 1124 solum
3400 1078 3542 1142 equo

1967 1148 2222 1211 utuntur,
2278 1147 2591 1217 hujusmodi
2636 1170 2835 1209 munus
2870 1159 3063 1226 gessit.
3095 1160 3267 1215 Erant
3304 1163 3356 1215 in
3406 1162 3544 1218 locis

1967 1233 2267 1291 thennatum
2302 1244 2581 1298 exercitus
2612 1247 2852 1320 agmina,
2887 1266 3125 1317 quorum
3160 1253 3252 1305 alii
3294 1254 3539 1323 appella-

1966 1323 2167 1381 bantur
2218 1333 2706 1402 μεγαλοαλογϊται,
2746 1338 2835 1392 alii
2870 1355 2899 1393 a
2949 1342 3127 1396 tribus
3178 1344 3337 1410 equis
3371 1345 3543 1399 trica-

1967 1417 2122 1481 balli,
2162 1420 2252 1473 alii
2281 1436 2310 1475 a
2343 1424 2559 1478 duobus
2594 1426 2872 1489 dicaballi,
2904 1430 2994 1483 alii
3032 1431 3099 1485 ah
3130 1447 3238 1485 uno
3280 1446 3545 1487 monoca-

1964 1507 2115 1562 balli.
2149 1507 2213 1564 Et
2243 1511 2333 1565 isti
2364 1513 2465 1568 soli
2513 1516 2863 1583 pertinebant
2901 1520 2965 1573 ad
3010 1536 3196 1575 curam
3230 1524 3543 1592 stratoped-

1959 1601 2162 1656 archae.

2030 1691 2467 1763 Tzangratorum
2508 1713 2695 1752 curam
2725 1700 2977 1756 similiter
3008 1705 3147 1773 gerit
3168 1720 3360 1759 eorum
3395 1714 3540 1761 stra-

275 1756 539 1821 ῶσαύτως
563 1762 656 1812 καὶ
686 1761 1117 1834 ἐπιμελούμενος
1132 1769 1362 1836 τούτων,
1386 1771 1482 1822 καὶ
1502 1772 1530 1824 6
1554 1773 1662 1827 τῶν
1694 1792 1848 1847 μουρ-

1974 1782 2321 1850 topedarcha,
2370 1796 2430 1839 ut
2459 1796 2514 1841 et
2561 1799 2931 1845 tnurtatorum
2966 1753 3285 1849 eorumdem
3328 1807 3535 1851 strato-

272 1848 460 1902 τάτων
489 1853 977 1926 στρατοπεδάρχης
999 1857 1226 1925 ὁμοίως.

359 1940 423 1993 ὐ
478 1945 964 2017 στρατοπεδάρχης
1024 1949 1132 2002 τῶν
1184 1951 1463 2027 τζακόνων
1512 1956 1857 2027 ἐπιμελεῖται

271 2031 391 2082 τῶν
420 2033 499 2095 εἰς
532 2033 600 2084 τά
626 2033 841 2105 κάστρα
872 2036 1285 2108 εὑρισκομένων
1323 2042 1628 2114 φυλάξεων,
1659 2047 1857 2113 οἵτινες

270 2124 534 2191 τζάκονες
554 2126 941 2195 ὀνομάζονται.

366 2215 427 2269 ’0
460 2219 884 2303 προκαθήμενος
919 2221 1029 2274 τῶν
1061 2224 1319 2292 μεγάλων
1354 2229 1632 2287 παλατίων
1659 2236 1856 2306 ἐπιμε-

271 2295 686 2380 λητηςάὑτῶν,
728 2312 826 2365 καὶ
865 2313 974 2368 τῶν
1013 2316 1337 2388 Βλαχερνῶν
1365 2323 1644 2382 παλατίων
1678 2295 1857 2383 ῶσαύ-

272 2421 387 2463 τως
427 2407 868 2475 προκαθήμενος.

346 2496 469 2547 Τῶν
496 2496 551 2548 Os
562 2499 746 2565 μάτων
770 2498 1093 2568 δομέστικος
1121 2498 1191 2573 ἦν
1220 2506 1389 2560 πάλαι
1422 2511 1722 2577 φροντίζων
1752 2519 1849 2569 καὶ

265 2586 713 2654 ἐπιμελούμενος
755 2591 861 2644 τῶν
891 2593 983 2645 τοῦ
1033 2594 1299 2667 δημοσίου
1332 2602 1701 2675 πραγμάτων.
1740 2606 1854 2661 Καὶ

267 2677 326 2729 οι
365 2678 683 2745 δομέστικοι
714 2682 817 2734 τῶν
843 2700 897 2735 τε
927 2684 1263 2743 ἀνατολικῶν
1294 2691 1386 2742 καὶ
1415 2691 1649 2745 δυτικῶν
1688 2693 1854 2764 οεμά·

268 2785 396 2821 των
427 2772 743 2837 φροντισταὶ
772 2772 1031 2839 ὡσαύτως
1058 2778 1152 2829 καὶ
1180 2781 1513 2853 ἐπιμεληταὶ
1536 2785 1645 2838 τῶν
1671 2787 1852 2841 ἐκεῖσε

259 2862 559 2930 δημοσίων
595 2867 951 2932 πραγμάτων.

338 2954 417 3005 T6
442 2956 539 3007 τοῦ
574 2956 813 3023 μεγάλου
845 2962 1140 3030 μυρταῖτου
1172 2963 1502 3038 ὑπηρέτημα
1547 2970 1853 3040 ἀνεπίγνω-

262 3046 398 3098 στόν
424 3047 596 3103 ἐστιν.
1664 3046 1673 3055 ’

333 3137 411 3191 Τδ
437 3140 536 3194 τοῦ
572 3145 1003 3214 πρωτοκόμητος
1028 3148 1323 3204 θαλάσσιόν
1349 3152 1540 3209 ⁸ἐστιν.
1577 3156 1846 3228 Εὑρίσκε-

255 3246 356 3282 ται
386 3227 545 3296 οὗτος
571 3235 677 3288 τῶν
702 3239 760 3289 ὲν
784 3237 863 3307 τῷ
910 3238 1177 3312 βασιλικῷ
1208 3244 1381 3315 στόλῳ
1408 3246 1626 3301 πάντων
1659 3227 1848 3321 κομή-

257 3340 375 3376 των
411 3325 649 3394 πρῶτος.

332 3415 450 3469 Καὶ
519 3418 581 3470 τὸ
634 3418 731 3472 τοῦ
781 3422 1147 3492 δρουγγαρίου
1202 3425 1464 3489 ὡσαύτως
1519 3429 1842 3488 Θαλάσσιον.

257 3508 513 3576 Δροῦγγα
548 3511 787 3583 ποδότης
822 3514 1092 3569 τοσούτων
1122 3517 1283 3572 τινῶν
1330 3520 1719 3591 ἑρμηνεύεται,
1776 3519 1846 3595 ἦς

255 3600 288 3667 ἠ
324 3601 472 3670 ἀρχὴ
500 3597 528 3655 6
557 3604 802 3669 τοιοῦτος
830 3607 1221 3681 δρουγγάριος.

330 3692 400 3744 Oi
433 3694 847 3765 προκαθήμενοι
874 3700 972 3752 καὶ
1006 3700 1056 3752 oi
1091 3704 1543 3775 καστροφύλακες
1571 3707 1843 3781 ὑπηρέται

256 3781 501 3854 ἑκάστης
536 3787 656 3849 κατ’
695 3788 850 3854 ἀξίαν
875 3790 987 3844 τῶν
1016 3794 1253 3849 πόλεων.

330 3875 480 3939 Ἕως
502 3871 605 3932 ὧδε
633 3881 827 3933 πασῶν
847 3884 902 3935 ai
927 3884 1252 3955 ὑπηρεσίαι.

782 3974 1187 4033 ΚΕΦΑΛΑΙΟΝ
1226 3979 1318 4049 q'.

256 4060 404 4141 Περὶ
462 4061 575 4128 τῆς
610 4062 745 4144 fi»:
777 4065 1175 4144 deaxorrxér_
1212 4072 1433 4141 ἑορτῶν
1463 4077 1709 4144 τάξεως.
1741 4081 1842 4134 καὶ

328 4129 468 4215 ζῶν.
496 4134 630 4215 καςξ
673 4135 862 4198 αὐτὰς
911 4129 1301 4215 τελογμένμωῦ·
1334 4129 1598 4209 ἐθίμωνξ-

328 4200 799 4284 διαλαμϐάνεται
829 4200 1229 4284 καίᾳπερῖτοῦ
1257 4200 1521 4283 μεγάλου
1562 4200 1841 4284 domari:-

328 4287 443 4349 κρυ
468 4275 830 4355 ὑπηρςςιίις.
853 4276 959 4355 τοῦ
987 4295 1051 4355 τηε
1072 4275 1447 4355 estsaepe-17'le
1473 4275 1840 4355 δομεόντίκου

328 4339 443 4404 τῆς
471 4342 765 4410 τραπέζης
796 4346 891 4398 καί
928 4347 1034 4399 τοῦ
1058 4349 1154 4401 ἐπὶ
1186 4339 1503 4422 ἓραᾶτέζης.

1962 1872 2259 1939 pedarcha.

2033 1961 2491 2033 Stratopedarcha
2555 1976 2851 2025 tzaconum
2885 1982 3109 2027 curator
3148 1983 3235 2030 est
3266 1978 3541 2032 custodia-

1958 2071 2079 2110 rum
2119 2056 2174 2112 in
2201 2059 2450 2126 urbibus,
2482 2063 2576 2132 qui
2636 2071 2895 2120 tzaconcs
2926 2068 3305 2123 nominantur.

2031 2232 2239 2289 Praeses
2265 2250 2591 2303 magnorum
2615 2238 2941 2307 palatiorum
2975 2243 3163 2297 eadem
3192 2244 3392 2314 palatia
3422 2247 3525 2299 sub

1959 2340 2058 2381 sua
2091 2341 2222 2381 cura
2256 2328 2440 2392 habet,
2479 2339 2541 2382 ut
2565 2337 2618 2383 et
2646 2344 2855 2398 praeses
2888 2333 3213 2401 palatiorum
3246 2351 3369 2405 quae
3399 2346 3533 2392 sunt

1959 2415 2012 2470 in
2046 2415 2388 2472 lllachernis.

2025 2505 2132 2576 43
2162 2506 2507 2563 Domesticos
2537 2509 2840 2565 thematum
2870 2513 2997 2566 olim
3018 2529 3149 2568 cura
3173 2531 3270 2570 sua
3296 2520 3540 2586 publicas

1961 2610 2049 2651 res
2083 2598 2606 2666 comprehendebat.
2660 2601 2725 2653 Et
2759 2602 3047 2657 domestici
3078 2607 3429 2661 orientalium
3482 2619 3538 2662 et

1956 2687 2373 2744 occidentalium
2413 2691 2712 2746 thematum
2748 2693 3007 2748 similiter
3058 2706 3338 2752 curatores
3366 2709 3523 2753 erant

1957 2779 2300 2848 publicorum
2330 2783 2677 2852 negotiorum
2711 2798 2834 2854 qua:
2866 2785 2940 2839 ibi
2963 2788 3392 2843 enascebantur.

2027 2960 2204 3030 Magni
2238 2963 2506 3033 myrtaitat
2536 2978 2736 3020 munus
2759 2973 2843 3021 est
2877 2965 3243 3037 incognitum.

2024 3120 2413 3199 Protocemitis
2444 3141 2655 3199 iunctio
2690 3145 2757 3198 ad
2791 3159 2944 3199 mare
2979 3155 3191 3214 spectat
3223 3161 3236 3198 :
3267 3154 3355 3201 est
3385 3146 3534 3202 enim

1951 3232 2004 3286 in
2038 3234 2385 3304 imperatoris
2413 3232 2589 3289 classe
2615 3236 2881 3289 comitum
2911 3236 3157 3290 omnium
3194 3236 3426 3304 primus.

2020 3415 2314 3484 Drungarii
2344 3413 2582 3469 oliicium
2605 3415 2971 3472 consimiliter
3001 3418 3067 3472 ad
3096 3434 3244 3474 mare
3268 3420 3530 3489 pertinet.

1952 3509 2170 3578 Drunga
2224 3517 2309 3563 est
2338 3515 2523 3563 certus
2560 3523 2824 3564 numerus
2864 3510 3125 3575 militum,
3172 3511 3376 3580 quibus
3408 3512 3533 3566 talis

1947 3598 2279 3669 drungarius
2310 3597 2566 3666 imperat.

2018 3690 2287 3746 Praesides
2331 3690 2620 3745 civitatum
2645 3699 2700 3745 ct
2725 3700 3044 3746 castrorum
3072 3692 3333 3747 custodes
3368 3690 3535 3746 mini-

1946 3783 2047 3838 stri
2077 3791 2206 3837 sunt
2238 3797 2337 3851 pro
2379 3785 2649 3852 cujusque
2682 3784 2928 3839 civitatis
2960 3784 3248 3852 dignitate.

2017 3875 2313 3947 ﬂuensque
2339 3877 2583 3931 omnium
2621 3875 3155 3930 administrationes.

2554 3967 2787 4022 CAPUT
2842 3966 2935 4019 Vl.

1948 4060 2025 4112 De
2048 4058 2248 4139 Christi
2283 4059 2498 4139 Domini
2532 4059 2783 4139 festorum
2838 4055 3022 4137 ordine
3052 4065 3101 4139 et
3133 4054 3331 4139 ritilius.
3357 4056 3409 4109 in
3429 4057 3531 4139 gis-

2016 4133 2133 4183 dem
2163 4127 2542 4190 observandis:
2581 4137 2692 4181 tum
2727 4128 2792 4179 de
2830 4127 3006 4193 magni
3059 4127 3331 4179 domestici
3374 4127 3532 4179 mini-

2014 4201 2198 4259 sterio,
2227 4199 2291 4252 dc
2320 4200 2592 4266 pincerna,
2638 4200 2700 4251 de
2742 4197 3031 4251 domestico
3073 4213 3264 4252 mensa:
3292 4207 3338 4251 et
3362 4199 3530 4251 eidem

2013 4285 2208 4327 nausa:
2245 4270 2547 4338 praeposito.

329 4433 408 4503 Τῇ
463 4435 540 4487 κδ’
572 4437 667 4489 τοῦ
726 4440 1067 4509 Δεκεμϐρίου
1124 4447 1313 4513 μηνὸς,
1366 4450 1489 4505 καθ’
1539 4450 1674 4524 ἢνή
1730 4453 1839 4507 τῶν

2015 4432 2216 4487 Mensis
2243 4430 2555 4486 Decembris
2597 4430 2667 4483 24
2702 4429 3013 4484 celebratur
3042 4430 3224 4499 vigilia
3262 4427 3531 4484 Nativita-

254 4524 714 4593 Χριστουγέννων
743 4533 1055 4601 παραμονὴ,
1084 4534 1177 4587 τοῦ
1216 4534 1477 4605 βασιλέως
1509 4543 1589 4603 είς
1628 4544 1718 4596 τὸν
1747 4543 1839 4613 δρ-

254 4608 385 4677 θρον
419 4611 494 4681 μὴ
527 4612 840 4681 ἐξελθόντος
894 4622 1037 4672 κατὰ
1066 4623 1165 4690 τὴν
1197 4623 1256 4688 ἐξ
1296 4625 1454 4692 ἔθους
1486 4619 1635 4700 αύτῷ
1669 4608 1837 4702 συνη-

256 4702 433 4767 Θειαν,
463 4705 579 4758 ἀλλ’
616 4707 673 4758 ἐν
720 4708 797 4778 τῷ
826 4711 990 4764 αὑτοῦ
1038 4715 1233 4784 κελλίῳ
1280 4719 1708 4788 εὑρισκομένου,
1743 4726 1841 4794 φέ-

255 4809 413 4862 ρουσι
449 4796 590 4864 μετὰ
614 4798 714 4866 τὴν
742 4802 1005 4856 ἀπόλυσιν
1042 4807 1089 4858 oi
1119 4811 1456 4880 κανονὰρχαι
1489 4816 1585 4866 καὶ
1613 4816 1837 4871 ἱστῶσιν

254 4886 682 4954 εἰκονοστάσιον,
717 4892 799 4954 εἰς
821 4893 849 4945 ὃ
877 4895 1183 4964 κρέμανται
1215 4898 1369 4967 ἅγιαι
1412 4904 1617 4970 εἰκόνες
1649 4906 1748 4977 τῆς
1778 4925 1837 4961 τε

254 4978 566 5048 γεννήσεως
597 4980 693 5034 τοῦ
732 4982 970 5047 Χριστοῦ
996 4989 1090 5040 καὶ
1117 4990 1301 5059 ἕτεραι
1322 4996 1468 5061 τρεῖς
1493 4995 1523 5066 ἢ
1552 4996 1837 5067 τέσσαρες.

255 5071 612 5141 Ἐμπροσοεν
660 5074 719 5126 δὲ
763 5076 952 5130 τούτου
995 5080 1301 5151 ἀναλόγιον,
1339 5086 1421 5153 ἐφ’
1460 5080 1520 5139 οὗ
1567 5091 1839 5144 ἐπίκειται

252 5160 415 5226 ἅγιον
455 5162 807 5231 [εὐαγγέλιον.
841 5169 947 5221 Καὶ
990 5172 1039 5222 οἱ
1074 5173 1175 5242 μὲν
1228 5176 1393 5245 ἱερεῖς
1425 5178 1670 5233 ἵστανται
1704 5181 1841 5253 πλη-

252 5252 371 5305 σίον
401 5254 510 5306 τῶν
539 5256 710 5324 ἁγίων
738 5261 967 5315 εἰκόνων
994 5266 1130 5333 μετὰ
1154 5267 1260 5319 τῶν
1292 5270 1584 5338 ίερατικῶν
1607 5273 1833 5340 στολῶν,

251 5346 303 5396 οἱ
337 5344 380 5396 δ’
420 5346 773 5414 άναγνῶσται
812 5354 977 5421 μέσον
1014 5357 1108 5410 τοῦ
1135 5362 1415 5430 τρικλίνου
1449 5366 1586 5418 κατὰ
1612 5366 1835 5435 πρόσω-

249 5450 358 5485 πον
413 5438 504 5489 τοῦ
540 5438 810 5507 βασιλέως
860 5445 998 5512 μετὰ
1051 5448 1161 5499 τῶν
1195 5450 1428 5517 ἱματίων
1479 5454 1576 5505 καὶ
1620 5455 1837 5524 ἐπιρρι-

250 5530 504 5599 πταρίων
534 5532 739 5599 αὐτῶν,
782 5536 1080 5607 φοροῦντες
1110 5541 1206 5594 καὶ
1241 5546 1473 5614 καμίσια
1516 5545 1703 5599 ἐπάνω
1728 5545 1837 5601 τῶν

254 5617 513 5689 ίματεων,
563 5625 591 5677 6
626 5625 813 5696 μέντοι
866 5632 1261 5702 πρωτοψάλτης
1304 5637 1401 5690 καὶ
1442 5638 1470 5689 ό
1517 5636 1838 5707 δομέστικος

249 5713 450 5783 λευκὰ,
484 5719 515 5772 6
539 5716 921 5793 λαμπαδάριος
951 5722 1004 5778 δὲ
1037 5728 1253 5799 κρατῶν
1275 5729 1334 5783 τὸ
1365 5730 1603 5801 χρυσοῦν
1631 5730 1832 5802 6:66;).-

1951 4524 2022 4578 tis
2054 4522 2280 4586 Christi,
2335 4524 2669 4591 imperatore
2721 4520 2787 4573 ad
2836 4519 3164 4573 matutinum
3220 4519 3545 4601 secundum

1942 4616 2200 4670 usitatam
2235 4615 2339 4670 sibi
2371 4613 2832 4669 consuetudinem
2864 4628 2972 4666 non
3003 4628 3246 4682 egresso,
3282 4610 3393 4687 44
3432 4612 3528 4665 sed

1943 4722 2045 4762 suo
2106 4708 2159 4762 in
2197 4707 2441 4762 conclavi
2462 4716 2861 4761 commorante.
2888 4706 3067 4759 Finito
3090 4705 3352 4756 matutino
3380 4702 3534 4755 etdi-

1945 4802 2116 4854 misso
2143 4808 2288 4854 coetu
2322 4800 2690 4853 canonarcha:
2722 4797 2994 4864 imagines
3028 4794 3263 4845 afferunt
3295 4802 3349 4845 et
3374 4793 3533 4845 tabu-

1947 4893 2118 4947 latum
2152 4894 2391 4963 erignnt,
2437 4908 2500 4946 ex
2543 4906 2655 4960 quo
2716 4886 2954 4957 pendent
2991 4893 3193 4939 sanctae
3255 4883 3532 4948 imagines

1950 4986 2257 5040 nativitatis
2284 4985 2490 5039 Christi
2523 4993 2577 5036 et
2617 4982 2735 5034 alia:
2769 4989 2882 5033 tres
2920 4978 3003 5032 vel
3034 4986 3290 5047 quatuor.
3320 4976 3524 5030 Coram

1954 5077 2057 5131 hoc
2087 5077 2357 5146 pulpitum
2391 5083 2494 5138 est,
2527 5074 2582 5126 in
2616 5086 2724 5139 quo
2763 5081 3014 5125 sanctum
3048 5067 3403 5138 Evangelium
3441 5082 3530 5121 re-

1949 5169 2187 5240 positum
2225 5168 2389 5233 jacet.
2438 5165 2503 5218 Et
2548 5164 2867 5218 sacerdotes
2900 5162 3121 5232 quidem
3172 5168 3322 5215 stant
3356 5175 3527 5229 prope

1947 5270 2167 5315 sanctas
2206 5260 2473 5328 imagines
2519 5275 2641 5312 cum
2676 5258 3113 5314 sacerdotalibus
3160 5256 3275 5311 suis
3311 5255 3468 5309 stolis
3507 5272 3524 5310 :

1946 5361 1999 5405 at
2034 5352 2273 5406 lectores
2298 5361 2445 5405 stant
2475 5353 2527 5406 in
2561 5352 2741 5407 medio
2770 5351 3009 5407 triclinio
3034 5365 3064 5405 e
3093 5359 3393 5417 conspectu
3424 5350 3527 5403 im-

1948 5445 2376 5512 peratoris'cum
2416 5432 2533 5501 suis
2575 5447 2778 5502 tunicis
2810 5454 2862 5500 et
2911 5444 3106 5512 capitis
3155 5442 3518 5513 tegminibus,

1947 5537 2188 5593 ferentes
2216 5554 2437 5609 quoque
2466 5541 2694 5595 camisia
2723 5552 2889 5609 super
2915 5545 3116 5603 vestes,
3151 5537 3525 5607 protopsaltes

1947 5631 2169 5701 quidem
2198 5642 2252 5687 et
2280 5633 2621 5689 domesticus
2646 5631 2899 5694 candida,
2932 5629 3311 5700 lampadarius
3337 5639 3523 5686 autem

1946 5731 2141 5781 tenens
2170 5739 2393 5783 auream
2430 5726 2666 5792 hastam,
2718 5723 2807 5779 cui
2842 5738 3037 5780 cereus
3078 5734 3162 5782 cst
3209 5724 3523 5795 impositus,
