3992 6240
248 276 329 339 65
1228 271 1327 334 DE
1364 272 1696 335 OFFICIIS
1736 272 2209 336 CPOLITANIS.
2252 274 2414 336 CAP.
2452 272 2550 334 VI.
3463 275 3532 339 06

241 386 654 459 ἀρχιδιάκονος,
701 383 802 452 την
846 382 1188 454 προφητείαν
1216 385 1310 439 καὶ
1348 385 1442 437 τὸν
1487 386 1789 440 ἀπόστολον

1911 432 1916 448 ,
1946 394 2000 438 et
2041 386 2352 454 apostolum
2399 382 2922 454 protapostolarius.
2958 384 3034 439 Ex
3064 384 3371 457 Evangeliis
3403 391 3518 458 pri-

241 476 835 549 πρωταποστολάριος,
862 473 973 527 τῶν
996 473 1051 525 δὲ
1079 474 1428 542 Εὐαγγελίων
1457 475 1518 528 τὸ
1546 475 1648 545 μὲν
1678 478 1832 545 πρῶ-

240 588 349 624 τον
370 574 398 624 6
428 570 829 641 πρωτοπαπάς,
864 566 931 619 τὰ
967 567 1023 620 δὲ
1054 566 1216 620 λοιπά
1247 568 1409 634 ἱερεῖς
1447 568 1646 637 ἕτεροι.

320 663 476 716 Μετὰ
508 662 564 715 δὲ
597 661 700 729 τὴν
749 658 1018 712 ἀπόλυσιν
1059 657 1169 711 τῶν
1216 658 1378 727 ὡρῶν
1418 658 1513 712 τοῦ
1563 658 1830 729 βασιλέως

244 752 582 812 ἀπελθόντος
612 746 768 812 αὖθις
793 749 889 801 καὶ
925 747 1028 810 τὰς
1050 748 1215 814 ἁγίας
1242 748 1458 807 είκόνας
1499 750 1830 819 ἀσπασαμέ-

1944 489 2094 527 mum
2134 473 2363 544 quidem
2427 473 2559 546 legit
2606 484 2922 545 protopapa,
2962 476 3168 545 reliqua
3220 478 3309 531 alii
3341 495 3528 536 sacer-

1938 568 2119 624 dotes.

1991 660 2189 717 Finitis
2204 661 2376 726 horis,
2393 660 2722 730 imperatore
2752 676 2944 716 rursus
2965 662 3201 718 abeunte
3223 673 3277 717 et
3302 673 3523 721 sanctas

1936 752 2207 823 imagines
2236 753 2587 807 exosculante
2613 768 2885 821 suumque
2920 756 3178 808 conclave
3222 764 3522 825 repetente,

238 862 366 907 vou,
403 844 495 895 καὶ
531 843 673 911 μετά
698 840 860 893 τοῦτο
902 841 981 903 είς
1010 840 1071 893 τὺ
1105 839 1316 893 κελλίον
1343 840 1510 894 αὐτοῦ
1559 842 1804 896 είσελθόν

1935 844 2172 898 Solvitur
2188 844 2589 906 circumstatio,
2611 846 2785 899 donec
2805 845 2986 899 debita
3015 846 3247 915 liturgiaa
3274 848 3405 901 hora
3425 847 3525 900 ad-

234 954 362 1002 τος,
396 936 586 989 λύεται
613 936 647 1003 ἡ
672 934 1017 1004 παράστασις
1047 932 1244 1003 μέχρις
1278 932 1345 985 ἂν
1379 936 1410 1002 ἡ
1444 935 1544 1000 τῆς
1577 934 1825 1005 λειτουρ-

235 1030 375 1095 γίας
431 1030 787 1093 προσήκουσα
833 1025 964 1096 ἔλθη
1013 1025 1150 1094 ὥρα,
1201 1027 1298 1079 καὶ
1345 1026 1466 1079 τότε
1495 1028 1757 1095 ψάλλεται
1795 1029 1825 1083 6

236 1120 541 1188 ἑσπερινὸς
569 1118 752 1188 ὕμνος.
774 1117 992 1171 Γίνεται
1034 1117 1217 1186 μέντοι
1251 1117 1411 1171 τοῦτο
1441 1118 1635 1183 οὕτως,
1664 1121 1822 1190 εῐπερ

234 1211 408 1280 τύχοι
438 1210 574 1264 οὖσα
607 1211 638 1279 ἡ
685 1209 842 1279 ἑορτὴ
870 1212 929 1262 ἐν
954 1209 1088 1283 ἄλλῃ
1118 1210 1219 1279 τῆς
1263 1210 1557 1285 ἑϐδομάδος
1592 1211 1777 1283 ἡμέρᾳ
1802 1227 1817 1241 ο

234 1303 381 1356 εἰδὲ
416 1304 477 1355 ὲν
526 1302 780 1370 σαόὀάτῳ
818 1300 852 1370 ἢ
907 1303 1173 1371 κυριακῇ,
1204 1301 1313 1354 τῶν
1358 1302 1517 1369 ὡρῶν
1571 1304 1665 1356 καὶ
1706 1304 1819 1356 τῶν

237 1395 559 1465 τροπαρίων
607 1393 963 1462 ψαλλομένων
1012 1394 1280 1464 πάρεστιν
1328 1394 1428 1463 μὲν
1472 1396 1499 1447 6
1534 1394 1816 1465 βασιλεὺς,

239 1488 304 1541 οὐ
332 1487 439 1556 μὴν
462 1487 516 1538 δὲ
548 1485 644 1538 καὶ
680 1487 762 1548 είς
790 1485 892 1555 τὴν
935 1485 1302 1555 λειτουργίαν,
1334 1486 1451 1541 ἀλλ’
1488 1488 1595 1558 ἰδίᾳ
1623 1487 1820 1556 ψάλλε·

236 1594 339 1631 ται
370 1578 528 1645 αὐτή.
568 1577 635 1630 Ἦ
671 1578 728 1630 δέ
751 1592 815 1644 γε
856 1578 1002 1631 αίτία
1027 1577 1120 1631 τοῦ
1145 1576 1219 1647 μὴ
1249 1579 1504 1648 παρεῖναι
1527 1577 1693 1631 αὐτὸν
1726 1579 1818 1648 βα-

1932 936 2167 990 venerit.
2207 936 2275 990 Et
2307 947 2436 990 tunc
2477 936 2786 1005 psalluntur
2818 952 3077 1005 vesperm.
3111 938 3175 990 Et
3212 939 3312 991 hoc
3337 937 3409 990 ita
3439 937 3523 999 fit.

1931 1028 1978 1082 si
2038 1026 2236 1081 festum
2269 1026 2324 1081 in
2365 1029 2685 1096 septimana:
2720 1028 2865 1082 diem
2915 1030 3141 1083 incidat.
3181 1029 3237 1083 Si
3284 1045 3414 1083 vero
3446 1031 3529 1103 le-_

1930 1127 2075 1172 stum
2096 1118 2151 1171 iu
2169 1119 2463 1172 Sabhatum
2478 1129 2573 1172 aut
2591 1120 2928 1173 Dominicam
2943 1121 3084 1174 diem
3109 1120 3383 1187 inciderit,
3399 1137 3519 1174 cum

1930 1211 2078 1265 horae
2098 1222 2152 1266 et
2182 1212 2418 1281 troparia
2469 1213 2857 1278 concinuntur,
2897 1215 3053 1269 adest
3077 1212 3297 1283 quidem
3354 1216 3520 1281 impe—

1916 1300 2102 1366 rator,
2126 1302 2219 1358 sed
2240 1317 2345 1354 non
2363 1302 2413 1355 in
2432 1302 2674 1372 liturgia,
2693 1318 2812 1370 quae
2830 1304 3082 1372 privatim
3105 1302 3517 1373 peragitur.&.7

1925 1392 2103 1447 Causa
2123 1407 2221 1445 cur
2240 1392 2537 1459 imperator
2555 1394 2787 1461 liturgiae
2805 1410 2912 1448 non
2931 1397 2997 1449 sit
3021 1411 3260 1464 pnesens
3277 1403 3360 1448 est
3383 1397 3506 1454 ista,

1925 1482 2054 1550 quia
2100 1484 2226 1537 aliis
2260 1484 2506 1551 quinque
2538 1485 2996 1538 antecedentibus
3030 1485 3224 1538 diebus
3251 1493 3514 1538 cantatur

1923 1574 2162 1643 primum
2198 1575 2545 1643 vespertinus
2578 1576 2835 1645 hymnus,
2864 1587 2916 1630 et
2947 1586 3071 1646 post
3111 1578 3259 1631 hunc
3294 1577 3513 1645 liturgia

241 1670 399 1723 σιλέα
449 1672 541 1721 καὶ
589 1668 670 1733 είς
717 1669 817 1739 τὴν
871 1669 1217 1739 λειτουργίαν
1247 1670 1394 1723 ἐστὶν
1440 1669 1522 1722 δτι
1554 1670 1654 1733 τάς
1712 1670 1804 1738 μὲν

1925 1662 2228 1731 perﬁcitur.
2268 1665 2321 1716 Si
2375 1680 2502 1718 Vct‘o
2534 1666 2733 1719 festum
2772 1668 2824 1719 in
2862 1667 3162 1721 Sahbatum
3197 1670 3279 1720 vel
3324 1668 3510 1720 Domi-

241 1761 412 1823 ἄλλας
450 1762 611 1815 πέντε
665 1762 885 1832 ἡμέρας
919 1761 1182 1831 ψάλλεται
1221 1760 1440 1831 πρῶτον
1474 1762 1503 1813 6
1532 1762 1804 1831 ἑσπερινὸς

1924 1754 2109 1809 nicum
2135 1755 2278 1809 diem
2338 1756 2607 1820 incurrat,
2631 1759 2765 1811 liora
2808 1760 2964 1813 tertia
2994 1760 3096 1813 diei
3126 1759 3341 1828 liturgia
3370 1764 3510 1812 cele-

240 1853 413 1920 ὖμνος
442 1854 537 1907 καὶ
594 1853 713 1923 μετ’
743 1854 909 1907 αὐτὸν
944 1855 987 1923 ,ὴ
1032 1853 1365 1923 λειτουργία,
1411 1855 1460 1907 εί
1491 1854 1549 1907 δὲ
1588 1856 1649 1909 ιν
1682 1856 1820 1909 Σαϐ-

241 1945 391 2015 ϐάτῳ
422 1944 575 2013 τύχοι
600 1945 635 2015 ἢ
664 1947 927 2016 κυριακῇ,
963 1947 1044 2009 είς
1075 1946 1263 2015 τρίτην
1287 1944 1437 2015 ὥραν
1472 1946 1575 2014 τῆς
1610 1947 1820 2016 ἡμέρας

238 2038 449 2104 γίνεται
477 2040 511 2107 ἡ
537 2037 870 2106 λειτουργία.
900 2039 999 2091 sua
1025 2054 1111 2090 τοι
1141 2036 1304 2090 τοῦτο
1331 2037 1428 2091 καὶ
1473 2038 1626 2091 οὐδὲν
1651 2038 1815 2102 σώζει

234 2129 548 2198 ψάλλεσθαι
606 2128 707 2199 τὴν
751 2128 1013 2198 τοιαύτην
1060 2129 1193 2199 ὅλην
1246 2128 1572 2183 ἀκολουθίαν
1615 2130 1727 2183 τῶν
1755 2147 1816 2183 τε

232 2221 400 2293 ὡρῶν
428 2222 521 2274 καὶ
546 2221 657 2274 τῶν
709 2221 1047 2291 τροπαρίων.
1098 2222 1186 2276 διὰ
1228 2222 1288 2276 τὸ
1338 2223 1601 2291 πλείστην
1649 2218 1813 2290 εἶναι,

234 2316 335 2367 καὶ
375 2314 434 2379 ἒξ
476 2315 720 2384 ἀνάγκης
749 2314 1012 2383 ψάλλεται
1047 2315 1144 2383 μὲν
1183 2315 1399 2385 πρῶτον
1432 2318 1465 2387 ὴ
1498 2316 1815 2385 λειτουργία

237 2405 405 2469 ίδίως,
436 2407 511 2468 ὡς
544 2407 687 2460 κατὰ
724 2407 816 2459 τὸν
838 2407 1169 2475 τεταγμένον
1197 2408 1408 2475 καιρὸν,
1431 2407 1527 2461 καὶ
1553 2408 1682 2462 ἄνευ
1712 2409 1813 2477 τῆς

230 2498 328 2550 τοῦ
366 2497 632 2566 βασιλέως
665 2498 981 2568 ιπιδημίας,
1011 2499 1152 2552 κατὰ
1179 2498 1235 2552 δὲ
1268 2498 1368 2568 τὴν
1396 2498 1492 2553 τοῦ
1523 2501 1810 2571 ἑσπερινοῦ

229 2589 391 2659 ὥραν
430 2592 459 2642 6
492 2591 742 2658 βασιλευς
771 2591 988 2663 ἔρχεται
1016 2593 1097 2653 είς
1133 2592 1232 2661 τὴν
1260 2592 1577 2661 ἐκκλησίαν.

304 2683 441 2734 Τῶν
471 2682 567 2737 οὖν
608 2685 908 2754 τροπαρίων
952 2684 1304 2754 ψαλλομένων
1333 2685 1362 2737 6
1404 2686 1504 2755 μὲν
1560 2686 1812 2755 βασιλεὺς

228 2776 404 2843 φορεῖ
434 2775 673 2828 σκιάδιον
705 2776 796 2828 καὶ
842 2776 942 2847 τὴν
970 2775 1347 2846 καθημερινὴν
1376 2778 1572 2847 στολὴν
1615 2780 1804 2846 αὐτοῦ,

226 2867 331 2918 καὶ
367 2867 417 2917 οί
444 2866 704 2936 ἄρχοντες
732 2866 788 2920 δὲ
812 2868 1076 2931 ὡσαύτως
1095 2883 1111 2899 ·
1149 2869 1289 2921 κατὰ
1319 2867 1378 2921 δὲ
1409 2869 1500 2923 τὸν
1522 2869 1809 2940 ἑσπερινδν

226 2958 321 3009 καὶ
373 2958 472 3027 τὴν
516 2958 863 3027 λειτουργίαν
918 2958 1180 3013 ἀλλάσσει
1219 2958 1413 3029 ροὖχον
1457 2977 1806 3031 μαργαριτα-

227 3048 429 3116 ρέῐνον.
484 3050 644 3119 Φορεῖ
675 3050 731 3104 δὲ
762 3049 856 3103 ἐπὶ
904 3049 1148 3120 κεφαλῆς
1188 3048 1249 3102 τὸ
1289 3048 1481 3103 δοκοῦν
1516 3050 1669 3120 αὑτῷ
1709 3051 1804 3117 φό-
1831 3085 1873 3143 C

223 3156 391 3209 ρεμα,
421 3140 535 3209 ἧως
656 3140 951 3210 κρινωνίαν
975 3140 1009 3210 ἢ
1052 3138 1422 3210 τετράφυλλον
1458 3141 1490 3211 ἦ
1521 3158 1574 3193 τι
1615 3142 1806 3211 ἕτερον

219 3232 410 3299 ὅμοιον
437 3232 651 3296 τούτοις
668 3248 683 3263 ⁸
707 3232 759 3286 oi
788 3233 847 3286 δι
876 3233 1138 3303 ἄρχοντες
1165 3232 1497 3302 σκαράνικα,
1526 3232 1803 3301 φακεώλια

221 3326 315 3375 καί
340 3323 615 3377 καὸσάδια
648 3324 745 3380 καὶ
771 3323 1118 3394 ιπιλούρικα,
1146 3322 1375 3388 ἕκαστος
1412 3323 1556 3379 κατὰ
1584 3324 1683 3395 τὴν
1709 3324 1804 3379 τά·

223 3413 306 3477 ξιν
341 3414 531 3469 αὐτοῦ.

289 3592 658 3664 verum“;
707 3587 803 3647 οὖν
854 3593 956 3661 τῆς
1005 3593 1373 3665 λειτουργίας.
1424 3595 1457 3665 ἢ
1511 3594 1672 3666 μόνον
1703 3592 1798 3649 τοῦ

220 3689 535 3760 ὲσπερινοῦ,
568 3690 616 3741 εί
651 3691 711 3743 ιν
746 3688 1060 3760 σαὸδάτῳῆ
1086 3692 1323 3761 κυριακῇ
1351 3690 1523 3760 τύχοι,
1547 3690 1623 3754 ὡς
1647 3692 1798 3761 εἴρη-

220 3798 334 3842 ται,
360 3782 411 3835 ol
445 3782 852 3855 προρρηθέντες
882 3782 1142 3851 ἄρχοντες
1181 3782 1232 3835 οί
1265 3784 1358 3836 καὶ
1384 3782 1482 3851 τῆς
1512 3783 1796 3852 παραστά-

218 3889 358 3934 σεως
395 3872 663 3942 ὑπηρέται
692 3873 763 3925 τὰ
795 3860 1339 3943 βασιλικάοφέροντες
1370 3873 1658 3943 φλάμουλα
1695 3875 1795 3945 τῆς

217 3962 545 4033 προκύψεως
567 3962 757 4016 ίστῶσι
780 3963 1141 4033 καταντικρύ.
1175 3964 1242 4016 Ἀ
1262 3963 1324 4035 δὴ
1349 3964 1442 4018 καὶ
1465 3966 1574 4017 elei.
1601 3962 1792 4027 ταῦτα,

212 4056 277 4107 τὸ
316 4055 420 4123 μὲν
444 4055 502 4107 ἒν
530 4053 992 4125 ἀρχιστράτηγος,
1023 4054 1085 4106 τὸ
1113 4053 1169 4109 δὲ
1202 4055 1391 4125 ἕτερον
1428 4056 1640 4119 εἶκόνας
1669 4056 1792 4126 ἔχον

216 4147 424 4211 πολλάς
448 4148 595 4211 θείας
627 4145 903 4218 ίεραρχῶν
929 4145 1338 4213 ὀκτάγλωσσον,
1380 4148 1516 4217 ὅπερ
1550 4148 1793 4201 καλεῖται

213 4239 558 4292 δκταπόδιον.
604 4238 768 4291 ’Δλλο
795 4237 1027 4307 σταυρὸς
1066 4236 1205 4307 ἔχων
1233 4239 1451 4302 εἰκόνας
1478 4240 1586 4293 τῶν
1620 4241 1792 4308 ἁγίων

211 4331 502 4399 τεσσάρων
553 4329 809 4400 μεγάλων
839 4327 1159 4399 μαρτύρων,
1192 4330 1529 4400 Δημητρίου,
1577 4331 1787 4400 Προκο·

1923 1844 2138 1901 bratur.
2190 1845 2557 1912 Quamobrem
2614 1850 2886 1919 integrum
2944 1867 3051 1903 non
3090 1858 3175 1905 est
3218 1858 3276 1903 ut
3315 1852 3506 1921 hujus-

1922 1936 2072 1992 modi
2150 1945 2319 1993 totum
2391 1939 2631 1995 ofﬁcium
2694 1942 2955 1996 horarum
3023 1951 3079 1998 et
3143 1945 3507 2012 tr0pariorum

1921 2028 2287 2098 persolvatur,
2306 2045 2371 2083 eo
2401 2030 2545 2100 quod
2571 2032 2641 2086 sit
2659 2032 2814 2087 valde
2836 2032 3129 2102 prolixum.
3151 2033 3288 2089 lliue
3314 2051 3509 2090 neces—

1920 2117 2068 2172 sario
2092 2119 2243 2186 prius
2293 2120 2517 2191 liturgia
2563 2123 2791 2178 seorsim
2851 2127 3197 2189 decantatur,
3240 2138 3501 2195 tanquam

1917 2220 2124 2266 statuto
2148 2223 2413 2284 tempore,
2455 2224 2509 2269 et
2533 2216 2653 2272 sine
2683 2218 3036 2287 imperatoris
3084 2222 3397 2288 praesentia.
3430 2222 3504 2272 At

1916 2302 2066 2361 circa
2104 2319 2455 2375 vesperarum
2518 2308 2711 2363 horam
2747 2309 3052 2378 imperator
3083 2309 3152 2365 ad
3212 2310 3500 2366 ecclesiam

1916 2407 1976 2448 se
2010 2395 2251 2452 confert.
2984 2447 3015 2473 .

1987 2670 2122 2725 Dum
2164 2671 2328 2742 igitur
2379 2674 2619 2742 troparia
2656 2676 2986 2745 psalluntur,
3041 2677 3342 2747 imperator
3392 2678 3499 2733 fert

1914 2763 2113 2831 pileum
2166 2775 2217 2817 et
2269 2765 2648 2834 quotidianum
2681 2783 2842 2822 suum
2903 2768 3184 2824 amictum.
3226 2769 3492 2825 Similiter

1911 2862 1962 2907 et
2006 2868 2264 2923 proceres
2311 2856 2495 2909 auliri.
2533 2857 2689 2911 Circa
2737 2860 3082 2928 vespertinas
3129 2876 3261 2914 vero
3307 2862 3497 2916 laudes

1909 2955 1963 2998 et
1989 2946 2272 3016 liturgiam
2310 2957 2489 3002 mutat
2522 2964 2682 3003 suum
2720 2951 2973 3011 ruchum,
3001 2951 3105 3007 hoc
3128 2962 3210 3006 est
3229 2954 3493 3007 extimum

1911 3035 2315 3105 indumentum,
2368 3041 2682 3106 margaritis
2729 3052 3097 3099 contextum:
3152 3044 3256 3098 (ert
3307 3060 3489 3100 autem

1911 3128 1962 3181 in
1991 3129 2170 3197 rapite
2199 3131 2344 3199 quod
2404 3133 2690 3187 allubescit
2729 3143 3031 3202 gestamen,
3066 3146 3194 3204 puta
3245 3139 3325 3191 \el
3382 3139 3491 3192 cri-

1910 3220 2133 3273 n0niam
2168 3221 2251 3274 vel
2289 3224 2680 3293 tetraphyllum
2718 3228 2803 3280 vel
2828 3227 2958 3295 quid
2988 3227 3251 3282 assimile.
3285 3231 3484 3285 Proce-

1906 3324 1993 3362 res
2020 3326 2149 3364 vero
2174 3322 2391 3382 gestant
2421 3318 2729 3379 scaranica,
2765 3318 3069 3387 phaceolia,
3119 3323 3385 3378 cabbadia
3431 3334 3487 3379 et

1907 3400 2197 3468 epilorica,
2225 3404 2457 3458 cuilibet
2481 3406 2780 3461 secundum
2812 3408 3062 3463 ordinem
3091 3419 3145 3464 et
3167 3411 3485 3481 dignitatem

1903 3508 2085 3547 suam.

1978 3584 2114 3639 Dum
2149 3585 2319 3654 igitur
2360 3586 2585 3659 litnrgia
2620 3592 2902 3660 peragitur
2932 3602 3027 3648 aut
3049 3594 3183 3649 solm
3216 3598 3485 3661 vesperti-

1902 3692 1983 3731 na:
2008 3677 2199 3731 laudes
2225 3678 2607 3738 decantantur.
2636 3679 2682 3733 si
2716 3678 2915 3735 festum
2949 3682 3190 3736 Sahhato
3242 3693 3334 3735 aut
3362 3682 3473 3734 Do-

1901 3770 2108 3822 tniuico
2129 3770 2219 3823 die
2262 3780 2539 3833 occurrat,
2577 3782 2635 3822 ut
2660 3772 2862 3825 dictum
2915 3783 3020 3834 est,
3104 3775 3482 3842 prmnomiuati
3530 3810 3537 3821 ,

1901 3873 2175 3927 proceres,
2208 3859 2302 3927 qui
2350 3861 2515 3912 etiam
2574 3859 3047 3914 circumstationis
3102 3862 3478 3916 moderatores

1897 3960 2049 4016 sunt,
2077 3962 2292 4019 gestant
2317 3951 2594 4004 ﬂammula
2621 3966 2687 4005 ex
2713 3951 2945 4004 adverso
2980 3952 3321 4022 imperatorii
3375 3971 3475 4008 so-

1896 4045 1975 4108 lii,
2011 4061 2132 4112 qnae
2165 4054 2292 4099 sunt
2320 4044 2447 4097 ista.
2483 4042 2661 4095 Unum
2702 4044 2919 4110 quidem
2955 4043 3068 4115 48
3120 4044 3476 4099 archistratc-

1897 4152 1998 4205 gus
2022 4136 2372 4205 appellatum,
2430 4136 2662 4189 alterum
2706 4136 2912 4190 habens
2971 4137 3171 4192 multas
3231 4138 3477 4195 divinas—

1893 4242 2005 4296 que
2061 4241 2346 4281 sacrorum
2384 4226 2707 4301 pontiﬁcum
2746 4225 3013 4294 imagines
3069 4228 3288 4297 lingulis
3328 4240 3473 4295 octo,

1893 4319 2038 4389 quod
2074 4328 2270 4372 vocant
2296 4318 2685 4388 octapodium;
2721 4319 2944 4372 tertium
2973 4334 3110 4374 crux
3141 4328 3247 4383 est,
3270 4320 3475 4378 habens

211 4420 338 4472 πίου
363 4421 457 4472 καὶ
485 4419 802 4489 Θεοδὼρων,
827 4419 1017 4491 ἕτερον
1042 4417 1166 4489 ἔχον
1198 4419 1288 4473 τὸν
1320 4419 1475 4490 ἅγιον
1508 4421 1787 4491 Γεὼργιον

1918 4412 2159 4481 magines
2193 4421 2510 4464 sanctorum
2534 4422 2771 4479 quatuor
2796 4428 3112 4481 magnorum
3150 4429 3474 4485 martyrum,

210 4511 475 4578 ἔφιππον,
532 4512 658 4566 ἄλλο
707 4512 1076 4582 δρακόντειον,
1103 4513 1197 4566 καὶ
1240 4512 1426 4582 ἕτερον
1467 4513 1525 4566 δὲ
1552 4514 1648 4584 τὴν
1689 4515 1807 4567 τοῦ

212 4602 476 4672 βασιλέως
520 4602 642 4674 ἔχον
674 4604 877 4673 στήλην
922 4603 1183 4673 ἔφιππον.
1226 4603 1294 4656 ’Δ
1335 4604 1401 4674 δὴ
1440 4604 1612 4658 ταῦτά
1645 4608 1784 4658 εἰσιν

208 4695 438 4747 ἕκαστον
464 4694 568 4747 άνὰ
588 4694 703 4759 δύο,
736 4696 855 4765 ἦτοι
882 4695 1021 4764 ἐμοῦ
1046 4694 1113 4765 ιβ’
1131 4696 1221 4749 τὸν
1250 4696 1502 4767 ἀριθμόν.
1538 4698 1785 4767 Ἐμπρο-

210 4786 340 4837 σθεν
369 4785 425 4838 δὲ
450 4785 558 4837 τῶν
589 4787 848 4839 τοιούτων
874 4787 1204 4857 φλαμούλων
1236 4788 1555 4855 προΐσταται
1576 4791 1603 4842 6
1625 4806 1783 4844 σκουο

206 4876 393 4945 τέριος
423 4878 706 4948 βαστάζων
732 4877 793 4931 τὸ
817 4878 1104 4943 διϐἑλλιον,
1133 4878 1161 4933 δ
1186 4879 1249 4951 δὴ
1274 4880 1352 4933 ἔνι
1387 4882 1546 4949 μόνον
1576 4880 1656 4947 ἓν,
1687 4885 1782 4935 καὶ

205 4967 269 5019 τὸ
302 4970 618 5038 σκουτάριον
644 4969 707 5021 τὸ
734 4968 1038 5039 βασιλικόν.
1069 4966 1177 5023 Ἦν
1209 4971 1308 5040 μὲν
1334 4968 1427 5023 οὖν
1458 4970 1628 5025 πάλαι
1655 4989 1780 5026 συν-

204 5055 390 5125 ήθεια,
422 5057 511 5109 ὅτε
547 5060 580 5128 ἡ
611 5057 705 5111 τοῦ
740 5057 1004 5127 βασιλέως
1045 5057 1294 5124 σύνταξις
1323 5055 1463 5130 ἦσαν
1506 5060 1784 5129 ἑξακισχί-

205 5145 337 5207 λιοι,
363 5140 509 5215 ἦσαν
535 5147 657 5202 καθ’
697 5147 754 5200 ἓν
778 5148 1012 5201 ἕκαστον
1048 5147 1361 5218 φλάμουλον
1408 5150 1780 5205 πεντακόσιοι.

204 5235 325 5288 Νῦν
340 5237 397 5289 δὲ
420 5237 488 5289 τά
519 5237 619 5306 μὲν
638 5238 862 5291 τοιαῦτα
891 5238 1176 5308 φλάμουλα
1208 5237 1435 5308 φέρουσι
1471 5238 1565 5290 καὶ
1595 5238 1784 5290 ίστῶσι

203 5329 562 5399 καταντικρὺ,
609 5329 682 5392 ὡς
714 5330 954 5400 εἴρηται,
990 5332 1089 5400 τῆς
1131 5331 1492 5401 προκύψεωςσ
1544 5331 1699 5393 me;
1726 5331 1783 5383 δὲ

204 5418 411 5469 ὁπόταν
456 5418 746 5487 στρατεύει
786 5422 813 5471 6
843 5418 1121 5489 βασιλεὺς,
1164 5423 1303 5474 κατά
1347 5420 1640 5488 ἀναλογίαν
1684 5422 1784 5490 τῆς

204 5506 507 5571 ποσότητος
542 5506 641 5575 τῆς
686 5507 852 5560 αὑτοῦ
890 5510 1193 5576 συντάξεως
1235 5509 1346 5579 ἔχει
1389 5510 1484 5563 καὶ
1532 5510 1781 5579 φλάμου-

203 5599 297 5649 λον
327 5595 384 5648 ἓν
419 5597 583 5665 τυχὸν
622 5596 655 5667 ἢ
681 5598 796 5652 δύο.
829 5601 1094 5653 Ὀπισθεν
1124 5601 1180 5652 δὲ
1210 5603 1317 5654 τῶν
1348 5600 1605 5653 τοιούτων
1628 5601 1783 5670 βασι-

204 5689 374 5742 λικῶν
400 5688 724 5757 φλαμούλων
748 5692 993 5747 ἵστανται
1022 5694 1091 5747 τά
1114 5693 1224 5749 τῶν
1248 5693 1525 5747 δεσποτῶν
1552 5697 1643 5747 καὶ
1674 5694 1782 5747 τῶν

1893 4501 2174 4566 Demetrii,
2209 4500 2457 4571 Procopii
2488 4510 2542 4556 et
2576 4504 2863 4572 utriusque
2882 4498 3153 4558 Theodori
3178 4522 3191 4567 ;
3220 4507 3364 4561 aliud
3386 4522 3474 4561 re-

1891 4607 2234 4664 pratsentans
2267 4592 2330 4649 S.
2370 4595 2667 4665 Georgium
2699 4605 3032 4664 equestrem,
3060 4597 3212 4652 aliud
3238 4600 3472 4654 dracon-

1891 4693 2061 4746 teum,
2088 4683 2219 4737 illud
2254 4683 2601 4751 imperatoris
2632 4684 2861 4752 effigiem
2888 4701 3031 4753 equo
3054 4687 3346 4741 insidentis
3378 4705 3473 4741 ex-

1892 4776 2108 4831 hibens.
2148 4775 2278 4829 Bina
2317 4787 2375 4830 et
2412 4776 2536 4829 bina
2564 4786 2691 4830 sunt
2721 4778 2926 4838 omnia,
2958 4779 3057 4830 hoc
3082 4787 3164 4830 est
3196 4774 3469 4831 'universe

1890 4866 2193 4920 duodecim.
2226 4867 2363 4919 Ante
2386 4880 2505 4933 quae
2544 4865 2819 4920 llamtunia
2849 4874 2957 4918 stat
3006 4867 3255 4934 scutifer,
3288 4868 3469 4921 ferens

1889 4955 2148 5009 divelium
2165 4969 2261 5010 seu
2279 4956 2532 5009 vexillum
2555 4955 2983 5023 imperatorium,
3002 4957 3140 5027 quod
3157 4959 3225 5013 ab
3242 4957 3363 5011 aliis
3385 4974 3469 5012 sr-

1888 5048 2118 5115 paratim
2138 5056 2193 5100 et
2213 5046 2487 5115 singulare
2515 5054 2752 5108 tenetur,
2775 5062 2899 5100 cum
2921 5048 3263 5119 imperatoris
3286 5063 3463 5108 scuto.

1889 5137 2052 5203 Olim,
2084 5138 2304 5207 quando
2333 5137 2652 5205 praesidium
2703 5139 3052 5208 imperatoris
3083 5159 3177 5198 sex
3213 5146 3459 5200 millibus

1890 5231 2195 5294 constabat,
2213 5231 2440 5284 aderant
2460 5230 2635 5285 cuivis
2663 5230 2946 5289 llammulo
2972 5237 3280 5306 quingenti.
3306 5237 3461 5296 Nunc

1891 5335 2019 5376 vero
2051 5319 2177 5373 talia
2216 5318 2493 5373 ﬂammula
2527 5320 2709 5376 ferunt
2740 5333 2794 5377 et
2842 5335 3096 5378 statuunt
3145 5340 3176 5378 e
3242 5328 3463 5397 regione

1890 5412 2224 5482 imperatorii
2258 5411 2406 5476 solii,
2441 5423 2503 5468 ut
2540 5414 2812 5472 diximus.
2857 5415 3021 5470 Extra
3055 5432 3206 5479 vero,
3239 5423 3460 5489 quando

1888 5507 2180 5575 imperator
2212 5505 2266 5561 in
2292 5508 2643 5577 expeditione
2678 5518 2953 5575 versatur,
2993 5524 3179 5565 secum
3207 5514 3454 5569 circum-

1890 5594 1992 5649 fert
2022 5612 2118 5665 pro
2150 5597 2429 5655 exercitus
2461 5599 2831 5671 magnitudine
2881 5614 3047 5653 unum
3081 5604 3166 5657 vel
3219 5605 3454 5659 alterum

1886 5689 2248 5746 ll.unmulum.
2267 5690 2763 5761 Rctrohujusmodi
2794 5692 3153 5763 imperatoria
3176 5695 3453 5751 llammnla

2053 5954 2115 5979 ρ’
