3992 6240
539 311 608 375 6'1
1138 334 1153 357 κ
1734 309 2002 371 CODINI
2039 310 2098 371 Cl

2205 312 2557 376 DPALATA!
3680 319 3751 382 69

540 428 790 480 visuntur
851 421 1124 479 ﬂammula
1181 423 1533 492 despotarum
1593 431 1647 477 et
1701 436 2011 491 procerum,
2047 432 2098 477 at

2205 423 2499 494 ἀρχόντων,
2557 425 2621 479 οὐ
2653 425 2757 495 μὴν
2790 426 2884 481 καὶ
2938 427 3082 482 κατά
3128 427 3303 494 τάξιν.
3358 426 3575 481 τούτων
3618 428 3665 483 δ’
3698 426 3763 483 αὖ

540 532 647 570 nou
688 525 837 571 certo
874 517 1084 573 ordine.
1116 516 1265 572 Pone
1296 517 1399 571 ista
1440 516 1859 585 conspiciuntur
1913 516 2100 585 populi

537 623 631 661 seu
657 609 1022 661 tribunorum.
1410 600 1423 613 λ

599 699 869 754 Caeterum
906 711 1189 770 postquam
1257 699 1503 768 praedicti
1552 699 1740 769 hymni
1783 700 1942 754 linem
2003 714 2096 755 ac—

531 802 817 859 ceperunt,
846 808 1034 847 omnes
1065 803 1322 846 cantores
1345 802 1400 847 et
1427 793 1662 848 lectores
1695 794 1902 849 multos
1924 809 2099 849 annos

533 882 848 949 imperatori
914 893 1301 952 apprecantur,
1338 884 1559 953 quando
1594 886 1884 939 ecclesiam
1913 885 2100 955 ingre-

529 972 681 1025 ditur
714 974 1050 1028 adoratiouis
1084 990 1272 1036 causa.
1305 983 1360 1028 et
1408 984 1466 1028 ut
1511 991 1705 1044 panem
1748 977 2097 1032 benedictum

530 1076 728 1119 sumat.
765 1067 963 1119 Deinde
992 1066 1130 1120 redit
1152 1068 1453 1135 imperator
1484 1067 1548 1120 ad
1577 1069 1775 1120 solium
1808 1070 2098 1135 elevatins,

528 1168 581 1208 et
612 1157 899 1210 confestim
937 1160 1090 1212 adest
1117 1161 1408 1215 universus
1455 1161 1758 1227 imperialis
1783 1161 1893 1233 5.9
1919 1164 2099 1217 clerus

530 1263 654 1300 cum
707 1251 1039 1316 supradictis
1089 1252 1421 1308 indumentis
1480 1254 1617 1318 suis,
1677 1263 1730 1309 ct
1782 1264 1929 1309 stant
1973 1268 2102 1311 ante

528 1337 825 1395 llammula.
858 1343 1005 1395 inter
1053 1342 1169 1395 haec
1205 1355 1413 1408 autem,
1443 1345 1674 1410 clerum,
1736 1345 1982 1414 inquam.
2047 1358 2102 1401 et

527 1428 827 1493 ﬂammula,
893 1440 1038 1485 stant
1082 1448 1273 1488 onmes
1324 1437 1416 1503 qui
1476 1436 1736 1489 dicuntur
1791 1440 2095 1505 paguiutte,

528 1535 722 1589 nempe
751 1521 1042 1587 tubicines,
1078 1522 1486 1589 buccinatores,
1522 1526 1859 1596 cymbalistria
1887 1536 1940 1581 et
2007 1544 2100 1582 su-

536 1611 745 1671 tulistze
771 1612 870 1675 ;'et
908 1614 960 1666 hi
988 1614 1086 1668 soli
1122 1631 1136 1667 :
1190 1631 1313 1669 nam
1344 1632 1409 1669 ex
1463 1618 1846 1671 minutioribus
1900 1618 2103 1673 instru-

529 1703 727 1754 mentis
756 1719 822 1756 ne
850 1720 1017 1756 unum
1086 1705 1306 1772 quidem
1338 1708 1512 1761 adest.
1566 1707 1758 1763 Postea
1804 1708 2096 1764 adveniunt

527 1806 747 1859 quoque
787 1808 1046 1861 proceres
1094 1796 1347 1849 similiter
1393 1813 1515 1851 cum
1540 1799 1656 1853 suis
1680 1802 2098 1868 gestaminibus,

530 1890 788 1951 stantque
822 1885 1021 1954 singuli
1078 1886 1379 1941 secundum
1429 1889 1672 1942 ordinem
1712 1891 2099 1961 etdignitatem

531 1986 710 2039 suam,
738 1985 901 2044 prout
929 1978 981 2030 in
1017 1978 1253 2033 triclinio
1302 1979 1422 2034 lieri
1467 1982 1771 2035 consuevit.
1837 1982 2102 2039 Similiter

529 2072 584 2117 et
617 2063 849 2136 Baraugi
880 2084 895 2131 ;
959 2077 1105 2123 stant
1135 2070 1171 2124 ii
1223 2086 1443 2140 quoque
1475 2072 1528 2125 iu
1560 2073 1751 2127 eadem
1781 2075 1901 2127 aula
1933 2090 2101 2144 prope

530 2156 813 2211 columnas
842 2160 987 2226 solii,
1020 2159 1258 2216 ferentes
1297 2178 1518 2217 secures
1542 2179 1671 2219 suas
1739 2164 1933 2233 palmis
1958 2166 2099 2221 suis.

528 2244 665 2298 Cum
694 2256 876 2301 autem
901 2264 1139 2318 superne
1175 2266 1242 2305 ex
1280 2252 1422 2306 solio
1460 2254 1752 2307 eleVatiore
1810 2254 2103 2322 imperator

532 2351 591 2387 se
623 2339 1070 2404 conspiciendum
1104 2343 1333 2410 prtebet,
1356 2343 1822 2411 transferunteas,
1846 2352 1903 2399 ut
1926 2345 2097 2400 moris

529 2435 634 2490 est,
673 2427 725 2481 in
749 2429 1183 2487 humerovsuos.

599 2515 940 2573 Ascendente
973 2520 1136 2589 igitur
1166 2522 1495 2589 imperatore
1521 2523 1574 2577 in
1603 2524 1823 2588 solium.
1856 2533 1914 2579 ut
1939 2525 2090 2594 prius

527 2609 835 2675 expositum
854 2622 957 2676 est,
989 2614 1149 2667 simul
1167 2616 1471 2669 ascendunt
1489 2617 1651 2671 etiam
1678 2617 1937 2687 despotaa,
1957 2635 2101 2687 prm-

532 2707 679 2752 terea
712 2699 1082 2769 lampadarius
1112 2719 1232 2758 cum
1258 2715 1421 2760 conto
1442 2716 1492 2760 et
1525 2706 1642 2761 lace
1669 2719 1723 2762 et
1749 2710 2020 2778 lampade,
2044 2726 2094 2769 et

528 2792 1003 2857 protovestinrius.
1034 2792 1099 2845 Et
1127 2805 1413 2863 postquam
1441 2799 1558 2850 vela
1579 2813 1674 2852 seu
1698 2801 1935 2855 cortinas
1974 2819 2101 2859 sus-

526 2882 831 2949 penderunt
854 2885 999 2937 circa
1024 2885 1219 2937 solium
1247 2887 1611 2955 imperatoris,
1644 2892 2098 2957 protovestiarius

528 2972 763 3040 pilaticia
793 2975 908 3027 sive
922 2975 1101 3029 clavas
1130 2976 1452 3031 honorarias
1476 2994 1638 3032 manu
1668 2981 1861 3036 dextra
1899 2984 1952 3037 in
2004 3002 2101 3040 su-

2203 517 2429 572 ὄπισθεν
2457 518 2527 571 τά
2556 518 2664 573 τῶν
2690 518 3011 590 δημάρχων.

2274 698 2431 752 Μετά
2456 697 2513 752 δὲ
2543 698 2641 769 τὴν
2672 699 2938 754 ἀπόλυσιν
2983 701 3090 755 τῶν
3127 702 3545 773 προρρηθέντων
3583 702 3772 772 ὕμνων

2203 788 2403 851 πάντες
2437 788 2638 857 ψάλται
2669 808 2726 843 τε
2759 792 2853 844 καὶ
2882 793 2933 845 oi
2958 793 3301 859 ἀναγνῶσται
3324 795 3772 864 πολυχρονίζουσι

2200 881 2292 933 τὸν
2324 880 2549 949 βασιλέα
2574 883 2957 953 εἰσερχόμενον
2979 886 3034 936 έν
3056 887 3119 954 τῇ
3156 884 3424 956 ἐκκλησίᾳ
3461 890 3767 957 προσκυνῆ-

2203 988 2295 1024 σαι
2324 972 2420 1025 καὶ
2451 972 2743 1043 ἀντιδωρον
2766 973 3058 1041 λήψεσθαι.
3087 972 3219 1027 Εἶτα
3239 974 3526 1043 ἀνέρχεται
3552 978 3580 1028 ό
3616 976 3775 1045 βασι-

2199 1064 2328 1126 λεὺς
2356 1063 2449 1115 ἐπὶ
2476 1064 2575 1133 τῆς
2601 1065 2948 1133 προκύψιως,
2980 1067 3072 1118 καὶ
3094 1066 3291 1119 αὐτίκα
3319 1065 3536 1135 ἔρχεται
3561 1069 3587 1120 ό
3621 1068 3775 1135 βασι-

2200 1153 2351 1217 λικὸς
2385 1155 2534 1218 ἅπας
2578 1156 2781 1226 κλῆρος
2832 1157 2969 1227 μιτά
2999 1157 3105 1210 τῶν
3160 1158 3582 1228 προρρηθέντων
3615 1160 3774 1211 ἐνδυ-

2204 1248 2391 1315 μάτων
2452 1248 2652 1312 αὐτῶν,
2702 1252 2794 1300 καὶ
2853 1248 3101 1301 ἵστανται
3155 1248 3463 1317 ἔμπροσθεν
3498 1249 3605 1302 τῶν
3633 1250 3773 1316 φλα-

2204 1339 2442 1408 μούλων.
2472 1340 2691 1404 Μεταξὺ
2725 1340 2782 1394 δὲ
2810 1340 3014 1393 τούτων
3043 1339 3129 1410 δὴ,
3173 1340 3280 1392 τῶν
3309 1340 3404 1393 τοῦ
3438 1342 3639 1410 κλήρου
3676 1343 3776 1395 καὶ⁸

2202 1432 2381 1483 αὐτῶν
2403 1432 2466 1500 δὴ
2496 1432 2603 1483 τῶν
2625 1432 2973 1501 φλαμούλων,
3009 1432 3256 1485 ἵστανται
3299 1433 3500 1496 πάντες
3526 1435 3573 1485 οἱ
3618 1433 3777 1501 λεγό-

2206 1540 2354 1592 μενοι
2387 1524 2739 1589 παιγνιῶται,
2762 1524 2884 1593 ἦτοι
2933 1523 3289 1590 σαλπιγκταὶ,
3326 1522 3771 1592 βουκκινάτορες,

2202 1615 2568 1681 ἀνακαριστώ⁵
2600 1616 2692 1666 καὶ
2723 1614 3125 1685 σουρουλισταὶ,
3152 1613 3297 1666 οὗτοι
3325 1614 3416 1666 καὶ
3448 1614 3600 1682 μόνοι
3624 1628 3637 1643 ⁸
3665 1613 3775 1665 ἀπὸ

2206 1704 2312 1772 γάρ
2343 1704 2452 1755 τῶν
2484 1704 2697 1758 λεπτῶν
2723 1705 2971 1773 ὀργάνων
2999 1704 3114 1758 οὐδὲ
3149 1705 3207 1757 ἓν
3232 1704 3611 1775 παραγίνεται.
3637 1700 3776 1757 Εἶτα

2204 1796 2455 1865 ἔρχονται
2483 1794 2743 1859 ὡσαύτως
2771 1796 2910 1866 μετά
2942 1796 3051 1848 τῶν
3078 1796 3425 1865 φορεμάτων,
3452 1797 3548 1849 καὶ
3587 1796 3778 1849 ἵσταν.

2203 1905 2295 1942 ται
2331 1887 2554 1940 ἕκαστοι
2586 1884 2729 1938 κατά
2772 1886 2872 1956 τὴν
2910 1885 3064 1950 τάξιν
3093 1886 3292 1951 αὐτῶν,
3323 1885 3464 1939 καθά
3495 1885 3586 1938 καὶ
3611 1884 3668 1938 ὲν
3693 1884 3778 1955 τῷ

2202 1982 2485 2053 τρικλίνῳ.
2531 1980 2765 2049 Ὁμοίως
2801 1981 2897 2035 καὶ
2939 1982 2991 2034 0i
3020 1982 3325 2051 Βάραγγοι,
3378 1980 3474 2033 καὶ
3520 1981 3775 2033 ἵστανται

2204 2074 2298 2126 καὶ
2328 2063 2475 2124 οὗτοι
2513 2072 2573 2123 ὲν
2616 2073 2685 2140 τῇ
2730 2070 2867 2141 αὐλῇ
2904 2072 3132 2141 πλησίον
3164 2072 3273 2125 τῶν
3298 2071 3397 2137 τῆς
3444 2069 3777 2141 προκύψεως

2200 2163 2446 2229 κιονίων,
2473 2163 2733 2232 φέροντες
2765 2163 2864 2225 τάς
2894 2163 3127 2226 πελέκας
3156 2162 3337 2216 αὐτῶν
3361 2163 3454 2215 ἐπὶ
3489 2163 3596 2215 τῶν
3635 2179 3780 2232 καρ-

2205 2257 2473 2324 ποχείρων
2503 2255 2685 2308 αὐτῶν
2710 2271 2725 2287 ο
2767 2253 2863 2306 106
2904 2254 3166 2322 βασιλέως
3196 2254 3252 2306 δὲ
3280 2253 3487 2307 ἀνωθεν
3524 2254 3631 2305 ἀπὸ
3672 2253 3777 2321 τῆς

2204 2344 2529 2413 προκύψεως
2574 2345 2836 2413 φανέντος
2889 2344 3136 2412 αἵρουσιν
3185 2344 3355 2408 αὐτάς
3403 2344 3640 2408 πάντες,
3693 2341 3777 2409 ὡς

2203 2434 2345 2501 ἔθος,
2373 2436 2464 2488 ἐπὶ
2492 2437 2600 2489 τῶν
2632 2435 2802 2505 ὤμων
2828 2435 3046 2495 minim,

2283 2530 2677 2599 Ἀνερχομένου
2725 2528 2817 2582 οὖν
2861 2529 2957 2581 106
2991 2528 3274 2597 βασιλέως,
3324 2529 3397 2590 ὡς
3448 2527 3775 2598 δεδήλωται,

2201 2624 2281 2685 είς
2313 2622 2411 2693 τὴν
2441 2620 2713 2692 πρόκυψιν
2738 2621 3152 2691 συνανέρχονται
3183 2622 3278 2673 κει)⁸
3308 2620 3357 2673 οἱ
3381 2619 3661 2682 δεσπόται,
3687 2616 3777 2670 ἔτι

2199 2716 2257 2769 δὲ
2304 2721 2333 2767 ὁ
2368 2713 2747 2785 λαμπαδάριος
2782 2713 2922 2782 μετά
2971 2711 3065 2765 τοῦ
3119 2711 3490 2781 διόαμπούλου
3531 2711 3626 2761 καὶ
3668 2711 3775 2779 τῆς

2201 2808 2485 2870 λαμπάδος
2521 2806 2618 2860 καὶ
2658 2807 2685 2859 ὁ
2718 2803 3234 2876 πρωτοόεστιάριος.
3266 2803 3373 2855 Καὶ
3419 2801 3607 2869 ἐπειδὴ
3636 2800 3775 2870 κρέ-

2206 2918 2405 2971 μανται
2438 2899 2710 2968 βηλόθυρα
2736 2900 2815 2961 εἰς
2839 2896 2935 2965 τὴν
2961 2894 3232 2965 πρόκυψιν
3253 2893 3355 2962 τὴν
3381 2891 3474 2945 106
3501 2891 3776 2961 βασιλέως

2201 2992 2547 3047 καλύπτοντα
2581 2992 2837 3063 θεωρίαν,
2871 2995 2897 3045 ό
2940 2989 3437 3061 πρωτοσεστιάριος
3484 2989 3777 3044 πιλατίκια

528 3064 677 3117 blimi
702 3079 965 3135 suspensa
991 3074 1179 3122 tenens
1203 3068 1293 3138 (de
1316 3070 1514 3138 quibus
1533 3073 1692 3139 paulo
1710 3087 1831 3143 post
1849 3075 2098 3149 dicetur)

2205 3084 2423 3153 κρατῶν
2445 3085 2826 3156 ἀπῃωρημένα
2854 3100 2917 3151 γε
2948 3083 3076 3136 ὖντα
3105 3083 3246 3136 κατὰ
3277 3082 3375 3152 τὴν
3410 3080 3590 3146 δεξιὰν
3612 3082 3777 3149 χεῖρα

528 3156 886 3224 θιιιίιιρηειμιο
903 3174 997 3227 per
1011 3160 1274 3213 cortinam
1293 3163 1491 3230 populo
1505 3165 1758 3232 ostendit;
1775 3183 1883 3235 quo
1898 3169 2098 3226 indicio

2205 3177 2391 3240 αὑτοῦ,
2414 3194 2477 3228 πε
2488 3177 2539 3247 pi.
2567 3171 2642 3229 ὧν
2672 3175 2790 3244 μετ’
2812 3175 2991 3241 ὀλίγον
3017 3176 3334 3245 ῥηθήσεται,
3364 3173 3610 3229 ὲκόαλὼν
3630 3172 3779 3226 αὺτά

526 3246 795 3313 signiﬁcat
813 3249 1193 3318 imperatorem
1206 3251 1316 3320 jam
1338 3251 1392 3306 in
1412 3254 1604 3308 solium
1625 3259 2095 3316 ascendisse.Cum

2205 3269 2313 3321 ἀπὸ
2340 3267 2435 3321 τοῦ
2467 3267 2766 3338 βηλοθύρου
2808 3268 3051 3320 δείκνυσι
3084 3266 3220 3336 πρὸς
3259 3266 3350 3318 τὸν
3400 3265 3549 3328 λαὸν,
3593 3263 3779 3334 δηλῶν

526 3355 655 3408 ergo
674 3340 968 3410 imperator
988 3344 1042 3396 in
1060 3343 1195 3397 solio
1214 3360 1373 3399 suum
1398 3357 1623 3400 stemma
1646 3350 1727 3403 vel
1756 3351 1899 3404 aliud
1922 3364 2098 3423 gesta-

2205 3360 2290 3413 διὰ
2320 3358 2510 3413 τούτου
2535 3360 2617 3412 ὅτι
2651 3360 2883 3429 ἀνῆλθεν
2911 3361 2935 3410 ὁ
2961 3357 3209 3428 βασιλεὺς
3243 3357 3320 3419 εἰς
3347 3356 3447 3425 τὴν
3474 3354 3776 3424 πρόκυψιν.

528 3447 652 3486 men
689 3443 995 3502 gestatnrus
1022 3445 1127 3501 est,
1155 3440 1603 3506 protovestiarius
1624 3440 1731 3513 50
1756 3458 1819 3497 ex
1845 3446 2099 3503 ruehario

2208 3452 2400 3513 Ὀντος
2426 3445 2521 3503 οὖν
2545 3451 2602 3502 ὲν
2623 3453 2689 3520 τῆ
2715 3450 2985 3519 προκύψει
3016 3448 3110 3501 τοῦ
3146 3447 3412 3518 βασιλέως
3437 3448 3532 3499 καὶ
3554 3446 3616 3498 τὸ
3641 3447 3740 3497 έαυ
3756 3474 3779 3486 -

525 3536 810 3595 acceptum
837 3527 1153 3597 imperatori
1193 3545 1256 3583 ex
1290 3531 1472 3585 ollicio
1504 3547 1602 3588 suo
1627 3533 1679 3587 id
1704 3534 1882 3591 offert.
1917 3535 2098 3607 Neque

2208 3540 2303 3594 106
2331 3541 2548 3610 στέμμα
2575 3541 2609 3609 ἦ
2644 3558 2696 3592 τι
2726 3540 2833 3593 τῶν
2856 3540 3031 3595 ἀλλων
3063 3538 3224 3593 αὐτοῦ
3262 3540 3583 3608 φορεμάτων
3614 3537 3781 3606 φορέ-

527 3617 704 3672 solum
721 3620 1008 3675 occasione
1028 3620 1221 3676 horum
1240 3621 1523 3689 festorum,
1538 3625 1632 3679 sed
1650 3641 1861 3696 semper
1875 3629 1953 3683 sic
1971 3630 2100 3697 agit.

2211 3648 2326 3684 σειν
2357 3632 2660 3701 μέλλοντος,
2691 3635 2718 3685 ὀ
2757 3631 3260 3702 πρωτοϐεστιάριος
3302 3631 3594 3700 λαμϐάνων
3636 3628 3781 3681 αὐτὸ

522 3712 633 3765 ἀπὸ
659 3712 767 3765 τῶν
800 3712 891 3766 τοῦ
927 3717 1247 3786 ρουχαρείου
1289 3718 1576 3788 ὑπηρετῶν
1605 3719 1790 3773 δίδωσι
1814 3720 1891 3792 τῷ
1925 3721 2161 3793 βασιλεῖ.
2192 3723 2269 3780 0-3
2303 3726 2465 3793 μόνον
2488 3728 2546 3780 δὲ
2573 3725 2714 3781 κατὰ
2748 3723 2841 3779 τὸν
2898 3724 3141 3779 τοιοῦτον
3199 3722 3308 3777 τῶν
3375 3722 3581 3794 ἑορτῶν
3646 3739 3780 3777 και-

526 3810 642 3883 ρὸν,
686 3810 822 3864 ἀλλά
850 3813 945 3866 κα)⁵
980 3813 1067 3866 ἀεὶ
1094 3811 1237 3867 οὕτω
1276 3816 1448 3869 ποιεῖ.

594 3900 768 3955 liabet
797 3912 849 3956 et
881 3904 981 3959 hoc
1007 3906 1281 3974 proprium
1321 3917 1480 3976 atque
1507 3907 1795 3974 eximium,
1824 3917 1884 3963 ut
1940 3908 1985 3964 si
2038 3913 2092 3963 in

2274 3910 2435 3979 Ἔχει
2462 3910 2516 3962 δὲ
2550 3908 2646 3961 καὶ
2675 3907 2837 3961 τοῦτο
2868 3906 2998 3959 ἴδιον
3023 3906 3117 3959 καὶ
3146 3903 3443 3975 ιξαίρετον,
3472 3903 3555 3956 ὅτι
3579 3903 3678 3957 δάν
3715 3920 3779 3958 τι

523 4004 674 4048 veste
704 3994 788 4048 vel
835 3994 977 4063 pileo
1014 3997 1363 4065 imperatoris
1423 3997 1645 4068 aliquod
1705 3998 2093 4053 animalculum

2205 4000 2436 4068 ζωΰφιον
2464 3998 2547 4071 [an
2580 3998 2612 4067 ἢ
2664 3998 2834 4068 πηλὸν
2865 3998 2899 4067 ἢ
2939 3997 3070 4052 ἀλλο
3099 4014 3152 4050 τι
3182 3996 3313 4067 περὶ
3357 3996 3417 4048 τὸ
3451 3993 3643 4065 ρ’,ὖχον
3672 3994 3777 4049 τοῦ

516 4085 722 4139 τίιιοτίι
751 4088 834 4139 vel
860 4087 1030 4141 lutum
1061 4089 1145 4142 vel
1166 4089 1313 4143 aliud
1349 4090 1479 4160 quid
1511 4092 1777 4155 assimile,
1838 4092 2092 4161 deposito

2205 4092 2484 4163 βασιλέως,
2515 4090 2577 4144 τὸ
2611 4092 2849 4144 σκιάδιον
2882 4090 3163 4146 ἐκϐάλλων
3190 4089 3290 4159 τὴν
3317 4090 3472 4159 χεῖρα
3521 4087 3777 4149 ἐκτείνας

508 4175 720 4243 σοαρίιὶε
747 4175 831 4230 sui
856 4187 1169 4245 legumento
1204 4176 1298 4233 seu
1328 4182 1489 4249 pileo,
1521 4191 1739 4237 extenta
1777 4199 1940 4237 manu
1962 4184 2093 4238 illud

2205 4185 2410 4254 ὲπαιρει
2435 4184 2467 4252 ἢ
2502 4183 2754 4252 καθαίρει
2784 4184 2943 4237 τοῦτο
2973 4181 3355 4252 ἀνερωτήτως,
3407 4177 3635 4248 μηδενὸς
3658 4176 3778 4230 τῶν

510 4267 679 4319 tollat
709 4276 804 4320 aut
838 4276 1051 4338 purget,
1084 4269 1211 4321 licet
1240 4269 1392 4337 prius
1423 4269 1741 4324 facultatem
1796 4287 1904 4326 non
1955 4273 2095 4327 obti-

2205 4279 2375 4332 ἀλλων
2410 4276 2668 4329 ἀπάντων
2689 4276 2964 4346 ἀρχόντων
2987 4274 3171 4329 ἀδειαν
3194 4272 3405 4343 ἔχοντος
3424 4269 3581 4325 τοῦτο
3610 4268 3781 4340 ποιῆ-

514 4357 726 4411 ν-ιιυετίι.
761 4356 915 4422 Quod
950 4358 1076 4412 huic
1104 4358 1203 4411 soli
1234 4374 1555 4413 concessum
1592 4370 1697 4424 est,
1729 4363 1942 4417 caeteris
1974 4378 2092 4417 om-

2206 4386 2318 4433 σαι,
2348 4369 2399 4422 τί
2435 4368 2511 4439 μὴ
2538 4369 2730 4421 τούτου
2765 4371 2860 4421 καὶ
2896 4367 3083 4437 μόνον.

524 4448 685 4502 nibus
708 4448 1025 4517 proceribus
1057 4447 1175 4541 ejus
1209 4447 1441 4541 faciendi
1493 4457 1757 4516 potestate
1812 4451 2093 4521 denegata.
2126 4481 2177 4541 η

598 4540 753 4595 Scire
786 4550 999 4609 oportet
1028 4540 1159 4595 illud
1188 4539 1332 4609 quod
1371 4556 1515 4595 nunc
1560 4551 1789 4595 vocatur
1839 4551 2090 4607 stemma,

2270 4546 2365 4597 Δεῖ
2403 4544 2460 4596 δὲ
2488 4542 2778 4613 γινώσκειν
2803 4543 2886 4597 ὅτι
2915 4542 3053 4611 ὅπερ
3105 4540 3350 4594 καλεῖται
3384 4538 3481 4593 νῦν
3521 4538 3759 4607 στέμμα,

516 4634 651 4688 olim
684 4633 1012 4704 appellatum
1036 4648 1157 4689 esse
1188 4633 1459 4688 diadema.
1494 4633 1549 4688 ld
1578 4644 1760 4689 autem
1814 4643 1933 4688 erat
1985 4635 2092 4689 lata

2205 4635 2514 4707 ὠνομάζετο
2562 4635 2732 4688 πάλαι
2778 4634 3033 4703 διάδημα.
3086 4632 3257 4685 T0610
3310 4632 3368 4685 δὲ
3418 4626 3485 4699 ἦν
3550 4628 3775 4698 βλάτιον

520 4728 655 4779 vitta
682 4740 749 4779 ex
785 4725 1083 4779 unionibus
1117 4733 1170 4779 et
1201 4723 1529 4793 margaritis.
1568 4727 1742 4794 posita
1775 4725 1999 4794 quidem
2028 4724 2081 4778 in

2205 4729 2342 4798 μετά
2382 4726 2545 4780 λίθων
2575 4726 2670 4779 καὶ
2707 4725 3029 4795 μαργάρων,
3080 4724 3223 4777 κατά
3251 4722 3311 4773 τὸ
3359 4718 3453 4771 τοῦ
3505 4719 3776 4787 βασιλέως

516 4819 877 4885 imperatoris
908 4817 1114 4883 fronte,
1144 4816 1238 4871 sed
1272 4815 1418 4871 circa
1446 4816 1667 4885 occiput
1687 4824 1835 4869 retro
1860 4815 2022 4886 ligata
2078 4833 2091 4869 :

2206 4818 2459 4887 μέτωπον
2502 4818 2754 4887 κείμενον
2793 4817 2912 4883 μὲν,
2949 4815 3236 4883 δεδεμένον
3282 4813 3326 4864 δ’
3361 4810 3585 4865 ὄπισθεν
3640 4811 3774 4880 περὶ

519 4912 669 4964 unde
704 4917 758 4963 et
792 4908 1137 4973 diadematis,
1166 4908 1321 4978 quasi
1351 4907 1499 4962 dicas
1530 4906 1832 4978 ligameuti.
1896 4923 2093 4962 nomen

511 5002 763 5055 obtinuit
796 5016 809 5053 :
841 5001 984 5070 quod
1016 5002 1272 5071 paulatim
1308 5011 1573 5055 mutatum
1600 5002 1772 5056 evasit
1803 5002 1907 5054 tale
1934 5002 2092 5070 quale

518 5093 688 5148 hodie
721 5093 939 5156 visitur,
960 5102 1012 5145 et
1045 5096 1359 5148 nominatur
1418 5104 1669 5149 stemma.
1731 5092 1902 5149 Porro
1943 5094 2090 5162 quod

524 5201 669 5240 nunc
696 5194 925 5240 vocatur
956 5184 1225 5252 diadema,
1258 5189 1384 5242 olim
1409 5204 1542 5242 zona
1578 5187 1830 5242 militaris
1869 5187 2091 5241 diceba-

518 5285 633 5341 tur,
666 5277 876 5348 insigne
909 5278 1151 5332 honoris.
1190 5276 1559 5349 llinclyranni
1595 5278 1929 5334 venerandos
1944 5293 2088 5331 mar-

520 5377 694 5438 tyres,
720 5372 812 5440 qui
848 5370 1125 5425 Christum
1146 5392 1151 5397 ί
1173 5371 1576 5425 conﬁtebantur
1621 5383 1745 5427 ante
1777 5372 1957 5426 omnia
1983 5372 2094 5440 pri-

516 5459 728 5513 vabant
757 5476 889 5513 zona
929 5469 982 5514 et
1015 5472 1232 5530 torque,
1267 5470 1321 5515 et
1354 5470 1538 5529 postea
1561 5463 1844 5516 tradebant
1868 5460 2093 5515 tortori-

520 5550 648 5603 lius.
697 5551 967 5621 Στρεπτὺν
996 5555 1237 5622 (torques
1263 5553 1281 5621 )
1315 5566 1441 5605 vero
1465 5562 1544 5607 est
1570 5567 1761 5625 aurum
1781 5553 2084 5615 diductum,

515 5658 583 5693 ex
622 5642 796 5697 tribus
826 5645 978 5712 quasi
1003 5644 1265 5699 funiculis
1293 5653 1627 5709 contextum,
1658 5643 1798 5713 quod
1840 5642 2086 5697 ferebant

520 5736 573 5791 in
609 5737 769 5789 collo.
811 5736 1038 5800 Quando
1095 5738 1257 5809 igitur
1313 5738 1604 5807 imperator
1670 5735 1772 5790 lert
1828 5744 2081 5802 stemma,

2200 4910 2290 4962 τὸν
2338 4909 2661 4978 ἐγκέφαλον,
2694 4908 2774 4961 διὸ
2804 4906 2896 4959 καὶ
2936 4906 3181 4959 ἐκαλεῖτο
3208 4902 3447 4972 διάδημα
3470 4916 3484 4931 ·
3532 4900 3671 4971 ὅπερ
3703 4901 3770 4952 ὲκ

2199 4999 2291 5053 106
2317 5000 2458 5053 κατά
2495 5000 2692 5070 μικρὸν
2725 4994 2987 5064 όμειφθὲν
3026 4997 3241 5060 ἐγένετο
3290 4984 3401 5045 οἷον
3441 4991 3635 5061 ὁρᾶται
3666 4989 3773 5056 τὴν

2203 5091 2465 5160 σήμερον,
2498 5092 2594 5144 καὶ
2618 5086 2940 5155 ὀνομάζεται
2984 5086 3227 5153 στέμμα.
3260 5085 3326 5136 Ὅ
3356 5082 3416 5136 δὲ
3454 5081 3549 5135 νῦν
3591 5078 3775 5134 καλεῖ-

2200 5199 2289 5234 ται
2316 5181 2576 5250 διάδημα,
2626 5180 2842 5245 ὲλέγετο
2876 5177 3043 5230 πάλαι
3079 5174 3223 5246 ζώνη
3277 5171 3639 5246 στρατιωτικὴ
3672 5169 3773 5241 δη-

2198 5271 2364 5324 λοῦσα
2395 5272 2565 5341 τιμήν
2587 5287 2601 5302 ³
2632 5270 2754 5323 ὅθεν
2780 5269 2874 5323 καὶ
2895 5271 2943 5322 οί
2980 5268 3236 5338 τύραννοι
3272 5264 3487 5336 πρῶτον
3519 5260 3769 5332 ἀφῄρουν

2197 5363 2295 5430 τῆς
2322 5361 2500 5432 ζώνης
2554 5359 2779 5414 καὶτοῦ
2828 5356 3100 5429 στρεπτοῦ
3152 5360 3279 5418 τοὺς
3320 5356 3428 5408 τῶν
3473 5350 3770 5420 μαρτύρων

2193 5454 2447 5521 ἐντίμους
2487 5451 2583 5504 τὸν
2613 5451 2848 5520 Χριστὸν
2896 5447 3313 5518 ὁμολογοῦντας,
3357 5441 3546 5495 ἔπειτα
3586 5455 3768 5508 παρε-

2192 5543 2367 5596 δίδουν
2401 5541 2624 5605 τούτους
2658 5541 3031 5611 βασανισταῖς.
3058 5535 3333 5607 Στρεπτὺν
3365 5530 3422 5585 δέ
3449 5533 3599 5584 ἐστιν
3630 5529 3761 5599 ιλη-

2192 5634 2421 5703 λαμένος
2470 5632 2695 5703 χρυσός,
2741 5633 2808 5685 ὲκ
2853 5631 3021 5700 τριῶν
3072 5624 3454 5694 πεπλεγμένος
3503 5621 3760 5692 καθάπερ

2195 5728 2465 5797 σχοινίων,
2496 5727 2637 5796 ὅπερ
2669 5725 2900 5793 ἐφόρουν
2934 5723 3026 5776 ἐπὶ
3078 5716 3373 5788 τραχήλου.
3407 5715 3535 5767 Ὀτε
3572 5710 3702 5779 γοῦν
3729 5713 3759 5765 ό
