3992 6240
200 329 263 388 69
930 376 945 381 -
1152 323 1252 383 DE
1280 318 1606 384 OFFICIIS
1644 320 2119 384 CPOLITANIS.
2155 320 2318 382 CAP.
2353 324 2456 385 VI.
3357 325 3425 386 70

205 437 443 509 βασιλεὺς
470 434 531 487 τὸ
566 433 787 502 στέμμα
816 434 995 502 φορεῖ,
1030 432 1221 501 ἕτερόν
1254 450 1305 485 τι
1330 432 1535 500 ἔνδυμα
1576 432 1637 484 οὐ
1669 447 1765 499 φο-

1879 431 2009 485 tliud
2042 432 2422 487 indumentum
2448 448 2557 487 non
2588 440 2762 505 gestat
2785 443 2979 504 praeter
2999 449 3216 491 saccum
3239 445 3294 491 et
3312 438 3436 494 dia-

215 532 291 599 ρεῐ
314 529 360 580 εί
397 528 467 596 μὴ
508 526 601 579 τὸν
631 526 841 579 σάκκον
874 524 969 577 καὶ
1001 525 1063 578 τὸ
1099 524 1354 596 διάδημα.
1392 524 1502 577 Καὶ
1547 524 1636 576 ὁτὲ
1669 523 1768 590 μὲν

209 628 393 692 ταῦτα,
424 625 511 677 ὁτὲ
536 625 592 677 δὲ
615 622 985 692 έπιλουρίκιον
1010 621 1104 675 καὶ
1133 621 1442 689 φακεωλίδα
1465 624 1643 689 φορεῖ,
1676 621 1771 674 ἀλ-

210 718 318 769 λοτε
359 713 653 768 καδὸάδιον
701 713 797 766 καὶ
840 712 1060 780 φυαλὶν,
1097 713 1188 763 ἐπὶ
1236 711 1292 763 δὲ
1327 712 1567 779 κεφαλῆς
1604 712 1769 780 φορέ-

212 824 350 875 ματα
379 806 627 873 διάφορα,
664 804 797 855 ποτὲ
834 804 932 873 μὲν
961 804 1023 856 τὸ
1048 805 1445 872 ὀνομαζόμενον
1475 818 1771 872 τροπαιου-

210 898 346 964 χίαν,
384 895 510 948 ποτὲ
555 894 612 946 δὲ
643 894 1096 958 ἰουστινιάνειον,
1139 895 1199 947 ιν
1229 894 1407 954 ἄλλοις
1450 894 1505 947 δὲ
1540 894 1771 963 ὑπέρτε-

215 981 415 1057 ρον,ὧν
448 987 513 1039 τὰ
570 987 829 1055 σχήματα
876 985 1126 1038 ἑκάστων
1178 985 1278 1039 οὐκ
1326 986 1444 1049 ἐστι
1479 984 1574 1039 νῦν
1625 986 1768 1040 κατά

216 1080 367 1149 μέρος
394 1079 589 1146 λέγειν.

278 1167 416 1220 ’Δπδ
444 1166 537 1235 μὲν
567 1166 675 1218 τῶν
705 1165 968 1219 τοιούτων
1009 1164 1339 1235 φορεμάτων
1371 1166 1533 1233 φορεῖ
1560 1165 1588 1217 6
1615 1164 1766 1231 βασι-

215 1260 339 1321 λεὺς
368 1254 453 1310 οἶα
493 1257 560 1310 ἂν
608 1255 889 1326 βούλοιτο,
920 1256 1013 1329 τδν
1055 1255 1114 1308 δέ
1146 1272 1209 1321 γε
1257 1254 1489 1323 σταυρὸν
1532 1255 1587 1305 ὲν
1618 1252 1769 1323 δεξιᾷ

217 1346 495 1418 φέρειάεἱ,
539 1346 597 1397 ὲν
621 1346 674 1397 δὲ
734 1348 800 1414 τῇ
835 1344 1099 1413 ἀριστερᾷ
1151 1343 1365 1412 βλὰτιον
1422 1340 1608 1394 κώεικι
1663 1343 1770 1392 ὲοι-

221 1439 331 1501 κὸς,
385 1437 670 1505 δεδεμένον
719 1437 862 1505 μετά
920 1434 1254 1505 μανδυλίου·
1295 1433 1323 1486 δ
1378 1433 1592 1501 βὶάτιον
1655 1432 1767 1501 ἔχει

224 1531 371 1599 χῶμα
403 1527 569 1588 ἐντὸς,
619 1528 717 1580 καὶ
773 1528 1023 1579 καλεῖται
1079 1524 1305 1578 ἀκακία.
1358 1526 1468 1577 Καὶ
1525 1523 1618 1575 τὸν
1669 1523 1766 1591 μὲν

228 1620 439 1687 σταυρὸν
479 1618 505 1670 6
540 1616 803 1686 βασιλεὺς
834 1617 1016 1686 φέρων
1038 1616 1104 1669 δι’
1139 1615 1307 1668 αὑτοῦ
1362 1615 1606 1668 δείκνυσι
1667 1612 1766 1683 τὴν

226 1714 299 1773 εις
322 1708 550 1779 Χριστὸν
582 1707 785 1761 ἑαυτοῦ
816 1706 1026 1772 πίστιν,
1085 1706 1173 1760 διὰ
1203 1704 1296 1758 τοῦ
1331 1707 1641 1775 στέμματος
1668 1702 1766 1775 τὴν

226 1769 390 1868 τιμὴν..
423 1799 509 1852 διὰ
545 1798 649 1867 τῆς
682 1797 859 1868 ζώνης
888 1798 945 1868 (ἠ
978 1769 1095 1860 νύν,
1127 1796 1202 1859 ὡς
1255 1769 1493 1865 εἴρηται,
1524 1769 1765 1847 καλεῖται
1800 1769 1842 1825 Β

226 1889 458 1960 διάδημα)
487 1888 549 1941 τὸ
569 1886 915 1957 στρατιώτην
935 1882 1077 1938 εἶναι
1107 1882 1291 1948 αὑτὸν,
1319 1883 1409 1937 διὰ
1427 1883 1521 1934 τοῦ
1560 1882 1766 1935 σάκκου

229 1983 439 2051 μέλανος
467 1981 620 2043 ὄντος
643 1979 827 2049 τὸτῆς
877 1977 1162 2046 βασιλείας
1212 1976 1467 2049 κρύφιον,
1519 1975 1610 2029 διά
1670 1973 1769 2028 τοῦ

233 2073 491 2145 χώματος,
532 2073 784 2128 καλεῖται
842 2071 1063 2136 ἀκακία,
1127 2071 1203 2134 ὡς
1253 2070 1502 2139 εἴπομεν,
1569 2068 1629 2120 τὸ
1674 2058 1777 2120 τὸν

227 2166 436 2232 βασιλέα
460 2165 717 2219 ταπεινὸν
744 2160 885 2216 εἶναι
911 2163 987 2226 ῶς
1016 2162 1212 2232 θνητὸν
1235 2163 1329 2215 καὶ¹
1356 2163 1434 2233 μὴ
1462 2160 1554 2213 διὰ
1587 2159 1768 2226 τὸτῆς

229 2257 482 2327 βασιλείας
515 2257 650 2326 ὕψος
703 2254 1028 2325 ᾶπαίρεσθαι
1083 2256 1183 2308 καὶ
1238 2252 1623 2323 μεγαλαυχεῖν,
1680 2249 1771 2303 διὰ

227 2353 311 2406 τοῦ
336 2352 619 2421 μανδυλίου
645 2353 707 2404 τδ
724 2352 932 2417 ταύτης
964 2348 1197 2403 ἄστατον
1256 2348 1351 2402 καὶ
1388 2347 1451 2401 τὸ
1509 2343 1771 2416 μεταδαί-

228 2460 327 2496 νειν
373 2444 464 2511 ἀφ’
498 2444 689 2512 ἑτέρου
760 2441 840 2503 είς
893 2440 1107 2509 ἕτερον,
1162 2439 1249 2492 διὰ
1288 2442 1387 2508 τῆς
1435 2438 1650 2506 σπάθης
1709 2437 1771 2489 τὸ

236 2530 645 2594 έξουσιαστικόν.
679 2530 787 2581 Καὶ
839 2528 939 2597 τὴν
968 2526 1228 2595 λαμπάδα
1275 2527 1536 2594 φέρουσιν
1566 2523 1772 2593 ἐμπρο-

229 2622 344 2675 σθεν
373 2623 532 2675 αὐτοῦ
562 2622 649 2673 διὰ
668 2622 728 2674 τὸ
753 2621 964 2689 φάσκον
996 2620 1181 2687 λόγιον
1214 2618 1296 2671 ὅτι
1319 2616 1475 2670 Οὕτω
1502 2616 1771 2684 λαμψάτω

227 2710 284 2763 τὸ
309 2712 422 2780 φῶς
444 2711 592 2779 ὑμῶν
625 2711 923 2781 ἔμπροσθεν
948 2710 1058 2763 τῶν
1087 2710 1414 2781 ἀνθρώπων,
1445 2710 1591 2771 ὅπως
1616 2710 1770 2761 ῐδωσι

229 2803 295 2853 τὰ
324 2800 462 2853 καλά
489 2801 634 2871 ὑμῶν
657 2802 787 2871 ἔργα
822 2803 915 2855 καὶ
946 2801 1214 2868 δοξάζωσι
1245 2800 1337 2855 τὸν
1369 2799 1592 2870 Πατέρα
1616 2798 1771 2869 ὑμῶν

225 2890 312 2944 τὸν
341 2893 401 2943 έν
426 2893 536 2947 τοῖς
555 2892 824 2959 οὐρανοῖς.

290 2982 434 3036 Μετά
490 2982 678 3051 μέντοι
735 2983 829 3034 τὸν
887 2981 1116 3052 βασιλέα
1163 2977 1392 3046 ἀλλάξαι
1445 2978 1517 3031 τά
1574 2978 1772 3032 ἑαυτοῦ

1871 523 2029 578 deuia
2061 539 2075 588 ;
2109 532 2162 579 et
2188 523 2483 593 aliquando
2508 525 2730 593 quidem
2760 527 2897 589 haec,
2930 528 3226 597 aliquando
3258 530 3438 599 epilo-

1875 616 2047 669 ricum
2078 632 2173 671 seu
2192 618 2503 685 superulam
2523 628 2574 670 et
2602 620 2947 687 phaceolium
2974 630 3166 688 gestat,
3189 623 3439 691 aliquan-

1871 709 1942 764 do
1967 709 2289 764 cabbadium
2314 718 2367 763 et
2396 711 2636 781 phyalin.
2673 712 2729 765 ln
2782 714 2959 781 capite
3010 713 3222 767 diversa
3274 715 3438 769 habet

1872 799 2193 868 gestamina,
2220 798 2329 868 5]
2365 801 2635 854 interdum
2671 800 2723 855 id
2755 803 2899 870 quod
2933 812 3159 857 vocatur
3200 814 3439 873 tropaeu-

1872 891 2015 953 chia,
2034 892 2326 959 aliquando
2342 892 2770 959 lustinianenm,
2784 893 3091 962 aliquando
3111 895 3437 964 hyperteron

1871 982 2073 1036 dictum
2111 998 2126 1046 ;
2156 997 2389 1051 quorum
2418 983 2618 1053 ﬁguras
2637 985 3004 1054 particulatim
3030 986 3308 1040 declarare
3326 1002 3435 1042 non

1870 1082 1954 1129 est
1982 1074 2145 1142 hujus
2179 1074 2304 1129 loci.

1942 1163 2020 1217 Ex
2056 1165 2138 1218 his
2156 1165 2321 1233 igitur
2341 1165 2738 1234 gestaminibus
2754 1175 2930 1235 gestat
2949 1166 3249 1235 imperator
3265 1167 3441 1237 quod-

1869 1270 2082 1325 cunque
2111 1257 2357 1311 voluerit.
2390 1259 2457 1310 At
2488 1272 2707 1311 crucem
2743 1258 2799 1310 in
2824 1258 3015 1311 dextra
3048 1272 3262 1325 semper
3311 1272 3441 1326 por-

1870 1353 1967 1410 tat,
1994 1346 2046 1399 in
2078 1346 2301 1400 sinistra
2321 1362 2449 1402 vero
2471 1361 2715 1415 pannum
2755 1348 2995 1401 sericum
3024 1346 3199 1402 codici
3231 1347 3434 1410 simile,

1870 1436 2095 1505 ligatum
2127 1436 2360 1499 mantili,
2385 1438 2657 1506 habetque
2691 1440 2836 1492 intus
2872 1448 3094 1502 terram,
3119 1447 3173 1493 et
3216 1446 3442 1492 vocatur

1870 1526 2074 1579 acacia.
2112 1524 2180 1579 Et
2214 1542 2439 1582 crucem
2475 1529 2694 1597 quidem
2727 1529 2910 1584 ferens
2943 1530 3245 1598 imperator
3281 1544 3439 1582 suam

1870 1616 1926 1670 in
1961 1616 2244 1671 Christum
2279 1616 2593 1672 manifestat
2617 1617 2802 1683 fidem,
2828 1627 3113 1673 stemmate
3172 1626 3443 1687 protesta-

1873 1721 1962 1766 tur
1985 1713 2249 1766 honorem
2278 1726 2478 1778 ;zona,
2511 1727 2653 1780 quae,
2690 1720 2749 1767 ut
2780 1729 2973 1768 sumus
2991 1712 3224 1781 praefati,
3252 1714 3438 1767 diade-

1872 1818 1956 1857 ma
1985 1815 2230 1865 vocatur,
2258 1816 2315 1858 se
2343 1802 2566 1858 militem
2597 1804 2916 1872 protitetur;
2961 1818 3123 1858 sacco
3177 1804 3441 1859 subluseo

1867 1895 2137 1965 (violaceo
2168 1894 2427 1948 nimirum
2464 1895 2544 1949 vel
2578 1910 2856 1963 purpureo
2893 1894 3157 1965 )imperii
3188 1895 3441 1950 obscuri-

1871 1995 2038 2041 tatem
2068 1994 2122 2041 et
2155 1996 2425 2042 secretum
2463 2004 2477 2052 ;
2508 1988 2753 2055 pulvere,
2786 1987 2904 2057 qui,
2934 1997 2992 2041 ut
3022 1988 3293 2050 diximus,
3313 2002 3440 2047 aca-

1869 2075 1953 2130 cia
1973 2085 2348 2147 nuncupatur,
2368 2077 2762 2145 imperatorem
2784 2077 3047 2133 humilem
3067 2094 3191 2134 esse
3214 2088 3277 2133 ut
3298 2093 3442 2133 moro

1872 2167 2057 2231 talem,
2090 2181 2264 2235 neque
2295 2176 2519 2236 pr0pter
2549 2167 2760 2236 imperii
2788 2167 3178 2223 sublimitatem
3231 2167 3437 2233 etl'erri,

1872 2272 2052 2328 neque
2077 2258 2375 2313 insolenter
2401 2274 2460 2313 se
2488 2259 2727 2327 jactare.
2756 2259 2857 2316 Per
2890 2261 3115 2315 mantilc
3162 2261 3439 2331 signiﬁca-

1874 2360 1962 2406 tur
1992 2351 2236 2418 ejusdem
2278 2353 2491 2421 imperii
2520 2353 2884 2409 inconstantia
2915 2364 2968 2409 et
2993 2370 3113 2410 mos
3141 2355 3208 2409 ab
3238 2370 3348 2410 uno
3373 2356 3441 2410 ad

1874 2445 2042 2499 alium
2074 2447 2416 2504 transeundi.
2462 2445 2564 2501 Per
2598 2462 2783 2501 ensem
2842 2447 3119 2501 indicatur
3177 2456 3439 2517 potestas.

1873 2535 2203 2606 Lampadem
2224 2537 2519 2606 praeierunt
2536 2537 2850 2605 imperatori
2870 2549 3090 2607 prepter
3111 2540 3241 2594 illud
3285 2540 3444 2594 Chri-

1876 2629 1949 2683 sti
1971 2628 2175 2683 dictum
2207 2645 2221 2682 :
2253 2627 2375 2682 «Sic
2401 2628 2682 2682 luceatlux
2698 2638 2876 2682 vestra
2899 2643 3081 2681 coram
3104 2630 3439 2695 hominibus,

1875 2734 1933 2779 ut
1964 2723 2180 2778 videant
2207 2737 2372 2791 opera
2403 2730 2584 2776 vestra
2617 2722 2781 2789 bona,
2803 2730 2856 2775 et
2897 2722 3203 2792 glorificent
3227 2724 3442 2780 Patrem

1874 2826 2141 2881 vestrum,
2169 2816 2263 2885 qui
2287 2815 2341 2869 in
2369 2814 2525 2869 cmlis
2550 2824 2656 2869 est.
2694 2833 2713 2866 ι

1950 2997 2241 3066 Postquam
2266 2995 2558 3062 imperator
2583 3006 2682 3046 sua
2703 2988 3020 3047 indumenta
3044 2993 3297 3059 mutavit,
3318 3010 3448 3065 pro-

227 3073 515 3142 φορέματα,
543 3073 571 3125 6
602 3072 1111 3143 πρωτοόεστιάριος
1176 3070 1465 3140 ἐμφανίζει
1496 3064 1652 3133 αὖθις
1706 3069 1770 3120 τὰ

1879 3064 2226 3145 tovestiarius
2258 3088 2457 3142 iterum
2497 3085 2741 3154 pilaticia
2780 3087 3022 3140 ostendit
3061 3102 3212 3156 ;quo
3271 3064 3445 3157 signi-

226 3164 513 3231 πιλατίκια,
545 3166 645 3234 τὴν
675 3165 770 3218 τοῦ
798 3164 1064 3233 βασιλέως
1105 3163 1373 3217 δεικνύων
1422 3161 1766 3229 έτοιμασίαν.

227 3256 324 3326 Τὴν
345 3256 397 3309 δὲ
418 3256 635 3328 σπάθην
658 3255 821 3310 αὐτοῦ
850 3256 1006 3324 φέρει
1036 3253 1473 3325 ἀρχοντὸπουλον
1504 3252 1769 3315 ἀσκεπὲς.

228 3348 321 3399 τῶν
358 3348 523 3417 ἐγγὺς
566 3348 961 3417 προσηκόντων
1009 3346 1089 3416 τῷ
1125 3346 1371 3415 βασιλεῖ·
1405 3346 1432 3399 6
1460 3345 1569 3413 γὰρ
1598 3343 1773 3412 μέγας

227 3439 526 3508 δομέστικος
559 3440 779 3491 ἵσταται
805 3437 901 3493 καὶ
938 3428 1092 3500 οὗτος
1132 3436 1273 3507 μετά
1310 3436 1417 3489 τῶν
1433 3433 1639 3488 λοιπῶν
1668 3433 1773 3503 ἀρ-

228 3534 406 3602 χόντων
440 3534 498 3586 ὲν
532 3533 600 3603 τῇ
630 3530 794 3600 αὐλῇ.

284 3623 493 3686 Σταθεὶς
525 3617 624 3674 οὖν
657 3622 685 3675 6
735 3619 990 3691 βασιλεὺς
1026 3619 1131 3671 ἐπὶ·
1158 3618 1256 3687 τῆς
1288 3613 1616 3685 προκύψεως
1642 3610 1772 3681 φαί-

225 3730 354 3765 νεται
387 3715 493 3767 ἀπὸ
523 3714 635 3765 τῶν
666 3712 912 3780 γονάτων
941 3711 1035 3763 καὶ
1067 3710 1202 3773 ἀνω,
1252 3710 1310 3761 ὲν
1380 3705 1480 3777 μὲν
1504 3707 1571 3776 τῇ
1625 3704 1774 3775 δεξιᾷ

225 3806 301 3857 τὸν
327 3805 557 3876 σταυρὺν
583 3804 787 3875 φέρων,
823 3805 880 3856 ὲν
917 3802 973 3855 δὲ
1006 3805 1074 3872 τῇ
1104 3799 1374 3872 ἀριστερᾷ
1393 3800 1492 3868 τὴν
1513 3798 1770 3862 ἀκακίαν,

226 3896 288 3959 ὡς
307 3897 623 3967 δεδήλωται.
662 3894 812 3949 Αίδτά
844 3893 1022 3947 ταῦτα
1044 3894 1252 3963 φορεῖὸ
1287 3890 1544 3961 βασιλεὺς
1602 3890 1697 3941 καὶ
1747 3889 1773 3940 6

226 3988 323 4049 υἱὸς
364 3988 555 4052 αὑτοῦ,
585 3987 635 4039 εί
662 3985 999 4054 ἐστεμμένος
1040 3983 1379 4056 εὑρίσκεται⁸
1414 3984 1461 4034 εἰ
1491 3982 1547 4033 δὲ
1581 3980 1679 4049 μὴ.
1714 3979 1774 4031 τὸ

229 4079 438 4150 σύνηθες
507 4078 705 4149 ροὗχον
756 4076 946 4143 αὐτοῦ,
1006 4076 1098 4130 καὶ
1153 4074 1243 4129 έπ⁹
1288 4074 1419 4127 αὐτὸ
1481 4073 1775 4140 λεγόμενον

225 4172 399 4239 φυαλὶν
451 4171 602 4243 μετά
628 4169 793 4223 λίθων
826 4169 918 4223 καὶ
977 4167 1302 4238 μαργάρων.
1348 4165 1475 4219 Ἐπὶ
1530 4165 1775 4232 κεφαλῆς

223 4266 269 4316 δὲ
301 4267 446 4335 φέρει
474 4264 770 4333 στέφανον,
804 4261 1134 4331 φαινόμενος
1195 4259 1291 4313 καὶ
1320 4249 1474 4337 οὗτος
1525 4254 1633 4310 ἀπὸ
1664 4255 1776 4307 τῶν

226 4360 447 4423 γονάτων
479 4358 579 4409 καὶ
600 4354 732 4409 ἀνω.
764 4351 886 4406 Τῶν
915 4352 972 4406 δὲ
1003 4350 1282 4405 δεσποτῶν
1310 4350 1381 4403 τὰ
1443 4348 1542 4417 μὲν
1601 4344 1768 4399 λοιπά

222 4449 317 4500 τῶν
338 4450 607 4518 σωμάτων
635 4444 993 4517 κρύπτονται,
1020 4442 1128 4497 ἀπὸ
1158 4443 1214 4495 δὲ
1236 4442 1330 4496 τοῦ
1387 4439 1619 4513 στήθους
1673 4440 1768 4491 καὶ
1803 4427 1849 4480 ο

224 4538 319 4591 ἀνω
343 4541 649 4607 φαίνονται.

283 4633 429 4686 Μετά
455 4631 593 4699 γοῦν
622 4631 685 4683 τδ
711 4629 1107 4699 ἐτοιμασθῆναι
1134 4627 1227 4680 τὸν
1253 4627 1478 4697 βασιλέα
1520 4626 1614 4679 καὶ
1648 4643 1777 4678 στα-

226 4722 384 4791 θῆναι,
431 4727 460 4778 6
496 4723 1004 4794 πρωτοδεστιάριος
1030 4719 1321 4790 ἐμφανίζει
1353 4719 1518 4773 πάλιν
1550 4721 1614 4772 ὲκ
1658 4718 1778 4789 τρί-

223 4829 306 4864 του
336 4815 401 4868 τὰ
425 4816 736 4879 πιλατίκια,
772 4813 950 4884 δηλῶν
980 4812 1067 4866 διά
1090 4812 1282 4869 τούτου
1325 4812 1407 4865 ὅτι
1432 4812 1460 4863 6
1519 4810 1777 4881 βασιλεὺς

225 4906 407 4977 ἐστάθη
436 4910 515 4971 εἰς
543 4906 648 4977 τὴν
682 4904 978 4975 πρόκυψιν.
1009 4905 1120 4958 Καὶ
1186 4904 1466 4974 παρευθὺς
1500 4903 1776 4970 ἀνοίγουσι

224 4996 285 5047 τὰ
311 4995 605 5069 βηλόθυρα,
637 4997 736 5049 καὶ
789 4996 919 5049 οὕτε
954 4998 982 5049 6
1028 4996 1533 5067 πρωτοόεστιάριος
1580 4994 1703 5046 οὔτε
1750 4994 1778 5045 6

222 5085 581 5159 λαμπαδάριος
635 5087 761 5142 οὗτε
824 5088 933 5158 μὴν
1008 5091 1037 5142 6
1092 5089 1190 5159 τὴν
1247 5088 1533 5157 βασιλικὴν
1591 5086 1773 5156 φέρων

223 5182 419 5253 σπάθην
447 5183 733 5250 φαίνονται
764 5181 921 5247 ὅλως,
954 5182 1001 5232 ει
1041 5182 1116 5252 μὴ
1160 5184 1192 5251 ἡ
1231 5181 1411 5249 σπάθη
1449 5181 1586 5250 μόνη
1620 5178 1771 5249 καὶὴ

221 5271 449 5340 λαμπάς.
492 5276 649 5343 ’Δμα
691 5272 822 5339 γοῦν
850 5276 909 5325 τὸ
951 5273 1239 5342 ἀνοιγῆναι
1293 5274 1489 5334 ταῦτα.
1540 5273 1637 5324 καὶ
1680 5272 1773 5325 τὸν

222 5363 431 5430 βασιλέα
478 5367 576 5419 καὶ
625 5366 788 5435 μόνον
849 5366 1110 5435 φανῆναι,
1167 5365 1328 5433 εὐθὺς
1378 5366 1673 5435 ψάλλουσιν
1723 5365 1772 5416 οί

218 5454 403 5520 ψάλται
457 5459 521 5512 τδ
573 5457 946 5528 πολυχρόνιον,
1013 5458 1124 5511 τῶν
1174 5459 1419 5528 ὀργάνων
1468 5460 1767 5529 ἠχούντων,

218 5543 472 5619 διαφέρων
497 5549 686 5609 ὄντων,
718 5547 792 5610 ὡς
816 5548 1057 5617 εἴρηται.
1092 5548 1153 5600 Ol
1188 5548 1371 5617 μέντοι
1401 5546 1600 5615 ψάλται
1630 5547 1768 5617 μετά

218 5636 270 5687 τὸ
306 5639 692 5709 Μλυχρονὲσαι
748 5640 1054 5704 σιωπῶσιν,
1102 5643 1170 5692 τὰ
1212 5641 1418 5708 ὄργανα
1480 5639 1535 5693 δὲ
1573 5639 1768 5708 ἠχοῦσι

223 5729 369 5799 μέχρι
412 5735 508 5784 καὶ
541 5734 730 5801 ἱκανῆς
761 5732 930 5804 ὥρας.
965 5730 1093 5788 Εἶτα
1140 5733 1232 5787 τοῦ
1286 5733 1550 5802 βασιλέως
1580 5734 1763 5804 ἡρέμα

1875 3182 1999 3234 ticat
2026 3180 2409 3246 imperatorem
2426 3177 2537 3244 jam
2571 3183 2819 3245 paratum
2854 3191 3000 3232 esse.
3027 3178 3195 3247 Cujus
3220 3180 3324 3249 52
3349 3196 3448 3234 en-

1874 3286 1987 3326 sent
2016 3280 2201 3338 aperto
2230 3268 2404 3337 capite
2439 3267 2542 3320 fert
2563 3270 2781 3337 juvenis
2802 3270 3095 3337 primarius
3110 3286 3175 3324 ex
3199 3272 3303 3325 illis
3352 3274 3444 3340 qui

1875 3365 2262 3431 imperatorem
2286 3374 2484 3429 genere
2530 3375 2699 3429 prOpe
2741 3361 3193 3430 attinguntmam
3217 3379 3448 3434 magnus

1875 3455 2205 3511 domesticus
2230 3460 2338 3507 stat
2358 3461 2415 3511 et
2441 3453 2563 3523 ipse
2591 3467 2718 3508 cum
2763 3456 2974 3510 caeteris
3023 3458 3342 3525 proceribus
3387 3459 3446 3513 in

1875 3549 2020 3603 aula.

1947 3641 2113 3696 Stans
2142 3639 2308 3710 igitur
2335 3638 2638 3707 imperator
2677 3637 2730 3691 in
2755 3638 2896 3694 solio
2924 3640 3256 3708 conspicuus
3280 3650 3364 3697 est
3414 3659 3442 3697 a

1874 3733 2103 3802 genibus
2132 3738 2185 3784 et
2215 3743 2400 3798 supra,
2446 3727 2633 3783 dextra
2662 3742 2904 3790 crucem,
2933 3729 3155 3784 sinistra
3207 3733 3444 3787 acaciam

1876 3832 2120 3891 portans,
2153 3828 2211 3874 ut
2239 3829 2400 3874 antea
2429 3818 2658 3873 dictum.
2717 3817 2919 3873 Eadem
2979 3822 3283 3887 gestamina
3341 3822 3449 3876 fert

1877 3914 2060 3967 itidem
2091 3909 2639 3980 imperatorislilius,
2668 3908 2715 3962 si
2769 3908 2840 3961 sit
2864 3919 3196 3963 coronatus:
3233 3911 3315 3965 sin
3344 3912 3448 3964 mi-

1877 4020 1999 4067 nus,
2033 4004 2298 4059 usitatum
2331 4001 2433 4056 sibi
2464 4000 2846 4054 indumentum
2886 3999 3068 4064 habet,
3097 4013 3151 4053 et
3182 4015 3347 4071 super
3373 4003 3441 4056 il-

1875 4097 1965 4151 lud
1997 4095 2143 4164 quod
2178 4093 2383 4148 dicitur
2413 4090 2609 4160 capitis
2639 4090 2898 4158 tegimen,
2931 4106 2999 4146 es
3053 4093 3351 4149 unionibus
3391 4105 3444 4150 et

1878 4187 2189 4257 margaritis
2214 4183 2547 4241 confectum.
2581 4184 2771 4252 Capite
2802 4193 3008 4239 sertum
3038 4195 3236 4254 gestat.
3262 4186 3448 4257 Appa-

1875 4290 1958 4335 ret
1984 4289 2039 4333 et
2060 4280 2161 4333 iste
2181 4276 2383 4347 populo
2403 4291 2432 4330 a
2451 4276 2685 4345 genibus
2707 4285 2762 4329 et
2785 4291 2973 4345 supra.
3001 4277 3252 4347 Despota:
3276 4294 3305 4332 a
3323 4295 3449 4349 pec.

1878 4378 1995 4423 tore
2021 4378 2075 4423 et
2101 4382 2266 4438 supra
2292 4366 2654 4435 aspectabiles
2692 4374 2821 4422 sunt
2854 4382 2872 4422 :
2898 4377 3109 4424 caetera:
3159 4385 3447 4439 corporum

1878 4469 2058 4530 partes
2082 4459 2445 4515 occultantur.

1951 4633 2244 4703 Postquam
2277 4630 2443 4699 igitur
2473 4630 2775 4700 imperator
2802 4639 3022 4698 paratus
3076 4640 3160 4685 est
3211 4639 3264 4686 et
3318 4641 3453 4695 stat,

1879 4723 2325 4794 protovestiar‘us
2351 4721 2509 4775 tertio
2545 4720 2780 4788 pilaticia
2802 4719 3061 4781 ostendit,
3080 4720 3329 4774 indiraus
3350 4723 3457 4775 hoc

1879 4817 2035 4885 signo
2065 4814 2450 4884 imperatorem
2482 4812 2594 4883 jam
2630 4813 2682 4866 in
2730 4811 2870 4866 solio
2934 4817 3102 4871 stare,
3154 4811 3455 4881 statimque

1878 4906 2212 4961 diducuntur
2238 4906 2462 4959 cortina:
2488 4920 2503 4969 ;
2533 4912 2587 4956 et
2620 4917 2797 4969 neque
2841 4900 3299 4968 protovestiarins
3355 4916 3456 4956 ne-

1877 5015 1984 5071 que
2010 4996 2401 5067 lampadarius,
2435 5009 2615 5060 neque
2638 4992 2731 5061 qui
2763 5000 2943 5059 portat
2974 5007 3161 5047 ensem
3193 4994 3453 5062 imperia-

1884 5092 2011 5155 lem,
2042 5089 2253 5159 uspiam
2288 5093 2571 5156 apparent,
2601 5084 2694 5138 sed
2726 5084 2877 5140 solus
2912 5086 3061 5140 ensis
3110 5096 3165 5140 et
3221 5085 3451 5151 lampas.

1883 5181 2022 5253 Ergo
2049 5180 2213 5235 simul
2242 5192 2303 5232 ac
2330 5176 2553 5229 eortiuzc
2582 5174 2916 5243 panduntur,
2951 5186 3004 5231 et
3032 5181 3347 5246 imperator,
3377 5179 3449 5233 is-

1879 5290 1987 5343 que
2019 5272 2191 5334 solus,
2223 5267 2581 5337 conspicitur,
2611 5268 2796 5322 statim
2822 5278 3076 5323 cantores
3109 5278 3334 5324 cantant
3380 5270 3455 5325 il-

1880 5366 1969 5420 lud
2002 5384 2013 5418 :
2046 5382 2063 5414 ι
2098 5363 2424 5415 Diuturnum
2455 5358 2618 5415 faciat
2666 5360 2810 5415 Deus
2864 5360 3151 5429 imperium
3204 5370 3379 5428 tuum,
3422 5382 3449 5413 ›

1877 5455 2264 5512 resonantibus
2292 5455 2531 5525 organis,
2570 5470 2689 5523 quae
2720 5454 2869 5507 varia
2905 5462 3051 5517 sunt,
3087 5463 3146 5508 ut
3175 5465 3335 5509 antea
3363 5457 3454 5511 di-

1876 5560 2046 5606 ctum.
2072 5548 2335 5604 Cantores
2367 5548 2531 5618 igitur
2561 5557 2680 5618 post
2713 5546 3010 5601 multorum
3041 5562 3308 5602 annorum
3347 5566 3445 5620 ap-

1877 5643 2249 5712 precationem
2277 5642 2671 5697 conticescunt.
2708 5640 2775 5693 At
2823 5654 3028 5706 organa
3085 5641 3223 5697 satis
3269 5646 3450 5698 multo

1880 5744 2121 5802 tempore
2150 5741 2519 5803 perstrepunt.
2558 5730 2760 5785 Deinde
2794 5730 3125 5799 imperatore
3172 5728 3275 5803 53
3321 5750 3446 5788 scu-

3938 2758 3941 2942 ι
