3992 6240
487 294 553 360 71
1674 293 1944 356 CODlNI
1983 295 2505 358 CUROPALAT/E
3652 295 3719 357 '72

487 410 591 464 sim
628 403 848 459 mantile
882 416 1042 459 suum
1063 411 1316 458 movente
1351 410 1564 459 cessant
1593 410 1646 457 et
1682 405 1801 472 ipsa
1832 416 2062 471 ;etrnr-

2167 407 2227 460 τδ
2285 408 2572 476 μανδύλιον
2630 408 2930 476 κτήσαντος
2990 406 3307 477 παραυτίκα
3378 408 3474 461 καὶ
3548 407 3722 461 ταῦτα

487 511 583 552 sus
614 496 1160 563 iucipiuntcantores
1189 493 1635 547 accommodato:
1679 493 1818 548 festo
1866 510 2057 550 versus

485 587 798 648 decantare,
820 594 872 639 et
903 584 1065 652 paulo
1089 594 1212 653 post
1242 583 1372 637 illud
1407 600 1421 637 τ
1449 602 1467 635 ι
1490 583 1743 639 Christus
1768 596 1928 641 natus
1949 594 2055 650 est,

487 678 577 747 qui
611 688 661 731 te
690 679 1076 746 imperatorem
1102 676 1404 738 coronavit,
1446 694 1464 726 ι
1502 684 1559 728 et
1588 684 1709 743 post
1731 676 1832 730 hoc
1853 678 2060 731 sticlms

487 786 581 825 seu
609 786 818 824 versus.
848 768 910 822 Et
929 783 1115 822 rursus
1142 769 1282 821 idem
1310 776 1394 821 sat
1414 768 1576 833 longo
1605 776 1864 836 tempore.
1895 769 2059 822 Dein-

487 864 551 916 de
576 864 795 916 nomina
826 863 1212 930 imperatorum
1247 870 1301 913 et
1330 862 1738 929 imperatricum
1769 861 2062 929 bonispre-

486 954 793 1009 cationibus
835 953 1161 1007 alliciuutur.
1181 951 1300 1017 Quo
1341 962 1559 1020 peracto
1591 961 1840 1006 cantores
1866 951 2060 1005 iterum

450 1110 451 1113 η
486 1046 687 1098 multos
700 1059 871 1097 annos
885 1043 1200 1098 concinunt.
1221 1043 1429 1109 Quibus
1446 1042 1623 1097 adhuc
1637 1043 1959 1097 canentibus
1972 1056 2068 1095 ex-

486 1137 804 1206 panduntur
831 1144 885 1190 et
909 1137 1237 1191 clauduntur
1255 1136 1481 1190 cortina
1509 1135 1882 1204 imperatoris;
1907 1148 2066 1203 orga—

486 1230 574 1284 nis
605 1235 783 1284 denuo
825 1233 891 1282 ad
919 1229 1190 1283 modicum
1219 1238 1431 1297 tempus
1459 1227 1843 1281 resonantibus
1869 1235 2066 1280 exeunt

484 1321 759 1375 ﬂammula
789 1336 883 1375 seu
920 1320 1137 1373 vexilla.
1160 1318 1225 1371 Et
1251 1318 1598 1385 imperatoria
1628 1317 1846 1385 quidem
1874 1317 2064 1371 ferun-

490 1424 577 1465 tur
605 1415 657 1465 in
681 1413 1025 1475 vestiarium,
1061 1412 1151 1464 tibi
1198 1410 1472 1463 asservari
1522 1409 1701 1462 solent
1733 1425 1747 1472 ;
1775 1422 2063 1476 procerum

485 1520 617 1557 vero
652 1506 932 1573 quodlibet
962 1504 1027 1557 ad
1051 1503 1296 1572 proprias
1327 1502 1597 1569 cujusque
1619 1503 1763 1556 aedes
1795 1499 2062 1553 defertur.

487 1600 833 1653 Descendens
861 1598 1153 1666 imperator
1179 1597 1244 1649 ad
1281 1582 1520 1649 mensam
1549 1611 1606 1648 se
1629 1594 1863 1652 confert,
1888 1592 2068 1660 quoti-

2161 500 2451 565 παύουσιν,
2476 501 2570 554 καὶ
2598 502 2859 571 ἄρχονται
2911 500 3076 554 πάλιν
3121 503 3171 553 οί
3220 497 3443 567 ψάλται,
3483 500 3725 569 προσφό-

2165 608 2291 661 ρους
2325 590 2578 659 λέγοντες
2609 594 2827 662 στίχους
2857 594 2922 661 τῇ
2958 593 3143 662 ἐορτῇ,
3178 591 3269 644 καὶ
3322 590 3441 660 μετ’
3495 590 3676 657 ὀλίγον
3707 608 3722 623 ο

2167 702 2185 734 ι
2220 684 2453 755 Χριστὸς
2485 686 2749 755 ἐγεννήθη
2771 686 2800 736 ό
2820 684 3019 752 στέψας
3046 701 3105 737 σε
3142 683 3390 753 βασιλέα,
3418 701 3435 733 ι
3474 682 3571 735 καὶ
3589 681 3729 751 μετὰ

2162 774 2322 827 τοῦτο
2360 777 2596 844 στίχους,
2633 776 2728 828 καὶ
2782 777 2944 830 πάλιν
2979 775 3113 828 αὐτὸ
3175 774 3334 844 μέχρι
3397 774 3492 826 καὶ
3539 775 3731 842 ἱκανῆς

2162 863 2332 933 ὥρας.
2365 862 2499 918 Εἶτα
2543 867 3081 936 γίνεταιήεύφημία
3132 866 3242 917 τῶν
3277 865 3560 932 ὀνομάτων
3620 865 3730 917 τῶν

2168 955 2435 1026 βασιλέων
2467 959 2563 1011 καὶ
2606 959 2714 1011 τῶν
2745 958 3065 1022 δεσποινῶν,
3131 954 3250 1026 μεθ’
3304 957 3372 1027 ἣν
3414 957 3734 1028 πολυχρονί-

2166 1048 2351 1111 ζουσιν
2382 1044 2541 1112 αὖθις
2594 1050 2644 1102 οί
2674 1049 2897 1118 ψάλται.
2936 1048 3141 1102 Τούτου
3176 1048 3223 1101 δ’
3280 1048 3359 1101 ἔτι
3391 1047 3731 1115 ψαλλομένου

2166 1138 2409 1193 κλείουσι
2434 1141 2502 1193 τά
2538 1139 2838 1210 βηλόθυρα.
2876 1141 3045 1193 Πάλιν
3067 1140 3123 1193 δέ
3149 1139 3258 1193 τῶν
3287 1138 3536 1210 ὀργάνων
3590 1144 3732 1209 πρὸς

2164 1232 2343 1301 ὀλίγον
2366 1233 2644 1302 ἠχούντων
2675 1232 2988 1286 ἐκϐαίνουσι
3038 1234 3107 1285 τὰ
3140 1232 3450 1301 φλάμουλα.
3516 1232 3622 1284 Καὶ
3657 1233 3731 1285 τὰ

2171 1325 2273 1394 μὲν
2303 1326 2562 1394 βασιλικὰ
2596 1325 3008 1393 διακομίζονται
3039 1327 3117 1389 είς
3160 1325 3220 1378 τδ
3252 1318 3731 1395 βεστιάριον,δτίου

2168 1417 2506 1487 εὑρίσκεται,
2568 1419 2637 1469 τὰ
2694 1416 2748 1469 δέ
2796 1418 2904 1469 τῶν
2948 1416 3224 1487 ἀρχόντων
3286 1419 3346 1470 ἐν
3401 1421 3514 1478 τοῖς
3560 1418 3737 1480 οἴκοις

2170 1510 2440 1563 ἑκάστων.
2488 1507 2787 1561 Κατελθὼν
2838 1509 2897 1561 δέ
2953 1512 2981 1562 ὀ
3024 1508 3277 1576 βασιλεὺς
3315 1508 3614 1578 ἀπέρχεται
3653 1511 3737 1572 είς

2168 1599 2265 1667 τὴν
2298 1597 2577 1666 τράπεζαν
2609 1599 2733 1651 κατ’
2764 1595 2903 1664 ἔθος,
2952 1597 3136 1666 φορῶν
3197 1597 3575 1667 καθημερινὴν
3612 1615 3738 1651 στο-

485 1693 706 1746 diarium
734 1691 993 1743 amictum
1023 1689 1201 1742 ferens
1235 1705 1250 1743 :
1277 1697 1333 1740 at
1352 1702 1610 1754 proceres
1631 1701 1796 1756 supra
1814 1688 2061 1754 exposita

2167 1691 2285 1761 λὴν,
2322 1695 2369 1745 οἱ
2410 1692 2466 1746 δέ
2500 1693 2761 1762 ἄρχοντες
2804 1692 2873 1745 τὰ
2924 1690 3307 1762 προρρηθέντα
3339 1690 3541 1743 τούτων
3571 1691 3737 1759 φορέ-

486 1790 702 1851 gestant
724 1783 1049 1849 gestamina.

558 1874 829 1928 Caeterum
861 1874 1038 1926 oratio
1087 1872 1154 1926 de
1200 1885 1390 1925 mensa
1447 1869 1735 1925 diueratur
1788 1869 2060 1926 nonnihil.

488 1966 754 2032 Quoniam
783 1981 911 2020 vero
940 1964 1307 2034 pilatieiorum
1337 1966 1672 2018 mentionem
1706 1977 1866 2019 antea
1920 1963 2059 2018 feci-

488 2075 636 2124 mus,
665 2060 915 2114 dicamus
961 2061 1113 2127 prius
1151 2059 1222 2113 de
1254 2058 1382 2124 illis,
1422 2068 1478 2111 ut
1505 2058 1857 2127 postmodum
1892 2061 2060 2117 etiam

487 2149 556 2205 de
590 2164 781 2203 mensa
806 2150 1161 2204 disseramus.

555 2241 730 2311 Cyrus
761 2257 1014 2312 magnus,
1049 2256 1142 2295 rex
1196 2222 1512 2307 Persarum,
1557 2241 1701 2296 ﬁlius
1756 2240 2061 2314 Cambysa,

485 2343 615 2403 post
646 2334 855 2387 obitum
887 2324 1137 2405 Astyagis
1171 2334 1260 2389 avi
1285 2334 1367 2387 sui
1394 2334 1720 2388 bareditate
1750 2336 1919 2389 etiam
1962 2351 2060 2390 ar.-

488 2424 719 2492 quisivit
747 2425 1039 2492 imperium
1076 2424 1215 2494 ejus,
1251 2425 1357 2479 hoc
1386 2434 1471 2479 est
1507 2424 1786 2479 Medorum
1811 2441 2059 2496 regnum.

487 2514 624 2568 Cum
653 2514 820 2584 igitur
850 2512 1140 2569 Persarum
1175 2531 1309 2585 gens
1342 2530 1506 2584 parva
1598 2524 1743 2571 esset
1797 2529 1848 2572 et
1894 2519 2060 2573 vitam

486 2606 824 2675 pastoritiatn
865 2616 1071 2676 ageret,
1103 2606 1303 2677 Cyrus,
1335 2609 1542 2663 relictis
1576 2609 1865 2665 Persarum
1891 2614 2061 2667 mori-

486 2697 613 2763 bus,
642 2696 897 2749 utebatur
931 2696 1040 2748 ritu
1066 2697 1530 2750 etconsuetudiue
1557 2697 2065 2770 Medorum,utpote

488 2784 667 2854 gentis
699 2799 908 2851 magnae
938 2795 994 2839 et
1024 2786 1344 2852 magniﬁcae.
1369 2787 1571 2840 Horum
1603 2805 1729 2843 vero
1754 2789 1965 2858 jndiees
1990 2791 2066 2847 fe-

488 2876 682 2931 rebant
705 2875 812 2945 54
840 2876 1098 2945 epilorica
1128 2892 1223 2930 seu
1263 2879 1574 2946 superulas,
1608 2888 1661 2934 et
1694 2880 1751 2933 in
1785 2884 1968 2950 capite
2000 2884 2064 2943 li:

489 2983 653 3021 neum
688 2978 899 3036 tegmen
927 2968 1301 3036 pbaceolidem
1320 2971 1673 3038 appellatum.
1694 2971 1770 3025 Ex
1818 2975 2065 3042 quolibet

2169 1801 2337 1853 ματα.

2248 1876 2307 1932 '0
2342 1876 2528 1945 μέντοι
2546 1877 2647 1947 τῆς
2669 1875 2951 1947 τραπέζης
2973 1876 3130 1944 λόγος
3149 1876 3495 1945 ἀναμεινάτω
3516 1873 3732 1943 μικρόν⁶

2163 1967 2289 2020 ἐπεὶ
2318 1966 2374 2020 δέ
2404 1967 2731 2021 πιλατικίων
2763 1967 3251 2038 προιμνὴσθημεν,
3288 1968 3534 2036 εἴπωμεν
3590 1966 3736 2019 κατά

2166 2056 2382 2129 πρῶτον
2414 2057 2543 2127 περὶ
2586 2058 2788 2124 αὐτῶν,
2823 2058 3022 2112 ἔπειτα
3072 2059 3159 2111 ἵνα
3208 2059 3304 2112 καὶ
3363 2059 3493 2129 περὶ
3524 2058 3733 2129 ταύτης

2163 2146 2392 2217 δηλώσω
2400 2164 2521 2215 μεν.

2249 2236 2311 2289 Ὀ
2343 2236 2520 2307 Κῦρος
2551 2239 2577 2290 ό
2602 2240 2797 2307 μέγας.
2819 2243 2847 2293 ό
2880 2240 2988 2294 τῶν
3011 2241 3239 2310 Περσῶν
3285 2243 3558 2311 βασιλεὺς,
3612 2242 3734 2304 υἱὸς

2162 2326 2239 2380 ὢν
2275 2327 2371 2380 τοῦ
2415 2328 2743 2397 Καμϐύσου,
2801 2332 2942 2400 μετὰ
2997 2333 3229 2387 θάνατον
3287 2332 3587 2400 Ἀστυάγου
3635 2332 3731 2385 τοῦ

2165 2418 2391 2472 πάππου
2416 2420 2582 2474 αὑτοῦ
2617 2423 2974 2492 ἐκληρώσατο
3011 2426 3105 2477 καὶ
3131 2426 3233 2491 τὴν
3292 2426 3504 2478 ἐκείνου
3553 2424 3734 2494 ἀρχὴν

2165 2509 2285 2579 ἦτοι
2314 2510 2437 2572 τοὺς
2462 2511 2701 2579 Μήδους.
2731 2513 2854 2566 Τῶν
2885 2514 3066 2566 τοίνυν
3093 2515 3318 2583 Περσῶν
3350 2514 3537 2577 ἔθνους
3556 2516 3735 2568 δντων

2168 2603 2393 2671 μικροῦ,
2424 2604 2520 2658 καὶ
2568 2607 2861 2676 νομαδικὸν
2897 2607 3013 2677 βίον
3049 2608 3289 2672 ζώντων,
3351 2610 3378 2662 ὀ
3429 2608 3613 2678 Κῦρος
3664 2608 3732 2677 δὴ

2163 2687 2317 2755 οὗτος
2350 2694 2419 2746 τὰ
2439 2696 2548 2748 τῶν
2588 2696 2815 2765 Περσῶν
2844 2697 3011 2767 ἐθιμα
3052 2696 3406 2773 καταλείψας
3453 2699 3565 2759 τοῖς
3617 2699 3730 2749 τῶν

2164 2786 2366 2854 Μήδων
2398 2787 2691 2857 ἐχρήσατο,
2725 2790 2965 2858 μεγάλου
3008 2788 3162 2850 ὄντος
3210 2788 3395 2850 ἔθνους
3427 2790 3523 2841 καὶ
3559 2805 3732 2859 μεγα-

2165 2877 2493 2947 λοπρεποῦς,
2528 2874 2603 2933 ὦν
2629 2880 2692 2949 δὴ
2722 2881 2770 2931 οἱ
2803 2880 2987 2949 κριταὶ
3015 2879 3245 2948 ἐφόρουν
3278 2879 3604 2948 ἐπιλούρικα
3636 2882 3734 2934 καὶ⁵

2166 2969 2260 3022 ἐπὶ
2295 2970 2542 3040 κεφαλῆς
2575 2970 2911 3037 φακεωλίδα.
2946 2968 3037 3022 Ἑν
3070 2964 3162 3022 οῦν
3198 2968 3487 3040 φακεωλίῳ
3516 2969 3736 3039 ἑκάστῳ

489 3060 774 3129 pliaceolio
807 3063 1078 3131 pendebat
1110 3078 1139 3117 a
1167 3063 1386 3119 sinistra
1409 3076 1561 3135 parte
1586 3069 1925 3136 margellium
1949 3070 2062 3125 sive

2168 3060 2442 3128 κρέματαί
2468 3078 2527 3113 τε
2550 3061 2689 3114 κατά
2720 3062 2781 3114 τὸ
2842 3062 3133 3132 ἀριστερὸν
3188 3062 3352 3132 μέρος
3407 3061 3736 3132 μαργέλλιον

491 3148 706 3205 limbria
735 3166 802 3205 ex
835 3153 1114 3221 margella,
1152 3152 1374 3206 alteram
1410 3170 1597 3209 aurem
1630 3158 1749 3227 ejus
1770 3159 1859 3226 qui
1887 3170 2065 3227 gesta—

492 3242 584 3295 bat
615 3242 897 3311 obtegens.
923 3242 1042 3309 Quo
1073 3246 1487 3313 signiﬁcabatur
1511 3263 1699 3303 aurem
1721 3252 1938 3316 quidem
1974 3269 2064 3307 re-

490 3341 687 3387 tectam
716 3336 1131 3390 accusatoribus
1157 3338 1296 3400 dari,
1329 3348 1525 3393 tectam
1562 3356 1687 3395 vero
1737 3358 1923 3396 aurem
1974 3358 2065 3398 ac-

491 3424 718 3491 cusatis,
752 3426 844 3480 sed
863 3427 1204 3491 absentibus,
1233 3433 1521 3485 reservari.
1555 3433 1786 3487 Excollo
1811 3436 2060 3505 judicum

490 3516 800 3585 pendebant
829 3518 879 3571 in
908 3521 1101 3573 sericis
1136 3521 1241 3575 ﬁlis
1272 3523 1548 3590 margellia
1578 3539 1713 3580 auro
1735 3527 1919 3582 ductili
1943 3541 2063 3583 tex-

491 3614 567 3660 ta.
595 3606 905 3676 Longitudo
928 3620 1044 3663 erat
1076 3612 1345 3679 Spithama
1380 3620 1582 3679 minor,
1631 3619 1861 3673 latitudo
1904 3622 2063 3675 unius

489 3696 653 3764 palmi
683 3714 698 3762 ;
732 3714 854 3765 qua:
883 3715 975 3753 rex
1008 3700 1288 3755 Medorum
1322 3705 1551 3770 ferebat,
1590 3702 1843 3761 similitE-r
1888 3718 1942 3763 et
1978 3711 2067 3779 ju-

490 3787 655 3843 dices.
685 3790 1150 3855 Quemadmodum
1190 3796 1353 3864 igitur
1385 3798 1512 3850 olim
1543 3802 1877 3855 exercituum
1898 3802 2064 3858 duces

487 3886 738 3942 ferebant
765 3898 1010 3959 torques,
1038 3890 1131 3958 qui
1158 3900 1315 3943 erant
1346 3891 1569 3944 ltonoris
1597 3893 1829 3961 indices,
1875 3896 1955 3949 sic
2008 3904 2063 3951 et

487 3979 733 4048 pilaticia
768 3982 1029 4035 honorem
1085 3982 1332 4051 judicum
1387 3982 1829 4039 manufestabant.
1887 3987 2062 4057 Cyrus

488 4071 656 4136 igitur
703 4088 928 4139 regnum
986 4072 1265 4128 Medorum
1322 4074 1550 4142 adeptus
1605 4091 1794 4130 eorum
1846 4094 2063 4147 quoque

488 4166 979 4219 consuetudinibus
1014 4168 1294 4231 utebatur,
1328 4178 1385 4220 ut
1410 4181 1567 4221 antea
1598 4171 1909 4238 expositum
1955 4180 2059 4225 est.

489 4256 672 4309 Armis
705 4270 833 4310 vero
865 4258 919 4309 in
950 4257 1201 4325 Assyrios
1218 4262 1651 4325 sumptiseorum
1674 4260 1858 4312 itidem
1898 4262 2064 4328 impe-

490 4348 629 4401 rium
683 4350 973 4416 occupavit
1019 4347 1195 4415 majus
1219 4348 1445 4416 imperio
1477 4349 1779 4411 Medorum.
1807 4366 1835 4403 a
1864 4356 2060 4419 quibus

488 4441 652 4493 etiam
674 4439 965 4493 nonnullas
988 4442 1409 4493 consuetudines
1435 4451 1715 4495 mutuatus
1734 4454 1816 4497 est
1844 4459 1859 4508 ;
1884 4458 1943 4498 se
1984 4446 2068 4512 ip-

390 4564 397 4577 ι
490 4548 610 4586 sum
633 4546 763 4585 vero
780 4531 1074 4586 Persarum
1098 4542 1283 4602 regem
1328 4534 1637 4602 appellavit,
1674 4537 1918 4591 tribuens
1966 4538 2069 4593 hoc

490 4624 701 4692 paterni
718 4627 868 4692 regni
892 4624 1106 4686 honori,
1126 4624 1250 4677 licet
1277 4626 1458 4678 minus
1478 4636 1620 4679 esset
1641 4628 1867 4700 imperio
1884 4628 2069 4683 Medo—

488 4731 609 4769 rum
629 4723 681 4769 et
700 4716 1073 4786 Assyriorum,
1103 4726 1163 4770 ut
1188 4718 1394 4769 dictum
1425 4729 1526 4771 est.
1558 4717 1701 4786 Ergo
1730 4734 1759 4772 a
1787 4717 1954 4775 Medis
1976 4737 2068 4776 ac-

487 4809 626 4873 cepit
649 4807 982 4876 phaceolium
1019 4820 1068 4860 et
1100 4808 1441 4876 epiloricum,
1466 4809 1534 4862 ab
1564 4810 1805 4879 Assyriis
1824 4810 2062 4864 scarani-

489 4915 635 4963 cum,
662 4901 987 4954 cabbadiutu
1006 4910 1060 4954 et
1078 4900 1411 4955 draconibus
1447 4901 1763 4970 insignitum
1801 4903 2059 4957 ﬂammu-

488 4994 600 5047 lum
633 5011 729 5048 seu
765 4994 1020 5047 vexillum
1056 5012 1072 5059 ;
1110 5005 1163 5048 et
1197 4997 1265 5049 ab
1292 5011 1356 5049 eo
1393 5006 1637 5063 tempore
1674 5012 1792 5051 mos
1824 4999 2062 5051 obtinuit

490 5094 550 5139 ut
569 5100 762 5140 omnes
787 5097 907 5154 post
924 5084 1123 5156 Cyrum
1152 5088 1556 5155 appellarentur
1575 5104 1729 5159 reges
1750 5089 2060 5153 Persarum,

488 5191 664 5248 usque
691 5181 756 5231 ad
788 5178 1034 5244 Darium,
1053 5194 1210 5246 qut-nt
1242 5196 1364 5233 cum
1387 5181 1688 5235 Alexander
1712 5180 2062 5236 Macedonum

488 5286 583 5324 rex
619 5273 936 5335 devicisset,
970 5273 1173 5340 pariter
1200 5282 1252 5325 et
1278 5289 1443 5343 regno
1463 5273 1567 5343 55
1590 5277 1708 5343 ejus
1731 5276 1933 5343 potitus
1956 5281 2060 5328 est.

487 5364 732 5431 Cumque
760 5378 989 5433 magnus
1017 5362 1411 5415 ConStantinus
1438 5373 1491 5416 et
1521 5370 1666 5416 esset
1693 5370 1745 5416 et
1784 5363 2064 5416 diceretur

486 5456 784 5521 imperator
817 5455 1213 5519 Romanorum,
1243 5469 1589 5509 successores
1610 5455 1725 5523 ejus
1769 5469 1943 5524 usque
1998 5454 2063 5508 ad

487 5545 602 5599 lucc
627 5554 871 5614 tempora
907 5548 1266 5617 imperatores
1299 5544 1672 5602 Romanorum
1697 5549 2010 5602 salutantur
2036 5564 2052 5613 ;

485 5645 542 5692 et
571 5654 696 5692 cum
728 5639 1031 5694 Alexander
1060 5642 1221 5696 fuerit
1256 5656 1350 5693 rex
1386 5638 1766 5702 Macedonum.
1800 5640 2055 5695 Macedo-

486 5730 577 5787 nia
602 5720 788 5787 autem
827 5731 1197 5789 Romanorum
1232 5733 1583 5803 imperatoris
1617 5734 1671 5788 lu
1707 5734 1913 5789 ditione
1962 5733 2054 5797 sit,

2170 3152 2556 3223 συρματέῖνον,
2586 3154 2647 3205 τὸ
2674 3154 2864 3221 ἕτερον
2922 3152 3016 3205 τοῦ
3071 3152 3368 3221 φοροῦντος
3419 3153 3528 3205 τῶν
3578 3153 3734 3208 ὢτων

2166 3245 2467 3308 καλύπτον,
2492 3245 2688 3315 δηλοῦν
2720 3247 2795 3307 ὠς
2819 3244 2880 3297 τὺ
2919 3243 3018 3313 μέν
3049 3244 3290 3307 ἀσκεπές
3313 3242 3422 3297 τῶν
3442 3243 3739 3312 ἐγκαλούν-

2165 3355 2273 3391 των
2308 3337 2447 3404 ἐστὶ,
2489 3338 2548 3391 τὺ
2574 3337 2629 3390 δὲ
2659 3336 2997 3405 σκεπόμενον
3043 3331 3137 3398 οὖς
3180 3334 3290 3388 τῶν
3325 3324 3739 3405 κατηγορουμέ-

2166 3448 2271 3484 νων
2305 3431 2424 3498 μὲν,
2484 3430 2557 3501 μὴ
2605 3430 2893 3499 παρόντων
2924 3428 3003 3482 δέ.
3053 3428 3176 3481 Ἐπὶ
3224 3428 3280 3481 δέ
3321 3426 3594 3497 τραχήλου
3625 3426 3732 3479 τῶν

2166 3521 2373 3591 κριτῶν
2405 3522 2717 3592 ἐκρέμαντο
2741 3520 2834 3573 δύο
2880 3519 3004 3573 τινὰ
3038 3519 3125 3571 διὰ
3157 3518 3417 3572 σιτανίων
3447 3517 3733 3569 πιλατίκια

2165 3614 2459 3683 λεγόμενα,
2504 3616 2647 3681 ἅπερ
2688 3613 2796 3664 εἰσὶ
2831 3611 3137 3681 μαργέλλια
3168 3611 3306 3679 μετὰ
3334 3609 3634 3678 σύρματος,
3673 3610 3736 3661 τὸ

2170 3708 2267 3776 μὲν
2299 3708 2472 3775 μῆκος
2506 3704 2789 3773 σπιθαμῆς
2833 3704 3073 3768 ἔλαττον,
3107 3704 3167 3755 τὺ
3217 3702 3275 3755 δὲ
3319 3702 3523 3764 πλάτος
3560 3702 3739 3754 παλα-

2169 3802 2365 3869 μιαῖον.
2393 3797 2634 3849 "Amm
2654 3796 2763 3849 τῶν
2789 3797 2989 3866 Μήδων
3013 3795 3204 3864 ἐφόρει
3234 3793 3507 3864 βασιλεὺς,
3534 3792 3739 3861 ὁμοίως

2166 3892 2261 3944 καὶ
2292 3891 2341 3943 οί
2374 3888 2581 3960 κριταί.
2614 3888 2827 3957 Ὥσπερ
2856 3883 2948 3941 οὖν
2986 3888 3216 3956 ἐφόρουν
3262 3886 3425 3938 πάλαι
3482 3884 3531 3937 οῑ
3574 3901 3742 3950 στρα-

2165 3984 2325 4053 τηγοὶ
2359 3982 2624 4051 στρεπτὰ,
2674 3980 2773 4051 τὴν
2810 3980 2974 4051 τιμὴν
3007 3979 3216 4033 τούτων
3262 3975 3544 4047 δηλοῦντα,
3593 3973 3739 4027 οὕτω

2166 4079 2263 4131 καὶ
2292 4077 2365 4130 τὰ
2395 4074 2681 4129 πιλατίκια
2715 4074 2815 4137 τὴν
2856 4071 3025 4142 τιμὴν
3067 4072 3178 4124 τῶν
3225 4069 3430 4139 κριτῶν
3488 4066 3733 4135 ἐδήλουν.

2176 4170 2238 4224 Ὀ
2271 4168 2454 4221 τοίνυν
2487 4167 2666 4235 Κῦρος
2689 4165 2789 4235 τὴν
2806 4164 2915 4217 τῶν
2942 4164 3145 4236 Μήδων
3173 4164 3347 4232 ἀρχὴν
3369 4160 3736 4230 κτησάμενος,

2167 4261 2243 4323 ὡς
2265 4259 2587 4330 δεδήλωται,
2622 4258 2716 4311 καὶ
2750 4259 2863 4320 τοῖς
2894 4256 3043 4310 rem
3093 4255 3302 4309 τούτων
3351 4255 3589 4337 ἐχρῆτο;
3635 4268 3737 4304 πο-

2167 4354 2416 4423 λεμήσας
2446 4351 2501 4403 δέ
2544 4350 2734 4404 ἔπειτα
2755 4350 2977 4411 καὶτοῖς
3010 4347 3321 4416 Ἀσσυρίοις
3339 4363 3402 4397 συ
3414 4343 3735 4413 μπαρέλαϐε

2174 4446 2272 4514 μὲν
2309 4446 2406 4497 καὶ
2438 4445 2537 4512 τὴν
2565 4442 2774 4495 τούτων
2815 4440 3012 4510 ἀρχὴν,
3050 4438 3221 4508 μείζω
3270 4437 3368 4505 τῆς
3396 4436 3504 4488 τῶν
3534 4435 3738 4503 Μήδων

2169 4536 2361 4595 οὖσαν,
2397 4536 2490 4603 ἀφ’
2524 4528 2599 4587 ὧν
2629 4534 2723 4586 καί
2768 4549 2892 4585 τινα
2924 4529 3129 4582 τούτων
3162 4528 3325 4596 ἔθιμα
3361 4527 3572 4587 ἐλαϐεν,
3606 4526 3740 4577 ἐαυ-

2168 4629 2260 4681 τὸν
2290 4628 2345 4681 δέ
2372 4626 2597 4698 βασιλέα
2649 4624 2875 4694 Περσῶν
2919 4619 3169 4690 ὠνόμαζε
3213 4620 3379 4686 τιμῆς
3423 4619 3585 4669 ἕνεκα
3638 4616 3742 4684 τῆς

2172 4718 2263 4770 τοῦ
2296 4717 2503 4787 πατρὸς
2532 4714 2731 4784 ἀρχῆς,
2762 4712 2809 4763 εί
2839 4709 3066 4763 καὶτῶν
3099 4707 3299 4777 Μήδων
3346 4704 3439 4756 καὶ
3473 4703 3582 4753 τῶν
3609 4701 3741 4754 Ἀσ-

2173 4810 2377 4879 συρίων
2415 4810 2654 4861 ἐλάττων
2686 4801 2753 4873 ἦν
2784 4802 2946 4869 αὑτὴ,
2978 4800 3054 4861 ὡς
3106 4799 3343 4867 εῐρηται.
3368 4797 3479 4849 Καὶ
3499 4794 3608 4847 ἀπὸ
3637 4793 3739 4864 μέν

2166 4901 2270 4968 τῆς
2303 4900 2414 4951 τῶν
2443 4898 2647 4966 Μήδων
2672 4897 2849 4964 ἀρχῆς
2885 4892 3046 4943 ἐλαὸε
3092 4889 3154 4943 τό
3189 4905 3249 4941 τε
3310 4887 3617 4955 φακεὼλιον
3642 4886 3737 4937 καὶ

2166 4992 2228 5042 τὸ
2255 4989 2629 5057 ἐπιλούρικον,
2697 4986 2806 5039 ἀπὸ
2859 4983 2916 5034 δέ
2970 4984 3069 5049 τῆς
3134 4981 3245 5033 τῶν
3300 4977 3607 5047 Ἀσσυρίων
3674 4975 3740 5025 τὸ

2173 5083 2511 5149 σκαράνικον
2540 5080 2600 5131 τό
2631 5093 2688 5129 τε
2713 5074 3010 5128 καὸὁάδιον
3033 5072 3205 5126 καὶτὸ
3224 5071 3573 5142 δρακόντειον
3603 5064 3741 5133 φλά-

2170 5173 2393 5243 μουλον.
2441 5170 2553 5223 Καὶ
2602 5170 2789 5221 ἔκτοτε
2830 5165 3176 5235 ἐπεκράτησε
3200 5164 3326 5227 τοὺς
3388 5162 3524 5232 μετὰ
3555 5157 3739 5227 Κῦρον

2167 5267 2379 5327 πάντας
2412 5262 2670 5333 βασιλέας
2701 5258 2990 5312 καλεῖσθαι
3026 5256 3274 5330 Περσῶν,
3315 5255 3475 5325 μέχρι
3516 5253 3605 5305 καὶ
3642 5249 3739 5303 τοῦ

2168 5358 2422 5426 Δαρείου,
2458 5356 2518 5408 ὃν
2580 5350 3104 5423 καταστρεψάμενος
3171 5346 3519 5413 Ἀλέξανδρος
3558 5342 3587 5393 ό
3627 5341 3740 5394 τῶν

2168 5450 2494 5505 Μακεδόνων
2535 5446 2791 5518 βασιλεὺς
2823 5445 2950 5513 ἔσχε
2994 5444 3093 5511 τὴν
3120 5440 3299 5510 ἀρχὴν
3327 5436 3544 5489 τούτου.
3576 5433 3741 5486 Ἐπεὶ

2168 5543 2224 5595 δέ
2250 5544 2276 5594 ὀ
2306 5541 2479 5611 μέγας
2506 5532 2925 5599 Κωνσταντῖνος
2974 5534 3070 5588 καὶ
3096 5528 3165 5603 ἦν
3196 5531 3292 5582 καὶ
3331 5527 3547 5593 ἐλέγετο
3582 5524 3737 5595 βασιι

2168 5633 2293 5695 λεὺς
2339 5632 2655 5702 Ῥωμαίων,
2682 5629 2919 5701 βασιλεῖς
2945 5628 3053 5681 τῶν
3105 5621 3395 5692 Ῥωμαίων
3431 5617 3732 5672 καλοῦνται

2173 5725 2336 5796 μέχρι
2365 5727 2460 5779 τοῦ
2493 5724 2588 5778 νῦν
2615 5724 2708 5777 καὶ
2743 5725 2790 5775 oi
2817 5721 3029 5775 ἐκείνου
3052 5716 3285 5784 διάδοχοι
3334 5710 3595 5783 βασιλεῖς.
3629 5710 3743 5762 Καὶ
