3992 6240
479 289 548 352 79
1435 319 1438 322 .
1649 267 1914 329 CODlNl
1941 261 2476 326 cunaraum
3661 210 3729 320 '50

553 407 647 462 llis
680 400 916 474 peractis
939 371 1166 452 advocat
1193 375 1776 448 nominattm‘cunctos
1792 399 2052 456 proceres
2082 385 2130 442 Α

481 512 655 568 usque
685 495 752 550 ad
811 493 935 546 illos
971 492 1062 559 qui
1113 488 1373 542 coccinea
1421 481 1708 538 scaranica
1745 488 1979 547 gestant,
2005 486 2057 532 et

478 589 732 645 omnibus
751 585 952 639 fercula
987 579 1383 650 aecipientibus
1412 590 1480 629 ne
1513 587 1652 628 unus
1669 572 1883 640 quidem
1903 587 2057 639 egre-

479 683 645 744 ditur,
667 677 762 734 sed
787 675 1081 733 manentin
1101 690 1201 729 suo
1225 675 1427 742 quique
1466 671 1586 724 loco
1620 675 1847 736 propter
1878 665 2054 734 magni

479 769 769 829 oomestici
801 767 1190 824 reverentiam.

552 952 677 1006 Post
705 947 1140 1020 protonotarium
1177 943 1408 997 veniunt
1445 938 1746 1010 primicerii
1781 937 2057 1002 Barango-

489 1056 609 1095 rum
643 1051 942 1107 omnesque
974 1032 1202 1103 Barangi
1243 1047 1366 1087 cum
1395 1031 1547 1100 ipsis,
1576 1030 1669 1099 qui
1698 1036 1750 1082 et
1778 1028 1880 1097 ipsi
1911 1026 2055 1081 acci-

485 1133 640 1201 piunt
674 1129 899 1184 fercula.
935 1125 1086 1192 Quos
1115 1133 1420 1194 sequuntur
1449 1122 1649 1176 milites
1678 1121 1786 1191 62
1814 1119 1976 1174 aulici
2007 1127 2059 1171 et

479 1221 785 1276 stationarii
815 1228 867 1273 et
896 1219 985 1272 alii
1033 1217 1290 1287 plurimi;
1321 1219 1411 1284 qui
1439 1228 1630 1267 omnes
1661 1228 1689 1264 a
1717 1212 1958 1265 maximo
1991 1210 2057 1262 ad

482 1314 764 1366 minimmu
795 1325 967 1378 usque
996 1325 1058 1362 ex
1097 1298 1258 1360 manu
1298 1306 1476 1375 magni
1518 1303 1806 1358 domestici
1842 1300 2054 1355 fercula

481 1402 777 1470 accipiunt,
842 1399 1151 1453 ctabeunl.
1211 1396 1348 1449 Cum
1411 1394 1557 1449 enim
1607 1393 1898 1447 domestici
1959 1407 2054 1444 seu

481 1501 761 1546 curatores
807 1490 880 1544 rei
913 1488 1200 1542 familiaris
1260 1487 1465 1541 fercula
1510 1485 1662 1539 humi
1726 1484 1908 1552 posita
1941 1483 2058 1538 suis

484 1583 742 1638 manibus
801 1581 856 1636 in
911 1579 1489 1648 mensa-imperatoris
1541 1584 1812 1645 reponunt
1872 1574 2058 1644 (hujus

481 1676 626 1730 enim
692 1672 931 1728 faciendi
984 1681 1115 1725 tunc
1175 1671 1352 1732 solum
1410 1679 1733 1738 potestatem
1811 1664 2054 1732 habent),

485 1780 712 1833 magnus
771 1764 1134 1823 domesticus,
1167 1770 1221 1814 nt
1261 1761 1466 1815 dictum
1519 1769 1622 1824 est,
1660 1775 1722 1811 ea
1762 1774 1825 1812 ex
1867 1772 2055 1810 mensa

488 1859 624 1911 tollit
685 1868 740 1910 et
799 1854 1012 1909 dividit.
1065 1852 1184 1918 Quo
1215 1862 1393 1906 autem
1423 1863 1666 1922 tempore
1715 1851 1817 1904 ista
1848 1849 2050 1904 fercula

484 1949 802 2011 distribuit,
861 1947 905 2001 si
962 1961 1067 2014 qua
1105 1959 1162 1998 re
1223 1945 1523 2013 imperator
1584 1943 1790 1997 interea
1864 1949 2054 2010 egeat,

485 2042 820 2096 domesncus
849 2050 900 2093 et
938 2036 1227 2106 praefectus
1257 2049 1455 2090 mensa:
1495 2033 1846 2089 subveniunt.

2242 381 2474 432 Ἔπειτα
2497 374 2686 447 κράζει
2713 376 2838 437 τοὺς
2869 373 3140 445 ἄρχοντας
3193 375 3402 437 πάντας
3437 373 3726 442 ὀνομαστὶ.

2166 476 2328 546 μέχρι
2379 474 2474 526 καὶ
2520 469 2705 523 αὐτῶν
2753 469 2974 522 πάντων
3005 465 3114 520 τῶν
3165 468 3473 537 σκαράνικα
3496 468 3725 538 φορούντ

2088 563 2094 568 ’
2161 585 2268 622 των
2319 566 2590 620 κόκκινα.
2643 563 2754 616 Καὶ
2807 545 3026 614 πάντων
3073 560 3295 630 μίνσους
3348 558 3730 629 λαμϐανόντων
3803 557 3816 572 ‘

2159 660 2445 730 ἐξέρχεται
2522 655 2646 710 οὐδὲ
2713 650 2816 716 εἷς,
2879 652 3016 706 ἀλλὰ
3079 652 3281 714 πάντες
3337 651 3585 703 ἵστανται
3651 653 3730 714 εἰς

2160 753 2287 815 τοὺς
2326 749 2524 812 τόπους
2557 743 2746 800 αὐτῶν
2771 745 2862 798 διὰ
2895 747 2998 814 τὴν
3023 745 3120 798 τοῦ
3146 743 3385 813 μεγάλου
3407 742 3730 812 δομεστίκου

2160 846 2347 914 τιμήν.

2237 936 2473 988 Ἔπειτα
2534 932 2676 1002 μετὰ
2733 916 3319 998 τδῶπρὼτονοτάριον
3371 925 3624 995 ἔρχονται
3681 925 3732 975 oi.

2162 1027 2562 1096 πριμμικὴριοι
2614 1015 2665 1076 οἱ
2719 1022 2826 1074 τῶν
2904 1020 3212 1091 Βαράγγων
3283 1019 3376 1070 καὶ
3423 1017 3624 1078 πάντες
3678 1017 3731 1067 οι

2161 1118 2444 1188 Βάραγγοι
2479 1113 2595 1183 μετ’
2629 1112 2832 1182 αὐτῶν,
2864 1111 2958 1164 καὶ
2989 1109 3331 1174 λαμϐάνουσι
3381 1109 3603 1178 μίνσους
3633 1108 3742 1160 καὶ·

2162 1203 2339 1262 οὗτοισ
2381 1207 2494 1277 μετ’
2548 1206 2745 1266 αὐτοὺς
2773 1204 3105 1274 στρατιῶται
3135 1203 3228 1254 καὶ
3272 1202 3590 1273 παραμ.ονα“ι
3634 1201 3733 1253 καὶ

2163 1303 2346 1372 ἕτεροι
2382 1299 2646 1372 πλεῖστοι.
2681 1299 2953 1357 ’Λπαντες
2983 1298 3041 1349 δὲ
3069 1295 3215 1347 οὗτοι
3245 1293 3354 1347 ἀπὸ
3412 1293 3504 1347 τοῦ
3565 1310 3734 1360 μεγα-

2162 1365 2401 1456 λωτέρου
2433 1365 2595 1458 μέχρι
2625 1387 2722 1439 καῖ
2746 1385 2840 1438 τοῦ
2876 1384 3207 1454 μικροτέρου
3237 1381 3327 1434 διὰ
3357 1382 3459 1450 τῆς
3502 1380 3599 1433 τοῦ
3635 1398 3735 1450 με-

2162 1481 2332 1550 γάλου
2360 1480 2690 1548 δομεστίκου
2728 1477 2914 1547 χειρὸς
2945 1477 3289 1546 λαμϐάνουσι
3319 1477 3446 1538 τοὺς
3489 1474 3732 1545 μίνσους,

2163 1575 2257 1627 καὶ
2298 1574 2671 1643 ἀπέρχονται*
2703 1571 2813 1624 τῶν
2842 1573 2950 1642 γάρ
2974 1570 3068 1623 τοῦ
3093 1568 3444 1638 δομεστικίου
3477 1568 3736 1636 δομεστί-

2166 1685 2277 1720 κων
2301 1666 2426 1728 τοὺς
2462 1666 2549 1718 ἐπ’
2587 1665 2825 1732 ἐδάφους
2854 1663 3142 1730 κειμένους
3179 1663 3404 1732 μίνσους
3433 1660 3736 1714 δι’ὲαυτῶν

2162 1758 2243 1818 είς
2291 1759 2350 1810 τὸ
2405 1758 2576 1827 ἄκρον
2624 1757 2722 1824 τῆς
2786 1755 3075 1825 βασιλικῆς
3141 1753 3426 1825 τραπέζης
3476 1754 3739 1806 τιθέντων

2162 1851 2278 1918 (καὶ
2317 1849 2428 1916 γὰρ
2459 1849 2679 1917 ἔχουσιν
2709 1848 2857 1900 οὗτοι
2888 1847 2974 1899 ἐπ’
3007 1848 3190 1909 ἀδείας
3246 1846 3407 1899 τοῦτο
3459 1847 3582 1898 τότε
3635 1849 3755 1903 καὶ,
3812 1897 3822 1904 _

2164 1943 2325 2012 μόνον
2362 1943 2562 2012 ποιεῖν)
2597 1943 2624 1994 δ
2667 1943 2838 2012 μέγας
2863 1941 3212 2011 δομέ-στικος,
3249 1940 3325 2003 ὡς
3355 1940 3592 2008 εἴρηται,
3621 1939 3732 1990 ἀπὺ

2161 2035 2260 2103 τῆς
2299 2033 2583 2104 τραπέζης
2640 2027 2862 2097 τούτους
2926 2033 3176 2103 ἀπαίρων
3229 2031 3531 2084 διαδίδωσι.
3587 2027 3735 2082 Ka't’

484 2136 550 2204 ἣν
593 2138 638 2190 δ’
673 2137 820 2205 ὤραν
851 2131 1005 2195 οὗτος
1052 2131 1184 2192 τοὺς
1214 2129 1501 2190 τοιούτους
1532 2127 1780 2196 διανέμει
1816 2125 2062 2196 μὶνσους,
2101 2126 2264 2197 εἰπερ
2303 2129 2329 2180 ὁ
2362 2128 2613 2198 βασιλεὺς
2645 2131 2700 2180 ἐν
2740 2129 2899 2197 χρείᾳ
2966 2126 3113 2190 τινδς
3185 2125 3417 2193 γένοιτο,
3469 2123 3623 2194 παρὰ
3672 2140 3737 2176 τε

484 2233 578 2284 τοῦ
615 2227 943 2298 δομεστίκου
987 2228 1081 2279 καὶ
1114 2223 1208 2276 τοῦ
1257 2225 1348 2276 ἐπὶ
1374 2224 1472 2286 τῆς
1531 2218 1814 2289 τραπέζης
1840 2219 2220 2288 ὑπηρετεῖται.

491 2349 496 2354 ·
554 2325 819 2394 Caeterum
853 2322 1141 2390 postquam
1177 2331 1405 2386 magnus
1439 2311 2056 2370 domesﬁcus'omnibus

486 2415 691 2471 fercula
738 2412 1018 2481 impertiit,
1086 2410 1390 2464 domestico
1431 2415 1484 2461 et
1535 2403 1792 2474 prmi'ecto
1857 2417 2059 2457 mensm

489 2505 892 2567 recedentibus,
940 2501 1256 2570 imperatori
1302 2499 1498 2551 iterum
1532 2497 1804 2550 miniStrat
1833 2508 2058 2564 magnus

487 2597 844 2658 tiOlﬂCSliCllS,
885 2593 999 2661 qui,
1053 2601 1110 2644 ut
1165 2591 1496 2658 explicatum
1542 2597 1646 2648 est,
1680 2586 1940 2641 omnibus
1967 2586 2060 2638 dat

487 2688 690 2744 fercula
721 2704 732 2739 :
761 2699 956 2752 magno
983 2693 1162 2737 autem
1190 2681 1738 2748 domesticojipsemet
1771 2682 2064 2746 imperator

479 2796 583 2836 sua
617 2794 777 2832 manu
815 2776 1083 2830 ferculum
1131 2773 1388 2841 porrigit.
1909 2763 1917 2770 ’

559 2871 622 2923 Et
648 2884 772 2923 vasa
799 2868 1018 2938 quidem
1047 2866 1373 2940 ferculorum
1393 2879 1511 2931 quae
1545 2862 1667 2916 aliis
1694 2862 1911 2924 dantur,
1944 2861 2059 2914 sive

488 2979 649 3017 aurea
685 2962 794 3017 sint
851 2961 964 3012 sive
1014 2967 1300 3034 argentea,
1381 2970 1576 3010 rursus
1633 2953 1949 3008 inferuntur
1999 2951 2053 3005 in

489 3053 848 3109 vestiarium:
887 3060 938 3102 at
969 3063 1066 3102 vas
1104 3047 1239 3101 illud
1277 3047 1420 3115 quod
1459 3060 1690 3115 magnus
1723 3041 2054 3097 domesticus

489 3163 550 3200 ex
587 3142 932 3213 imperatoris
985 3156 1145 3194 manu
1172 3140 1392 3208 accipit.
1437 3138 1552 3192 sive
1577 3151 1802 3191 aureum
1842 3135 1914 3189 sit
1944 3135 2059 3190 sive

490 3225 826 3305 argenteum,
885 3249 992 3285 non
1058 3230 1286 3284 infertur
1323 3229 1559 3298 amplius
1611 3230 1660 3280 in
1715 3226 2054 3286 vestiarium,

491 3328 583 3383 scd
636 3341 864 3395 magnus
925 3323 1258 3378 domesticus
1303 3331 1582 3388 tanquam
1639 3319 1742 3374 sibi
1796 3318 2054 3371 donatum

493 3421 710 3476 retinet.

560 3512 794 3566 Sublata.
834 3523 1034 3563 mensae
1095 3523 1323 3576 mappa,
1383 3520 1507 3558 cum
1589 3504 1919 3564 domesticus
1977 3503 2053 3555 rei

494 3604 806 3658 domestica:
837 3615 1031 3668 panem
1071 3597 1247 3652 adfert
1273 3597 1327 3650 in
1375 3597 1715 3666 panagiario,
1753 3597 2055 3662 imperator

489 3695 670 3750 statim
700 3695 894 3760 surgit.
929 3689 1240 3746 Scabellum
1283 3700 1413 3740 Vero
1446 3685 1591 3755 quod
1619 3687 1917 3753 imperator
1948 3682 2054 3752 63

492 3786 720 3855 pedibus
754 3783 972 3852 premit,
1022 3782 1284 3850 juvenum
1311 3778 1602 3848 quispiam
1630 3791 1696 3829 ex
1728 3777 1793 3830 iis
1829 3775 1920 3844 qui
1950 3776 2054 3827 iiii-

491 3881 724 3948 peratori
747 3876 1014 3944 sanguine
1038 3875 1346 3943 junguntur
1371 3880 1424 3925 et
1450 3871 1567 3924 sine
1596 3869 1789 3937 capitis
1820 3866 2056 3936 tegmine

490 3974 542 4024 in
579 3971 701 4025 aula
731 3978 1040 4026 versantur.
1097 3981 1394 4020 accurrens
1426 3972 1658 4027 utraque
1691 3977 1850 4014 manu
1889 3969 2054 4022 tenet,

491 4076 548 4114 ιιι
606 4063 904 4129 imperator
940 4059 1150 4112 firmius
1202 4060 1490 4112 consistat.
1544 4056 1710 4107 Porro
1771 4051 2058 4118 pra-fcinus

491 4166 690 4205 mensa:
719 4157 1001 4223 acceptum
1031 4162 1124 4202 vas
1157 4148 1530 4216 pauagiarium
1567 4158 1767 4198 mensa:
1801 4140 2055 4210 imponit,

492 4255 543 4299 t-t
581 4245 798 4297 elevans
861 4256 1051 4310 panem
1075 4238 1364 4307 banagiam
1415 4240 1620 4291 dictum
1647 4235 1740 4288 dat
1774 4235 1924 4293 illum
1957 4234 2054 4286 do-

493 4335 721 4388 mestico
751 4345 973 4398 mensae,
1007 4331 1096 4384 ille
1123 4345 1320 4398 magno
1351 4329 1675 4389 domestico,
1702 4327 1791 4381 hic
1817 4327 2056 4394 impera-

2240 2315 2393 2368 Μετὰ
2423 2311 2479 2367 δὲ
2510 2314 2567 2366 τὸ
2592 2316 2682 2366 τὸν
2743 2315 2917 2381 μέγαν
2978 2312 3298 2382 δομὲστικιν
3345 2315 3477 2382 πρὸς
3526 2315 3739 2373 πάντας

2163 2407 2440 2476 διανεῖμαι
2468 2409 2594 2468 τοὺς
2616 2407 2861 2474 μίνσους.
2901 2406 2996 2458 τοῦ
3023 2395 3349 2474 δομεστίκου
3388 2405 3480 2457 καὶ
3509 2404 3604 2458 τοῦ
3637 2399 3737 2456 ἐπῖ

2165 2497 2264 2566 τῆς
2292 2496 2580 2566 τραπέζης
2613 2496 3115 2565 ὑποχιιιρησάντων,
3167 2497 3434 2565 ὑπηρετεῖ
3468 2495 3623 2548 αὖθις
3655 2495 3740 2562 τῷ

2165 2588 2436 2655 βασιλεῖδ
2475 2588 2651 2658 μέγας
2678 2589 3018 2655 δομέστικος.
3073 2588 3167 2640 καὶ
3227 2589 3364 2640 πᾶσι
3422 2587 3522 2654 μὲν
3579 2579 3739 2648 οὗτος

2163 2679 2438 2732 διαδίδωσι
2477 2682 2605 2743 τοὺς
2640 2682 2885 2750 μίνσους,
2917 2679 2989 2742 ὡς
3019 2679 3259 2749 εἴρηται,
3293 2678 3472 2750 τούτῳ
3509 2677 3606 2730 ﬁeri
3634 2677 3739 2746 βα-

2161 2773 2343 2836 σιλεὺς
2367 2774 2730 2844 αὐτοχείρως.

2232 2866 2254 2882 ’⁷
2280 2868 2393 2918 Οσα
2423 2868 2520 2935 μὲν
2542 2867 2634 2920 οὖν
2656 2868 2833 2928 ἄλλοις
2855 2867 3082 2921 δίδονται
3105 2868 3216 2920 εἴτε
3257 2869 3454 2937 χρυσία
3494 2870 3604 2924 εἴτε
3635 2875 3738 2940 ἀρε

2160 2960 2327 3026 γύρια
2363 2959 2451 3012 διὰ
2511 2960 2743 3028 μὶνσων.
2781 2960 3188 3029 εἰσκομίζονται
3243 2960 3396 3025 αὖθις
3427 2965 3509 3026 εἰς
3557 2964 3616 3018 τὸ
3647 2965 3738 3030 Bs-

2167 3051 2416 3120 στιάριον
2437 3065 2450 3080 ‘
2489 3052 2546 3105 τὸ
2575 3053 2632 3105 δὲ
2663 3054 2858 3112 σκεῦος
2893 3053 2920 3105 ὃ
2953 3054 3128 3121 μέγας
3175 3054 3494 3124 δομὲστικος
3521 3057 3607 3110 διὰ
3633 3058 3738 3125 τῆς

2163 3142 2257 3194 τοῦ
2296 3142 2567 3210 βασιλέως
2597 3145 2868 3213 λαμϐάνει
2917 3147 3120 3214 χειρὸς,
3160 3148 3268 3198 εἴτε
3323 3149 3564 3216 χρυσοῦν
3620 3153 3737 3206 εἴτε

2161 3231 2442 3301 ἀργυροῦν
2469 3233 2578 3301 εἴη,
2599 3232 2974 3302 εἰσκομίζεται
3008 3234 3281 3305 οὐδαμῶς,
3300 3237 3416 3290 ἀλλ’
3442 3239 3739 3308 {It-3156.0

2160 3320 2330 3390 δῶρον
2363 3322 2547 3384 αὑτός.

2241 3507 2474 3566 Ἔπειτα
2521 3508 2662 3575 μετὰ
2701 3510 2759 3560 τὸ
2808 3512 3120 3581 ἀπαρθῆναι
3171 3517 3229 3566 τὸ
3270 3514 3598 3582 ’μινσάλιον,
3638 3515 3734 3568 τσῦ

2160 3601 2486 3667 δομεστξκου
2518 3599 2612 3651 τοῦ
2647 3602 3024 3668 δομεστικείου
3073 3606 3398 3675 κομίσαντος
3451 3608 3616 3677 ἄρτον
3668 3609 3730 3659 ὲν

2163 3691 2593 3760 παναγιαρίῳ,δ
2647 3686 2905 3760 βασιλεῖές
2938 3696 3138 3758 εὐθέως
3195 3697 3503 3760 ἀνίστακιι.
3557 3701 3621 3750 '0
3674 3698 3734 3750 δὲ

2163 3781 2324 3831 πατεῖ
2345 3781 2688 3846 σουππέδιον,
2733 3781 2839 3834 τῶν
2857 3785 2933 3853 τῷ
2960 3784 3177 3854 βασιλεῖ
3204 3788 3346 3840 κατὰ
3372 3789 3530 3856 γένος
3563 3805 3716 3858 προσ-

2164 3871 2406 3938 ηκόντων
2439 3871 2575 3924 νέων
2617 3874 2724 3935 ἀπὸ
2753 3874 2863 3928 τῶν
2895 3877 3154 3930 ἁσκεπῶν
3215 3897 3299 3941 τις
3329 3880 3554 3948 δραμὼν
3617 3884 3723 3948 ἁμ-

2165 3964 2423 4029 φοτέραις
2451 3953 2691 4034 κατέχει
2716 3969 2925 4036 χερσὶν,
2953 3967 3094 4021 ὥστε
3128 3970 3217 4022 τὸν
3251 3971 3472 4039 βασιλέα
3503 3973 3732 4040 sapae».-

2167 4057 2376 4107 πατεῖν.
2408 4056 2478 4106 Τὸ
2509 4056 2565 4108 δέ
2597 4075 2655 4120 γε
2686 4052 3056 4130 παναγιάριον
3085 4066 3112 4116 ὁ
3144 4065 3236 4117 ἐπὶ
3291 4067 3391 4130 τῆς
3446 4067 3732 4136 τραπέζης

2164 4144 2346 4198 λαϐὼν
2382 4148 2566 4201 ἐπάνω
2595 4149 2782 4217 τίθησι
2803 4151 2903 4220 τῆς
2932 4156 3234 4222 τραπέζης,
3286 4159 3378 4209 καὶ
3410 4157 3562 4226 ὑψῶν
3595 4175 3735 4211 παν-

2166 4235 2326 4299 αγίαν
2387 4236 2569 4289 δίδωσι
2631 4239 2834 4308 ταύτην
2903 4242 2982 4311 τῷ
3057 4244 3390 4312 δομεστίκῳ,
3477 4248 3504 4297 δ
3548 4247 3604 4300 δὲ
3652 4248 3733 4313 τῷ

2171 4326 2393 4393 μεγάλῳ
2441 4328 2774 4398 δομεστίκῳ,
2841 4325 2998 4395 οὗτος
3059 4334 3113 4386 δὲ
3183 4336 3260 4402 τῷ
3328 4337 3556 4404 βασιλεῖ.
3618 4338 3734 4391 Καὶ

494 4427 619 4479 turi.
693 4423 757 4476 Et
804 4437 966 4490 quam
1030 4421 1264 4489 primum
1326 4419 1610 4487 panagiam
1679 4416 1760 4468 ori
1841 4414 2053 4474 inserit,

2165 4415 2276 4483 ἅμα
2331 4417 2409 4485 τῷ
2463 4421 2738 4486 παναγίαν
2794 4420 2978 4475 λαϐεῖν
3036 4425 3196 4494 ἐντῷ
3251 4427 3479 4491 στόματι
3533 4429 3735 4490 πάντες

491 4528 681 4568 «mines
709 4513 1002 4566 accinunt:
1033 4510 1144 4564 «Ad
1181 4508 1381 4562 multos
1411 4523 1638 4563 annos.)
1669 4506 1734 4560 Et
1765 4506 2050 4561 confestim

493 4609 751 4676 pincerna
777 4603 890 4656 viui
919 4612 975 4657 et
1015 4616 1166 4672 aqua:
1199 4599 1613 4670 poculodisrum
1639 4598 2052 4668 supponeudum

489 4697 644 4752 alii-rt
678 4710 800 4752 cum
827 4693 1057 4758 mantili,
1082 4692 1209 4762 quia
1243 4690 1512 4745 monsaria
1541 4689 1863 4759 mappajam
1897 4698 2053 4743 antea

487 4790 669 4843 ablata
703 4787 828 4852 fuit,
863 4794 922 4840 ut
955 4786 1158 4841 dictum
1193 4791 1298 4838 est.

563 4879 808 4934 Posthaec
859 4880 1185 4947 imperatore
1251 4875 1568 4936 considente
1595 4918 1607 4934 ,
1645 4890 1840 4944 magno
1870 4883 2050 4927 autem

489 4973 817 5031 domestico,
878 4971 1182 5024 domestico
1212 4978 1264 5022 ct
1291 4971 1550 5037 pra-fcero
1585 4983 1786 5020 mensa:
1811 4982 2051 5021 mensam

477 5062 894 5142 amolientibus.
937 5061 1381 5130 accipiuutillam
1419 5061 1492 5113 rei
1517 5059 1830 5113 domestica:
1859 5058 2049 5111 dome—

486 5155 609 5208 stici
639 5154 757 5208 sive
812 5152 1144 5206 administri.
1186 5150 1388 5206 Tribus
1419 5167 1550 5205 vero
1588 5151 1694 5204 illis
1735 5149 2048 5218 imperatori

485 5243 847 5296 reverentiam
911 5241 1319 5304 exliibeutibus,
1358 5241 1495 5295 dicit
1527 5242 1824 5308 imperator
1855 5253 2050 5306 magno

485 5331 786 5387 domestico
809 5347 1008 5388 sonora
1036 5347 1194 5385 voce:
1258 5331 1364 5382 «Ad
1402 5332 1600 5383 inultos
1635 5345 1827 5391 annos.
1863 5345 2055 5397 magne

485 5423 802 5478 domestice.
865 5443 883 5476 ι
929 5423 1128 5478 Deinde
1189 5425 1468 5490 subjungit
1513 5437 1525 5471 :
1590 5439 1606 5470 ι
1637 5422 1734 5474 Abi
1772 5461 1785 5484 ,
1837 5423 2003 5482 licet,
2035 5439 2053 5469 ι

487 5519 541 5563 et
577 5512 696 5564 sine
724 5526 875 5566 mora
906 5528 1098 5566 omnes
1126 5527 1246 5566 cum
1277 5510 1792 5577 tuagnodomestico
1830 5519 2048 5564 exeunt.

553 5686 824 5744 Caeterum
856 5690 923 5744 ab
945 5689 1171 5760 imperio
1195 5689 1542 5760 Assyriorum
1586 5690 1834 5760 pervenit
1877 5706 2052 5761 usque

2160 4505 2324 4576 βοῶσι
2387 4509 2447 4560 τὸ
2499 4510 2874 4579 πολυχρόνιον.
2946 4513 3056 4566 Καὶ
3097 4516 3125 4565 ὁ
3181 4516 3487 4587 πιγκέρνης
3530 4520 3731 4572 αὐτίκα

2157 4596 2217 4647 τὸ
2274 4597 2367 4649 τοῦ
2421 4601 2684 4668 οἰνοχείου
2729 4602 2887 4669 φέρει
2971 4605 3303 4671 σκουτέλιον,
3363 4609 3582 4678 κρατῶν
3635 4612 3732 4663 καὶ

2164 4686 2475 4753 μανδύλιον,
2514 4689 2636 4741 ἐπεὶ
2678 4692 3030 4760 προαπῆραν,
3095 4695 3170 4756 ὡς
3205 4697 3444 4766 εἴρηται,
3499 4699 3562 4750 τὸ
3611 4717 3728 4769 μιν-

2163 4793 2366 4830 σαλιον.

2233 4863 2362 4919 Εἱτχ
2395 4868 2490 4922 τοῦ
2525 4869 2622 4938 μὲν
2658 4870 2920 4940 βασιλέως
2949 4873 3296 4942 καῦἶσαντος,
3343 4876 3438 4930 106
3464 4878 3522 4929 δὲ
3558 4880 3729 4947 μεγά-

2160 4956 2251 5008 λου
2285 4957 2632 5027 δομεστίκου,
2688 4960 2782 5012 τοῦ
2827 4961 3150 5031 δομεοτίκου
3185 4967 3278 5017 καὶ
3335 4967 3428 5020 106
3495 4971 3587 5023 ἐπὶ
3629 4971 3730 5038 τῆς

2158 5049 2444 5118 τραπέζης
2471 5050 2718 5117 ἀράντων
2747 5052 2841 5121 τὴν
2884 5055 3191 5124 τράπεζαν,
3221 5054 3564 5126 λαμϐάνουσι
3592 5061 3728 5113 ταύ-

2159 5159 2258 5211 την
2294 5144 2342 5194 οί
2374 5144 2468 5195 τοῦ
2502 5144 2878 5212 δομεστικείου
2928 5147 3261 5215 δομέστικοι.
3319 5153 3437 5203 Τῶν
3486 5151 3542 5204 δὲ
3587 5155 3729 5221 μετὰ

2154 5233 2310 5286 τοῦτο
2341 5237 2860 5304 προσκυνησάντων,
2895 5238 3042 5305 λέγει
3069 5242 3098 5292 ὁ
3130 5240 3382 5309 βασιλεὺς
3407 5243 3481 5312 τῷ
3501 5245 3729 5316 μεγάλῳ

2153 5326 2462 5397 δομεστίκῳ
2498 5329 2710 5400 μεγάλῃ
2733 5331 2796 5398 τῇ
2831 5333 2980 5400 φωνῇ
3007 5348 3021 5362 ·
3059 5349 3076 5383 ι
3111 5333 3206 5396 Ei;
3237 5337 3405 5388 πολλὰ
3435 5337 3551 5406 ετη,
3583 5338 3734 5403 μέγα

2156 5419 2470 5486 ὃομέστικε.
2499 5438 2516 5469 ι
2553 5421 2787 5474 Ἔπειτά
2829 5440 2961 5490 φησι
3004 5426 3138 5495 πρὸς
3175 5428 3336 5480 αὐτὸν
3378 5445 3396 5476 ι
3431 5428 3730 5493 Ἀπε>.θε,›

2165 5513 2258 5562 καὶ
2309 5511 2593 5580 παρευθὺς
2637 5514 3052 5584 συνεξέρχονται
3105 5519 3306 5581 πάντες
3333 5519 3409 5588 τῷ
3479 5523 3728 5591 μεγάλῳ

2164 5601 2220 5654 δο
2229 5619 2290 5669 με
2300 5604 2382 5654 στί
2390 5620 2487 5671 κῳ.

2241 5693 2362 5747 Ἔτι
2394 5695 2486 5748 καὶ
2517 5696 2627 5749 ἀπὸ
2673 5697 2777 5749 τῶν
2812 5696 3121 5764 Ἀσσυρίων
3162 5673 3441 5765 βασιλείας
3489 5701 3730 5770 κατῆλθέ
