3992 6240
390 250 464 314 97
1607 256 1866 316 CODINI
1914 257 2433 321 CUROPALA'I‘A’.
3583 264 3652 329 88

397 369 557 418 luunt
591 363 877 416 duodecim
918 378 1206 433 pauperes,
1260 380 1467 435 eosque
1526 350 1960 422 subuculis'sivc

2071 390 2161 425 ται
2197 375 2225 425 6
2256 374 2459 444 νιπτὴρ
2513 373 2675 428 οὕτω.
2733 375 3203 445 Προετοιμάζουσι
3264 375 3516 445 πτωχοὺς
3546 378 3650 429 δάι’-

390 455 616 515 tuutcis.
673 455 845 508 curtis
908 455 1121 508 braccis
1171 470 1266 510 seu
1303 457 1494 525 caligis
1526 467 1577 511 ct
1628 458 1824 512 calceis
1884 473 1974 511 ve-

389 542 586 603 stiunt;
633 552 685 597 et
745 544 1109 613 positapelvi
1174 545 1227 598 in
1283 544 1636 614 imperatoris
1702 547 1972 612 conclavi,

388 644 682 704 protOpapa
714 633 845 687 foris
875 638 940 688 ad
989 637 1208 704 januam
1235 642 1583 702 .consistcns,
1639 639 1974 693 benedictio-

389 738 507 775 nem
580 726 863 791 praemittit
920 744 1042 781 eum
1102 729 1343 797 trisagio.
1387 728 1590 783 Deinde
1658 730 1797 784 lecto
1880 747 1973 800 per

387 809 539 862 illum
592 812 901 881 evangelio,
965 814 1182 882 quando
1234 817 1499 883 processit
1557 833 1729 883 usque
1771 817 1836 869 ad
1884 818 1970 871 illa

389 905 556 974 verba
587 920 601 957 :
644 923 663 956 ι
698 906 862 960 Mittit
898 921 1094 973 aquam
1133 908 1183 959 in
1226 909 1444 976 pelvim,
1479 928 1497 960 ι
1540 909 1775 983 inluuiit
1804 910 1974 979 impeo

386 1007 537 1051 rator
603 988 905 1065 aquam-in
973 1000 1192 1068 pelvim.
1246 1002 1434 1055 Postea
1504 1003 1781 1055 adducunt
1855 1004 1967 1073 jam

383 1096 544 1142 antea
586 1078 923 1158 praeparatos
983 1106 1255 1158 pauperes
1309 1092 1587 1159 sigillatim
1646 1094 1981 1161 quemlibet,

386 1194 615 1247 quorum
656 1181 835 1249 quivis
873 1197 1031 1235 manu
1101 1198 1317 1236 cereum
1387 1184 1667 1237 ardentem
1741 1196 1967 1253 gestat;

387 1280 437 1322 et
473 1270 575 1323 boc
599 1273 818 1339 quidem
856 1275 1099 1338 sedente,
1162 1286 1460 1343 protopapa
1509 1286 1688 1328 autem
1726 1292 1961 1344 evange-

387 1361 515 1414 lium
553 1363 778 1432 legente.
814 1363 1051 1433 illudque
1086 1368 1507 1435 pz'Ottuutiattte:
1548 1387 1564 1417 ι
1596 1367 1772 1435 Cmpit
1812 1368 1969 1423 Jesus

386 1453 570 1508 livare
622 1457 785 1523 pedes
849 1458 1265 1526 discipulorum,
1311 1478 1329 1508 ι
1387 1460 1487 1528 71
1540 1459 1701 1528 idque
1747 1462 1964 1529 saspius,

342 1546 559 1599 'donec
610 1546 818 1601 scilicet
876 1549 1119 1601 oumium
1185 1551 1347 1617 pedes
1436 1550 1753 1612 abluuntur,
1823 1553 1966 1603 lavat

385 1636 714 1713 imperator.
742 1638 998 1693 dextrum
1067 1640 1334 1708 cujusque
1409 1641 1620 1708 pedem,
1686 1642 1965 1711 lutumque

385 1727 635 1791 sindone,
658 1744 763 1797 qua
802 1735 1017 1797 precem.
1041 1743 1127 1782 tus
1150 1741 1251 1793 est,
1292 1732 1555 1801 abs-tergit
1577 1743 1628 1787 et
1658 1736 1961 1792 osculatur.

387 1819 505 1882 Quo
549 1831 766 1887 peracto
813 1822 1137 1874 terminatur
1186 1820 1419 1876 oﬂicium
1470 1823 1706 1877 lotionis.
1761 1825 1965 1879 Dantur

386 1916 569 1962 autem
603 1911 825 1965 cuilibet
855 1914 1080 1980 pauperi
1109 1913 1209 1966 tria
1238 1930 1399 1967 aurea
1430 1916 1781 1971 nomismata.
1806 1918 1962 1973 Post-

388 2005 607 2057 modum
655 2005 943 2059 inchoatur
982 2007 1203 2076 liturgia
1229 2024 1321 2061 seu
1354 2008 1542 2063 inissa.

461 2269 527 2325 Et
554 2274 770 2342 quidem
808 2274 1101 2344 imperator
1150 2276 1322 2331 induit
1352 2295 1414 2333 ex
1470 2280 1802 2349 supradictis
1848 2284 1963 2340 suis

385 2367 786 2436 gestamiuibus
848 2369 1214 2437 quodcunque
1273 2370 1438 2435 Velit;
1499 2386 1751 2438 proceres
1780 2372 1962 2426 lerunt

385 2461 586 2513 usitata
615 2460 715 2514 sibi
746 2460 1087 2514 indumenta.
1134 2462 1257 2515 Post
1318 2450 1623 2517 absolutam
1685 2465 1958 2533 liturgiam

384 2554 497 2605 abit
549 2553 846 2619 imperator
893 2553 945 2604 in
984 2552 1243 2607 conclave
1283 2568 1466 2608 suum.
1502 2554 1683 2610 Mensa
1709 2558 1958 2627 nuspiam

382 2643 696 2698 instruitur.

456 2737 658 2791 Deinde
681 2740 990 2806 praistituto
1025 2750 1267 2809 tempore
1289 2743 1504 2797 canitur
1533 2742 1769 2797 ollicium
1822 2742 1960 2812 vigi-

384 2831 491 2895 liae,
524 2832 577 2884 in
634 2844 745 2897 quo
803 2831 1053 2898 leguntur
1114 2830 1402 2884 duodecim
1448 2832 1769 2901 evangelia;
1832 2842 1959 2886 tunc

382 2911 699 2993 imperatori
762 2936 791 2975 a
841 2931 1134 2991 protupapa
1190 2923 1411 2992 grandis
1459 2939 1651 2977 cereus
1687 2924 1956 2989 traditur,

382 3016 606 3084 reliquis
636 3024 817 3067 autem
864 3017 1182 3081 proceribus
1236 3021 1290 3066 ct
1321 3016 1461 3069 intra
1491 3025 1545 3070 et
1587 3025 1735 3069 extra
1781 3016 1954 3069 tricli~

334 3160 339 3163 .
387 3109 537 3163 nium
575 3108 772 3162 dantur
817 3108 956 3161 cerei
988 3146 1003 3171 ,
1030 3108 1188 3162 sicuti
1232 3109 1283 3160 in
1338 3109 1478 3161 festo
1511 3094 1821 3161 Luminnui.
1856 3111 1957 3163 tle-

394 3216 546 3254 reum
604 3215 763 3255 suum
830 3209 1006 3265 gestat
1064 3200 1399 3268 iii.pet‘ator,.
1440 3198 1567 3251 dum
1617 3198 1956 3267 evangelium

384 3291 600 3360 legitur.
656 3289 916 3346 Lectione
996 3292 1145 3345 tinita
1216 3306 1499 3359 procerum
1556 3293 1825 3360 quispiam
1894 3308 1956 3345 ex

386 3384 831 3440 lionoratioribus
878 3396 1156 3453 acceptum
1222 3384 1291 3438 ab
1340 3384 1664 3454 imperatore
1739 3400 1958 3439 cereum

383 3478 643 3548 majorem
677 3477 841 3530 tradit
872 3476 1034 3531 alicui
1070 3491 1239 3545 puero
1270 3478 1471 3545 ,aulfco
1489 3492 1557 3531 ex
1582 3476 1688 3530 i'lis
1710 3476 1806 3551 (qui
1836 3476 1961 3531 nul-

383 3572 436 3625 lo
465 3571 662 3641 capitis
698 3571 934 3640 tegmine
970 3579 1222 3635 utuntur,
1277 3580 1535 3639 tenetque
1594 3571 1749 3623 illum
1802 3579 1959 3629 extra

380 3666 448 3719 ad
489 3663 815 3719 vestibulum
864 3663 1142 3718 conclavis
1183 3664 1540 3732 imperatorii.
1575 3661 1803 3728 Quando
1829 3676 1960 3715 vero

381 3757 606 3812 alterius
663 3758 932 3826 evangelii
974 3755 1187 3825 legendi
1243 3766 1460 3825 tempus
1509 3754 1729 3824 appetit,
1766 3754 1960 3825 recipit

362 3841 601 3906 ‘cereum
665 3865 830 3919 supra
889 3849 1066 3905 dictus
1117 3848 1205 3902 ille
1234 3865 1297 3901 ex
1353 3863 1637 3917 procerum
1707 3863 1959 3913 numero,

378 3958 617 4011 eumque
672 3943 985 4011 imperatori
1042 3940 1331 4006 tradit;et
1357 3941 1438 3995 sic
1489 3939 1746 4008 deinceps
1789 3956 1959 4009 usque

378 4034 445 4086 ad
476 4034 856 4087 duodcciuuuu
882 4030 1251 4104 evangelium.

450 4123 557 4191 72
592 4123 745 4176 Scire
775 4136 986 4192 oportet
1036 4135 1271 4191 quatuor
1323 4124 1618 4190 quotannis
1653 4122 1867 4193 vigilias
1905 4123 1958 4179 in

379 4214 583 4283 palatio
635 4215 843 4283 peragi,
878 4215 1054 4284 Magni
1098 4217 1347 4276 canonis,
1375 4216 1612 4284 Virginis
1659 4217 1961 4283 acatbistze,

378 4308 831 4361 Aiuiuutiatiouis
874 4316 928 4361 et
979 4307 1185 4372 Magna:
1228 4308 1393 4376 hujus
1446 4307 1595 4361 feria:
1650 4309 1853 4377 quinta:
1903 4309 1958 4369 in

2077 463 2235 529 δεκα,
2262 467 2357 518 καὶ
2388 466 2634 521 ἐνδύουσι
2669 470 2891 530 τούτους
2923 469 3242 535 ὐποκάμισα
3265 468 3375 535 ﬁo):
3396 468 3647 536 χιτῶνας,

2077 559 2550 639 κουρτζουϐράκια
2587 562 2678 614 καὶ
2716 562 3043 626 παπούτζια.
3072 561 3179 613 Καὶ
3209 560 3459 630 τεθείσης
3491 562 3547 613 ὲν
3575 560 3653 629 τῷ

2076 650 2172 703 τοῦ
2207 651 2472 719 βασιλέως
2508 654 2703 721 κελλίῳ
2742 654 3001 721 λεκάνης,
3030 656 3057 707 6
3085 655 3467 723 πρωτοπαπᾶς
3496 655 3651 716 ἐκτὸς

2077 742 2213 810 πρὸς
2249 744 2347 813 τὴν
2381 744 2554 813 θύραν
2598 746 2987 815 εὑρισκόμενος
3026 747 3173 797 ποιεί
3217 745 3515 814 εὐλογητδν
3557 748 3650 798 καὶ

2075 835 2226 901 λέγει
2261 836 2319 888 τὸ
2351 836 2653 905 τρισάγιον.
2690 837 2922 887 Ἔπειτα
2967 836 3061 887 τοῦ
3100 836 3423 902 εὐαγγελίου
3455 837 3647 903 ἀναγι-

2076 927 2424 994 νωσκομένου
2444 927 2573 996 παρ’
2593 928 2779 988 αὑτοῦ,
2804 929 2933 979 ὅταν
2961 927 3115 997 εἴπῃ,
3157 928 3258 979 ιΤὸ
3288 928 3431 997 ὕδωρ
3465 927 3648 997 βάλλει

2075 1020 2154 1079 είς
2185 1019 2275 1070 τὸν
2305 1021 2597 1089 νιπτῆρα.)
2628 1020 2785 1087 ἐγχεῖ
2812 1022 2867 1071 ὲν
2900 1022 2964 1087 τῇ
3009 1018 3213 1090 λεκάνῃ
3241 1020 3299 1070 τὸ
3332 1018 3478 1085 ὕδωρ
3506 1021 3533 1071 6
3555 1019 3653 1086 βαο

2074 1111 2276 1173 σιλεύς.
2308 1107 2438 1164 Εἶτα
2469 1115 2696 1182 φέρουσι
2736 1116 2813 1164 το’
2836 1130 2863 1175 ς
2888 1112 3446 1181 προητοιμασμένους
3483 1112 3648 1181 πένη-

2069 1221 2167 1265 τας
2208 1206 2339 1256 καθτ
2392 1204 2491 1257 ἕνα
2548 1204 2885 1273 βαστάζοντα
2934 1204 3106 1273 κηρὸν
3157 1204 3485 1271 ἁπτόμενον.
3541 1205 3646 1257 Καὶ

2067 1294 2258 1346 τούτου
2312 1295 2412 1361 μὲν
2459 1295 2809 1357 καθίσαντος,
2839 1293 2932 1345 τοῦ
2968 1295 3023 1346 δὲ
3050 1295 3422 1361 πρωτοπαπᾶ,
3456 1293 3531 1354 ὡς
3575 1292 3649 1345 εί-

2068 1402 2252 1454 ρηται,
2276 1386 2336 1438 τὸ
2360 1385 2673 1451 εὐαγγέλιον
2697 1384 3163 1451 ἀναγινώσκοντος
3187 1384 3281 1436 καὶ
3301 1384 3551 1449 λέγοντος
3567 1384 3646 1449 τὸ,

2073 1478 2349 1546 ‹”Ηρξατο
2381 1480 2410 1529 6
2466 1477 2676 1545 Ἰησοῦς
2714 1477 2840 1539 τοὺς
2879 1478 3043 1537 πέδας
3086 1477 3295 1529 νίπτειν
3337 1478 3446 1528 τῶν
3477 1476 3649 1547 μαθη-

2064 1571 2228 1625 τῶν.»
2259 1569 2350 1622 καὶ
2366 1568 2523 1622 τοῦτο
2542 1570 2800 1635 πολλάκις
2825 1568 2987 1637 μέχρι
3018 1568 3264 1636 δηλονότι
3294 1569 3502 1631 πάντας
3524 1587 3646 1636 νιφ-

2070 1661 2250 1729 θῆναι,
2278 1663 2457 1716 νὶπτει
2484 1665 2510 1715 6
2534 1662 2791 1730 βασιλεὺς
2814 1661 2903 1714 τὸν
2918 1661 3089 1726 δεξιὸν
3110 1661 3246 1713 πόδα
3276 1661 3533 1723 ἑκάστου,
3553 1663 3649 1714 καὶ⁵

2071 1753 2492 1819 ἀποσπογγίσας
2521 1754 2609 1829 διά
2644 1754 2739 1822 τῆς
2776 1754 3138 1822 κρεμαμένης
3171 1753 3486 1821 ἔμπροσθεν
3521 1752 3645 1804 τού-

2071 1861 2165 1895 του
2198 1844 2454 1907 σινδόνος,
2485 1844 2577 1895 τὸν
2608 1843 2869 1909 νιφοέντα
2912 1843 3046 1895 πόδα
3087 1843 3395 1905 ἀσπάζεται
3435 1842 3644 1896 τοῦτον.

2070 1936 2176 1988 καὶ
2208 1934 2352 1986 οὕτω
2381 1934 2678 2003 γενομένου
2706 1930 3065 2003 τελειοῦταιή
3105 1932 3200 1985 τοῦ
3229 1934 3492 2003 νιπτῆρος
3525 1934 3646 1985 ἁκο-

2072 2028 2282 2081 λουθία.
2315 2025 2631 2079 Δίδονταιδὲ
2664 2027 2758 2077 καὶ
2781 2026 2862 2077 ὲν¹ι
2878 2025 3095 2093 ἑκάστῳ
3122 2026 3300 2077 αὐτῶν
3332 2026 3434 2078 ἀνὰ
3466 2028 3646 2093 χρυσᾶ

2072 2120 2382 2189 νομίσματα
2434 2118 2581 2188 τρία·
2632 2120 2726 2170 καὶ
2776 2119 2914 2187 μετὰ
2957 2119 3115 2171 τοῦτο
3160 2117 3390 2187 ἄρχεται
3448 2117 3481 2185 ἡ
3533 2115 3643 2168 λει-

2069 2214 2322 2282 τουργία.

2154 2308 2212 2360 '0
2242 2305 2341 2375 μὲν
2373 2301 2465 2359 οὖν
2504 2305 2767 2376 βασιλεὺς
2802 2305 2961 2372 φορεῖ
2989 2304 3050 2355 ἐκ
3085 2302 3194 2355 τῶν
3220 2299 3642 2369 προειρημένων

2072 2401 2394 2470 φορεμάτων
2420 2399 2588 2473 αὐτοῦ
2622 2394 2826 2452 οἷονᾶν
2855 2397 3121 2465 βούλοιτο,
3152 2396 3203 2448 oi
3251 2395 3308 2447 δέ
3337 2410 3399 2462 γε
3439 2392 3641 2461 ἄρχον-

2070 2512 2159 2554 τες
2191 2493 2257 2544 τὰ
2285 2490 2493 2559 συνήθη
2539 2489 2724 2542 αὐτῶν
2770 2488 3064 2557 φορέματα
3102 2486 3367 2546 ἕκαστος’
3407 2484 3547 2553 μετὰ
3584 2482 3645 2534 δὲ

2068 2587 2167 2655 τὴν
2196 2585 2460 2637 ἀπόλυσιν
2493 2583 2797 2652 ἀπέρχεται
2826 2580 2928 2650 μὲν
2958 2583 2987 2633 6
3027 2578 3281 2647 βασιλεὺς
3307 2577 3388 2640 είς
3417 2575 3498 2627 ’τὸ
3522 2572 3645 2626 κέλ·-

2067 2679 2179 2732 λιον
2205 2677 2371 2729 αὐτοῦ
2391 2694 2407 2708 ⁸
2434 2676 2687 2745 τράπεζα
2720 2674 2778 2727 δὲ
2808 2671 3069 2741 οὐδαμοῦ.

2160 2771 2395 2823 Ἔπειτα
2451 2767 2713 2833 ψάλλεται
2770 2767 2802 2829 ἠ
2848 2766 2947 2831 τῆς
3002 2764 3310 2833 ἀγρυπνίας
3344 2760 3639 2814 ἀκολουθία

2068 2862 2206 2913 κατὰ
2246 2862 2337 2913 τόν
2376 2859 2709 2927 τεταγμένον
2739 2857 2949 2925 καιρὸν,
2974 2856 3079 2908 καθ
3098 2857 3110 2874 ⁸
3131 2856 3196 2926 ἣν
3226 2853 3637 2921 ἁναγινώσκονυ

2066 2971 2155 3004 ται
2190 2955 2253 3003 τὰ
2283 2952 2489 3003 δώδεκα
2506 2950 2816 3017 εὐαγγέλια,
2849 2950 2936 3002 ὅτε
2965 2948 3041 3018 τῷ
3062 2948 3157 3014 μὲν
3180 2946 3394 3013 βασιλεί
3431 2946 3639 2998 δίδοται
3716 2995 3739 3011 ,

2062 3045 2281 3111 λαμπὰς
2310 3043 2456 3112 παρὰ
2480 3042 2574 3094 τοῦ
2602 3042 2969 3111 πρωτοπαπᾶ,
2985 3042 3097 3101 τοῖς
3116 3039 3169 3091 δὲ
3189 3040 3392 3099 λοιποῖς
3413 3037 3642 3106 ἄρχουσι

2071 3139 2226 3196 πᾶσι,
2274 3137 2383 3195 τοῖς
2405 3150 2465 3184 τε
2540 3134 2690 3193 ἐντὸς
2723 3133 2817 3185 καὶ
2843 3133 2999 3194 ἐκτὸς
3025 3130 3117 3183 τοῦ
3145 3130 3447 3200 τρικλίνου,
3476 3129 3644 3196 κηροὶ

2065 3226 2139 3287 ὡς
2198 3226 2294 3277 καὶ
2340 3225 2483 3278 κατὰ
2533 3224 2630 3291 τὴν
2664 3223 2771 3276 τῶν
2822 3212 3019 3292 φώτων
3058 3226 3317 3293 ἡμέραν·
3353 3224 3544 3291 ἥντινα
3576 3222 3641 3289 δὴ

2061 3316 2321 3384 λαμπάδα
2346 3317 2500 3384 φέρει
2541 3318 2567 3367 ὁ
2606 3317 2859 3384 βασιλεὺς
2886 3317 2981 3370 τοῦ
3031 3318 3351 3384 εὐαγγελίου
3375 3317 3644 3382 ἀναγινω-

2064 3409 2355 3478 σκομένου,
2388 3410 2481 3462 καὶ
2522 3411 2663 3477 μετὰ
2687 3410 2785 3477 τὴν
2832 3410 3024 3463 τούτου
3069 3410 3335 3462 ἀπόλυσιν
3368 3411 3395 3461 ὁ
3428 3407 3647 3475 ἐντιμό-

2060 3516 2218 3570 τερος
2240 3501 2350 3553 τῶν
2379 3499 2835 3569 καθευρεθέντων
2869 3502 3049 3554 ἐκεῖσε
3108 3501 3389 3569 ἀρχόντων
3414 3499 3522 3551 άπὸ
3543 3496 3642 3550 τοῦ

2063 3590 2333 3659 βασιλέως
2382 3592 2680 3661 λαμϐάνων
2725 3591 2950 3660 χειρῶν
2982 3592 3065 3644 ἑνὶ
3125 3592 3236 3643 τῶν
3260 3590 3645 3643 παιδοπούλων

2060 3683 2277 3734 δίδωσιν
2302 3685 2559 3745 ἀσκεπεῖ,
2606 3686 2701 3736 καὶ
2741 3685 2965 3752 κατέχει
3000 3682 3105 3746 ἔξω
3138 3682 3269 3751 περὶ
3292 3682 3361 3735 τά
3390 3680 3641 3751 πρόθυρα

2060 3774 2156 3827 τοῦ
2190 3775 2403 3828 κελλίου
2426 3774 2524 3827 τοῦ
2552 3775 2841 3843 βασιλέως.
2894 3775 3001 3827 Καὶ
3027 3775 3114 3826 ὅτε
3146 3792 3209 3841 γε
3251 3775 3413 3828 πάλιν
3455 3773 3641 3841 μέλλει

2061 3868 2483 3937 ἀναγνωσθῆναι
2524 3868 2711 3937 ἓτερον
2744 3867 3081 3933 εὐαγγέλιον,
3117 3868 3144 3918 6
3174 3865 3433 3935 δηλιυθεὶς
3456 3865 3642 3933 ἄρχων

2062 3958 2159 4029 τὴν
2188 3958 2453 4029 λαμπάδα
2501 3959 2800 4028 λαμϐάνων
2834 3959 3052 4011 δίδωσιν
3082 3954 3239 4020 αὖθις
3266 3958 3344 4027 τῷ
3384 3957 3638 4027 βασιλεῖ’

2062 4050 2296 4121 καθεξῆς
2330 4051 2531 4118 ὁμοίιος
2567 4052 2728 4120 μέχρι
2766 4053 2859 4103 καὶ
2898 4052 3009 4103 τῶν
3045 4053 3281 4106 δώδεκα.

2130 4146 2224 4194 Δεῖ
2251 4144 2309 4194 δὲ
2349 4142 2638 4209 γινώσκειν
2698 4145 2779 4196 ὅτι
2826 4146 2881 4195 ὲν
2932 4144 3010 4211 τῷ
3050 4144 3300 4213 παλατίῳ
3368 4144 3639 4212 τέσσαρες

2061 4235 2361 4304 ἀγρυπνίαι
2423 4236 2664 4303 γίνονται
2723 4233 2845 4287 κατ’
2906 4235 3181 4300 ἐνιαυτὸν,
3245 4234 3341 4288 τοῦ
3398 4235 3638 4304 μεγάλου

2062 4326 2308 4387 κανόνος,
2372 4327 2474 4395 τῆς
2532 4327 2855 4390 ἁκαθίστου,
2908 4326 3488 4397 τοῦέὑαγγελισμοῦ,
3544 4326 3641 4378 καὶ

380 4415 537 4451 ειμιιιι
579 4398 818 4453 Domini.
860 4399 923 4451 Et
950 4403 1001 4451 in
1035 4400 1187 4453 bisce
1221 4397 1419 4467 vigiliis
1473 4400 1770 4469 imperator
1804 4401 1955 4470 eligit

2069 4418 2201 4470 κατὰ
2253 4419 2460 4486 ταύτην
2503 4418 2604 4488 τὴν
2668 4419 2915 4487 μεγάλην
2959 4420 3189 4488 ἑορτήν·
3245 4420 3337 4471 καὶ
3377 4418 3458 4470 ὃτι
3485 4420 3512 4470 ὁ
3541 4416 3641 4485 μὲν

379 4493 485 4547 sibi
530 4491 794 4545 arbitratu
831 4506 931 4544 suo
984 4491 1241 4544 conclave
1274 4530 1289 4552 ,
1349 4502 1405 4545 ut
1448 4492 1689 4546 divinum
1722 4493 1953 4547 ollicium

378 4586 563 4639 audiat
593 4602 608 4651 ;
646 4598 899 4653 proceres
952 4583 1247 4638 triclinium
1275 4596 1566 4655 occupant.

449 4764 495 4819 Α
522 4764 694 4833 prima
721 4762 903 4832 vigilia
942 4763 1325 4833 peregrinatur
1355 4766 1409 4820 in
1440 4768 1640 4836 palatio
1666 4769 1957 4825 sanctissi-

375 4856 755 4927 mm'Deipara:
785 4858 1115 4925 bodegetriae
1146 4857 1350 4928 imago,
1379 4870 1433 4914 et
1462 4860 1532 4914 ibi
1570 4874 1747 4917 manet
1780 4879 1956 4933 usque

375 4948 442 5003 ad
477 4964 725 5019 magnam
788 4948 1124 5003 Dominicam
1174 4948 1395 5005 Pascha:
1435 4968 1450 5016 ;
1486 4955 1573 5008 cui
1612 4954 1834 5024 imagini
1861 4972 1954 5010 ve—

334 5070 339 5075 -
376 5042 544 5094 nienti
577 5043 817 5096 occurrit
855 5041 1152 5112 imperator
1181 5047 1248 5098 ad
1298 5046 1472 5113 ipsam
1514 5056 1726 5115 portam
1766 5048 1952 5116 palatii

375 5132 532 5185 aulas.
594 5131 846 5187 Secunda
894 5148 1021 5187 vero
1074 5133 1358 5189 Paschatis
1410 5137 1700 5190 abeuntem
1730 5137 1954 5192 deducit

375 5239 548 5291 usque
581 5224 645 5278 ad
679 5225 862 5278 locum
885 5225 1305 5280 Blacbernarum
1358 5229 1421 5280 τά
1457 5226 1951 5297 Titan-dictum;

375 5328 430 5371 et
455 5316 595 5371 facta
622 5317 692 5372 ibi
741 5317 1127 5387 imperatorum
1153 5322 1682 5379 commemoratione
1717 5323 1953 5394 impera-

375 5414 463 5459 tor
494 5410 805 5463 revertitur.

949 5502 1175 5558 CAPUT
1214 5504 1353 5559 XIII.

372 5590 535 5647 [lora
576 5609 779 5663 magna:
808 5594 1122 5652 Parati-eve:
1155 5609 1204 5652 et
1228 5600 1466 5668 ofﬁcium
1497 5602 1681 5676 Magni
1718 5609 1945 5667 Sabbati

445 5684 639 5756 Magna
679 5686 972 5747 t’arasccvc
1006 5702 1278 5748 canuntur
1308 5692 1454 5751 liora:
1503 5712 1625 5752 cum
1671 5700 1946 5773 tropariis,

2067 4511 2320 4581 βασιλεὺς
2372 4510 2587 4564 ἵσταται
2622 4511 2679 4564 ὲν
2708 4504 2751 4578 ᾧ
2789 4512 2855 4564 ἂν
2893 4512 3003 4563 τῶν
3053 4511 3285 4563 κελλίων
3315 4510 3483 4562 αὐτοῦ
3516 4509 3643 4578 βού-

2065 4604 2210 4656 λοιτο
2260 4603 2403 4657 κατὰ
2457 4602 2665 4666 ταύτας
2713 4604 2816 4663 τὰς
2871 4605 3199 4673 ἀγρυπνίας,
3250 4605 3351 4671 τῆς
3412 4602 3642 4655 ἀκολου-

2065 4694 2183 4755 θίας
2212 4693 2449 4755 ἁκούων,
2482 4693 2533 4745 οἱ
2564 4693 2619 4745 δὲ
2648 4695 2908 4762 ἄρχοντες
2940 4695 2996 4745 ὲν
3031 4692 3107 4762 τῷ
3140 4693 3425 4763 τρικλίνῳ.

2147 4786 2278 4838 Ἀπὸ
2325 4785 2381 4838 δὲ
2422 4786 2520 4854 τῆς
2578 4786 2803 4854 πρώτης
2841 4786 3024 4838 αὐτῶν
3080 4780 3422 4853 ἐπιδημοῦσα
3457 4785 3515 4836 ὲν
3562 4782 3641 4852 τῷ

2064 4877 2314 4945 παλατίῳ
2347 4862 2516 4929 εἰκὼν
2546 4880 2643 4945 τῆς
2676 4878 2987 4947 ἐπεραγίας
3012 4876 3281 4929 Θεοτόκου
3319 4879 3416 4942 τῆς
3450 4876 3645 4945 ὁδηγη-

2062 4969 2220 5037 τρίας
2258 4970 2409 5037 μένει
2451 4970 2616 5038 μέχρι
2668 4971 2762 5021 καὶ
2794 4969 2894 5038 τῆς
2938 4969 3187 5038 μεγάλης
3224 4967 3510 5039 Κυριακῆς
3544 4966 3639 5019 τοῦ

2064 5061 2257 5130 Πάσχα
2277 5076 2293 5091 ·
2325 5061 2518 5130 ἥντινα
2543 5061 2727 5114 εἰκόνα
2748 5060 3059 5129 ἐρχομένην
3093 5061 3189 5128 μὲν
3214 5060 3431 5129 ἀπαντᾷ
3457 5061 3484 5110 ὀ
3515 5057 3639 5127 βασ-

2062 5153 2242 5214 σιλεὺς
2296 5155 2354 5203 ἐν
2399 5155 2464 5222 τῇ
2517 5152 2660 5222 πύλῃ
2711 5142 2811 5219 τῆς
2861 5150 2957 5203 τοῦ
3006 5150 3273 5203 παλατίου
3331 5139 3522 5219 α’ὖλῆς,
3568 5151 3635 5217 τῇ

2058 5246 2288 5315 δευτέρᾳ
2313 5243 2370 5296 δὲ
2406 5245 2796 5314 άπερχομένην
2837 5243 3154 5313 προπέμπει
3202 5243 3365 5313 μέχρι
3406 5240 3638 5295 καὶτῶν

2037 5315 2050 5330 ’
2075 5335 2335 5405 ’Υψηλῶν
2369 5335 2549 5399 ἐκτὸς,
2581 5338 2675 5388 καὶ
2709 5338 3011 5407 γενομένης
3033 5338 3211 5390 ἐκεῖσε
3255 5337 3478 5406 μνήμης
3525 5334 3635 5389 τῶν

2058 5428 2328 5501 βασιλέων
2365 5430 2622 5501 βασιλεὺς
2657 5431 3032 5500 ὑποστρέφει.

2581 5524 2977 5578 ΚΕΦΛΛᾹΙΟΝ
3008 5524 3107 5579 ll".

2270 5617 2340 5668 Al
2365 5615 2510 5684 ὧραι
2543 5617 2655 5683 τῆς
2693 5615 2965 5687 μεγάλης
2993 5619 3416 5687 Παρασκευῆς.

2131 5708 2209 5778 Τῇ
2266 5708 2477 5780 μεγάλῃ
2518 5708 2852 5779 Παρασκευῇ
2883 5709 3177 5779 ψάλλονται
3211 5714 3268 5765 αἱ
3310 5707 3451 5783 ὧραι
3491 5730 3629 5785 μετα
