3992 6240
313 285 383 352 97
1129 287 1230 346 DE
1264 284 1601 346 OFFICIIS
1638 287 2105 351 (ΣΡΟΙᾸΤΑΝΙΞ.
2143 314 2207 324 -
2249 289 2409 352 CAP.
2450 289 2738 350 XV-XVI.
3482 290 3556 355 98

387 403 540 458 Κατά
580 416 676 470 την
711 400 801 454 τοῦ
834 399 1072 470 μεγάλου
1120 401 1536 454 Κωνσταντίνου
1585 402 1887 472 ἀπέρχεται

2065 404 2121 458 ln
2152 405 2412 458 memoria
2447 404 2626 473 magni
2661 401 3004 456 Constantini
3047 402 3280 461 discedit
3319 403 3386 458 ad
3423 385 3558 459 tem-

317 498 395 558 εἷς
417 496 507 547 τὸν
535 493 665 546 ναδν
695 493 804 545 τῶν
835 493 1038 560 ’Δγίων
1061 493 1120 544 Ἀ
1131 493 1422 559 ποστὸλων,
1442 494 1568 547 ἔνθα
1587 495 1680 546 καὶ
1715 493 1886 564 ἡάγία

315 588 505 642 τούτου
546 587 704 656 σορὸς
740 589 942 640 κεῖται.
1635 583 1668 608 ’

381 678 544 732 Κατά
586 678 648 730 τὺ
690 679 937 742 γενέσιον
961 676 1056 729 τοῦ
1099 677 1285 745 τιμίου
1311 675 1634 746 Προδρόμου
1677 678 1757 739 είς
1788 677 1886 743 τὴν

315 769 399 821 ἐπ’
425 768 648 834 ὀνόματι
676 767 997 836 τιμωμένην
1031 765 1337 833 σεϐασμίαν
1373 764 1542 833 μονὴν
1585 764 1753 819 αὐτοῦ
1789 765 1886 832 τῆς

317 861 552 929 Πέτρας,
607 857 1050 912 ἀκολουθούντων
1103 856 1383 909 κάνταῦθα
1426 856 1536 909 τῶν
1581 857 1887 924 Βαράγγων

321 952 479 1021 μέχρι
506 950 603 1004 καὶ
629 951 729 1018 τῆς
762 949 952 1018 μονῆς,
985 948 1126 1001 καθά
1159 948 1252 1001 καὶ
1273 949 1352 1010 είς
1389 947 1484 1000 τὸν
1510 945 1620 1000 τῶν
1648 947 1889 1017 Βλαχερο

305 1042 421 1094 νῶν
459 1043 610 1106 ναὸν,
643 1042 717 1104 ὼς
749 1041 1078 1109 δεδήλωται.

385 1134 543 1188 Κατά
574 1133 676 1204 τὴν
741 1133 962 1202 μνήμην
991 1111 1100 1184 τ’ὦν
1140 1127 1313 1199 ἀγίων
1367 1131 1461 1184 καὶ
1511 1131 1887 1200 πανευφὴμων

316 1227 631 1282 ἀποστόλων
654 1227 956 1296 ἀπέρχεται
991 1225 1154 1279 πάλιν
1184 1226 1264 1288 είς
1293 1225 1385 1278 τὸν
1416 1223 1504 1277 ἐπ’
1537 1224 1767 1294 ὀνόματι
1792 1224 1889 1279 αὐ-

315 1319 421 1370 τῶν
457 1317 604 1368 θεῖον
633 1316 761 1368 ναὸν
789 1314 1122 1384 τιμώμενον.

386 1409 546 1461 Κατά
564 1409 667 1476 τὴν
684 1409 778 1476 τῆς
803 1408 954 1468 θείας
987 1399 1470 1476 μεταμορφώσεως
1503 1403 1696 1476 ἑορτὴν
1720 1407 1890 1476 ἀπέρ-

320 1516 467 1567 χεται
497 1497 765 1560 ὡσαύτως
801 1499 880 1559 είς
910 1497 1012 1566 τὴν
1057 1496 1368 1566 σεϐασμίαν
1413 1497 1584 1566 μονὴν
1631 1495 1724 1550 τοῦ
1777 1497 1888 1550 Σω-

318 1589 480 1659 τῆρος
513 1589 753 1658 Χριστοῦ
786 1590 878 1642 τοῦ
910 1591 1376 1661 παντοκράτορος.

387 1680 543 1733 Κατά
581 1681 684 1748 τὴν
712 1680 971 1750 κοίμησιν
999 1680 1099 1748 τῆς
1134 1681 1436 1749 ύπεραγίας
1481 1681 1750 1734 Θεοτὸκου
1793 1675 1889 1734 αὗ-

1995 494 2144 562 plmn
2174 493 2274 548 SS.
2313 494 2724 562 Apostolorum,
2759 494 2844 546 ubi
2883 501 3134 546 sanctum
3167 492 3287 561 eius
3311 493 3559 546 condito-

1996 586 2134 639 rium
2166 592 2362 639 exstat.

2064 675 2124 729 In
2154 674 2448 730 Nativitate
2477 673 2772 728 venerandi
2808 672 3094 727 Prodromi
3126 674 3344 730 confert
3374 689 3434 728 se
3455 675 3560 728 im-

1995 779 2217 836 perator
2265 770 2329 820 ail
2378 768 2688 821 venerabile
2739 769 3128 820 monasterium
3187 767 3376 828 Petrae,
3415 767 3561 835 quod

1995 857 2170 926 ipsius
2204 857 2422 920 nomine
2472 857 2801 920 bonmatur,
2841 855 3198 925 sequentibus
3243 867 3296 910 et
3328 856 3415 910 bic
3463 855 3563 907 Ba-

1995 943 2176 1012 rangis
2208 959 2382 1012 usque
2403 946 2469 999 ad
2498 946 2915 1008 monasterium,
2942 945 3101 999 sicuti
3136 946 3201 999 ad
3234 947 3560 1000 Blacberna-

1997 1053 2114 1090 rum
2146 1039 2408 1108 templum
2443 1037 2695 1091 comitari
2744 1038 2945 1098 solent,
2992 1046 3050 1091 ut
3093 1039 3419 1106 praedictum
3451 1048 3560 1090 est.

2065 1125 2227 1182 Festo
2283 1129 2612 1182 Sanctorum
2651 1137 2704 1182 et
2736 1128 2977 1180 omnium
3029 1142 3126 1182 ore
3172 1127 3561 1181 laudandnrum

1993 1219 2384 1289 Apostolorum
2422 1218 2537 1272 abit
2571 1221 2768 1272 iterum
2806 1219 2860 1274 in
2889 1219 3149 1288 templum
3191 1220 3337 1288 quod
3371 1232 3562 1272 eorum

1994 1311 2214 1364 nomine
2245 1309 2466 1366 colitur.

2065 1403 2122 1456 ln
2168 1403 2307 1457 testo
2345 1404 2545 1458 divina:
2585 1403 3109 1467 Transﬁgurationis
3154 1405 3410 1460 similiter
3454 1406 3567 1459 abit

1966 1497 2063 1549 ad
2101 1496 2415 1550 venerabile
2443 1497 2837 1550 monasterium
2873 1495 3076 1552 Christi
3111 1496 3412 1552 Salvatoris
3441 1512 3562 1550 om-

1995 1585 2317 1655 nipotentis.

2063 1677 2121 1731 In
2174 1676 2510 1732 Dormitione
2557 1667 2924 1733 sanctissimae
2970 1679 3212 1748 Deiparte
3247 1681 3460 1734 conl'ert
3505 1693 3566 1732 se

321 1777 398 1834 θις
425 1773 732 1842 ἀπέρχεται
769 1774 849 1832 είς
883 1773 982 1842 τὴν
1028 1773 1190 1840 ἁγίαν
1226 1774 1428 1842 Σοφίαν
1453 1773 1890 1842 διανυκτερεύων

2017 1768 2063 1823 ιᾱ
2096 1768 2154 1823 S.
2187 1768 2472 1838 Sophiam,
2515 1780 2568 1824 et
2600 1770 2674 1823 ibi
2711 1781 3021 1838 peruoctat,
3051 1771 3193 1826 sicut
3235 1771 3288 1824 in
3332 1771 3469 1824 festo
3505 1769 3562 1824 S.

317 1866 514 1926 ἐκεῖσε,
543 1866 619 1924 ὡς
643 1867 746 1917 κάν
777 1867 842 1933 τῇ
879 1865 1073 1935 μνήμῃ
1098 1863 1192 1917 τοῦ
1228 1866 1645 1934 Χρυσοστὸμου.

387 1958 544 2010 Κατὰ
579 1959 679 2026 τὴν
713 1957 999 2026 ἀποτομὴν
1029 1958 1122 2010 τοῦ
1164 1957 1350 2026 τιμίου
1386 1957 1700 2027 Προδρόμου
1731 1955 1892 2010 πάλιν

319 2048 394 2105 εἰς
427 2048 528 2116 τὴν
567 2047 874 2116 εἰρημένην
912 2047 1218 2116 σεϐασμίαν
1250 2048 1419 2116 μονὴν
1454 2047 1620 2100 αὐτοῦ
1661 2046 1759 2116 τὴν
1793 2049 1890 2114 τῆς

321 2139 555 2206 Πέτρας,
585 2139 697 2189 τῶν
755 2138 1054 2206 Βαράγγων
1099 2139 1541 2192 ἀκολουθούντων
1599 2140 1676 2202 ὡς
1713 2141 1807 2193 καὶ
1831 2139 1892 2192 τὸ

323 2230 486 2298 πρὸτε
496 2247 613 2299 ρον.

389 2321 720 2390 Ἀπέρχεται
761 2321 930 2372 πάλιν
959 2321 986 2372 ὁ
1018 2320 1274 2390 βασιλεὺς
1316 2319 1412 2372 καὶ
1455 2319 1598 2372 κατά
1639 2319 1736 2388 τὴν
1768 2319 1892 2386 ἐορ-

324 2413 418 2480 τὴν
455 2413 563 2464 τῶν
592 2412 933 2465 καταθεσίων
971 2412 1069 2480 τῆς
1101 2413 1285 2481 τιμίας
1316 2412 1546 2481 ἐσθῆτος
1576 2411 1673 2478 τῆς
1699 2411 1894 2462 Θεοτόο

325 2520 418 2554 κου
444 2505 524 2565 εἰς
549 2502 642 2554 τὸν
666 2502 778 2554 τῶν
801 2503 1123 2572 Βλαχερνῶν
1149 2503 1298 2568 ναὸν,
1323 2501 1760 2556 ἀκολουθούντων
1783 2500 1895 2553 τῶν

325 2592 647 2662 Βαρὰγγων,
683 2593 758 2655 ὡς
788 2594 880 2644 καὶ
906 2594 1174 2663 πρότερον
1206 2595 1462 2663 εἴπομεν.

401 2686 725 2754 Ἀπέρχεται
749 2687 803 2738 δὲ
836 2687 916 2749 εις
953 2689 1050 2756 τὴν
1076 2686 1240 2754 ἁγίαν
1277 2685 1478 2755 Σοφίαν
1507 2688 1601 2740 καὶ
1627 2685 1770 2738 κατὰ
1798 2684 1895 2755 τὴν

335 2778 606 2845 κυριακὴν
635 2777 726 2844 τῆς
747 2777 1105 2847 Ὀρδοᾶοξίας.
1148 2779 1257 2833 Καὶ
1281 2781 1368 2832 ὅτε
1405 2780 1502 2849 μὲν
1530 2779 1896 2846 ἀναγινώσκε-

330 2886 418 2921 ται
447 2870 507 2921 τὸ
537 2868 836 2933 συνοδικὸν,
872 2871 1110 2933 ἵσταται,
1143 2871 1241 2938 τῆς
1268 2871 1543 2938 εὐφημίας
1584 2871 1639 2923 δὲ
1671 2870 1899 2947 λεγομέτ

326 2977 421 3029 νης
457 2961 695 3030 κάθηται
718 2963 811 3012 ἐπὶ
840 2960 1032 3030 θρόνου
1058 2963 1247 3018 αὑτοῦ.

397 3054 523 3104 Ἔτι
549 3053 853 3122 ἀπέρχεται
879 3055 970 3105 καὶ
1003 3054 1144 3105 κατὰ
1165 3055 1264 3123 τὴν
1286 3053 1586 3108 ἀνάστασιν
1613 3055 1706 3109 τοῦ
1739 3055 1895 3124 ἁγίου
1920 3085 1966 3147 c

325 3146 414 3198 καὶ
447 3145 664 3198 δικαίου
698 3145 952 3216 Λαζάρου
992 3149 1071 3208 εἰς
1101 3148 1200 3215 τὴν
1231 3144 1320 3197 ἐπ’
1359 3144 1586 3216 ὀνόματι
1617 3147 1783 3199 αὑτοῦ
1814 3164 1895 3199 τι-

329 3253 411 3306 μω
419 3240 591 3306 μένην
625 3237 935 3307 σεϐασμίαν
967 3237 1159 3308 μονήν.
1327 3305 1330 3308 ,

394 3329 484 3381 Ἑν
535 3331 658 3392 ταῖς
705 3329 1062 3399 δηλωθείσαις
1111 3325 1206 3382 οὖν
1251 3329 1493 3391 άπάσαις
1551 3331 1766 3396 ἑορταῖς
1799 3330 1898 3384 οὐκ

326 3423 399 3484 εἰς
431 3423 562 3482 τοὺς
594 3421 914 3488 ὲσπερινοὺς
951 3420 1110 3490 μόνον
1145 3418 1344 3489 ὕμνους
1391 3421 1715 3491 ἀπέρχεται,
1760 3421 1898 3473 ἀλλά

325 3515 415 3564 καὶ
445 3513 531 3574 είς
559 3515 660 3573 τὰς
692 3511 1057 3579 λειτουργίας.

398 3601 565 3662 Ἐθος
597 3601 653 3652 δέ
683 3602 798 3652 ἐστι
834 3601 925 3654 καὶ
954 3603 1049 3662 τὰς
1081 3601 1373 3670 γινομένας
1403 3603 1460 3654 ὲν
1487 3603 1600 3666 τοῖς
1633 3619 1903 3672 μοναστη-

329 3694 462 3763 ρίοις
526 3693 744 3763 ἑορτάς,
797 3693 980 3756 καθὼς
1039 3694 1276 3762 εἴρηται,
1330 3691 1423 3747 τὸν
1478 3693 1572 3746 τοῦ
1635 3692 1901 3763 βασιλέως

323 3786 574 3852 τςάγκαν
602 3784 844 3853 φέροντα
873 3784 932 3838 τὸ
957 3784 1239 3848 statum,
1268 3785 1409 3855 πλὴν
1435 3785 1780 3854 σκουταρίου,
1809 3788 1902 3838 ἐπὶ

326 3875 432 3927 τῶν
463 3875 636 3944 ὧμων
681 3874 930 3942 πλάγιον,
969 3874 1410 3928 ἀκολουθούντων
1451 3876 1547 3927 καί
1589 3892 1754 3928 τινων
1795 3875 1902 3927 τῶν

329 3967 426 4034 τῆς
451 3967 648 4035 αύλῆς,
683 3965 1131 4035 προαπέρχεσθαι
1158 3965 1238 4025 είς
1265 3965 1324 4016 τὸ
1367 3965 1460 4034 τῆς
1503 3963 1667 4036 οῠσης
1706 3966 1904 4036 ἑορτῆς

333 4056 698 4126 μοναστήριον
724 4056 823 4109 καὶ
849 4058 948 4109 ἀνα
960 4057 1146 4125 μένειν
1169 4057 1260 4108 τὸν
1294 4056 1540 4125 βασιλέα,
1565 4057 1814 4126 κατέχειν
1845 4075 1903 4111 τε

328 4152 530 4220 ὁμοίως
569 4151 664 4202 καὶ
716 4147 976 4210 λαμπάδα
1023 4148 1334 4218 βασιλικὴν,
1387 4151 1690 4218 ἐρχομένου
1723 4150 1778 4202 δὲ
1809 4152 1903 4204 τοῦ

331 4241 599 4310 βασιλέως
621 4241 816 4294 ἅπτειν
840 4241 1008 4310 αὐτὴν
1030 4241 1214 4293 ἐπάνω
1232 4240 1326 4293 τοῦ
1347 4241 1637 4306 διῦελλίου,
1656 4244 1905 4312 κατέχειν

331 4348 388 4384 τε
407 4331 570 4402 ὀρθὸν
599 4334 766 4402 μέχρι
791 4332 889 4400 τῆς
916 4331 1229 4394 ἀπολύσεως
1253 4331 1408 4393 ἐκτὸς
1443 4332 1550 4383 τῶν
1571 4332 1789 4402 ὡραίων
1817 4333 1903 4386 λεο

1992 1861 2395 1932 Cbrysostomi.

2067 1951 2121 2006 ln
2176 1954 2545 2009 Decollatione
2603 1953 2898 2009 venerandi
2950 1953 3314 2008 Prteeursoris
3365 1953 3564 2007 iterum

1994 2043 2105 2099 abit
2131 2045 2428 2114 imperator
2459 2047 2526 2099 ad
2551 2046 2929 2115 supradictum
2954 2046 3267 2101 venerabile
3296 2055 3568 2100 monaste-

1995 2137 2136 2191 rium
2171 2133 2371 2205 Petrae,
2420 2139 2684 2208 Barangis
2719 2142 3127 2205 comitantibus,
3166 2150 3222 2194 ut
3254 2142 3426 2210 prius.

2064 2320 2173 2389 82
2209 2318 2303 2372 Die
2325 2334 2427 2388 qua
2448 2320 2648 2374 colitur
2673 2321 2934 2376 memOria
2959 2323 3217 2389 deposita:
3245 2323 3564 2377 venerandze

1995 2413 2166 2467 vestis
2199 2413 2464 2481 Deipartr,
2501 2413 3183 2482 proﬁcisciturimperator
3211 2415 3276 2467 ad
3312 2414 3566 2468 Blacber-

1995 2507 2146 2559 nium
2183 2507 2444 2575 templum
2472 2505 2861 2561 comitantibus
2897 2507 3180 2577 Bal-augis,
3201 2519 3259 2561 ut
3289 2518 3450 2562 antea
3479 2508 3566 2562 tli—

1997 2599 2198 2652 ximus.

2075 2687 2356 2742 Dominica
2393 2687 2755 2743 Ortbodoxiae
2781 2688 2893 2742 abit
2940 2688 3236 2758 imperator
3271 2687 3334 2740 ad
3371 2689 3430 2743 S‘.
3463 2686 3570 2740 So-

1997 2783 2138 2851 pltia:
2164 2781 2421 2848 templum
2454 2799 2467 2834 :
2501 2791 2554 2833 et
2581 2781 2801 2848 quando
2834 2781 3030 2847 legitur
3059 2780 3405 2850 synotlicum,
3435 2789 3580 2846 stat._
3654 2823 3665 2836 κ

2002 2873 2203 2928 Deinde
2225 2872 2405 2926 fausta
2427 2873 2826 2927 acclamatione
2858 2881 3074 2942 peracta
3107 2872 3260 2926 sedet
3284 2872 3336 2925 in
3365 2873 3568 2925 tbrono

1999 2977 2121 3016 SIIO.

2068 3055 2126 3108 ln
2163 3054 2584 3108 resuscitatioue
2606 3052 2778 3111 sancti
2807 3064 2860 3107 et
2880 3053 3008 3122 justi
3037 3051 3225 3129 Layri
3264 3053 3436 3107 tendit
3469 3055 3571 3106 im-

1999 3129 2218 3215 perator
2245 3147 2308 3201 ad
2339 3147 2647 3201 venerabile
2673 3147 3064 3201 monasterium
3103 3147 3246 3214 quod
3285 3146 3452 3216 ipsius
3473 3162 3572 3200 uo-

1999 3241 2144 3293 mine
2183 3239 2500 3293 honoratur.
2715 3269 2722 3278 -
3449 3230 3458 3239 ’

2069 3331 2127 3385 In
2161 3332 2417 3384 omnibus
2443 3331 2720 3400 praedictis
2743 3329 2895 3385 festis
2928 3346 3032 3382 non
3071 3333 3249 3385 solum
3284 3333 3351 3385 ad
3384 3346 3572 3402 vespe-

2001 3437 2091 3477 ras
2125 3425 2278 3477 venit
2310 3421 2629 3490 imperator,
2667 3423 2760 3477 sed
2795 3433 2850 3477 et
2883 3421 3249 3492 ad-liturgias.

2077 3599 2173 3654 Est
2199 3609 2380 3653 autem
2407 3599 2577 3654 moris
2609 3600 2660 3654 in
2689 3599 2841 3656 festis
2861 3618 2983 3670 quae
3001 3601 3348 3657 celebrantur
3370 3601 3423 3655 in
3455 3617 3572 3656 mo-

2004 3690 2280 3754 nasteriis,
2320 3703 2378 3745 ut
2406 3692 2757 3762 imperatoris
2791 3703 3010 3749 tzancas
3030 3709 3124 3749 seu
3158 3695 3464 3749 calcearius
3493 3695 3574 3748 ΐιι-

2003 3791 2091 3836 rat
2123 3784 2368 3838 humeris
2398 3785 2832 3863 suisgexillum,
2868 3795 3096 3854 excepto
3131 3795 3306 3860 scuto,
3334 3787 3572 3839 nonnul-

2004 3876 2187 3940 lisquc
2218 3891 2282 3929 ex
2323 3876 2446 3928 aula
2493 3892 2520 3928 a
2557 3877 2724 3929 latere
2771 3877 3160 3930 comitantibus
3200 3877 3473 3944 praecedat
3501 3877 3568 3930 ad

2007 3965 2422 4026 tuonasterium,
2455 3965 2545 4016 ubi
2599 3962 2773 4016 festus
2807 3963 2925 4018 dies
2959 3964 3157 4032 agitur,
3190 3973 3244 4017 et
3275 3965 3346 4018 ibi
3377 3981 3573 4034 exspe-

2006 4065 2115 4108 ctet
2160 4056 2538 4122 imperatorem
2594 4062 2646 4106 et
2691 4063 2868 4106 teneat
2920 4053 3220 4123 lampadem
3261 4056 3571 4125 imperatori

2006 4145 2248 4215 pr:el'erri
2284 4144 2524 4206 solitam,
2553 4159 2716 4212 quam
2749 4145 2997 4200 veniente
3028 4147 3354 4216 imperatore
3385 4163 3574 4203 acet-n-

2006 4237 2106 4300 dit,
2135 4245 2188 4290 et
2225 4233 2402 4288 vexilli
2435 4243 2599 4287 conto
2633 4232 2822 4302 attigit,
2855 4243 3212 4304 erectumque
3249 4243 3394 4290 tenet
3420 4246 3572 4291 extra

2011 4328 2323 4398 Speciosas,
2350 4341 2488 4395 quas
2506 4335 2726 4390 vorant,
2755 4335 2966 4395 portas,
2987 4326 3090 4381 hoc
3107 4337 3191 4380 est
3223 4328 3273 4380 in
3304 4329 3574 4383 vestibulo

331 4423 579 4490 γομένων
599 4422 788 4474 πυλῶν
805 4423 934 4492 ,ἦτοι
954 4423 1010 4473 ὲν
1040 4419 1118 4490 τῷ
1140 4421 1380 4489 προνάῳ.
1417 4421 1475 4474 ὐ
1506 4421 1561 4474 δὲ
1592 4423 1747 4489 λόγος
1778 4425 1897 4494 περὶ

2017 4421 2272 4484 ecclesiae,
2305 4435 2482 4486 usque
2512 4421 2576 4473 ad
2612 4417 2691 4473 rei
2728 4419 2922 4473 divinae
2950 4418 3134 4473 linem.
3179 4418 3338 4473 [latio
3393 4430 3571 4476 autem

328 4511 421 4564 τοῦ
450 4513 570 4574 πῶς
599 4513 629 4563 ὁ
647 4511 894 4578 τζάγκας
918 4511 1075 4581 φέρει
1107 4514 1166 4564 τὸ
1186 4510 1454 4564 ὃιϐέλλιον
1478 4512 1574 4565 καὶ
1598 4514 1697 4566 οὐκ
1719 4513 1899 4577 ἄλλος,

269 4623 272 4626 ·
329 4605 632 4670 ἀγνοεῖται.

401 4697 513 4750 Καὶ
543 4695 718 4747 ταῦτα
754 4694 852 4762 μὲν
878 4695 947 4748 τά
976 4695 1085 4747 τῶν
1128 4695 1332 4763 ἑορτῶν
1359 4709 1371 4723 ·
1408 4695 1530 4747 ἐπεὶ
1570 4695 1625 4748 δὲ
1665 4695 1751 4748 ὅτε
1782 4695 1900 4747 ἐλέ-

331 4804 504 4856 γομεν
534 4787 636 4848 τὰς
673 4787 733 4837 tv
763 4785 838 4854 τῷ
880 4785 1128 4854 παλατίιιι
1172 4785 1268 4837 τοῦ
1297 4786 1534 4853 μεγάλου
1577 4787 1901 4855 δομεστίκου

335 4879 662 4948 ὑπηρεσίας,
727 4877 1176 4946 ἐπηγγειλάμεθα
1231 4877 1400 4940 δεῖξαι
1445 4879 1540 4928 καὶ
1589 4879 1685 4940 τὰς
1748 4881 1902 4942 ἐκνὲς

332 4970 498 5021 αὐτοῦ
527 4971 648 5040 ἤτοι
677 4968 777 5031 τὰς
825 4971 882 5031 ἐς
913 4969 972 5020 τὸ
1002 4967 1291 5036 φοσσάτον,
1321 4967 1439 5038 ὥρα
1479 4973 1574 5023 κω.
1607 4972 1732 5039 περὶ
1784 4971 1901 5022 τού-

331 5077 440 5112 των
474 5079 669 5114 ειπειν.

835 5176 1232 5231 ΚΕΦΛΛΑΙΟΝ
1285 5179 1404 5245 ις’.

331 5295 469 5359 Περὶ
503 5292 598 5357 τῆς
640 5293 709 5345 ἐν
742 5291 821 5355 τῷ
849 5290 1139 5360 εροσσάτῳ
1169 5291 1273 5343 τοῦ
1319 5294 1588 5359 μεγάλου
1623 5293 1896 5361 ὃομεστί-

399 5379 509 5416 κου
538 5365 893 5429 ὑπηρεσίας,
926 5361 1032 5414 τοῦ
1057 5361 1328 5428 μεγάλου
1371 5363 1762 5430 δρουιγγαρίου
1789 5362 1898 5429 τῆς

393 5434 638 5501 βίγλης,
689 5433 796 5486 τοῦ
855 5431 953 5483 ἐπὶ
1017 5431 1282 5500 στρατοῦ
1339 5433 1438 5485 καὶ
1487 5433 1591 5486 τοῦ
1625 5431 1896 5501 μεγάλου

398 5500 864 5569 ἀδνουμιαοντοῦ.

403 5617 582 5671 Ἀπαν
615 5619 676 5670 τὸ
723 5620 993 5686 φεσσάτον
1037 5618 1143 5671 ὑπὸ
1172 5618 1273 5689 τὴν
1319 5617 1415 5671 τοῦ
1459 5618 1696 5687 μεγάλου
1737 5618 1896 5687 δομε-

335 5708 521 5762 στίκου
553 5712 712 5779 χεῖρα
761 5709 1097 5778 εὑρίσκεται.
1135 5709 1225 5762 Διὸ
1270 5711 1364 5786 καὶ
1394 5710 1486 5762 τοῦ
1519 5709 1780 5781 βασιλέως
1816 5711 1894 5772 εἰς

2006 4513 2280 4582 quomodo
2308 4519 2530 4566 tzancas
2562 4519 2614 4566 et
2643 4527 2748 4566 non
2779 4511 2920 4567 alius
2957 4513 3214 4580 vexillum
3251 4523 3450 4582 portet,
3482 4529 3576 4566 nc.-

2005 4605 2196 4658 scitur.

2074 4696 2141 4749 Et
2175 4697 2288 4750 hmc
2335 4695 2404 4751 de
2438 4696 2614 4750 festis.
2652 4694 2789 4760 Quia
2841 4710 2972 4750 vero
3011 4711 3134 4750 cum
3169 4709 3572 4764 exponeremus

2005 4789 2189 4857 magni
2229 4789 2517 4843 domcSI'tci
2559 4788 2732 4842 ollieia
2770 4788 2822 4840 in
2858 4786 3082 4852 palatio.
3117 4787 3348 4854 polliciti
3383 4802 3572 4840 sumus
3641 4855 3644 4857 _

2005 4898 2104 4937 nos
2133 4882 2296 4935 etiam
2323 4881 2688 4950 explicaturos
2718 4894 2781 4932 ea
2809 4879 2982 4931 ollicia
3008 4893 3129 4946 qua:
3153 4877 3260 4946 83
3281 4875 3394 4932 ob'it
3417 4885 3570 4932 extra
3637 4936 3646 4945 I

2004 4974 2289 5043 palatium,
2326 4972 2425 5025 hoc
2471 4981 2554 5024 est
2590 4975 2640 5023 in
2676 4969 2943 5036 exercitu,
2985 4979 3203 5041 tempus
3234 4971 3469 5038 reposcit
3514 4979 3572 5023 ut

2003 5067 2289 5134 promissis
2321 5063 2748 5120 satisfaciamus.

2583 5176 2810 5233 CAPUT
2849 5178 2990 5233 XVI.

2002 5296 2078 5350 De
2119 5296 2294 5362 maqttt'
2349 5294 2646 5360 domestici,
2698 5296 2877 5363 magni
2918 5293 3196 5360 drungan’i
3244 5290 3568 5363 vigiliarum,

2073 5361 2313 5443 pne/ccli
2345 5367 2606 5417 exercitus
2636 5372 2685 5418 et
2714 5361 2892 5438 magni
2920 5363 3272 5439 adnum‘iastw
3313 5361 3492 5430 oﬁiciis
3517 5363 3571 5414 in

2067 5447 2321 5491 exere-tm.

2071 5615 2242 5671 Totus
2265 5612 2540 5668 exercitus
2571 5622 2758 5666 sube5t
2801 5629 2996 5683 magno
3051 5611 3370 5668 domestico.
3424 5611 3572 5677 Qua-

2002 5721 2222 5779 propter
2253 5720 2375 5762 cum
2409 5705 2526 5774 ipse
2558 5705 2721 5758 etiam
2754 5701 3050 5773 imperator
3081 5701 3134 5758 in
3160 5703 3399 5760 exercitu
3427 5718 3565 5768 pra--
