3992 6240
346 292 436 369 [η

1416 288 1808 366 onETSE'nt
1852 305 1944 364 ET
1973 308 2206 367 omni
2252 309 2492 370 nom.

3380 288 3387 301 ’
3465 323 3562 387 138

345 430 386 465 rt
438 414 538 466 alia
593 411 801 481 qumvis
845 413 910 466 ad
966 414 1263 468 monachos
1332 418 1635 483 spectantia
1679 431 1893 471 summo
1928 422 1969 478 Α
1998 416 2228 479 sacellos,
2293 432 2414 487 qua:
2447 418 2594 472 circa
2636 419 2892 474 saccllam
2944 434 3267 493 occupatur.
3300 428 3558 503 δΜῖοψιυ

310 492 319 501 ’
345 507 478 557 rultn
513 502 868 573 prosequitur
899 503 1184 559 Orientalis
1218 505 1506 577 Ecclesia),
1536 524 1641 562 non
1671 519 1895 563 veretur

346 596 743 658 auctoritatem,
801 602 855 650 et
888 596 1050 650 ambo
1074 612 1137 650 ex
1166 613 1322 666 aequo
1368 600 1731 668 patriarcbam
1779 602 1894 654 suis

343 686 608 754 obsequiis
632 686 819 740 colunt
854 695 907 740 et
935 687 984 740 ei
1020 687 1217 756 injnre
1247 688 1482 741 dicundo
1517 688 1890 753 assident.(.\1:

353 778 404 829 ’0
445 776 706 828 σακελῑου
759 777 907 828 ἐστὶν
959 778 1179 847 οἰκέτης
1210 779 1309 847 τῆς
1346 774 1575 849 ,πρώτης
1608 780 1893 842 πεντάδος,

346 868 554 933 κρατῶν
580 872 673 920 καὶ
702 868 803 935 τὴν
858 869 1113 939 φυλακὴν
1142 871 1239 939 τῆς
1276 872 1601 941 ἐπισκοπῆς,
1636 870 1774 941 ἔχων
1803 868 1894 924 οὖν

344 958 424 1009 καὶ
454 959 510 1009 ἐν
537 961 603 1027 τῇ
636 958 922 1027 ἐπισκέψει
949 960 1116 1012 αἱ)τοῦ
1147 961 1256 1013 τῶν
1301 962 1678 1032 μὸναστηρέων
1708 980 1898 1030 γυναι-

343 1049 493 1100 κείων
516 1048 613 1117 τὴν
644 1048 878 1117 σκέψιν.)
911 1047 1082 1103 Goan.

408 1137 490 1209 [P.
518 1139 574 1191 4.
617 1138 731 1204 Τὰς
756 1140 1083 1205 καθολικὰς
1101 1140 1464 1206 ἐκκλησίας.
1499 1140 1749 1195 Virorum
1784 1157 1897 1195 mo-

344 1229 567 1284 nasteria
599 1238 652 1282 et
682 1229 736 1282 in
763 1230 843 1283 eis
868 1240 1196 1285 constructae
1227 1232 1473 1286 ecclesia:
1495 1233 1629 1286 viris
1660 1242 1893 1297 tantum,

342 1322 625 1375 mulierum
672 1321 997 1375 mulieribus
1040 1330 1168 1374 sunt
1200 1332 1421 1390 aper-tm.
1463 1322 1534 1378 Ea
1566 1337 1696 1375 vero
1723 1322 1897 1376 eccle-

344 1412 414 1465 sia
436 1426 561 1480 qum
593 1411 725 1465 viris
752 1422 805 1465 et
856 1411 1203 1477 mulieribus,
1239 1414 1429 1481 quales
1463 1426 1591 1468 sunt
1620 1415 1893 1483 paraeciat,

346 1513 501 1569 patet,
549 1504 812 1574 καθολική
871 1513 973 1559 est.
1029 1505 1237 1560 Auctor
1290 1506 1412 1560 vitae
1463 1505 1568 1561 Nili
1613 1507 1893 1576 junioris:

346 1594 471 1644 Bilis
492 1594 635 1645 αὐτὰ
674 1595 733 1643 ὲν
762 1597 829 1664 τῇ
864 1595 1127 1666 καθολικῇ
1189 1597 1281 1649 τοῦ
1314 1596 1573 1668 κάστρου.
1627 1590 1898 1668 Interpres

343 1686 509 1753 posuit
549 1686 927 1741 cathedralem.
962 1686 1160 1741 Verum
1195 1704 1304 1741 non
1340 1690 1686 1745 cathedrales
1709 1691 1892 1755 modo,

2003 510 2045 563 si
2082 511 2260 565 omnis
2311 511 2506 580 phylax
2538 520 2682 566 esset
2712 515 3045 575 sacci/arias.
3078 519 3238 571 etiam
3298 522 3563 586 opiliont-s

2000 607 2050 651 ct
2084 599 2311 666 caprarii
2358 610 2540 653 essent
2586 598 2878 667 sacellarii,
2922 605 3048 673 quia
3108 615 3239 659 sunt
3296 609 3559 676 φύλακες.

2001 688 2266 752 custodes,
2298 699 2354 743 ut
2389 690 2527 745 alias
2549 693 2913 747 absurditates
2939 704 3162 749 taceam.
3196 694 3397 762 Quodsi
3435 703 3561 769 quil

2000 778 2141 831 aliud
2175 778 2377 833 sacellii
2407 795 2603 833 nomen
2648 783 2884 836 obtinuit
2908 824 2921 844 ,
2955 784 3072 851 ejus
3125 796 3429 841 curatorem
3470 807 3562 845 sco

1999 867 2278 921 custodem
2331 884 2441 937 quo
2498 869 2680 924 minus
2766 872 3108 925 saec/larium
3154 875 3233 928 vel
3290 879 3564 931 sacellium

2000 958 2235 1026 appelles
2264 973 2367 1013 non
2392 960 2634 1028 impedit.
2673 961 2739 1013 Ἦ
2770 963 2894 1025 τοὺς
2927 965 3339 1033 κακούργουςδὲ
3363 969 3565 1035 φυλάτ-

1999 1066 2165 1101 τουσα
2242 1055 2618 1122 πατριαρχικὴ
2689 1054 2930 1122 σακέλλη
3010 1056 3259 1109 ἐντεῦθεν
3307 1060 3400 1110 καὶ
3467 1063 3567 1112 οὐκ

1999 1135 2223 1190 ἄλλοθεν
2283 1141 2725 1208 μετωνόμασται,
2789 1140 2982 1213 ὥσπερ
3040 1142 3104 1212 δὴ
3132 1144 3228 1196 καὶ
3271 1146 3332 1196 τὸ
3364 1148 3566 1204 saxeo.-

2000 1227 2137 1281 λιον.
2164 1228 2369 1283 Gnsrs.

2083 1317 2235 1386 [ΡΛ.
2257 1319 2535 1388 Σακέλιν,
2559 1323 2639 1376 vel
2675 1332 2730 1376 ut
2752 1323 2940 1378 scribit
2966 1324 3248 1378 Balsamon
3276 1327 3565 1398 σακέλλην,

2001 1408 2411 1474 patriam/talem
2460 1426 2739 1476 carcerem,
2784 1412 2838 1465 in
2881 1428 2988 1480 quo
3046 1414 3303 1469 nimirum
3334 1418 3565 1473 clericos

2002 1495 2102 1549 sibi
2140 1497 2435 1566 subjectos,
2469 1501 2514 1552 si
2553 1509 2739 1554 sontes
2793 1501 3014 1566 iuerint,
3064 1503 3375 1569 patriarcha
3404 1523 3563 1562 coar-

2003 1597 2099 1641 tat.
2127 1587 2326 1658 Com]

2076 1675 2181 1730 Sed
2249 1692 2349 1732 nec
2393 1694 2421 1731 a
2448 1680 2696 1733 custodia
2742 1693 2838 1735 nec
2871 1691 3091 1750 prepter
3127 1687 3435 1741 custodiam
3474 1704 3565 1756 pa-

343 1751 427 1831 58d
457 1785 511 1829 οι
542 1777 799 1845 parmam
835 1778 1073 1831 maxime
1102 1780 1454 1833 monasteriis
1510 1790 1896 1848 ορροηυηιυιιε
1932 1751 1973 1804 Β
2004 1767 2334 1822 triarchicus
2370 1784 2559 1824 carcer
2586 1770 2762 1825 dictus
2796 1781 2879 1825 est
2922 1773 3143 1839 sacella,
3177 1777 3270 1829 sed
3305 1777 3464 1831 aliam
3494 1782 3565 1833 ob

342 1867 631 1922 catholicas
686 1862 865 1922 autem
927 1868 1189 1923 ecclesias
1260 1871 1612 1926 monasteriis
1673 1874 1898 1941 opponit

340 1959 617 2013 Balsamon
673 1960 915 2029 jamjam,
954 1961 1148 2024 lectus,
1197 1962 1341 2030 quod
1375 1962 1490 2017 haec
1518 1962 1725 2018 sacellii
1761 1979 1901 2031 pra:-

340 2049 491 2115 fccto,
519 2050 643 2115 illas
671 2049 795 2119 (etsi
819 2051 997 2103 minus
1024 2051 1255 2120 nobiles)
1279 2066 1375 2105 ceu
1398 2053 1709 2121 praefectum
1737 2068 1900 2121 supe-

341 2143 531 2195 riorem
599 2153 789 2197 nactas
836 2143 1121 2196 sacellario
1178 2143 1455 2211 subjectae
1478 2152 1712 2199 asserat.
1750 2145 1895 2199 Sunt

342 2231 519 2300 itaque
566 2232 852 2286 catholicae.
880 2232 1126 2286 ecclesia:
1167 2232 1370 2286 eaedem
1401 2247 1522 2301 qua:
1555 2233 1896 2302 parmciales,

340 2342 453 2379 cum
491 2325 765 2393 pleraeque
798 2324 1109 2392 huiusmodi
1142 2324 1486 2391 reperiantur
1518 2324 1572 2378 in
1598 2324 1732 2379 urbe
1762 2325 1897 2391 CP.,

340 2415 673 2469 catltedralis
695 2415 877 2481 unica,
909 2430 1099 2483 magna
1128 2415 1381 2469 nimirum
1406 2416 1658 2471 ecclesia.
1690 2417 1897 2471 Catho-

341 2506 451 2560 lieis
481 2515 537 2559 et
566 2505 887 2559 monasticis
917 2504 1169 2561 ecclesiis
1227 2504 1471 2575 adiungit
1526 2506 1623 2560 Jus
1649 2506 1766 2561 Gtt.
1800 2507 1897 2561 l‘ol.

338 2598 437 2652 255
466 2598 793 2667 εὑκτηρίους
824 2598 1025 2661 οῐκους,
1060 2598 1323 2652 ecclesias
1374 2599 1632 2653 nimirum
1672 2616 1777 2654 non
1809 2600 1899 2654 dc-

346 2691 580 2751 dicatas,
607 2698 659 2742 et
700 2688 782 2740 vel
819 2688 873 2740 in
909 2686 1052 2755 agris
1083 2687 1164 2742 vel
1197 2688 1249 2742 in
1277 2688 1503 2744 urbibus
1533 2690 1745 2743 cunctis
1781 2704 1902 2756 pcr-

344 2779 474 2843 vias,
508 2787 561 2831 at
596 2778 847 2848 parcecia
886 2776 1009 2845 jure
1040 2778 1282 2844 privatas
1313 2797 1326 2832 :
1384 2779 1509 2831 Κᾶν
1554 2779 1897 2848 μσναστήρισι

342 2864 461 2934 ὦσι,
500 2872 605 2925 κᾶν
633 2872 924 2940 ἐκκλησίαι
952 2871 1260 2937 καθολικαὶ,
1292 2870 1395 2923 κᾶν
1426 2871 1702 2941 εὐκτήριοι
1736 2868 1897 2927 οἶκοι.

342 2964 573 3017 Advertc
611 2964 831 3016 demum
883 2973 1162 3016 auctorem
1208 2962 1516 3017 Balsamoni
1552 2962 1759 3017 socium
1793 2974 1898 3016 tam

2003 1874 2265 1922 causam,
2326 1875 2669 1930 qtnecnnque
2722 1862 2811 1915 illa
2864 1860 3065 1916 fuerit:
3129 1866 3335 1935 alioqui
3386 1871 3566 1922 ontnis

2002 1966 2209 2017 carcer,
2247 1961 2514 2021 quatenus
2568 1955 2814 2009 custodia
2842 1965 2926 2009 est
2954 1998 2967 2021 ,
3003 1966 3287 2013 vocaretur
3332 1962 3566 2025 sacella;

2002 2044 2145 2111 quod
2193 2059 2298 2097 non
2350 2054 2432 2099 est
2483 2045 2590 2110 ita;
2629 2046 2771 2099 sicut
2822 2055 2873 2100 et
2918 2048 3057 2116 apud
3104 2048 3410 2105 Germanos
3458 2066 3563 2106 ItOn

2004 2149 2193 2189 omnes
2226 2150 2495 2201 carceres,
2528 2137 2619 2190 sed
2657 2139 2793 2191 certi
2828 2138 3047 2206 quidam
3085 2151 3348 2195 vocantur
3402 2150 3565 2208 sacci,

2002 2225 2141 2289 sack,
2179 2240 2283 2278 non
2315 2230 2385 2279 ob
2420 2227 2717 2281 custodiam
2752 2229 2995 2296 praecise,
3056 2231 3183 2299 quia
3213 2233 3415 2303 alioqui
3442 2250 3563 2291 οιιις

2004 2330 2098 2369 nes
2133 2330 2381 2370 carceres
2422 2317 2828 2385 appellarentur
2858 2321 3039 2384 sacci,
3068 2323 3193 2390 quia
3222 2340 3412 2380 omnes
3437 2342 3566 2381 sunt

2003 2408 2285 2473 cnstodiae,
2340 2407 2434 2461 sed
2506 2408 2640 2461 alias
2669 2396 2743 2462 ob
2777 2424 2993 2476 causas,
3037 2428 3173 2481 quas
3205 2420 3442 2472 nominis
3468 2421 3567 2474 in);

2003 2498 2210 2566 positor
2247 2500 2535 2566 spectavit.
2561 2500 2746 2562 Quoad
2781 2516 3056 2556 carcerem
3082 2543 3095 2565 ,
3126 2508 3337 2559 sacella:
3369 2525 3564 2563 ttonth

2006 2588 2251 2640 tulerunt
2312 2588 2580 2655 \irginum
2653 2591 3007 2654 monasteria,
3053 2609 3178 2646 cum
3230 2597 3339 2649 sint
3408 2605 3563 2667 quasi

2002 2678 2222 2744 quidam
2264 2694 2533 2739 carceres,
2585 2680 2712 2747 quia
2761 2682 2891 2734 nulli
2924 2685 3104 2751 egredi
3145 2686 3271 2740 licet
3307 2689 3409 2742 nisi
3450 2708 3570 2759 ςγδι

2003 2769 2225 2822 vissima
2269 2778 2493 2838 urgente
2523 2784 2711 2832 causa,
2740 2786 2836 2824 nec
2868 2775 2987 2826 sine
3017 2774 3247 2831 honesto
3280 2780 3562 2839 comitatu.

2001 2860 2091 2926 qui
2128 2860 2329 2913 ducant
2354 2869 2406 2912 et
2430 2860 2712 2923 reducant,
2741 2870 2800 2913 ut
2826 2864 3139 2931 prazcipitur
3180 2868 3231 2919 in
3270 2870 3337 2921 46
3360 2885 3569 2924 canona:

2002 2950 2276 3003 Trullano.
2316 2949 2379 3003 Et
2419 2951 2524 3006 huc
2550 2960 2793 3021 spectant
2818 2953 2906 3007 illa
2952 2971 3072 3023 quc
3101 2960 3153 3011 in
3193 2956 3567 3030 ancogrmcia

339 3055 581 3107 \it'orum
638 3069 799 3122 quam
856 3054 1146 3107 mulierum
1205 3054 1535 3108 monasteria
1586 3055 1897 3119 sacellario,

2007 3058 2060 3111 p.
2089 3043 2193 3097 ξ).οὸ
2229 3060 2289 3096 ex
2321 3046 2638 3113 Angustano
2672 3061 2773 3100 ms.
2804 3045 3155 3117 Pachymeris
3183 3054 3370 3107 codice
3398 3056 3567 3108 aduo-

337 3161 658 3199 cmnmnncs
690 3160 817 3200 vero
846 3145 1103 3200 ecclesias
1132 3144 1239 3199 CP.
1275 3153 1517 3212 repertas
1550 3145 1732 3199 sacelli
1774 3163 1905 3213 pra:-

339 3239 471 3290 lrcto
507 3236 778 3305 regendas
803 3236 1063 3300 tribucre,
1097 3234 1256 3305 124
1283 3234 1550 3288 Allatiana
1582 3249 1707 3287 vero
1737 3236 1905 3287 saecl-

340 3330 466 3381 lario
503 3329 703 3387 virilia.
738 3328 890 3381 alteri
926 3328 1155 3382 fetninea
1188 3329 1484 3397 deputare;
1522 3342 1642 3395 qua:
1687 3328 1903 3396 quidem

337 3421 555 3474 diversa
580 3419 728 3483 licet,
753 3428 975 3487 potuere
1002 3428 1180 3472 tamen
1212 3419 1319 3474 alio
1339 3427 1392 3473 et
1416 3418 1524 3472 alio
1548 3418 1709 3472 modo
1742 3419 1906 3472 variis

337 3513 677 3580 temporibus
718 3512 955 3579 disponi.
989 3510 1191 3581 Gonni

404 3603 462 3655 lu
497 3599 887 3666 Turcogrmcia
943 3600 1197 3653 subditur
1224 3599 1325 3653 alia
1358 3604 1513 3664 cura,
1544 3614 1739 3666 nempe
1772 3614 1904 3666 snp-

338 3695 538 3762 plicum
561 3700 612 3744 et
643 3689 1076 3758 confugientinm
1116 3690 1183 3742 ad
1214 3690 1525 3745 ecclesiam.
1562 3690 1771 3744 Interea
1800 3706 1904 3742 non

334 3785 672 3853 expungitur
730 3795 863 3835 cura
926 3782 1144 3849 proprie
1193 3781 1321 3835 dicti
1368 3781 1621 3848 sacellii;
1685 3781 1904 3834 tametsi

337 3878 523 3931 nescio
555 3889 716 3943 quam
745 3888 867 3927 vere
891 3872 1271 3940 Turcogrrecia
1307 3874 1407 3926 hoc
1452 3888 1654 3927 munus
1679 3873 1905 3926 sacellio

336 3966 695 4030 transcribet,
735 3978 859 4017 cum
904 3963 1104 4017 ibidem
1151 3964 1311 4031 paulo
1355 3974 1477 4031 post
1527 3966 1668 4018 idem
1705 3978 1907 4017 munus

336 4058 583 4126 assignet
610 4057 947 4123 proteedico,
1002 4055 1131 4116 τοὺς
1160 4055 1489 4123 πρόσφυγας
1522 4055 1904 4124 ἀναδέχεσθαι,

333 4151 695 4218 confugientes
725 4150 792 4198 ad
819 4146 1091 4199 ecclesiam
1129 4149 1355 4212 recipere
1378 4186 1392 4207 ,
1426 4156 1483 4197 ut
1511 4146 1907 4214 interpretatur

332 4243 733 4310 Turcograacus
754 4238 1003 4291 Crusius.
1030 4237 1159 4290 Utnt
1187 4238 1276 4298 sit,
1297 4238 1323 4287 ὁ
1347 4234 1630 4289 σακελλίου
1658 4251 1686 4289 a
1717 4236 1908 4287 minari

333 4335 530 4387 sacello
562 4332 868 4400 pecuniario
895 4345 981 4383 seu
996 4329 1189 4382 cerario
1222 4343 1417 4381 nomen
1452 4327 1635 4390 habet,
1666 4328 1909 4394 utmajor

2012 3140 2193 3184 tantur
2222 3148 2234 3183 :
2274 3130 2441 3195 Οὗτος
2469 3133 2533 3201 α(ὁ
2572 3134 2748 3202 μέγας
2780 3138 3164 3208 σακε>.λάριος)
3196 3144 3448 3213 ἐπιτηρεῖ
3473 3148 3569 3206 τὰς

2010 3223 2162 3291 ἱερὰς
2223 3220 2510 3288 estatinae,
2562 3225 2809 3293 δηλονότι
2865 3227 2934 3281 τὰ
2967 3236 3257 3293 γυναικεῖα
3294 3239 3567 3307 μοναστή-

2010 3328 2119 3387 pta.
2167 3313 2222 3368 Si
2249 3317 2371 3383 quis
2400 3316 2470 3369 ob
2502 3316 2817 3384 hujusmodi
2862 3322 3094 3376 sacellas
3130 3337 3315 3377 earum
3351 3337 3569 3381 curato-

2009 3420 2122 3459 rem
2155 3406 2286 3458 velit
2314 3420 2528 3475 quoque
2552 3408 2822 3463 sacellarii
2858 3414 3325 3469 nomenclatorem
3354 3421 3562 3483 tulisse,

2008 3509 2128 3546 cum
2168 3494 2268 3547 hoc
2306 3509 2412 3547 non
2464 3498 2738 3564 pugnabo,
2775 3499 3073 3555 dummodo
3111 3519 3217 3558 non
3250 3507 3453 3562 abnuat
3476 3526 3567 3564 sa~

2008 3587 2290 3639 cellarium
2355 3586 2614 3655 primario
2697 3584 3038 3647 nominatum
3094 3596 3252 3666 125
3306 3604 3568 3655 asacello

2009 3677 2321 3745 pecuniaria
2347 3693 2442 3733 seu
2462 3680 2528 3734 ab
2549 3683 2764 3747 aerario,
2794 3694 2851 3737 ut
2876 3702 3035 3753 supra
3062 3690 3315 3742 diximus.
3346 3691 3401 3743 S.
3430 3693 3541 3746 Ana
3560 3723 3572 3730 -

2008 3772 2211 3822 stasins
2238 3767 2448 3824 Sinaita
2478 3773 2529 3825 in
2560 3787 2659 3826 suo
2685 3772 2905 3845 Hodego
2930 3778 3064 3831 dicit
3088 3780 3423 3832 sacellarium
3450 3799 3570 3835 οεδι-

2009 3873 2204 3911 nomen
2245 3860 2565 3929 Syriacum:
2609 3862 2844 3914 σάκελλα
2900 3867 3012 3931 γὰρ
3044 3866 3103 3916 τὸ
3133 3867 3387 3935 δέχεσθαι
3419 3871 3570 3940 εἴρη-

2008 3965 2115 4011 ται,
2148 3966 2269 4003 nam
2327 3952 2520 4003 sacella
2549 3962 2627 4005 est
2668 3958 3071 4021 receptaculum,
3109 3974 3139 4009 α
3170 3960 3466 4027 recipiendo
3498 3966 3571 4015 sit;

2008 4038 2224 4093 dictttm.
2254 4039 2362 4093 Nec
2395 4042 2592 4093 mirum
2622 4058 2832 4095 saccum
2867 4056 2921 4098 et
2950 4046 3205 4099 sacellum
3236 4063 3428 4105 omnes
3466 4054 3567 4107 lin-

2008 4143 2140 4198 gnas
2169 4140 2484 4198 pervagatos
2514 4132 2678 4187 etiam
2722 4135 2775 4187 in
2808 4135 3083 4205 Syriacam
3114 4139 3425 4209 irrepsisse.

2079 4223 2154 4274 Ex
2189 4222 2272 4277 his
2300 4238 2421 4292 qua:
2451 4225 2709 4279 hactenus
2735 4227 2877 4281 dit-ta
2900 4269 2913 4292 ,
2954 4229 3113 4283 facile
3142 4235 3247 4287 erit
3290 4236 3559 4304 judicium

1950 4332 1953 4335 ν
2012 4310 2190 4364 facere
2239 4327 2405 4380 quam
2457 4328 2583 4366 vera
2639 4315 2751 4369 sint
2798 4331 2919 4386 qua:
2954 4319 3019 4373 de
3058 4324 3345 4377 sacellario
3403 4338 3457 4380 et
3506 4335 3573 4383 (Ιιι

331 4421 648 4474 saccllarius
688 4438 717 4469 ιι
754 4418 955 4484 majore
1015 4417 1230 4479 sacello,
1292 4431 1397 4469 non
1429 4417 1688 4481 aliunde;
1728 4432 1901 4484 neque

2013 4403 2263 4471 prtrfecta
2317 4394 2504 4457 sacelli
2560 4405 2756 4462 Junius
2820 4423 3221 4468 commentatur
3274 4433 3325 4484 p.
3365 4421 3472 4476 215
3521 4435 3574 4476 et

338 4513 458 4564 talis
516 4511 840 4563 nominatur
905 4508 1005 4559 nisi
1053 4514 1304 4575 respectu
1364 4507 1430 4559 ad
1467 4522 1655 4559 curam
1702 4507 1907 4559 sacelli.

335 4603 519 4666 Quare
550 4618 657 4653 non
684 4602 820 4653 satis
855 4612 1119 4665 asscquor
1164 4598 1309 4665 quod
1346 4596 1634 4650 Balsamon
1672 4596 1905 4648 atlirmat

339 4694 388 4744 in
417 4693 611 4746 Melete
660 4706 759 4743 sua
802 4691 868 4742 de
901 4688 1325 4756 chartopliylaee
1352 4698 1405 4740 et
1463 4689 1776 4755 protecdico
1800 4704 1813 4739 ε
1838 4689 1909 4740 Τὸ

342 4782 611 4833 σακεῦπιν
670 4779 825 4847 παρὰ
882 4776 1174 4846 Ῥωμαιοις
1230 4771 1561 4845 εἶναιπαρὰ
1609 4777 1668 4828 τὸ
1691 4778 1911 4829 διοικεῖν

340 4877 435 4925 καὶ
492 4873 812 4939 φυὶάττειν.
856 4871 963 4921 Aut
1009 4869 1152 4922 enim
1219 4869 1460 4935 loquitur
1513 4868 1798 4921 Balsamon
1848 4873 1911 4922 de

335 4965 685 5019 derivatione
740 4963 923 5026 vocis;
962 4970 1017 5015 et
1072 4971 1201 5015 tunc
1259 4961 1544 5013 σακέλ).ιον
1598 4978 1701 5013 non
1739 4964 1909 5029 magis

335 5066 418 5107 cst
449 5056 608 5123 παρᾶ
641 5054 701 5105 τὸ
728 5054 951 5105 διοικεῖν
988 5052 1080 5103 καὶ
1118 5051 1407 5119 φυλάττειν
1438 5067 1600 5119 quatn
1664 5055 1815 5120 παρὰ
1850 5056 1910 5103 τὸ

336 5147 573 5198 τύπτειν
597 5145 686 5195 καὶ
710 5141 1003 5212 μάχεσθαι.
1040 5142 1146 5194 Ant
1168 5142 1411 5209 loquitur
1434 5142 1499 5195 de
1514 5142 1909 5210 signiﬁCatioue

335 5250 580 5292 meum;
614 5244 668 5287 et
705 5245 833 5287 tunc
867 5248 1054 5305 verum
1096 5242 1182 5286 est
1210 5233 1517 5300 praefectum
1559 5233 1774 5286 sacellio
1812 5250 1905 5285 seu

328 5323 684 5379 sacellarium
710 5338 831 5378 esse
859 5322 1133 5391 διοικητὴν
1164 5322 1257 5374 καὶ
1275 5322 1581 5390 φύλακα,θι
1604 5323 1744 5375 hanc
1772 5337 1910 5389 pra:-

332 5418 609 5473 fectutatn
661 5429 784 5469 esse
817 5413 1087 5479 φυλακήν,
1141 5413 1460 5464 custodiam.
1503 5412 1607 5464 Sed
1648 5429 1752 5464 non
1793 5413 1911 5463 ideo

330 5509 524 5563 omnis
570 5504 742 5573 φύλαξ
780 5514 865 5557 est
915 5502 1259 5568 sacellarius,
1310 5518 1409 5555 nec
1458 5505 1635 5555 omnis
1693 5501 1908 5569 φυλακή

330 5598 589 5650 custodia
614 5594 821 5658 sacelli,
857 5594 951 5646 sed
987 5595 1075 5644 ille
1124 5602 1334 5644 tantum
1384 5593 1559 5658 φύλαξ
1582 5593 1911 5644 estsacclla-

330 5704 473 5751 mu,
514 5686 601 5739 cui
635 5684 831 5738 sacello
866 5682 1069 5735 credita
1102 5690 1204 5740 cst,
1235 5694 1285 5734 et
1313 5683 1405 5756 illa
1432 5691 1637 5735 tmttum
1672 5681 1910 5735 custodia

664 5783 932 5840 Pyram”
984 5779 1095 5837 Gn.
1134 5777 1359 5837 CLYlI.

2013 4494 2139 4546 2/96.
2200 4494 2406 4549 Nomen
2471 4506 2547 4549 est
2610 4499 2917 4567 ambiguum
2984 4508 3344 4577 σακελάριος,
3397 4512 3567 4581 inquit

2012 4585 2226 4640 Junius.
2294 4588 2374 4641 Sit
2433 4590 2524 4654 ita,
2579 4594 3020 4660 quandoquidem
3078 4596 3316 4654 Joannes
3367 4603 3574 4657 Citlius

2013 4679 2103 4729 τὸν
2154 4680 2247 4731 ἐπὶ
2301 4680 2397 4747 τῆς
2447 4683 2653 4749 μικρᾶς
2708 4682 2974 4752 σακέλλης
3011 4686 3174 4739 etiam
3231 4690 3567 4744 sacellarium

2017 4768 2283 4832 nominat,
2315 4769 2659 4838 cuius-plura
2704 4771 2844 4825 forte
2875 4776 3122 4840 exempla
3157 4790 3262 4829 non
3300 4781 3569 4846 reperies;

2014 4862 2196 4927 aptius
2242 4861 2489 4914 sacellius
2528 4860 2827 4925 vocabitur,
2879 4864 2924 4916 si
2962 4878 3073 4918 uno
3110 4870 3331 4924 nomine
3376 4888 3574 4927 vocare

2018 4953 2167 5005 velis.
2221 4950 2361 5003 Nam
2400 4953 2549 5004 modo
2580 4968 2924 5020 personarum
2958 4972 3193 5025 respectu
3219 4962 3449 5029 dicitur,
3484 4972 3573 5036 qui

2016 5045 2180 5095 sacris
2214 5042 2510 5096 hominibus
2547 5054 2598 5095 et
2628 5043 2736 5097 Deo
2762 5046 2956 5102 dicatis
2986 5052 3263 5119 praefectus
3290 5066 3387 5116 est.
3420 5063 3573 5111 mod.

2015 5147 2188 5183 rerum
2224 5135 2598 5198 locorumque;
2624 5146 2751 5203 puta
2798 5139 2842 5191 is
2873 5141 2965 5202 qui
2997 5146 3201 5208 templis
3234 5147 3576 5217 domibusqtm

2015 5224 2202 5275 sacris.
2256 5226 2323 5275 At
2367 5227 2395 5274 ὁ
2449 5225 2544 5275 τοῦ
2572 5227 2858 5282 σακε).λὶου
2916 5247 3022 5284 non
3064 5236 3223 5287 modo
3274 5238 3573 5304 parietibus

2017 5313 2343 5380 templorum
2393 5327 2659 5382 [δίδωθι-δικ
2704 5320 2798 5373 sed
2849 5330 2903 5374 et
2949 5324 3092 5376 clero
3126 5326 3196 5378 ad
3229 5326 3321 5381 illa
3375 5333 3575 5399 templa

2015 5405 2329 5471 pertinenti,
2366 5417 2417 5459 et
2446 5408 2890 5478 confugientibus
2921 5429 3142 5483 quoque
3189 5418 3256 5471 ad
3295 5421 3383 5473 illa
3432 5431 3566 5476 tem.

2018 5498 2101 5563 pla
2143 5514 2155 5549 :
2197 5498 2297 5550 hoc
2328 5500 2474 5551 enim
2526 5512 2611 5553 est
2640 5505 2865 5571 κρατεῖν
2893 5504 2994 5565 τὰς
3043 5506 3346 5573 καθολικὰς
3379 5513 3579 5583 ὲκκ>.η-ε

2017 5591 2161 5650 σίας.
2226 5590 2366 5656 Ergo
2414 5602 2467 5644 et
2507 5596 2533 5644 ὁ
2570 5595 2661 5645 τοῦ
2704 5595 2992 5647 σακελλίου
3027 5614 3132 5652 non
3187 5604 3350 5657 modo
3389 5605 3439 5658 in
3483 5625 3572 5663 res

2015 5694 2067 5736 et
2100 5685 2237 5748 loca,
2273 5684 2364 5737 sed
2417 5696 2469 5737 et
2524 5686 2576 5739 in
2618 5702 2876 5754 personas
2930 5688 3019 5756 jus
3054 5692 3259 5757 habuit,
3313 5713 3465 5766 a'qnc
3505 5715 3570 5753 ac

3184 5790 3221 5846 ὅ
