3992 6240
367 367 467 431 139

1455 361 1523 420 IN
1577 360 1873 419 LIBRUM
1918 360 2011 417 DE
2051 361 2385 423 OFF’ICIIS
2423 363 2531 423 ΟΡ.

3499 362 3601 430 NO

369 491 600 547 magnus
644 448 984 529 sacellaiitts.
1022 466 1179 521 Cadit
1225 478 1354 537 ergo
1400 465 1516 520 haec
1562 463 1792 520 Juniana
1828 463 1937 519 dis-
1972 482 2011 537 Δ
2046 484 2210 536 quam
2248 470 2407 525 nobis
2449 471 2606 541 paulo
2661 483 2784 527 ante
2818 471 3088 544 Corlppus
3121 470 3429 541 descripsit,
3472 472 3602 541 quia

368 569 558 623 tiuctio
584 584 602 620 :
650 562 938 620 Hominum
978 560 1286 628 procuratio
1310 568 1359 611 ct
1389 557 1707 627 profectura
1737 558 1933 611 dicitur

368 658 677 718 sarellaria,
704 657 943 709 locorum
970 667 1090 705 vero
1114 650 1427 704 'sacellium.
1465 647 1541 704 Ex
1575 666 1683 719 quo
1709 660 1933 705 auctore

369 748 566 817 probas
618 745 720 798 hoc
764 738 1275 806 diserimeu?Quis
1328 739 1419 793 ille
1463 741 1556 809 qui
1610 740 1793 809 priore
1842 741 1934 797 illo

364 840 633 895 vocabulo
694 847 787 891 tua
832 836 1056 891 notione
1104 833 1320 897 utitur?
1368 833 1527 889 Certe
1590 834 1933 888 sacellarium

364 930 583 988 deducit
649 931 939 984 Balsamou
995 945 1023 981 a
1071 928 1302 992 sacella,
1340 936 1394 981 et
1439 929 1580 981 hanc
1628 943 1656 980 a
1698 927 1931 996 sacellof,

365 1036 423 1079 ut
456 1036 509 1078 et
539 1024 629 1078 τὸν
659 1021 753 1074 τοῦ
790 1019 1078 1073 σακελῌου
1100 1058 1115 1083 ,
1150 1019 1297 1090 quod
1326 1017 1403 1072 ait
1426 1034 1550 1074 esse
1576 1018 1930 1088 ὑποκοριστι-

366 1115 459 1168 κόν
495 1131 591 1169 seu
620 1113 1033 1176 diminutivum,
1067 1125 1095 1164 a
1132 1109 1325 1163 sacello
1368 1124 1462 1163 seu
1492 1106 1723 1162 sacccllo
1754 1124 1771 1161 :
1801 1123 1926 1162 nam

365 1206 753 1260 diminutivum
802 1220 832 1257 a
872 1203 1200 1257 diminutivo
1259 1201 1520 1267 formari,
1579 1210 1699 1254 uta
1742 1200 1934 1254 sacello

364 1299 664 1358 sarcllium.
706 1294 1062 1351 sieutI.atine
1096 1309 1129 1347 a
1160 1293 1380 1348 sacculo
1419 1292 1707 1347 saccellunt
1735 1291 1935 1345 saccel—

365 1391 554 1454 lulum,
592 1405 753 1443 nemo
784 1387 981 1440 nescit.

436 1487 544 1540 Nec
595 1500 783 1538 verum
825 1482 1003 1535 illud:
1038 1479 1354 1542 σακελ).ἔου,
1409 1480 1464 1533 id
1514 1488 1592 1533 est
1637 1495 1816 1532 rerum
1864 1476 1933 1532 ad

362 1596 541 1634 sacras
583 1575 719 1630 (cdes
770 1582 820 1627 et
851 1572 1048 1629 sacella
1079 1573 1483 1640 pertinentium.
1546 1570 1693 1625 Nihil
1725 1571 1933 1635 minus,

365 1672 491 1739 quia
536 1667 671 1723 nihil
732 1666 822 1719 hic
875 1665 942 1717 de
989 1662 1211 1718 sacellis
1259 1676 1379 1732 quae
1435 1661 1648 1717 Latinis
1699 1660 1933 1724 sacello,

368 1762 643 1833 CﬂPpelltL’,
687 1760 830 1814 unde
885 1756 1199 1811 sacellauus
1233 1764 1286 1808 et
1325 1754 1724 1824 eappellanus;
1768 1766 1868 1805 nec
1905 1753 1934 1804 ὁ

2037 559 2215 614 Latini
2254 560 2474 617 Graecos
2512 564 2704 617 imitati
2739 565 3032 635 aliquando
3060 564 3288 620 alterum
3319 580 3346 617 c
3388 579 3601 632 expun-

2035 662 2187 721 gunt.
2242 652 2390 707 Idem
2448 669 2574 724 ergo
2604 664 2689 710 est
2739 656 3082 709 saccellarius
3155 665 3209 709 et
3264 653 3602 709 sacellarius.

2035 742 2378 812 Quapromer
2400 745 2633 815 probare
2696 762 2802 800 non
2850 761 3073 816 possum
3130 745 3375 815 ejusdem
3419 744 3601 816 magni

2035 834 2134 888 viri
2161 835 2478 913 discrimen,
2503 836 2650 906 quod
2674 837 2862 891 statuit
2895 839 3041 892 hunc
3074 836 3129 891 in
3153 835 3375 896 modum
3404 855 3418 891 :
3442 834 3599 905 Apud

2035 923 2277 989 Latinos,
2323 926 2367 980 si
2420 927 2761 980 saccellarius
2793 927 3055 981 scribitur
3094 942 3124 980 a
3160 927 3434 989 saccellis,
3482 928 3602 980 the-

2036 1031 2134 1071 sau
2146 1017 2323 1071 rarius
2343 1016 2591 1072 ecclesia:
2631 1018 2954 1089 intelligitur
2980 1036 2995 1084 ;
3037 1020 3082 1074 si
3104 1033 3231 1073 vero
3251 1034 3345 1082 per
3369 1018 3599 1087 simplex

2035 1122 2083 1170 r,
2117 1105 2427 1159 sacellarius
2456 1122 2486 1160 a
2511 1108 2730 1173 sacello,
2759 1108 2851 1177 qui
2888 1107 3097 1163 scilicet
3121 1108 3357 1176 sacello(
3383 1110 3607 1177 cappel-

2036 1196 2123 1262 lac)
2162 1205 2376 1265 prazest,
2412 1197 2771 1266 significatur.
2794 1197 2965 1259 Secus
2994 1212 3053 1253 se
3086 1215 3175 1253 res
3226 1199 3409 1261 habet,
3449 1208 3505 1252 ut
3535 1215 3603 1254 ex

2036 1284 2197 1342 dictis
2239 1289 2460 1359 planum
2495 1289 2845 1359 relinquitur.
2900 1288 3033 1344 Vide
3077 1290 3241 1344 etiam
3286 1290 3601 1360 Cujacinm.

2035 1379 2320 1435 Observat.
2346 1397 2403 1447 ι,
2446 1381 2514 1434 27
2541 1422 2555 1445 ,
2594 1380 2685 1435 ubi
2748 1381 2816 1437 de
2869 1382 3165 1436 saecularia
3217 1396 3248 1435 a
3286 1382 3506 1437 sacculo
3551 1392 3607 1437 et

2038 1472 2345 1527 saccellario
2375 1488 2403 1526 a
2425 1473 2629 1528 sacello
2682 1474 2852 1527 multa
2893 1473 3102 1540 scribit,
3129 1474 3229 1530 etsi
3258 1474 3364 1528 alio
3388 1474 3603 1544 signiti-

2036 1576 2161 1621 catu
2183 1568 2373 1621 horum
2406 1567 2709 1622 uontinum.

2630 1665 2859 1724 CAPUT
2906 1667 2996 1722 IV.

2530 1761 2606 1816 De
2661 1760 3083 1830 chartophylace.

365 1824 479 1910 τοξ
502 1824 792 1907 σακέλλιου
822 1865 851 1903 a
883 1846 1055 1902 sacris
1081 1845 1321 1910 sacellis,
1346 1862 1465 1914 quae
1492 1852 1620 1898 sunt
1646 1842 1935 1913 cappellaz,

2112 1854 2252 1911 ΡΛ.
2289 1851 2779 1922 Charmphylacem
2840 1824 2982 1905 male
3034 1861 3227 1906 vocant
3254 1851 3609 1908 Leunclarins

369 1961 567 1999 nomen
603 1944 797 2007 habet;
829 1952 930 1994 nec
956 1938 1024 1992 ad
1055 1953 1244 1994 curam
1276 1936 1397 2007 ejus
1423 1936 1742 2006 Spectabant
1762 1949 1935 1990 sacra

368 2044 567 2099 restes,
600 2047 752 2096 vasa,
781 2030 989 2085 reditus
1015 2037 1069 2083 et
1101 2029 1151 2083 id
1181 2044 1351 2099 genus
1375 2029 1478 2082 alia
1506 2029 1570 2082 ad
1601 2028 1800 2096 templa
1834 2040 1932 2081 seu

370 2127 569 2183 sacella
616 2138 775 2179 saera
818 2123 994 2192 (quas
1051 2120 1225 2176 Gnaei
1275 2129 1474 2175 vocant
1527 2118 1937 2189 παρεκκλησίας

308 2270 313 2277 .
369 2238 463 2276 seu
492 2213 916 2289 παρεκκλὴσια)
958 2212 1314 2283 pertinentia,
1352 2213 1481 2282 quia
1530 2212 1643 2265 haec
1672 2210 1809 2265 alios
1840 2224 1937 2263 ett-

373 2324 584 2368 ratores
638 2308 951 2371 habebant,
988 2315 1045 2358 ut
1081 2320 1146 2359 ex
1206 2305 1326 2374 ipso
1371 2304 1582 2357 Codiuo
1611 2312 1801 2356 notum
1854 2312 1943 2354 cSt

373 2423 425 2469 ri.
458 2405 522 2469 3;
566 2410 753 2456 noster
806 2407 986 2453 autem
1043 2396 1358 2451 sacelldrius
1422 2406 1469 2449 et
1530 2394 1777 2449 sacellius
1840 2406 1939 2445 no~

371 2514 494 2552 men
560 2496 660 2549 hoc
706 2493 907 2547 habent
952 2506 982 2544 a
1015 2489 1242 2555 sacello;
1294 2498 1351 2543 et
1390 2489 1437 2543 si
1489 2487 1721 2567 primam
1770 2486 1940 2555 origi-

372 2606 492 2661 nem
527 2598 772 2656 repetere
797 2583 1029 2639 velimus
1050 2622 1064 2648 ,
1092 2596 1121 2634 a
1157 2596 1336 2645 sacco,
1363 2588 1423 2634 ut
1452 2593 1616 2649 supra
1648 2576 1935 2647 probatura

368 2692 472 2737 est.

439 2770 729 2827 Coronidis
756 2768 876 2821 loco
910 2763 1185 2818 addamus
1210 2773 1262 2817 et
1297 2762 1401 2815 hoc
1435 2760 1705 2814 sacellarii
1744 2774 1941 2813 nomen

298 2898 306 2905 -
370 2864 563 2917 eadem
613 2857 946 2914 formatione
978 2869 1031 2909 et
1078 2854 1302 2906 notione
1353 2868 1420 2904 ne
1452 2849 1663 2904 Latinis
1719 2849 1939 2917 quidem

374 2956 619 3021 ignotum
688 2946 883 2998 fuisse.
958 2941 1247 2995 Ascribam
1314 2937 1481 2990 verba
1540 2934 1811 3004 Ouuphrii
1874 2948 1943 2985 ex

376 3043 561 3097 libello
612 3038 678 3092 de
718 3039 1003 3103 interpret.
1036 3032 1394 3085 obscurarum
1445 3042 1638 3081 vocum
1681 3024 1946 3080 ceclesia-

2038 1958 2093 2003 et
2108 1948 2200 2002 alii
2235 1944 2618 2000 chartularium
2641 1962 2654 1999 :
2676 1959 2801 1998 nam
2826 1944 3185 1998 claartulari‘us
3205 1945 3429 2001 alterius
3449 1946 3606 2000 ollicii

2040 2049 2093 2095 et
2127 2037 2401 2093 inferioris
2456 2050 2652 2092 nomen
2712 2043 2819 2100 est,
2875 2036 3297 2105 contineturque
3360 2036 3413 2091 in
3466 2054 3609 2092 noue

2043 2128 2271 2200 pentade
2285 2125 2589 2182 omi-iorum
2609 2124 3136 2181 ecclesiasticorum:
3160 2128 3342 2181 atcltai
3357 2130 3610 2198 topnglaz

2043 2219 2343 2290 principem
2378 2218 2557 2273 locum
2611 2225 2777 2279 tenet,
2806 2217 3007 2287 quippe
3037 2228 3267 2286 quartus
3301 2220 3444 2273 inter
3475 2236 3607 2275 exo-

2041 2310 2358 2366 cataemlos.
2393 2308 2590 2365 Junius
2635 2307 2826 2363 Latine
2849 2310 3158 2377 pra’fectum
3189 2312 3386 2365 chartis
3427 2313 3609 2367 nomi-

2045 2410 2161 2465 nat,
2195 2400 2380 2454 nescio
2401 2414 2565 2469 quam
2603 2399 2821 2454 idonee.
2855 2399 2967 2468 Ego
2999 2399 3237 2455 libenter
3269 2417 3453 2455 vocem
3480 2402 3608 2456 reti-

2047 2508 2150 2548 neo
2178 2491 2447 2546 Graecam.
2471 2489 2629 2544 Unde
2645 2498 3008 2557 componatur
3040 2498 3095 2544 et
3117 2489 3413 2555 derivetur,
3440 2491 3612 2562 liquet

2046 2584 2255 2650 absque
2283 2594 2404 2634 meo
2427 2578 2733 2632 admonitu.
2761 2576 2891 2633 Plus
2915 2587 3095 2633 tamen
3126 2578 3400 2646 signiﬁcat
3443 2596 3606 2649 quam

2048 2674 2168 2742 ipsa
2202 2669 2465 2725 voeabula
2494 2670 2672 2723 fronte
2705 2669 2881 2738 prima
2915 2683 3028 2737 pra:
3070 2682 3131 2723 se
3164 2667 3360 2724 ferant.
3386 2668 3613 2733 Quocir-

2046 2780 2108 2819 ca
2146 2762 2434 2816 Balsamou
2467 2760 2521 2814 in
2575 2773 2675 2813 sua
2737 2758 3136 2828 disceptatione
3178 2759 3246 2812 de
3279 2758 3611 2829 chartophy-

2047 2856 2166 2909 lace
2258 2852 2461 2907 refutat
2518 2852 2637 2906 illos
2702 2849 2795 2919 qui
2865 2849 3056 2904 volunt
3124 2850 3611 2919 chartOphylacem

2051 2941 2537 3014 παρωνυμιζεσθαι
2582 2942 2645 2994 ἐκ
2682 2928 2777 2992 toi“:
2832 2942 3125 3009 φυλάττειν
3161 2940 3485 3010 μεμϐράνας
3516 2942 3614 2992 καὶ

2052 3028 2589 3103 κωδίκιαίῳιλιηνίε
2633 3032 2681 3087 si
2752 3048 2951 3087 nomen
2983 3032 3209 3102 praecise
3265 3032 3614 3087 considerare

374 3136 635 3190 sticaruiu
672 3147 686 3185 :
715 3126 1063 3191 Socellarius,
1101 3124 1239 3177 alias
1273 3119 1628 3181 sorcularius,
1666 3134 1699 3170 a
1727 3114 1945 3170 saccello

2051 3127 2295 3189 velimus,
2333 3127 2447 3179 haec
2485 3125 2696 3179 notatio
2727 3139 2755 3178 a
2791 3125 3019 3178 veritate
3050 3140 3158 3178 non
3212 3126 3432 3178 recedat
3464 3142 3477 3177 :
3514 3125 3611 3178 sed

376 3226 729 3293 pecuniarum
766 3234 898 3287 quas
953 3214 1205 3285 erogabat
1237 3213 1436 3274 αἰσίων
1467 3218 1573 3264 εισι
1611 3208 1763 3261 "unc
1790 3207 1942 3259 Ιιοάίε
1971 3185 2014 3242 C
2051 3220 2103 3273 in
2132 3217 2474 3287 impositione
2492 3216 2775 3270 nominum
2796 3223 3017 3270 monent
3042 3217 3317 3285 sapientes
3348 3232 3459 3271 non
3498 3224 3606 3270 tam
3632 3264 3639 3267 _

377 3314 749 3370 thesaurorius
782 3316 1147 3377 repra'sentat.
1188 3304 1355 3373 Cujus
1381 3303 1614 3356 muneris
1652 3299 1948 3353 Bibliothe-

377 3408 553 3461 cm'ius
598 3400 1002 3474 (Anastasius)
1028 3413 1164 3466 sirpe
1204 3388 1520 3449 attentionem
1557 3393 1711 3461 facit.
1763 3392 1948 3444 Dictus

381 3509 561 3552 autem
590 3507 663 3548 est
702 3511 733 3546 α
773 3508 927 3546 sacco
957 3490 1310 3547 sacculurius.
1336 3487 1410 3541 vel
1468 3503 1501 3539 α
1534 3483 1752 3546 sacello,
1785 3483 1841 3536 id
1873 3491 1951 3535 est

380 3608 541 3661 parvo
568 3587 783 3646 sacello,
824 3583 1173 3645 saccllarins;
1229 3597 1345 3649 qua:
1379 3594 1478 3632 σοι
1507 3578 1651 3645 apud
1686 3575 1948 3649 Augusti-

382 3700 501 3737 num
535 3690 705 3735 exstat
742 3680 797 3731 in
824 3672 1219 3748 commentariis
1254 3671 1614 3725 Paulinorum.
1652 3668 1775 3722 llarc
1803 3667 1953 3721 Ouu-

383 3775 591 3844 pbrius.
654 3770 848 3825 Sacetli
902 3782 1100 3822 nomen
1154 3780 1252 3835 pro
1284 3763 1549 3818 thesauro
1597 3776 1693 3815 seu
1756 3759 1951 3812 :erario

383 3873 611 3934 usurpat
653 3876 872 3933 quoque
913 3858 1185 3928 Corippus
1226 3856 1299 3911 De
1338 3854 1591 3909 laudibus
1633 3851 1835 3907 Justini
1876 3866 1949 3915 Iv,

332 3956 522 4022 ‘5')4;
586 3958 679 4011 ubi
739 3968 901 4025 quem
964 3960 1265 4014 memorat,
1342 3948 1447 4004 fuit
1500 3946 1781 4002 Calinicus
1849 3945 1954 3998 ista

383 4051 726 4113 sacellarius,
783 4046 878 4101 sed
937 4044 1170 4117 aulicus,
1229 4056 1339 4096 non
1389 4039 1827 4096 ecclesiasticus.
1889 4036 1950 4091 S.

381 4142 681 4213 Gregorius
716 4135 943 4209 Magnus
978 4134 1140 4206 126
1182 4134 1220 4189 ι.
1267 4135 1341 4197 iv,
1374 4134 1538 4203 epist.
1583 4132 1673 4198 54,
1707 4128 1954 4184 nominat

384 4252 444 4287 se
475 4230 815 4285 sacellorium
848 4227 1179 4280 Romanum.
1214 4224 1410 4279 Putaui
1435 4224 1728 4286 interdum,
1774 4219 1955 4287 inquit

387 4322 653 4377 ltaronius
686 4320 846 4387 (tom.
876 4315 1016 4381 VIII,
1058 4330 1207 4369 anno
1237 4315 1443 4368 Christi
1482 4315 1609 4376 595,
1647 4328 1798 4385 nuru.
1867 4310 1953 4378 t7)

383 4417 441 4467 in
470 4423 615 4467 textu
640 4409 879 4479 Gregorii
914 4422 1013 4477 pro
1034 4404 1377 4460 sacellariunt
1407 4405 1509 4474 legi
1541 4404 1726 4457 debere
1760 4404 1954 4456 socrel-

2054 3311 2343 3365 ridendum
2376 3322 2499 3362 esse
2532 3324 2565 3360 o
2604 3323 2728 3377 quo,
2757 3322 2919 3375 quam
2947 3306 3017 3359 ad
3049 3307 3176 3374 quid
3203 3321 3400 3361 nomen
3435 3308 3614 3373 impo-

2053 3410 2234 3456 natur.
2275 3402 2346 3454 Ea
2387 3401 2452 3453 de
2484 3413 2647 3453 causa
2683 3398 2815 3456 licet
2838 3412 2868 3451 a
2897 3399 3144 3453 custodia
3175 3399 3374 3452 charta
3413 3414 3610 3453 nomen

2054 3493 2302 3555 traxerit,
2338 3492 2498 3559 longe
2528 3501 2709 3543 tamen
2747 3490 2904 3559 plura
2932 3490 2997 3542 ad
3024 3488 3141 3557 ejus
3178 3505 3367 3543 curam
3418 3501 3472 3543 et
3514 3490 3615 3542 ad-

2056 3582 2507 3637 ministrationem
2557 3582 2957 3651 pertinebant:
3015 3582 3129 3648 ipse
3179 3581 3322 3635 enim
3386 3595 3483 3634 sua
3560 3582 3613 3634 in

2054 3687 2320 3747 potestate
2372 3676 2607 3730 habebat
2651 3675 3085 3745 ὲκκλησιαστικὰ
3129 3674 3353 3744 χαρτῷα
3399 3673 3621 3728 δικαιώο

2058 3784 2227 3836 ματα,
2286 3766 2494 3819 litteras
2544 3765 2598 3818 in
2647 3765 2833 3833 quibus
2878 3766 3008 3834 jura
3053 3774 3104 3818 et
3137 3764 3410 3833 privilegia
3461 3764 3617 3833 127

2057 3857 2306 3912 Ecclesia:
2365 3856 2807 3920 continebantur;
2852 3872 2963 3911 uno
2994 3857 3157 3912 verbo
3207 3856 3475 3911 archiouns
3532 3858 3622 3911 di-

2055 3964 2180 4005 cere
2213 3950 2407 4019 pessis.
2433 3950 2641 4019 Κριτὴς
2664 3947 2774 4004 τῶν
2803 3950 2939 4003 ὅλων
2964 3949 3275 4003 ὑποθέσεων
3298 3949 3409 4002 τῶν
3425 3950 3625 4018 ἔκκλη-

2058 4039 2372 4105 σιαστικῶν,
2427 4038 2568 4109 ἔχων
2616 4041 2716 4102 τὰς
2763 4040 3010 4110 γαμικὰς
3086 4040 3395 4106 ὑποθέσεις,
3450 4040 3623 4110 judsa:

2056 4134 2290 4187 omnium
2336 4132 2817 4187 ecclesiasticarum
2859 4148 3144 4186 causarum
3175 4140 3226 4186 et
3256 4132 3625 4186 matrimonia-

2057 4225 2187 4278 lium
2232 4224 2728 4278 controuersiarum.
2778 4223 2942 4277 Ἀλλὰ
2992 4224 3086 4277 καὶ
3134 4224 3193 4278 ὲν
3242 4225 3359 4285 ταῖς
3405 4223 3625 4284 λοιπαῖς

2057 4316 2167 4368 τῶν
2201 4314 2485 4384 κληρικῶν
2548 4313 2876 4367 ὑποθέσεσιν
2907 4313 3144 4377 ἔκδικος,
3205 4312 3282 4376 ὡς
3328 4310 3478 4376 δεξιὰ
3526 4308 3623 4363 τοῦ

2060 4404 2361 4475 ἀρχιερέως
2390 4404 2533 4472 χείρ,
2564 4403 2691 4471 quin
2724 4403 2839 4457 etin
2860 4403 3064 4456 ueteris
3101 4401 3411 4455 clericorum
3444 4403 3621 4454 causis

386 4506 601 4568 larium,
633 4502 788 4572 quasi
807 4518 840 4554 α
866 4498 1104 4553 saceellis
1117 4507 1382 4566 sumptum
1412 4511 1622 4562 nomen,
1651 4495 1791 4565 quod
1817 4495 1951 4546 satis
1987 4525 2036 4584 Β
2062 4495 2299 4564 cognitor
2327 4503 2377 4546 et
2392 4494 2561 4561 judex
2584 4504 2683 4556 est,
2719 4503 2767 4547 et
2810 4503 3062 4563 tanquam
3097 4494 3283 4546 dextro
3307 4492 3626 4559 patriarchae

387 4599 498 4666 ipse
515 4592 803 4664 Gregorius
831 4589 1143 4654 docet,dum
1172 4588 1401 4641 ostendit
1435 4583 1955 4653 sacelloriumfuisse

392 4685 790 4742 thesaurorium
810 4683 1048 4751 pecuniae
1059 4678 1312 4749 publicat.
1332 4679 1486 4747 cujus
1510 4680 1584 4730 rei
1605 4678 1783 4748 gratia
1799 4690 1956 4744 opor-

391 4780 493 4832 tuit
525 4778 629 4843 ipsi
658 4774 887 4829 creditos
918 4788 1029 4826 esse
1050 4770 1395 4840 pecuniarum
1419 4768 1684 4833 sacculos,
1714 4770 1778 4821 ob
1802 4766 1957 4828 idque

390 4871 731 4924 socellariunt
760 4867 963 4922 dictum
1001 4881 1134 4920 esse.
1170 4862 1312 4917 lluic
1361 4878 1488 4916 mete
1509 4861 1782 4915 sententiis
1838 4858 1957 4926 suf-

392 4966 637 5030 fragatur
668 4960 802 5011 idem
834 4959 1116 5028 Gregorius
1147 4957 1201 5009 in
1255 4954 1482 5023 epistola
1517 4953 1587 5005 ad
1622 4951 1955 5004 Honoratum

390 5053 694 5115 diaconum,
714 5050 801 5101 ubi
821 5065 976 5117 agens
989 5048 1051 5099 de
1066 5049 1323 5101 solutione
1335 5056 1597 5100 consueta?
1614 5042 1844 5109 pecunin’
1863 5054 1958 5105 pro

393 5144 649 5211 dignitate
670 5139 939 5194 consulari
956 5138 1290 5205 adipiscenda
1315 5139 1423 5191 uit:
1450 5155 1468 5188 ι
1504 5132 1671 5201 Magis
1685 5148 1749 5185 ex
1764 5148 1818 5184 se
1835 5140 1959 5198 agat

394 5234 602 5287 diz’eCtio
618 5244 731 5289 tua.
749 5241 1005 5300 quatenus
1028 5229 1216 5281 oblatis
1239 5232 1293 5281 in
1312 5226 1536 5280 saccella
1562 5224 1959 5278 consuetudini-

396 5327 489 5377 bus
509 5326 728 5375 honores
758 5330 1018 5374 mereatur
1035 5320 1285 5384 accipere.
1319 5337 1337 5368 ι
1367 5315 1467 5370 Ubi
1486 5315 1814 5385 pensarcclla
1847 5330 1959 5367 cer-

400 5425 506 5468 tum
528 5425 600 5467 est
626 5413 847 5478 intelligi
863 5411 1116 5479 principis
1141 5409 1499 5478 pecuniariam
1519 5423 1753 5475 capsam,
1774 5417 1820 5459 et
1844 5422 1964 5472 pro-

397 5508 516 5561 inde
547 5504 1018 5574 persoccellarium
1038 5502 1446 5556 thesaurarium.
1481 5498 1505 5552 1
1514 5518 1544 5553 n
1572 5517 1728 5569 quant
1761 5510 1966 5552 sentcn-

401 5596 527 5647 tiam
557 5604 603 5646 et
638 5594 893 5658 Isidorus,
926 5612 943 5643 ι
978 5590 1189 5656 Fiscus,
1218 5591 1410 5659 inquit,
1443 5604 1518 5643 est
1570 5606 1753 5643 saccus
1786 5588 1962 5655 publi—

400 5701 511 5738 sus.
528 5702 545 5733 ι
573 5683 674 5737 Sed
699 5683 771 5757 nil
789 5698 925 5753 opus
949 5682 1054 5736 ulla
1087 5681 1417 5746 mutatiOne;
1441 5694 1560 5733 nam
1583 5691 1635 5733 et
1660 5678 1964 5732 sacellarius

402 5782 485 5830 est
517 5773 851 5827 sucreltarius
874 5790 901 5821 η
928 5771 1143 5836 sacello,
1166 5770 1397 5839 simplici
1450 5786 1497 5836 c,
1547 5767 1627 5821 vel
1682 5782 1711 5820 a
1747 5764 1963 5823 sacella.

2063 4604 2245 4658 manus
2287 4604 2303 4654 ;
2339 4603 2447 4657 quo
2482 4587 2702 4643 nomine
2730 4587 2961 4642 allieitur
2998 4589 3162 4642 etiam
3206 4603 3237 4642 a
3267 4586 3612 4648 Balsamuue,

2059 4684 2151 4753 qui
2206 4683 2666 4751 chartophylacem
2696 4700 2755 4737 os
2785 4692 2835 4736 et
2876 4683 3028 4736 labra
3059 4682 3385 4752 patriarcha:
3442 4692 3620 4745 vocat,

2059 4775 2243 4843 sitque
2277 4790 2399 4831 esse
2446 4774 2767 4845 patriarchae
2797 4774 2850 4829 id
2895 4774 3040 4842 quod
3067 4773 3236 4844 Moysi
3294 4774 3397 4828 fuit
3444 4779 3623 4828 Aaron

2060 4872 2112 4917 et
2146 4862 2360 4917 Baruch
2382 4858 2669 4928 Jereiuite;
2703 4864 2861 4931 cujus
2880 4865 3243 4918 chirotoniam
3281 4873 3334 4917 et
3356 4865 3629 4917 Ordinati-

2061 4968 2220 5009 onem
2252 4956 2474 5023 copiose
2530 4955 2814 5011 describit.
2864 4953 3009 5008 Fieri
3051 4971 3288 5022 namque
3332 4963 3633 5007 consuerat

2062 5063 2186 5101 cum
2224 5048 2574 5117 impositione
2600 5062 2861 5109 titanuum
2898 5056 2950 5100 et
2988 5049 3324 5115 alipensione
3358 5046 3632 5113 βουλωτη-

2068 5136 2183 5204 ρίου
2209 5136 2272 5191 de
2312 5147 2534 5204 pectore
2584 5137 2755 5191 instar
2784 5137 3068 5188 rationalis
3109 5134 3371 5189 Aaroniei
3427 5134 3633 5203 depen-

2064 5225 2264 5288 dentis,
2315 5227 2662 5303 elaviumque
2716 5227 3027 5289 traditione,
3092 5241 3327 5294 quorum
3383 5225 3628 5279 onmium

2067 5316 2325 5386 mysteria
2363 5315 2539 5370 fusius
2561 5328 2783 5371 enarrat
2806 5315 3118 5379 Balsamon,
3163 5317 3279 5383 ipse
3336 5315 3500 5368 etiam
3527 5316 3637 5369 huc

2070 5420 2295 5458 nutriere
2345 5404 2638 5473 aliquando
2671 5405 2910 5467 functus,
2943 5413 3003 5458 ut
3042 5413 3275 5458 testatur
3336 5405 3391 5457 in
3455 5405 3637 5457 disce-

2069 5496 2314 5564 ptatione
2340 5496 2571 5563 quadam
2604 5495 2991 5550 matrimoniali
3023 5496 3150 5549 Lm
3176 5494 3321 5548 luris
3355 5494 3449 5547 GR
3492 5503 3633 5548 tom.

2072 5587 2111 5650 I,
2144 5587 2236 5639 fol.
2264 5585 2388 5649 458,
2427 5588 2517 5654 qui
2546 5597 2601 5639 et
2631 5585 2715 5639 his
2741 5586 2922 5641 verbis
2969 5585 3203 5639 oﬂicium
3234 5584 3358 5650 ejus
3402 5596 3639 5649 exagge-

2071 5686 2151 5729 rat
2177 5694 2190 5729 :
2218 5676 2326 5736 Τὰς
2362 5675 2767 5745 πατριαρχικὰς
2790 5674 3114 5741 διαγνώσεις
3140 5671 3507 5738 καλλιγραφεί
3541 5671 3640 5720 καὶ

2074 5768 2423 5835 ὑπογραφαῖς
2452 5751 2681 5829 οἰκείαις
2715 5767 2809 5818 καὶ
2845 5767 3113 5835 σφραγῖσι
3156 5761 3511 5832 κατεμπεδοϊ,
3538 5760 3639 5813 καὶ
