3992 6240
410 273 517 339 145

1509 288 1895 350 ΟΙιΕΤδΕΞ-ξί
1933 291 2026 351 Br
2067 294 2304 355 comi
2352 302 2599 365 Nom;
2645 260 2653 273 ’

3566 311 3668 378 1&6

395 392 471 444 ad
497 390 785 447 ecclesiam
814 401 1071 463 tanquam
1099 398 1166 451 ad
1191 400 1760 474 asylutnimpunitatis
1782 410 1980 478 gratia.
2012 415 2054 473 Α
2089 414 2331 485 quinque
2360 435 2470 474 non
2499 422 2839 480 continuisse
2864 440 2877 477 :
2905 436 2958 482 at
2983 442 3111 483 vero
3131 428 3476 498 postmodum
3509 444 3672 495 supe-

402 483 614 538 Dicitur
658 487 1037 555 πρωτέκδικος
1073 503 1321 558 respectu
1348 495 1576 549 aliorum
1614 501 1846 553 ὲκδίκων
1878 518 1976 557 seu

399 576 757 632 defensorum
789 596 804 631 :
842 580 1030 647 plures
1062 584 1210 636 enim
1242 594 1399 640 erant
1432 606 1446 652 ;
1488 590 1551 641 ad
1583 606 1821 657 quorum
1856 609 1976 647 mu-

399 683 508 721 nus
560 668 872 738 pertinebat
908 687 1129 743 quoque
1182 690 1481 745 pauperum
1534 689 1588 734 et
1632 681 1974 739 infirmorum

393 772 552 821 eum,
600 775 667 813 ne
720 764 1165 831 opprimerentur
1193 782 1224 821 a
1262 772 1685 839 potentioribus,
1716 784 1775 828 ut
1818 776 1974 831 docet

395 850 684 906 Balsamon
715 854 771 906 in
797 870 893 908 sua
915 856 979 909 dc
1006 854 1495 928 ebartophylaccet
1514 865 1827 931 protecdico
1854 866 1971 923 dis-

390 945 723 1025 ceptatione.
761 946 826 1000 Et
857 947 983 1001 olim
1020 948 1241 1017 quidem
1269 951 1393 1007 laici
1449 955 1551 1009 hoc
1574 955 1749 1011 oﬂicio
1777 958 1969 1029 funge-

392 1034 617 1097 bantur,
637 1047 822 1104 postea
853 1048 1032 1094 tamen
1064 1041 1282 1098 clericis
1314 1048 1669 1103 commissum
1693 1061 1795 1105 est.
1835 1051 1966 1106 Pro-

392 1128 663 1180 It‘t'tllCllm
708 1131 892 1185 retulit
926 1134 1066 1187 inter
1110 1138 1504 1194 exocatacmlos
1530 1140 1844 1208 Xiphilinns
1875 1160 1966 1213 pas

390 1217 653 1281 triarcha,
684 1229 742 1274 ut
770 1236 818 1275 c.
860 1223 894 1277 2
919 1223 1195 1280 diximus:
1228 1234 1384 1280 antea
1414 1230 1556 1282 enim
1589 1233 1811 1286 minoris
1840 1237 1965 1289 sub.

388 1308 532 1360 sellii
591 1312 941 1380 magistratus
985 1324 1125 1369 erat.
1173 1317 1470 1372 Ἐκδικεῖον
1508 1324 1648 1390 apud
1686 1323 1964 1380 Balsama-

388 1416 514 1452 nem
539 1402 689 1456 locus
720 1416 803 1458 est
828 1406 916 1459 ubi
958 1408 1007 1460 οί
1039 1408 1268 1475 ἔκδικοι,
1293 1427 1413 1481 quas
1444 1416 1686 1469 muneris
1715 1420 1959 1482 suisunt,

385 1503 695 1558 asservant,
741 1497 1057 1552 consultant
1093 1509 1146 1553 et
1193 1512 1476 1571 peragunt.
1517 1506 1827 1575 Ἐκδίκησις
1878 1519 1964 1564 est

383 1582 506 1649 ipsa
537 1583 784 1640 defensio
811 1604 907 1642 seu
940 1592 1046 1642 τῶν
1078 1593 1307 1647 ὲκδίκων
1333 1598 1497 1651 actio.
1812 1662 1827 1675 _

489 1679 900 1735 Observandum
931 1695 1011 1738 est
1032 1686 1195 1739 etiam
1216 1688 1270 1741 in
1294 1688 1537 1743 Romana
1562 1693 1802 1748 Ecclesia
1829 1695 1959 1751 fuis-

380 1781 440 1819 se
466 1768 770 1836 antiquitus
784 1772 1102 1840 defensores,
1128 1792 1404 1846 unumque
1433 1764 1493 1833 ex
1524 1782 1739 1835 illorum
1767 1800 1956 1838 nume-

380 1872 441 1909 ro
476 1862 834 1930 praecipuum,
854 1866 945 1933 qui
974 1868 1175 1933 primus
1192 1870 1436 1937 defensor
1454 1872 1693 1928 audiret.
1711 1875 1956 1940 Quorum

373 1947 643 2002 ollicium-
698 1956 934 2009 breviter
1017 1958 1349 2013 describitur
1415 1963 1619 2031 (verba
1685 1965 1954 2035 Ouuphtii

374 2039 573 2106 refero)
606 2062 631 2095 ιι
663 2043 878 2114 Pelagio
911 2047 962 2100 in
990 2047 1257 2118 Rescripta
1290 2053 1355 2105 ad
1395 2053 1725 2109 Antoninum
1781 2060 1953 2126 patri-

370 2134 537 2193 ciam,
577 2150 701 2202 qua:
731 2138 1042 2204 postulabat
1072 2143 1401 2197 monachum
1439 2145 1560 2199 fieri
1601 2148 1951 2216 defensorem,

368 2224 423 2275 in
444 2240 554 2291 quo
572 2228 811 2281 ostendit
836 2228 1073 2284 oﬂicium
1106 2235 1358 2288 monachi
1383 2247 1437 2289 et
1478 2238 1769 2306 defensoris
1819 2259 1953 2297 con-

366 2316 559 2370 venire
580 2335 685 2371 non
707 2334 883 2389 posse;
902 2321 1051 2376 «Illis
1073 2325 1232 2388 enim,
1254 2326 1448 2395 inquit,
1471 2332 1635 2398 quies,
1658 2335 1853 2396 oratio,
1874 2336 1953 2389 lu—

365 2406 464 2455 bor
485 2420 734 2461 manuum
755 2410 1079 2481 (competit):
1100 2427 1151 2466 at
1172 2416 1237 2467 iis
1256 2433 1543 2472 causarum
1567 2425 1812 2491 cognitio,
1831 2445 1955 2480 cou-

360 2495 661 2561 tventioues,
700 2510 875 2563 actus,
904 2502 1115 2568 publica
1179 2506 1377 2573 litigio,
1414 2518 1461 2561 et
1519 2527 1837 2583 quacunque
1877 2519 1953 2569 rel

365 2587 732 2640 ecclesiastica
792 2592 1044 2645 instituta
1086 2596 1613 2665 velsupplicantium
1665 2607 1949 2659 necessitas

362 2678 590 2741 poscit.»
627 2678 698 2733 Ex
729 2682 946 2737 decreto
976 2683 1177 2740 Urbani
1234 2700 1379 2755 patet
1434 2697 1807 2759 procuratoris
1849 2714 1947 2750 uo-

367 2768 523 2823 mine
581 2772 797 2840 intelligi
852 2776 1154 2843 quemlibet
1213 2782 1715 2839 ecclesiasticarum
1766 2804 1944 2840 rerum

363 2858 885 2925 administratorcm,
922 2873 980 2917 ut
1005 2867 1155 2919 verbi
1186 2870 1354 2935 gratia
1406 2875 1780 2940 praepositum,
1806 2894 1949 2931 meo-

360 2963 612 3015 uomnm,
649 2952 1074 3019 \iredominum,
1109 2958 1415 3015 defensoris
1443 2965 1665 3020 nomine
1708 2968 1945 3021 advoca-

364 3049 479 3092 tum
514 3042 624 3094 sive
644 3045 809 3097 castal
833 3046 939 3099 lum
970 3056 1023 3101 et
1047 3049 1310 3116 judicem,
1331 3062 1437 3108 etc.
1463 3056 1702 3120 Quorum
1723 3062 1941 3129 quidam

356 3128 678 3187 defensores
705 3136 825 3190 sine
854 3138 1196 3206 adjectione,
1228 3144 1453 3211 quidam
1496 3148 1813 3207 defensores
1856 3169 1943 3209 re—

355 3222 736 3290 gionariidicti
759 3236 911 3293 sunt,
954 3234 1098 3300 quod
1125 3235 1336 3292 scilicet
1364 3240 1417 3293 in
1451 3242 1681 3309 singulis
1711 3247 1945 3315 regioni-

356 3313 462 3369 bus
506 3315 786 3372 distributi
840 3331 1043 3378 essent.
1069 3325 1314 3391 Quorum
1344 3332 1555 3399 primus
1587 3335 1665 3389 vel
1694 3313 1944 3408 princeps

357 3406 707 3473 primicerius
738 3413 1090 3470 defensorum
1116 3419 1418 3484 dicebatur,
1453 3431 1728 3494 inagnzein
1760 3429 1943 3487 Ere-le,

358 3498 442 3550 sia
491 3500 736 3556 Romana
827 3507 1272 3566 existimationis.
1326 3516 1451 3568 llazc
1500 3517 1813 3587 Onuphrius
1885 3526 1937 3578 in

357 3590 614 3657 explicat.
664 3611 855 3650 vocum
902 3600 1258 3656 eeelesiastie.
1291 3604 1452 3660 Docet
1506 3608 1768 3665 Bai-unius
1805 3620 1939 3685 regi-

357 3684 574 3736 onnrios
628 3687 928 3757 defensores
981 3693 1262 3750 institutos
1317 3696 1543 3753 fuissea
1596 3704 1938 3774 S.Gregorio

350 3790 501 3827 anno
532 3777 737 3833 Domini
771 3782 893 3843 508.
928 3787 1151 3840 utsicut
1181 3800 1333 3842 erant
1385 3803 1589 3859 septem
1650 3800 1939 3867 regionarii

351 3871 551 3922 notarii
584 3881 637 3924 et
671 3874 891 3928 totidem
923 3879 1203 3951 regionarii
1224 3881 1455 3945 diaconi,
1477 3884 1546 3937 ita
1570 3888 1729 3941 etiam
1754 3902 1938 3949 essent

350 3974 557 4025 septem
587 3964 881 4032 defensores
915 3971 1223 4037 regionarii,
1254 3976 1465 4028 c:eleris
1497 3977 1758 4046 dignitate
1804 3999 1937 4049 prte—

348 4053 647 4109 stantiores
677 4074 690 4119 ;
725 4057 792 4110 de
817 4061 1015 4125 quibus
1052 4063 1145 4129 qui
1177 4066 1328 4132 plura
1372 4069 1541 4134 cupit,
1566 4074 1610 4123 is
1643 4070 1931 4127 Baronium

345 4148 599 4199 consulat
639 4163 784 4201 anno
812 4152 1013 4205 Christi
1046 4155 1169 4209 593.
1206 4158 1408 4212 (Iners.
1450 4180 1461 4189 ·

420 4236 504 4307 [1).
540 4242 587 4291 4.
632 4241 892 4306 Συνόδῳ.
932 4244 1048 4299 Non
1078 4249 1321 4302 omnium
1346 4254 1425 4303 vel
1457 4268 1521 4305 ex
1548 4256 1765 4309 cunctis
1807 4272 1934 4324 pro-

344 4332 545 4383 vinciis
574 4334 955 4402 episcoporum
1011 4342 1370 4407 quorumdam
1420 4347 1581 4397 simul
1618 4357 1928 4401 coactorum

2095 508 2330 563 rioribus
2386 511 2765 577 adnumerato,
2817 531 2885 571 ne
2930 533 2990 572 se
3037 518 3277 588 deiectos
3305 519 3542 590 quinarii
3590 534 3679 574 sc-

2089 596 2256 649 cundi
2309 597 2573 655 officiales
2626 610 3343 679 conquererentur,.primo
3378 610 3555 664 visum
3592 619 3677 663 est

2084 683 2235 739 illum
2257 692 2680 759 aggregaudum.
2702 694 2863 750 Ἀλλά
2885 714 2968 765 γε,
2999 700 3135 754 dixit
3162 702 3212 756 in
3238 698 3674 771 praecedentibus

2091 777 2380 836 Matthzeus
2434 783 2630 851 latrus,
2676 791 2771 844 καὶ
2815 793 3193 858 πρωτέκδικος
3248 795 3670 864 συναριθμεῖται

2084 871 2319 937 τούτοις,
2349 876 2626 929 senarium
2658 892 3031 950 componeret,
3054 884 3158 939 nisi
3195 887 3428 954 quinarii
3472 901 3668 940 numen

2080 961 2282 1016 vellent
2313 977 2434 1019 esse
2492 977 2787 1024 retentum.
2840 970 3129 1028 Rationem
3180 976 3385 1044 profert
3432 975 3671 1032 Joannes

2075 1052 2283 1108 Citrius
2330 1052 2493 1125 R‘esp.
2525 1058 2557 1112 8
2585 1058 2731 1115 Juris
2762 1062 2873 1116 GR.
2916 1066 2951 1118 I.
2986 1082 3057 1119 v:
3092 1064 3164 1117 Τὸ
3188 1066 3245 1118 δὲ
3277 1068 3370 1119 τοῦ
3405 1084 3661 1134 πρωτεκ-

2074 1142 2226 1196 δίκου
2279 1147 2533 1214 ὀφφίκιον
2593 1152 2650 1203 ἐν
2699 1156 2812 1217 τοῖς
2863 1155 3267 1226 ὑποϐεϐηκόσιν
3310 1157 3369 1209 ὃν
3409 1158 3663 1219 ἔκπαλαι,

2074 1231 2301 1303 ὕστερον
2335 1238 2391 1287 ἐν
2443 1241 2554 1300 τοῖς
2613 1241 2974 1310 ὑπερέχουσιν
3026 1248 3298 1315 συνετάγη
3356 1248 3505 1315 παρά
3567 1249 3662 1299 τοῦ

2069 1328 2166 1394 τῆς
2204 1330 2481 1396 μακαρίας
2510 1331 2716 1399 λήξεως
2739 1338 3084 1407 πατριάρχου
3111 1340 3230 1392 ΚΠ.
3262 1340 3537 1409 Γεωργίου
3563 1338 3660 1393 τοῦ

2072 1416 2384 1484 Ξιφιλίνου.
2425 1421 2789 1480 Promotionis
2840 1430 2994 1497 origo
3055 1429 3156 1485 fuit
3208 1431 3419 1484 lucrum
3460 1448 3523 1485 ex
3558 1432 3661 1485 hu-

2063 1508 2313 1575 jusmodi
2388 1522 2567 1566 ortum
2610 1515 2813 1578 ofticio,
2852 1520 2998 1587 quod
3056 1522 3241 1574 nullus
3302 1522 3406 1575 nisi
3460 1522 3662 1576 invitus

2068 1601 2374 1668 deserebat,
2414 1616 2471 1658 ut
2502 1607 2711 1661 volente
2758 1611 3063 1678 patriarcha
3113 1612 3450 1680 superiorem
3478 1614 3655 1666 locum

2066 1702 2273 1747 teneret
2299 1713 2310 1747 :
2345 1699 2424 1749 vel
2452 1700 2692 1753 ambitus
2752 1697 2939 1754 honor'
2963 1704 3241 1771 suggessit
3289 1706 3653 1763 evectionem,

2063 1799 2128 1837 ne
2159 1787 2253 1852 qui
2326 1787 2509 1841 officio
2550 1790 2875 1855 ditt-scebat,
2929 1807 3142 1859 semper
3189 1793 3241 1845 in
3280 1795 3483 1847 humili
3529 1796 3656 1852 sede

2056 1875 2282 1942 jaccrct.
2339 1878 2468 1932 Vide
2528 1878 2903 1935 Balsa‘mouem
2964 1882 3017 1934 in
3059 1898 3183 1936 ean.
3229 1884 3298 1937 54
3329 1883 3647 1956 Carthagin.

2060 1967 2262 2039 Com.)

2132 2058 2187 2109 ln
2219 2060 2458 2112 secunda
2489 2061 2839 2113 coatinentur
2874 2063 2897 2114 1
2955 2066 3388 2132 proxouotarius,
3420 2066 3454 2118 ‘2
3497 2066 3646 2135 logo-

2064 2149 2232 2210 theta,
2279 2151 2311 2202 3
2339 2154 2364 2201 ὁ
2416 2152 2788 2219 κανστρίσιος,
2824 2154 2856 2207 4
2908 2153 3331 2222 referendarius,
3389 2158 3421 2211 5
3458 2160 3486 2212 ὁ
3517 2158 3648 2212 ὑπο-

2061 2243 2568 2311 μνηματογράερων.
2596 2243 2800 2300 (ἶιιιετε.

2127 2332 2296 2403 [Ibit].
2335 2335 2398 2387 '0
2428 2338 2921 2405 πρωτογοτὰριος.
2946 2339 3227 2410 Explicant
3261 2341 3382 2410 eius
3412 2341 3646 2396 ollicium

2056 2422 2325 2478 Allatiana
2363 2442 2375 2477 :
2423 2425 2483 2476 Ὀ
2517 2430 2958 2497 πρωτονοτάριος
2988 2430 3279 2496 ἱστάμενος
3310 2433 3366 2481 ὲν
3401 2431 3479 2500 τῷ
3505 2432 3647 2498 ἁγίῳ

2056 2510 2258 2578 βήματι.
2315 2514 2391 2573 εἰς
2446 2514 2752 2583 ὑπηρεσίαν
2806 2514 2898 2566 τοῦ
2953 2516 3274 2584 ἀρχιερέως,
3312 2522 3404 2569 καὶ
3459 2520 3516 2569 ιν
3565 2519 3644 2587 τῷ

2053 2600 2229 2669 καιρῷ
2252 2602 2351 2671 τῆς
2406 2602 2668 2670 ὐψώσεως
2725 2606 2930 2656 δίδοται
2985 2606 3206 2672 νίψιμον
3261 2607 3336 2675 τῷ
3371 2610 3640 2678 ἀρχιερεῖ,

2052 2691 2271 2759 κρατῶν
2306 2693 2399 2744 καὶ
2450 2691 2511 2743 τὸ
2554 2692 2827 2762 δικήριον.
2863 2694 3070 2762 Γράφει
3104 2694 3159 2745 δὲ
3196 2694 3221 2746 ὃ
3256 2712 3305 2745 τι
3343 2695 3409 2747 ἂν
3460 2697 3645 2765 βούλε-

2048 2800 2135 2834 ται
2157 2783 2184 2834 ὁ
2211 2783 2504 2853 ἀρχιερεὺς
2542 2783 2839 2853 μηνύματα
2876 2786 2957 2847 είς
2988 2785 3166 2839 πάντα
3199 2786 3454 2855 ἄρχοντα.
3486 2788 3639 2841 Ἀνα-

2051 2871 2249 2943 θεωρεῑ
2276 2875 2330 2927 δὲ
2362 2876 2454 2927 καὶ
2486 2877 2613 2937 τοὺς
2646 2876 2906 2943 νομικοὺς
2939 2875 3019 2937 δὶς
3064 2876 3157 2929 τοῦ
3204 2877 3477 2939 ἐνιαυτοῦ,
3512 2894 3638 2929 σκε-

2048 2962 2292 3030 ψάμενος
2350 2965 2403 3016 δὲ
2438 2967 2534 3017 καὶ
2570 2952 3007 3032 νσυμεςωνήσεις,
3057 2968 3312 3034 πράσεις,
3376 2968 3635 3037 διαθήκας

2051 3058 2143 3108 καὶ
2174 3055 2507 3125 ἐλευθερίας.
2542 3058 2651 3110 Καὶ
2670 3057 2930 3123 ἀναφέρει
2963 3056 3060 3118 τὰς
3084 3058 3478 3126 εἰσερχομένοις
3508 3059 3637 3116 ὑπο-

2048 3146 2227 3206 θέσεις
2262 3147 2339 3215 τῷ
2367 3148 2635 3217 ἀρχιερεῖ.
2666 3147 2739 3217 (Μ
2768 3164 2782 3199 :
2819 3148 2877 3199 '0
2913 3149 3349 3218 πρωτονοτάριος
3386 3151 3634 3221 εἱστήκει

2046 3241 2104 3291 ὲν
2155 3242 2217 3307 τῇ
2277 3239 2546 3311 ἐκκλησίᾳ
2581 3240 2659 3303 είς
2689 3240 2994 3307 ὑπηρεσίαν
3028 3238 3123 3293 τοῦ
3159 3242 3481 3312 ἀρχιερέως,
3536 3246 3634 3323 καὶ

2046 3330 2267 3399 κρατῶν
2299 3331 2360 3382 τὸ
2385 3330 2731 3400 καλαμάριον
2762 3329 2929 3382 αὑτοῦ
2956 3334 3293 3400 παρίσταται
3322 3332 3631 3403 ἔμπροσθεν

2043 3421 2136 3474 τοῦ
2164 3421 2488 3491 ἀρχιερέως,
2527 3421 2626 3474 καὶ
2680 3421 2889 3489 γράφει
2934 3424 2962 3475 ὁ
2995 3420 3231 3484 τοιοῦτος
3266 3422 3319 3475 εί
3347 3440 3433 3486 τις
3471 3425 3632 3494 χρεία

2045 3512 2213 3567 ἐστίν.
2252 3512 2585 3581 Ἀναθεωρεῖ
2638 3512 2733 3565 καὶ
2774 3514 2903 3577 τοὺς
2960 3514 3243 3581 νομικοὺς,
3279 3516 3483 3583 γράφει
3534 3517 3628 3567 καὶ

2042 3603 2328 3667 διατάξεις,
2362 3604 2457 3656 καὶ
2484 3603 2818 3672 ἐλευθερίας,
2854 3604 2945 3656 καὶ
2978 3604 3377 3672 προστάγματα
3424 3605 3517 3659 καὶ
3538 3606 3626 3689 ’τὰ

2039 3699 2243 3752 τούτων
2272 3699 2479 3770 ὅμοια.)
2508 3699 2658 3755 Goan
2688 3698 2706 3770 ]

2110 3790 2238 3845 Post
2266 3794 2641 3847 exocatacwlos
2668 3794 2870 3861 primus
2899 3804 2975 3846 est
3011 3793 3429 3858 protonolarius,
3448 3790 3621 3859 inquit

2037 3882 2278 3937 Joannes
2337 3883 2563 3937 Citrius.
2608 3883 2684 3936 Et
2764 3898 2871 3952 quo
2941 3882 3133 3948 liquet,
3174 3896 3343 3949 quare
3394 3892 3621 3935 vocetur

2039 3972 2175 4042 θύρα
2206 3975 2313 4025 τῶν
2344 3973 2831 4037 ἐᾷωκατακοίλων,⁸
2876 3971 3134 4025 nimirum
3180 3972 3305 4041 quia
3340 3971 3620 4039 proximus

2037 4064 2290 4131 aprimis
2317 4072 2404 4118 est
2451 4074 2505 4116 et
2534 4064 2691 4131 quasi
2728 4063 2894 4131 janua
2926 4077 3021 4116 seu
3075 4060 3284 4132 primus
3341 4062 3618 4131 ingressus

2036 4153 2101 4207 ad
2140 4154 2563 4208 exocatacoelos.
2597 4153 2803 4208 Gners.

2104 4243 2271 4314 [Ibid.
2307 4244 2463 4311 Θύρα
2509 4243 2626 4297 τῶν
2653 4243 3164 4307 ἑξωκατακοίλων.
3196 4242 3271 4295 Eo
3300 4241 3441 4313 quod
3501 4242 3620 4296 om.

2035 4334 2176 4387 cium
2212 4335 2438 4404 adeptus
2470 4336 2610 4389 inter
2656 4336 2901 4389 omnium
2960 4351 3246 4403 supremos
3294 4343 3349 4389 et
3380 4334 3483 4400 ἔξω
3512 4335 3619 4386 τῶν

342 4426 539 4475 concio
573 4423 791 4487 σύνοδος
822 4438 906 4481 cst
933 4447 946 4481 :
976 4429 1215 4483 conflant
1244 4448 1361 4484 eam
1385 4449 1449 4485 ex
1476 4450 1622 4486 more
1645 4438 1927 4504 pontilicos

2057 4426 2370 4479 ιατακοίλιυν
2410 4427 2633 4496 incipiat
2658 4426 2957 4482 numerari.
2983 4425 3303 4481 Protecdico
3327 4440 3455 4479 vero
3483 4441 3620 4478 nona

344 4513 395 4562 in
433 4513 621 4565 ll'iDCatI
676 4514 919 4569 advena).
956 4518 1037 4571 Ab
1075 4533 1134 4571 ea
1167 4530 1343 4573 tamen
1383 4524 1538 4589 primi
1590 4542 1677 4577 sex
1715 4527 1924 4579 diaconi

345 4614 622 4668 nequeunt
661 4610 893 4663 abesse:
922 4609 1066 4663 οὗτοι
1102 4613 1368 4683 κάθηνται
1408 4617 1463 4666 ἑν
1526 4620 1589 4686 τῇ
1656 4618 1774 4686 Θείᾳ
1838 4622 1927 4670 καὶ

344 4696 471 4765 ἱερᾷ
527 4699 752 4767 συνόδῳ.
808 4701 1092 4756 Simitibus
1163 4702 1216 4755 in
1284 4704 1527 4772 synodis,
1580 4722 1925 4776 qumeunque

343 4789 439 4843 lih.
469 4806 521 4843 ιιι
560 4800 616 4844 ct
651 4807 702 4844 tv
733 4792 883 4871 .luris
912 4795 1203 4864 GR.legis,
1236 4799 1629 4851 sunttheﬂnita.
1658 4799 1854 4871 Ceam]

419 4883 543 4934 llzec
579 4885 642 4936 de
670 4884 845 4952 prima
874 4870 1119 4949 pentatle
1161 4887 1472 4941 oiticiorutn
1514 4900 1568 4943 et
1611 4892 1921 4944 officiali-nn

339 4974 862 5029 ecclesiasticorum.
886 4976 1092 5030 (ἔθετε.

478 5066 489 5073 ι
869 5070 1024 5138 132
1048 5069 1277 5124 carm
1324 5071 1409 5126 νι.

418 5157 494 5210 De
529 5159 757 5211 secunda
809 5160 1037 5225 pentude
1066 5161 1369 5228 ofﬁciorum
1419 5177 1468 5213 et
1518 5163 1855 5231 ofﬁcia/ium.

414 5246 500 5319 [Ρ.
526 5250 580 5301 4.
626 5250 690 5302 ’11
722 5249 969 5318 δευτέρα
996 5253 1239 5318 πεντάς.
1268 5254 1403 5316 Quid
1428 5264 1508 5308 est
1539 5255 1682 5321 quod
1732 5259 1921 5325 quina-

337 5341 482 5394 rium
511 5343 697 5394 titulus
734 5344 1009 5413 superior,
1043 5344 1183 5397 sicut
1209 5356 1262 5398 et
1298 5346 1684 5414 hic‘promisit,
1717 5356 1772 5399 at.
1805 5365 1914 5401 non

340 5436 411 5484 ἱῑι
441 5435 587 5485 νι·Ιιιι
604 5434 691 5486 hie
717 5435 1234 5503 qttinquelol'liciales
1257 5437 1545 5504 exposuit?
1567 5437 1915 5507 Respondeo,

248 5518 255 5523 ⁷
338 5538 374 5589 p
405 5523 651 5578 otecdico
678 5526 950 5592 quondam
984 5526 1217 5594 quinarii
1268 5528 1408 5580 tertii
1468 5529 1693 5596 primam
1734 5531 1915 5582 sedem

337 5614 642 5677 obtinente,
701 5623 868 5681 prout
909 5615 1162 5669 Allatiani
1222 5615 1451 5685 catalogi
1511 5614 1790 5669 declarant
1864 5617 1915 5668 in

340 5699 696 5771 Euehnloaio,
725 5705 959 5773 primum
1000 5705 1312 5776 quinariutn
1360 5705 1541 5775 plures
1590 5704 1915 5763 oftieialibus

2036 4516 2165 4568 dum
2226 4526 2413 4571 evecto
2486 4518 2739 4586 superius
2786 4528 2906 4571 erat
2964 4517 3140 4571 adhuc
3196 4518 3615 4586 'protonotarius

2035 4606 2173 4676 θύρα
2211 4609 2319 4660 τῶν
2356 4608 2412 4673 ἒξ
2463 4610 2825 4671 κατακοίὶων,
2852 4609 3014 4675 janua
3084 4608 3151 4662 ad
3206 4601 3490 4661 numerum
3522 4624 3609 4660 sex

2035 4699 2248 4752 illorum
2338 4700 2647 4768 patriarcha
2730 4698 3050 4752 inferiorum
3100 4697 3504 4771 attingendum.
3548 4697 3613 4749 At

2032 4790 2097 4841 tle
2134 4790 2512 4843 evocatacoelis
2566 4790 2805 4844 uberius
2874 4789 2998 4839 alibi
3053 4786 3360 4853 loquemur.
3419 4784 3507 4836 Est
3561 4796 3613 4835 et

2034 4882 2317 4948 tat..logus
2344 4882 2397 4932 in
2438 4881 2771 4947 Enehologio
2806 4877 3176 4948 protecdicum
3219 4881 3611 4931 exoeatacmlo.

2033 4989 2174 5036 rum,
2237 4973 2609 5039 protonotario
2683 4972 2905 5038 reiecto,
2960 4984 3249 5023 recensens
3316 4969 3606 5038 ultimum;

2031 5080 2213 5116 verum
2250 5074 2368 5116 orta
2408 5064 2549 5115 inter
2575 5078 2667 5116 eos
2701 5062 3054 5129 lite,,paccm,
3092 5074 3254 5130 quam
3306 5060 3489 5121 citius,
3514 5075 3609 5127 pro

2028 5155 2179 5207 lshito
2212 5154 2519 5221 patriarcha
2548 5153 2881 5207 conciliabit.
2920 5152 3119 5224 Gutta]

2138 5245 2271 5297 lline
2306 5256 2643 5299 evanescunt
2676 5256 2981 5298 commenta
3021 5244 3190 5301 .lnnii.
3226 5243 3316 5309 qui
3347 5243 3414 5297 de
3434 5242 3604 5312 janua

2027 5352 2122 5389 Sen
2169 5338 2319 5406 tltym
2354 5338 2522 5391 multa
2562 5345 2798 5406 nugatur
2845 5354 2908 5390 ex
2937 5354 3030 5389 usu
3081 5352 3189 5389 non
3229 5335 3605 5394 Orientalium,

2027 5429 2115 5479 svd
2161 5443 2277 5480 suo.
2313 5428 2401 5480 Ait
2432 5427 2603 5497 θύραν
2644 5444 2735 5482 seu
2777 5427 2999 5496 januam
3037 5426 3164 5490 dici,
3220 5427 3458 5497 quisquis
3494 5428 3609 5478 adi~

2028 5530 2134 5573 tum
2169 5521 2236 5572 ad
2300 5522 2620 5589 superiorem
2665 5524 2893 5589 prwbet;
2938 5534 3091 5588 quem
3150 5518 3356 5579 Latine,
3409 5518 3602 5586 inquit.

2027 5628 2140 5664 cum
2172 5609 2326 5664 Festo
2359 5613 2696 5665 admissivum
2727 5621 2816 5663 aut
2865 5625 2981 5660 cum
3020 5602 3385 5662 t'eEerttioribtts
3412 5608 3610 5671 aduris.

2028 5705 2287 5761 sioualem
2349 5706 2617 5758 eumntmle
2693 5700 3095 5770 nttueupavet'is.
3132 5699 3249 5768 Quo
3307 5700 3366 5755 lit
3434 5708 3493 5754 ut
3541 5713 3607 5756 εἰ
