3992 6240
348 264 450 337 11⁵1

1445 270 1535 333 IN
1571 273 1872 337 LIBRUM
1914 279 2009 338 DE
2054 281 2390 342 OFFICIIS
2423 282 2531 344 CP.

3509 285 3612 355 148

344 381 712 453 protonotario
752 378 914 438 faciat
952 380 1233 436 ostiarium
1284 394 1382 437 seu
1412 382 1707 451 janitorem
1742 400 1934 438 exoca-
1962 394 2006 449 Α
2038 403 2104 443 ne
2129 388 2538 457 contempleris,
2590 387 2684 444 sed
2731 386 2785 443 in
2821 386 3043 459 scriptis
3102 389 3369 462 lectisque
3401 394 3498 451 tibi
3529 398 3608 452 si-

346 475 671 532 tacazlorum.
699 475 829 541 Quis
847 486 1028 529 autem
1056 488 1294 546 unquam
1314 475 1524 530 audivit
1559 476 1717 546 133
1749 489 1936 549 proto-

346 568 618 624 nOtarium
649 581 773 622 esse
812 565 1067 637 θυρωρόν
1101 580 1198 621 seu
1217 566 1542 622 ostiarium?
1576 568 1729 639 Θύρα
1749 569 1933 639 igitur,

345 658 453 712 hoc
475 666 559 713 est
586 657 783 726 janua,
815 655 1154 721 nominatur,
1176 670 1287 710 non
1315 655 1462 725 quod
1501 657 1574 712 sit
1604 656 1807 722 ianitor
1835 672 1936 714 seu

281 819 287 827 ‘
346 749 762 813 admissionalis,
792 748 888 804 sed
927 748 1057 818 quia
1101 756 1185 804 est
1248 748 1534 819 proximus
1576 749 1646 805 ab
1680 758 1936 805 exocata-

345 842 521 898 caelis.
550 842 661 897 Nec
698 849 781 897 est
812 842 958 912 quod
987 839 1185 897 Junius
1218 855 1248 895 a
1291 841 1571 896 Janisaris
1622 842 1928 898 subsidium

286 926 292 937 ’
344 943 531 1003 petat:
569 934 659 989 alii
691 934 835 991 enim
888 948 1089 989 nomen
1153 936 1259 989 hoc
1298 949 1406 990 non
1444 950 1475 989 ι
1498 936 1698 1006 janua,
1735 937 1829 991 sed
1861 938 1931 992 ab

284 1030 290 1095 '1
346 1028 454 1087 alio
485 1028 644 1099 longe
678 1027 896 1086 diverso
931 1027 1197 1084 vocabulo
1224 1027 1524 1093 deducunt,
1556 1030 1686 1083 utin
1715 1028 1931 1083 Pande-

347 1130 431 1176 cte
459 1123 621 1178 Ture.
650 1123 833 1179 videre
876 1124 1022 1180 licet.

420 1212 556 1268 Illud
578 1214 801 1283 insuper
841 1215 1095 1272 festivum
1129 1229 1234 1280 est.
1284 1233 1412 1273 eum
1447 1218 1525 1272 ait
1559 1214 1929 1286 protonotarii

347 1303 515 1371 fuisse
552 1315 611 1357 ut
636 1322 754 1375 ante
775 1307 911 1375 foris
941 1326 972 1360 ιι
1003 1308 1275 1365 cataccelis
1307 1307 1388 1361 vel
1419 1322 1511 1373 per
1544 1292 1830 1359 catacaalos
1857 1302 1927 1355 ad

346 1397 710 1463 patriarcltam
734 1400 1120 1468 aﬂ'erebantur,
1151 1415 1215 1451 ea
1239 1399 1515 1467 acciperet.
1551 1396 1672 1461 Quo
1702 1401 1929 1449 auctore

350 1483 455 1539 hoc
484 1485 765 1541 alllrmas?
794 1487 927 1562 Nam
954 1488 1160 1545 dicenti
1186 1488 1452 1543 duntaxat
1473 1488 1518 1543 si
1546 1486 1925 1546 crederemus,

347 1577 531 1633 omnia
562 1577 935 1643 crederemus,
965 1578 1131 1634 etiam
1160 1588 1349 1649 aperte
1371 1578 1528 1634 falsa.
1555 1576 1924 1633 Protonotarii

349 1667 452 1721 fuit
477 1683 673 1724 curare
698 1672 944 1736 pittacia,
1002 1682 1063 1725 ut
1107 1672 1286 1740 inquit
1337 1670 1600 1725 Codinus.
1664 1668 1921 1729 Pittacia,

2042 481 2315 535 stendnm.
2336 479 2536 551 Onam]

2116 571 2275 644 135.
2335 571 2508 626 Etiam
2539 573 2742 628 Latina
2766 574 3024 630 Ecclesia:
3054 579 3468 645 protonotarius
3500 582 3610 636 usi-

2043 670 2189 715 tatus
2223 662 2344 727 luit,
2369 662 2461 732 qui
2490 673 2544 717 et
2571 664 2924 732 primicerius
2964 667 3353 736 notariorum;
3389 670 3459 725 de
3505 689 3611 742 quo
3636 734 3653 741 Α,

2038 750 2162 806 vide
2192 749 2539 821 Onuphrium
2580 754 2634 808 in
2668 754 2939 826 Explicat.
2985 771 3185 813 vocum
3252 763 3608 817 obscurarum-

2036 840 2344 897 ecclesiast.

2107 932 2370 1003 Sequitur
2404 935 2692 1005 (agat/tcta.
2718 951 2880 1006 quem
2902 937 3124 996 Nicetes
3168 942 3206 999 1.
3234 957 3312 1000 vn
3353 958 3533 999 rerum
3578 960 3600 999 ε

2034 1022 2288 1079 Manuele
2321 1035 2599 1095 gestarum
2649 1025 2862 1085 Latinis
2908 1029 2987 1085 ait
3035 1046 3160 1088 esse
3208 1023 3603 1098 cancellariu’m.

2033 1119 2177 1185 quia
2205 1117 2454 1171 cancellis
2484 1130 2683 1171 nomen
2714 1118 2902 1181 habet.
2925 1130 2984 1175 nt
3031 1122 3208 1191 ipsum
3240 1102 3439 1179 nomen
3479 1128 3608 1180 satis

2034 1209 2260 1262 indicat.
2298 1207 2431 1263 Erat
2470 1211 2654 1274 moris,
2680 1210 2858 1280 inquit
2888 1211 3246 1271 Casaubonus
3280 1217 3331 1269 in
3361 1214 3610 1270 Flavium

2032 1299 2352 1370 Vopiscum,
2382 1310 2439 1355 ut
2468 1303 2763 1371 principum
2786 1314 2834 1357 et
2857 1304 3268 1373 magistratuum
3294 1317 3492 1362 secreta
3513 1309 3612 1372 (ita

2030 1400 2284 1445 vocarunt
2323 1391 2441 1445 loca
2472 1392 2559 1445 ubi
2614 1393 2676 1447 de
2702 1395 2926 1460 negatiis
2970 1410 3068 1463 pro
3128 1398 3335 1451 ratione
3384 1400 3612 1451 muneris

2028 1482 2247 1551 quisque
2277 1484 2361 1535 sui
2394 1485 2685 1537 tractaturi
2719 1486 3118 1557 conveniebant)
3154 1489 3209 1541 in
3233 1489 3385 1542 aditu
3442 1492 3611 1554 primo

2028 1573 2138 1627 vela
2168 1583 2216 1626 et
2256 1574 2440 1627 deinde
2462 1575 2721 1628 cancellos
2755 1575 3046 1632 haberent:
3086 1579 3262 1634 (Στιεεὶ
3290 1581 3383 1634 hos
3426 1591 3611 1635 vocant

2028 1667 2328 1732 κιγκλίδας,
2347 1667 2710 1737 δρυφάκτους,
2731 1681 2787 1723 ιιι
2812 1678 2862 1723 et
2901 1669 3254 1726 Cassiodorus
3283 1674 3607 1742 fenestratas

351 1760 429 1815 ait
451 1758 714 1828 Cuiacius
757 1761 823 1817 ad
856 1762 943 1814 tit.
997 1763 1088 1827 57,
1120 1763 1215 1816 lib.
1240 1776 1311 1817 xu
1383 1762 1508 1817 cod.
1562 1758 1918 1821 Justinianei,
1955 1747 2239 1825 Bjanuas.
2276 1759 2384 1821 Qui
2421 1759 2534 1812 vela
2575 1754 2880 1827 servabant,
2942 1762 3126 1816 velarii
3162 1766 3326 1829 dicti,
3362 1767 3452 1834 qui
3490 1783 3614 1819 can-

280 1842 304 1857 ’
349 1862 471 1907 sum
496 1854 727 1907 rationes
753 1862 802 1908 et
831 1857 1198 1909 commentarii
1227 1872 1561 1909 annonarum
1592 1854 1932 1908 militarium.

356 1945 553 1999 Eodem
590 1949 800 2002 nomine
823 1949 1201 2017 signiﬁcantur
1230 1951 1389 2003 etiam
1448 1947 1703 2016 epistola',
1738 1946 1937 2008 album,

354 2038 589 2095 ttotaria.
637 2038 715 2093 ita
780 2040 833 2095 in
855 2040 981 2109 jure
1024 2040 1222 2093 civili:
1278 2040 1368 2094 hic
1398 2040 1663 2095 militares
1712 2052 1941 2091 annona:

354 2126 538 2183 locum
567 2144 672 2183 non
696 2130 920 2185 habent.
957 2130 1054 2184 Est
1073 2144 1205 2200 ergo
1245 2131 1529 2183 πιττάκιον
1549 2129 1763 2198 proprie
1794 2126 1938 2197 quod

357 2234 459 2272 nos
492 2233 777 2284 vocamus,
809 2221 1187 2276 ecclesiastica
1217 2219 1621 2275 consuetudine
1650 2229 1705 2273 et
1755 2216 1941 2287 appel-

355 2310 579 2373 latione,
614 2314 765 2369 breve
795 2312 925 2367 hinc
982 2318 1134 2368 breve
1176 2313 1635 2383 apostolicum,ct
1654 2309 1941 2367 Germani-

354 2419 477 2459 cum
497 2404 638 2475 brief
658 2422 753 2475 pro
775 2406 1027 2476 epistola,
1054 2416 1110 2462 et
1142 2407 1195 2461 in
1231 2407 1541 2462 Annalibus
1577 2403 1937 2461 Latino-Bar-

354 2498 505 2554 baris
564 2498 938 2569 brevigerulus,
976 2502 1058 2555 ein
1096 2501 1442 2570 brieftrtrger,
1469 2515 1564 2555 seu
1618 2498 1938 2553 breviculum

354 2605 453 2649 seu
481 2590 825 2659 breviarium,
854 2593 1001 2648 unde
1025 2592 1289 2650 Germani
1314 2609 1473 2648 suum
1506 2592 1708 2647 brevier
1737 2592 1941 2646 forma-

353 2692 507 2748 runt,
544 2698 641 2752 pro
668 2684 809 2739 libro
832 2685 1164 2740 sacerdotali
1200 2700 1265 2740 ex
1308 2701 1419 2754 quo
1449 2686 1601 2739 hora:
1650 2682 1935 2737 canonica:

353 2774 762 2842 persolvuntur.
788 2775 1040 2833 Occurrit
1071 2778 1189 2831 haec
1220 2792 1325 2830 vox
1363 2776 1512 2830 breve
1556 2775 1847 2843 aliquoties
1879 2774 1932 2826 in

355 2866 567 2934 legibus
599 2865 881 2920 Francici's
924 2874 978 2921 et
1005 2867 1060 2921 in
1123 2867 1333 2935 synodo
1379 2866 1641 2921 Meldensi
1706 2882 1829 2920 can.
1870 2866 1927 2919 4.

357 2956 733 3022 Glossarium:
770 2958 1087 3023 Πιττάκιον,
1122 2959 1432 3027 pittacium,
1464 2959 1655 3013 brevis.
1682 2960 1836 3011 Anna
1868 2958 1922 3010 in

358 3048 619 3103 Alexiads
645 3064 779 3104 sua:
806 3050 912 3102 Kal.
946 3051 1012 3104 τὰ
1053 3050 1236 3120 βιϐλία
1267 3053 1345 3113 είς
1402 3051 1567 3119 μέσον
1625 3050 1928 3121 τηνικαῦτα
1960 3089 2005 3153 C

357 3138 682 3211 προὺτίθετο
708 3157 723 3172 ·
758 3140 953 3211 βρεόία
980 3142 1154 3196 ταῦτα
1190 3144 1221 3212 ἡ
1253 3143 1511 3214 συνήθεια
1558 3139 1667 3196 οἶδε
1721 3143 1931 3207 καλεῖν,

357 3233 417 3295 ὲν
441 3226 523 3295 οἷς
548 3232 929 3304 ἀναγράφεται
961 3236 1028 3287 τὰ
1057 3235 1114 3288 ἐν
1150 3236 1367 3305 ἑκάστῳ
1394 3236 1613 3305 τεμένει
1649 3236 1778 3289 ὄντα
1818 3252 1935 3289 κει-

362 3324 550 3395 μήλια.
583 3320 710 3384 Haec
749 3325 958 3379 notavit
1007 3324 1259 3381 Pitbteus
1315 3326 1381 3382 ad
1415 3326 1564 3395 leges
1612 3324 1930 3381 Francicas.

358 3413 689 3486 Huiusmodi
716 3432 847 3488 ergo
871 3418 1105 3473 brevibus
1139 3419 1494 3474 conﬁciendis
1538 3429 1771 3488 praeerat
1803 3435 1930 3490 pro-

361 3506 692 3570 tonotarius,
722 3517 775 3562 et
801 3517 988 3578 posset
1012 3509 1152 3564 forte
1183 3511 1210 3562 ὁ
1256 3511 1337 3572 είς
1370 3508 1440 3561 τὰ
1471 3508 1737 3562 πιττάκια
1772 3510 1935 3562 ιηιὲρο

359 3608 416 3658 et
450 3599 753 3653 etiamnum
777 3598 1175 3661 ecclesiasticis
1206 3598 1581 3654 [unctionibus
1606 3599 1811 3652 usitato
1841 3613 1938 3653 vo-

361 3688 563 3743 cabulo
586 3688 695 3744 dici
719 3689 1048 3745 abbreviator
1072 3689 1153 3743 vel
1174 3689 1356 3759 potius
1381 3689 1683 3755 breviator;
1713 3703 1818 3758 qua
1846 3702 1937 3742 vo-

360 3798 424 3838 ce
447 3781 616 3836 utitur
641 3781 804 3836 etiam
829 3779 1174 3837 Justinianus
1215 3779 1426 3836 Novell.
1460 3781 1580 3836 105.
1610 3781 1713 3836 ‘Est
1769 3781 1934 3835 etiam

363 3875 531 3938 breve,
563 3880 617 3928 et
648 3888 745 3944 per
787 3888 1131 3944 consequens
1181 3876 1483 3944 pittacium,
1541 3874 1936 3939 inventarium;

360 3966 502 4034 quod
553 3965 623 4021 ab
676 3964 873 4036 Optato
924 3965 963 4021 1.
1014 3984 1028 4021 l
1078 3977 1311 4022 vocatur
1365 3968 1936 4022 commemoratorium.

360 4056 498 4124 Item
526 4058 730 4112 brevis:
762 4059 950 4124 brevis,
1004 4060 1055 4113 id
1085 4069 1170 4114 est
1223 4060 1411 4123 index,
1462 4061 1585 4113 auri
1620 4070 1669 4115 et
1734 4059 1940 4129 argenti

364 4149 654 4205 Ca'ciliano
685 4153 940 4219 traditur,
974 4140 1225 4206 adhibitis
1275 4154 1515 4207 testibus.
1582 4155 1648 4207 Et
1690 4152 1940 4207 absolute

366 4244 606 4301 iudicem
637 4250 692 4298 et
713 4244 1066 4298 summariam
1086 4245 1161 4297 rei
1188 4244 1742 4313 comprehensionem
1771 4243 1943 4313 signi-

366 4337 512 4390 ficat.
540 4335 674 4390 inde
706 4334 762 4399 in
789 4333 997 4403 legibus
1018 4331 1305 4388 Francicis
1333 4344 1386 4388 et
1440 4335 1581 4403 apud
1613 4333 1937 4389 Nithardum

2041 1850 2225 1915 cellos,
2260 1851 2589 1905 cancellarii.
2641 1850 2758 1906 Vox
2789 1870 2892 1907 non
2930 1854 3224 1919 admodum
3253 1858 3495 1926 antiqua,
3522 1872 3615 1910 nec

2040 1942 2206 1997 multo
2258 1953 2381 1996 ante
2437 1940 2647 2010 Vopisci
2678 1952 2910 2011 tempora
2950 1956 3117 2014 erepta
3145 1948 3418 2017 usurpari.
3468 1946 3611 2002 Can-

2040 2035 2377 2088 cellariorum
2407 2035 2729 2104 praecipuum
2768 2052 2957 2091 munus
2987 2047 3125 2102 erat,
3162 2048 3218 2092 ut
3244 2042 3313 2092 ad
3355 2040 3614 2092 cancellos

2040 2127 2317 2191 Itazrerent,
2336 2127 2686 2181 admissiones
2707 2138 2983 2194 curarent,
3011 2138 3060 2182 et
3093 2145 3155 2182 ne
3179 2130 3305 2199 quid
3330 2131 3613 2193 tumultus,

2041 2229 2096 2270 nt
2138 2220 2254 2284 ﬁeri
2284 2230 2428 2273 amat
2459 2220 2512 2272 in
2563 2220 2740 2284 turba,
2771 2221 3049 2274 audiretur
3103 2223 3486 2289 prospicerent.
3528 2220 3615 2274 Si-

2040 2310 2325 2365 millimum
2356 2327 2545 2365 munus
2573 2310 2729 2366 hodie
2751 2312 2806 2365 in
2854 2313 3006 2365 curia
3058 2329 3239 2367 eorum
3285 2314 3376 2380 qui
3406 2312 3617 2365 ostiarii

2040 2403 2329 2467 dicuntur;
2376 2420 2542 2473 quare
2584 2413 2642 2457 ιιι
2680 2420 2757 2468 re,
2796 2405 2873 2459 sic
2925 2414 2976 2458 et
3026 2405 3235 2458 nomine
3281 2406 3609 2465 conveniunt,

2041 2496 2176 2561 quod
2209 2506 2520 2562 acceperunt
2544 2497 2598 2549 Ιιὸ
2627 2498 2692 2551 ab
2721 2499 2881 2563 ostio,
2913 2498 2994 2552 illi
3028 2516 3059 2552 a
3083 2497 3334 2552 cancellis
3389 2499 3479 2566 qui
3517 2514 3614 2565 pro

2040 2588 2174 2641 ostio
2201 2596 2372 2640 erant.
2409 2587 2536 2642 lltcc
2554 2589 2708 2659 origo
2726 2590 2988 2651 nominis,
3017 2590 3163 2660 quod
3193 2604 3451 2645 successu
3479 2599 3615 2643 tem-

2040 2676 2188 2742 poris
2222 2677 2573 2746 amplissime
2595 2679 2874 2750 dignitatis
2929 2689 3040 2734 tam
3080 2682 3132 2734 in
3179 2680 3419 2735 Ecclesia
3448 2696 3610 2749 quant

2039 2772 2093 2823 in
2131 2784 2317 2838 regum
2349 2778 2402 2825 et
2424 2771 2735 2841 principum
2758 2771 2900 2827 aulis
2940 2772 3203 2827 indicium
3234 2788 3362 2829 esse
3415 2771 3604 2839 cmpit.

2040 2860 2170 2914 Vide
2206 2860 2547 2931 Onuphrium
2582 2864 2677 2918 lib.
2701 2864 2812 2932 jam
2853 2865 3055 2934 smpius
3085 2866 3255 2920 citato
3282 2904 3299 2929 ,
3330 2874 3384 2919 et
3439 2863 3608 2933 ana-

2040 2954 2183 3006 cium
2212 2954 2265 3006 in
2287 2953 2566 3009 Paratitlis
2584 2956 2649 3009 ad
2675 2956 2772 3009 lib.
2800 2971 2838 3010 ι.
2861 2956 2998 3012 Cod.
3028 2958 3379 3031 Jttstinianei,
3412 2958 3497 3012 tit.
3519 2958 3609 3011 51.

2115 3046 2422 3102 Redeamus
2447 3048 2515 3103 ad
2543 3049 2905 3119 logothctam;
2960 3052 3050 3116 qui
3104 3067 3132 3106 a
3190 3053 3459 3120 ponendis
3516 3067 3611 3106 seu

2040 3137 2403 3192 discnticndis
2434 3139 2734 3194 rationibus
2761 3141 2865 3195 hoc
2898 3157 3093 3196 nomen
3123 3144 3315 3196 traxit.
3339 3142 3475 3196 Hinc
3502 3142 3615 3193 dis-

2010 3245 2222 3282 ,cnssor
2254 3229 2524 3283 rationum
2563 3245 2591 3283 a
2639 3231 2965 3300 quibusdam
3001 3232 3343 3301 appellatur;
3391 3236 3446 3284 et
3478 3230 3614 3282 forte

2039 3336 2146 3374 non
2168 3321 2306 3376 male
2329 3322 2639 3375 rationalem
2662 3324 2966 3388 vocaveris,
2997 3324 3105 3377 etsi
3137 3322 3419 3379 rationalis
3449 3336 3611 3390 gene-

2040 3412 2135 3464 rali
2173 3412 2394 3467 notione
2420 3413 2600 3482 quivis
2634 3423 2964 3483 procurator
2997 3415 3222 3474 dicitur,
3258 3424 3317 3467 ut
3354 3416 3511 3467 docet
3541 3413 3609 3465 arl

2039 3499 2415 3571 Lampridium
2458 3512 2512 3558 et
2540 3504 2913 3573 Capitolinum
2951 3506 3334 3560 Casaubonus.
3398 3504 3503 3559 Sed
3537 3504 3613 3557 nil

2043 3606 2190 3651 vetat
2217 3596 2524 3665 generalem
2555 3596 2830 3651 notionem
2894 3598 3245 3666 restringere.
3311 3600 3611 3666 praesertim

2043 3703 2164 3742 cum
2200 3688 2444 3742 (:odinns
2472 3689 2613 3742 dicat
2642 3689 2973 3757 logothetam
3003 3704 3122 3744 esse
3147 3691 3228 3753 εἰς
3265 3690 3325 3742 τὸ
3356 3691 3616 3759 λογογρα-

2043 3782 2180 3847 φεῖν,
2214 3779 2282 3832 ad
2317 3780 2667 3847 conﬁciendas
2705 3788 2757 3833 et
2808 3780 3116 3836 scribendas
3169 3793 3217 3835 at
3253 3782 3615 3835 discutiendas

2042 3873 2291 3925 rationes.
2318 3870 2467 3924 Talis
2492 3871 2738 3941 protecta
2764 3887 2865 3926 nec
2890 3874 3031 3926 male
3068 3889 3171 3928 nec
3218 3873 3455 3930 absurde
3517 3892 3610 3927 ra-

2043 3966 2257 4018 tionalis
2279 3964 2666 4034 appellabitur.
2693 3964 2832 4023 Hinc
2869 3966 3036 4020 etiam
3070 3982 3177 4021 non
3224 3968 3405 4037 inepte
3425 3967 3618 4036 appel-

2044 4056 2246 4108 labitur
2270 4055 2644 4125 λογογράφοςε
2685 4056 2730 4110 si
2776 4056 2922 4111 enim
2949 4057 3067 4125 eius
3092 4069 3171 4113 est
3223 4058 3614 4129 λογογραφεῖν»

2043 4165 2142 4202 cur
2183 4163 2288 4201 non
2321 4149 2472 4217 παρὰ
2528 4149 2588 4200 τὸ
2637 4148 2997 4217 λογογραφεῖν
3055 4150 3423 4218 appellaretur
3466 4152 3620 4217 λογο-

2044 4240 2299 4309 γράφοςῖ
2329 4237 2444 4291 Non
2479 4239 2706 4308 ignarus
2725 4254 2845 4293 sum
2875 4241 3002 4308 quid
3055 4241 3109 4293 in
3145 4240 3334 4295 codice
3350 4241 3620 4295 Iustinia-

2047 4346 2149 4385 nco
2171 4330 2264 4384 lib.
2289 4345 2346 4394 ι,
2380 4328 2417 4381 l.
2459 4329 2510 4389 1.
2538 4329 2602 4381 de
2638 4328 2991 4397 logographis
3013 4327 3365 4395 decernatur,
3398 4341 3452 4385 et
3484 4331 3618 4399 quid
3674 4388 3677 4389 ν

365 4423 573 4480 Hister.
607 4421 644 4475 1.
674 4437 731 4476 tv
764 4423 993 4489 verbum
1016 4422 1333 4485 inbreviare,
1372 4422 1474 4476 hoc
1503 4434 1587 4477 cst
1624 4422 1826 4491 aliquid
1882 4425 1935 4478 in
1973 4428 2015 4481 D
2045 4422 2111 4475 ad
2138 4421 2285 4475 illam
2317 4434 2535 4491 quoque
2566 4418 2739 4488 legem
2803 4419 2985 4473 tradat
3031 4419 3332 4489 Cuiacius:
3368 4422 3458 4475 sed
3518 4437 3620 4476 nos

367 4512 531 4565 breve
548 4524 645 4565 seu
665 4509 1031 4564 inventarium
1055 4510 1280 4566 referre.
1305 4512 1378 4568 De
1399 4512 1622 4582 pittacio
1641 4513 1760 4568 vide
1775 4514 1936 4569 etiam

371 4602 715 4658 iieribertum
740 4600 1089 4659 Rosweidum
1114 4612 1363 4659 nostrum
1410 4605 1461 4659 in
1492 4604 1846 4663 Onomastico
1872 4607 1939 4661 ad

366 4694 520 4752 Vitas
547 4693 795 4750 Patrum.
856 4697 1097 4750 Zonaras
1138 4698 1189 4750 in
1227 4699 1449 4753 concilii
1493 4699 1940 4771 Carthaginiensis

364 4786 605 4845 canones
646 4807 660 4842 ε
692 4790 974 4859 Βρέὁιονή
1008 4791 1246 4860 ἐπιτομὴ
1279 4790 1496 4859 λέγεται
1533 4793 1628 4847 καὶ
1670 4794 1938 4863 σύντομος

364 4880 574 4951 γραφῇ.
600 4879 812 4948 Βρεσίω
835 4880 945 4949 γὰρ
972 4880 1113 4934 κατά
1150 4881 1415 4945 Λατίνους
1468 4881 1532 4935 τδ
1587 4884 1796 4951 τέμνω,
1848 4884 1942 4935 καὶ

368 4968 622 5037 βρεϐίτας
661 4969 695 5039 ἡ
732 4971 1016 5039 συντομία.

437 5055 498 5110 Ρ.
528 5056 581 5110 4.
616 5055 691 5110 De
724 5057 938 5127 origine
991 5060 1144 5113 vocis
1172 5063 1453 5115 πιττάκιον
1478 5062 1591 5131 ba:c
1621 5060 1947 5132 Moschopn-

366 5148 484 5203 Ius:
520 5149 794 5203 Πεττύκια
822 5150 1079 5219 Δωρικῶς
1111 5153 1178 5206 τὰ
1206 5153 1382 5207 λεπτὰ
1410 5155 1804 5224 περιτμήματα
1838 5155 1946 5206 τῶν

367 5241 699 5311 δερματίων,
725 5243 819 5314 ἀφ’
841 5244 902 5298 οὗ
935 5245 1096 5314 ἡμεῖς
1130 5246 1392 5299 πιττάκια
1449 5246 1703 5315 λέγομεν.
1735 5246 1945 5301 Gtanrs.

439 5331 853 5406 [Moscbopulus
899 5337 1163 5391 πεττύκια
1214 5324 1427 5392 ~Dorice
1492 5341 1844 5408 pronuntiat,
1894 5351 1947 5395 et

371 5426 703 5491 membranas
744 5430 857 5485 sive
901 5431 1177 5500 pelliccam
1232 5430 1475 5485 chartam
1520 5434 1636 5489 sive
1673 5449 1950 5502 pergame—

376 5530 503 5568 nnm
527 5516 815 5585 signiﬁcat.
845 5517 898 5571 In
922 5518 1109 5573 eodem
1131 5534 1292 5571 sensu
1314 5521 1502 5574 audies
1522 5512 1957 5589 vulgns‘Gia‘coa

376 5620 497 5659 rum
514 5606 827 5678 λεμπρηνόν
857 5608 1058 5664 dicere.
1083 5595 1483 5679 Nonnunquam
1516 5622 1694 5666 tamen
1713 5614 1945 5682 diploma

378 5696 589 5751 tabulas
628 5697 775 5753 breve
805 5700 1076 5761 codicillos
1132 5705 1330 5770 rei'cxt;
1387 5713 1611 5776 tumun
1661 5707 1942 5767 materiam

2051 4514 2549 4569 ecclesiasticarum
2614 4513 2883 4567 duntaxat
2933 4513 3361 4582 appellationum
3409 4514 3512 4566 vim
3566 4523 3620 4566 et

2052 4609 2322 4677 originem
2348 4606 2449 4661 hoc
2478 4607 2597 4660 loco
2630 4605 2956 4677 indagamus
2989 4617 3045 4661 et
3068 4623 3165 4677 pro
3195 4606 3405 4660 viribus
3441 4606 3616 4675 expli-

2050 4715 2262 4755 camns.
2292 4699 2489 4754 Gut-21's.

2123 4791 2209 4861 [Ρ.
2234 4791 2284 4845 4.
2335 4790 2391 4842 '0
2420 4790 2768 4863 λογοθέτης.
2812 4789 2934 4845 Haec
2969 4789 3037 4844 de
3059 4790 3148 4844 illo
3173 4790 3439 4844 Allatiana
3477 4808 3490 4843 :
3564 4790 3628 4844 Ὀ

2047 4881 2342 4949 λογοθέῖης
2370 4880 2701 4949 ὑποκρατῶν
2734 4879 2833 4949 τὴν
2866 4872 3098 4949 βοῦλλαν
3129 4879 3226 4932 τοῦ
3291 4881 3623 4950 ἀρχ.ερέως,

2050 4974 2144 5026 καὶ
2164 4972 2283 5026 εἴτι
2309 4973 2373 5025 ἂν
2396 4974 2599 5043 γράφει
2642 4975 2670 5025 ὁ
2704 4974 3020 5044 ἀρχιερεὺς.
3080 4972 3447 5039 σφραγίζεται
3490 4974 3627 5043 παρ’

2051 5065 2241 5119 αὑτοῦ.
2273 5062 2509 5128 Ὁμοίως
2526 5066 2621 5118 καὶ
2639 5067 2719 5127 εἰς
2737 5068 2919 5118 πᾶσαν
2937 5066 3140 5119 εἴσοδον
3166 5066 3263 5134 τῆς
3295 5066 3625 5130 ἐπισκοπῆς.

2061 5155 2222 5210 Ἔστι
2263 5155 2320 5209 δὲ
2357 5159 2450 5209 καὶ
2479 5157 2561 5220 είς
2582 5158 2679 5218 τὰς
2694 5159 2928 5225 κρίσεις.
2961 5157 3227 5211 Praeterea
3262 5158 3483 5226 κρατῶν
3526 5158 3629 5209 καὶ

2055 5251 2145 5302 τὸν
2172 5250 2353 5303 δίσκον
2389 5252 2529 5318 μετά
2552 5249 2647 5303 τοῦ
2679 5250 2836 5322 ᾁγίου
2871 5249 3170 5319 ἀντιδώρου
3204 5252 3259 5303 ἐν
3297 5253 3360 5321 τῇ
3417 5250 3615 5317 ἐκκλη-

2056 5342 2171 5408 σίᾳ,
2199 5339 2483 5409 διδομένου
2514 5339 2609 5393 τοῦ
2640 5340 3026 5394 κατακλαστοῦ
3080 5341 3236 5410 παρὰ
3273 5341 3368 5393 τοῦ
3432 5343 3628 5410 ἀρχιε-

2058 5432 2213 5499 ρέως.
2246 5430 2416 5497 Quale
2452 5434 2776 5499 patriarcha
2812 5433 3053 5501 sigillum
3114 5442 3170 5486 et
3205 5433 3386 5501 qualis
3456 5432 3626 5488 fuerit

2054 5524 2173 5590 ejus
2198 5526 2549 5592 subscr'ptio,
2583 5524 2697 5577 haec
2727 5524 2843 5578 loca
2878 5526 2941 5576 ὲκ
2972 5525 3080 5575 τῶν
3113 5524 3485 5594 σημειώσεων.
3528 5525 3628 5589 καὶ

2056 5614 2360 5680 σιγιλλίων,
2394 5630 2458 5668 cx
2476 5615 2700 5682 publicis
2726 5617 3091 5669 instrumentis
3121 5626 3169 5668 et
3211 5615 3449 5668 brevibus
3474 5612 3629 5682 sigil4

2058 5705 2179 5765 latis
2210 5706 2588 5763 demonstrant
2616 5706 2766 5762 Juris
2817 5705 2932 5763 Gtt.
2993 5721 3043 5776 p.
3070 5706 3175 5761 9.56
3212 5725 3224 5760 :
3265 5706 3357 5768 Ei;
3414 5703 3625 5775 εἴδησιν
