3992 6240
367 250 467 316 “9

1452 246 1835 308 GRETSERI
1873 244 1967 304 ET
1996 245 2235 307 GOARI
2274 248 2517 311 ΝΟΤΒ.

3501 254 3605 320 150

361 365 475 439 εἶχε
496 365 557 419 τὸ
591 356 725 435 μηνὶ
765 358 991 431 Ἰουνίῳ,
1056 363 1434 433 ἑπινεμήσεως
1500 364 1781 431 πέμπτης,
1836 360 1912 413 διὰ

2027 358 2250 417 indicat.
2285 359 2473 419 Simon
2499 359 2719 419 Portius
2753 377 2766 416 :
2820 358 3099 431 ὑπόθεσις,
3131 364 3254 437 ὕλη,
3308 365 3604 438 ὑποκείμε.

360 460 457 529 τῆς
486 457 891 529 πατριαρχιιιῆς
908 456 1002 510 καὶ
1047 457 1197 519 θείας
1223 455 1429 527 χειρός.
1495 454 1820 527 ’Δπῃὼρητο
1868 453 1923 506 δὲ

356 550 451 602 καὶ
472 547 721 603 κάτωθεν
744 546 1025 617 μολισδινη
1064 539 1287 617 βοῦλλα,
1342 548 1545 618 ἔχουσα.
1578 548 1637 601 ὲν
1697 546 1798 618 μὲν
1846 544 1925 616 τῷ

358 643 437 693 ἐνι
468 640 626 711 μέρει
649 639 749 711 τὴν
770 639 1082 709 ὑπεραγίαν
1111 639 1377 694 Θεοτὸκον
1408 639 1696 708 παλάμαις
1726 638 1924 709 φέρου-

356 750 452 785 σαν
474 731 807 801 τδνηΚύριον
856 731 1020 800 ἡμῶν
1060 730 1272 800 Ἰησοῦν
1328 730 1672 800 Χριστὸν.ὲν
1724 730 1782 782 δὲ
1844 727 1923 799 τῷ

354 822 521 892 ἑτέρῳ
546 822 854 891 γράμματα
882 822 1078 888 ταῦτα,
1105 839 1123 873 ι
1148 822 1432 892 Γερμανὸς
1466 822 1601 890 ἐλέῳ
1638 820 1775 873 Θεοῦ
1823 822 1924 891 ἀρ-

351 911 707 980 χιεπίοκοπος
732 909 890 981 135
910 911 1033 967 Kl].
1053 913 1175 974 νέας
1192 910 1411 983 Ῥώμης
1434 912 1526 967 καὶ
1546 911 1923 979 οίκουμενικὸς

353 1000 750 1071 πατριάρχης.»
788 999 1029 1059 Mensem
1055 1000 1236 1070 itaque
1254 1010 1310 1061 et
1331 1002 1680 1059 indictiouem
1704 1003 1921 1070 prepria

350 1105 512 1144 manu
542 1091 821 1145 scribebat
853 1091 966 1153 ille.
999 1071 1215 1147 nomen.
1239 1092 1390 1149 bulla
1420 1093 1535 1147 sive
1564 1092 1802 1164 sigillum
1837 1093 1921 1146 in-

349 1183 585 1237 dicabat.
610 1181 735 1239 Haec
755 1198 885 1238 vero
906 1183 1068 1237 modo
1096 1184 1353 1254 plumbea
1385 1184 1545 1240 modo
1580 1199 1736 1241 cerea
1766 1184 1920 1238 culo-

351 1277 426 1331 ris
450 1277 642 1332 viridis
674 1276 790 1333 fuit.
825 1276 1019 1333 Vidisti
1064 1278 1375 1339 plumbeam
1405 1294 1419 1332 :
1466 1277 1690 1333 adverte
1756 1277 1919 1331 modo

350 1381 582 1421 ceream.
615 1365 675 1420 P.
706 1366 812 1421 260
841 1382 854 1421 :
880 1362 1012 1435 Εῐχε
1036 1368 1097 1421 τὸ
1130 1367 1266 1437 μηνὶ
1303 1366 1509 1436 Ἰουλίῳ
1538 1367 1919 1437 ἐπινεμήοεως

351 1458 418 1528 η’,
448 1460 539 1512 καὶ
563 1459 662 1526 τὴν
689 1460 922 1530 κηρίνην
956 1460 1228 1529 πρασίνην
1254 1461 1549 1529 σφραγῖδα.
1571 1458 1787 1513 P.2i2:
1829 1455 1921 1510 Ei—

348 1566 407 1619 χε
440 1550 498 1601 τὸ
522 1549 876 1619 μηνὶΊουλίῳ
901 1552 1285 1619 ἐπινεμήοεως
1308 1556 1381 1616 η’.
1404 1550 1493 1603 διὰ
1522 1550 1621 1619 τῆς
1644 1566 1918 1620 πατριαρ-

349 1641 504 1709 loci};
537 1642 637 1694 καὶ
694 1642 847 1703 θείας
880 1641 1089 1711 χειρὸς,
1119 1645 1214 1696 καὶ
1236 1642 1335 1709 τὴν
1369 1641 1573 1713 συνήθη
1597 1641 1916 1717 μολιϐδίνην

352 1733 594 1802 poenam
648 1735 708 1789 Ρ.
745 1735 893 1791 256:
935 1734 1025 1791 Ἑν
1062 1736 1457 1805 ὑπομνήμασιν
1509 1735 1796 1789 ἐκτιθέντα
1845 1737 1909 1804 τῇ

352 1826 568 1893 συνήθει
616 1826 706 1880 διὰ
733 1826 985 1896 μολίϐδου
1012 1827 1271 1895 σφραγῖδι
1301 1827 1630 1901 ἐϐεϐαιώθη,
1665 1829 1756 1881 καὶ
1788 1828 1914 1880 ἔπε-

343 1915 464 1985 δόθη
493 1918 627 1987 μηνὶ
656 1920 972 1990 Ἰανουαρίῳ
1001 1920 1385 1990 ἑπινεμήοεως
1406 1916 1496 1985 ια’,
1523 1920 1676 1983 ἔτους
1698 1918 1911 1991 ,ςφλςζ

344 2007 558 2061 Annum
581 2024 747 2075 porro
777 2025 881 2065 non
910 2010 1218 2078 apponebat
1258 2010 1614 2078 patriarcha;
1672 2009 1759 2065 hic
1811 2024 1912 2064 ceu

343 2101 592 2168 exemplo
609 2110 821 2155 tantum
852 2102 1191 2171 adiungitur.
1213 2101 1279 2161 Et
1308 2118 1364 2171 p.
1394 2101 1499 2158 259
1528 2117 1546 2157 :
1579 2103 1658 2173 Τῇ
1689 2101 1779 2155 διὰ
1812 2118 1910 2171 μο-

343 2189 522 2243 λίϐδου
558 2193 815 2262 σφραγῖδι
849 2191 1130 2262 ὶπιστώθη
1163 2194 1260 2249 καὶ
1290 2192 1520 2263 ἐπεδόθη
1554 2193 1687 2262 μηνὶ
1730 2192 1913 2258 Νοεμ-

345 2280 481 2350 ϐρίῳ
506 2284 890 2352 ὲπινεμήσεως
917 2282 1156 2346 ια”ῐτους
1180 2284 1389 2356 ,ςφ).ς’.
1418 2284 1512 2338 Est
1533 2284 1754 2351 insuper
1772 2284 1915 2339 alius

346 2373 716 2428 Cantacuzeni
752 2374 822 2430 de
845 2390 942 2430 sua
975 2376 1333 2431 coronatione
1356 2374 1635 2441 loquentis
1681 2374 1914 2444 insignis

345 2462 519 2528 locus,
547 2479 637 2528 ιιι,
664 2465 732 2519 36
768 2483 783 2519 ι
811 2466 1170 2537 Πατριάρχης
1205 2466 1262 2523 δὲ
1293 2468 1413 2542 ἐπεὶ
1437 2467 1535 2536 τὴν
1569 2466 1724 2531 ἀξίαν
1764 2465 1919 2535 ἀμεί-

344 2554 458 2607 ϐειν
482 2558 589 2609 οὐκ
612 2556 766 2625 ὲνῆν,
824 2559 903 2620 si;
959 2557 1295 2629 σεμνότερόν
1344 2575 1399 2611 τι
1458 2558 1792 2628 περιέστησε
1852 2556 1913 2609 τὸ

348 2645 556 2715 σχῆμα,
598 2649 692 2699 καὶ
712 2646 770 2700 ἐν
798 2663 857 2699 τε
887 2649 1006 2710 ταῖς
1026 2647 1376 2716 ὑπογραφαῖς
1399 2649 1645 2723 ῂεροινέῳ
1661 2646 1915 2718 χρώματι

350 2736 585 2805 ὲχρῆτο⁶
616 2737 786 2792 colore
838 2739 973 2793 inter
1020 2738 1305 2795 caeruleum
1367 2739 1688 2792 et'viridem
1736 2738 1906 2793 medio

352 2840 474 2879 usus
499 2835 596 2891 est,
618 2827 896 2883 Caesarum
928 2829 1180 2886 videlicet
1212 2845 1383 2885 more.
1410 2829 1624 2914 Gradus
1644 2830 1790 2884 enim
1822 2830 1911 2884 hic

344 2927 427 2973 est
450 2921 592 2974 inter
610 2922 818 2981 colores
842 2931 900 2976 ut
918 2923 1127 2991 primus
1151 2923 1223 2978 sit
1245 2937 1575 2992 purpureus,
1602 2932 1715 2978 tum
1746 2922 1911 2977 ruber

2028 468 2139 504 νον.
2170 448 2321 506 Goan
2346 452 2367 528 ]
3158 470 3169 475 ’

2098 540 2363 603 Caeterum
2394 543 2534 599 intra
2560 559 2610 599 c.
2669 546 2702 600 5
2750 546 2823 600 ita
2887 549 3145 605 describit
3197 549 3442 606 Codinus
3484 564 3602 607 ina-

2027 646 2193 700 gnum
2224 634 2579 702 logothetam,
2605 644 2665 691 ut
2686 653 2910 706 prorsus
2935 641 2986 694 in
3007 642 3365 697 cancellarios
3384 657 3605 697 nostros

2028 725 2326 793 descriptio
2355 725 2445 779 illa
2478 735 2774 796 competat.
2796 728 2886 782 Ait
2920 731 3068 784 enim
3103 732 3287 799 magni
3316 733 3604 802 logothcta:

2024 829 2149 868 esse
2174 829 2366 868 curare
2392 805 2729 883 imperatoris
2754 818 3012 873 mandata
3031 831 3080 873 et
3109 820 3314 875 litteras
3338 823 3407 874 ad
3428 840 3599 893 reges,

2024 905 2266 958 sultanos
2295 916 2344 960 et
2368 908 2668 978 toparcftas.

2100 993 2242 1049 Ibid.
2275 998 2407 1052 Post
2432 998 2772 1068 logothetam
2821 1001 2974 1055 adest
3027 996 3386 1070 constrisiua;
3438 1022 3598 1075 quem

2026 1084 2344 1144 Bonetidius
2397 1089 2449 1142 in
2495 1089 2628 1149 iure
2681 1106 2785 1147 suo
2844 1092 3109 1148 Orientali
3160 1107 3319 1150 vocat
3358 1108 3597 1149 castren-

2023 1194 2152 1244 sem,
2215 1180 2397 1234 male:
2456 1182 2533 1236 nil
2585 1184 2729 1237 enim
2782 1184 2886 1238 loci
2943 1187 3203 1248 castrensi
3254 1186 3307 1240 in
3366 1190 3598 1242 ecclesia

2022 1276 2075 1323 et
2124 1271 2520 1331 ecclesiasticis
2574 1275 3049 1350 odieiis.'l)icitnr
3100 1294 3229 1348 ergo
3280 1281 3599 1334 canstrisius

2022 1361 2179 1427 quasi
2217 1362 2501 1417 canistrius
2528 1378 2559 1419 a
2605 1370 2859 1421 canistro.
2884 1367 2981 1422 Jus
3021 1370 3069 1423 ei
3112 1380 3229 1423 erat
3258 1372 3337 1432 είς
3368 1370 3426 1423 τὸ
3468 1373 3598 1423 κάν-

2022 1464 2229 1517 στριον,
2259 1452 2437 1520 inquit
2457 1452 2720 1519 Codinus,
2752 1457 2807 1509 in
2835 1459 3151 1523 canistrum,
3183 1461 3379 1524 καὶείς
3411 1462 3471 1514 τὸ
3502 1464 3595 1514 ἁ).

2020 1541 2240 1594 λάσσειν
2263 1543 2355 1596 τὸν
2388 1546 2677 1615 ἀρχιερέα.
2706 1547 2834 1615 Ejus
2895 1549 3057 1603 etiam
3083 1566 3285 1605 munus
3332 1563 3449 1606 erat
3504 1570 3597 1622 pa-

2021 1631 2321 1687 triarcham
2386 1649 2482 1689 seu
2542 1638 2888 1707 episcopum,
2942 1641 3161 1708 quando
3212 1653 3389 1697 vestes
3434 1644 3488 1697 in
3539 1662 3597 1699 re

2021 1723 2202 1776 divina
2236 1727 2543 1794 peragenda
2581 1728 2740 1801 136
2763 1734 3035 1787 mutandae
3056 1743 3235 1798 erant,
3266 1734 3523 1805 adjuvare
3545 1740 3601 1790 et

2018 1814 2244 1869 induere
2269 1831 2376 1871 una
2415 1833 2538 1872 cum
2561 1820 3048 1878 hieromnemone:
3077 1824 3158 1878 sic
3182 1824 3329 1878 enim
3352 1825 3593 1883 Joannes

2018 1904 2264 1965 Citrius:
2314 1907 2765 1967 Hieromnemouis
2802 1914 3042 1984 ofﬁcium
3078 1915 3311 1987 διακόνῳ
3346 1917 3405 1983 ἐξ
3428 1920 3599 1987 ἀνάγο

2017 2014 2123 2067 κης
2176 2000 2471 2070 προσήκει,
2517 2002 2709 2072 ἐπειδὴ
2761 2005 3135 2072 συνυπουργὸς
3166 2000 3320 2071 οὗτός
3350 2010 3467 2061 ἐστι
3520 2009 3598 2078 τῷ

2019 2089 2355 2159 κοινοτριοίῳ
2385 2093 2465 2154 εἰς
2490 2094 2550 2144 τδ
2577 2093 2918 2161 περιτιθέναι
2969 2097 3067 2165 τὴν
3112 2099 3263 2167 ἱερὰν
3304 2098 3495 2170 στολὴν
3522 2100 3599 2171 τῷ

2018 2181 2272 2251 ἀρχιερεῖ
2308 2182 2565 2251 μέλλοντι
2621 2185 3029 2257 ίεροπρακτεῖν.
3064 2188 3272 2257 .ltaque
3319 2192 3595 2243 caustrion

2019 2272 2155 2325 nihil
2186 2273 2331 2326 aliud
2378 2274 2701 2333 videturhic
2758 2293 2881 2333 esse
2912 2295 3076 2349 quam
3131 2282 3450 2335 ve5tiarium
3501 2300 3595 2337 seu

2017 2362 2172 2418 locus
2202 2366 2434 2420 vestium
2480 2384 2787 2433 sacrarum,
2844 2373 3041 2443 et'ipse
3088 2377 3396 2429 canstrisius
3460 2375 3595 2429 nihil

2017 2454 2166 2507 aliud
2192 2469 2356 2525 quam
2393 2455 2438 2510 is
2474 2459 2565 2527 qni
2597 2460 2740 2514 inter
2776 2462 3048 2529 palatinas
3094 2464 3387 2535 dignitates
3411 2467 3599 2535 appel-

2016 2543 2162 2599 latur
2186 2546 2489 2599 vestiarius.
2527 2546 2652 2601 Fuit
2685 2560 2737 2602 et
2775 2550 2827 2603 in
2864 2549 3110 2605 Romana
3140 2553 3380 2609 Ecclesia
3430 2572 3597 2624 pecu-

2020 2634 2175 2689 liaris
2204 2636 2438 2690 vestiarii
2499 2638 2737 2708 dignitas
2763 2649 2817 2693 et
2840 2642 3102 2705 oﬂicium,
3126 2653 3184 2696 ut
3211 2660 3273 2697 ex
3311 2648 3598 2699 Anastasio

2019 2725 2439 2783 Bibliothecario
2461 2729 2619 2786 docet
2642 2729 2981 2802 Onuphrius.
3011 2731 3068 2788 In
3095 2733 3471 2806 Turcogrzecia
3499 2737 3593 2791 fol.

2016 2817 2123 2872 285
2155 2818 2357 2873 dicitur
2402 2824 2776 2893 κανστρίοιος,
2826 2826 2916 2893 qui
2969 2828 3023 2879 in
3077 2826 3297 2897 liturgia
3346 2837 3487 2881 tenet
3534 2829 3597 2881 τὸ

2018 2910 2313 2982 κάνστριον
2342 2913 2450 2964 τῶν
2481 2914 2869 2984 θυμιαμάτων,
2902 2916 3046 2986 quod
3075 2934 3167 2987 ego
3197 2919 3486 2972 turibulum
3510 2921 3594 2973 iu-

341 3010 451 3063 sive
470 3010 780 3087 ﬂaxnmeus,
807 3012 1310 3077 tertiusviolaccns,
1350 3023 1582 3083 quartus
1616 3016 1905 3081 caeruleus,

2019 3009 2296 3072 terpretor,
2331 3004 2507 3073 inquit
2537 3016 2749 3060 auctor.
2792 3006 2861 3060 At
2883 3007 3079 3063 inscite
3111 3027 3125 3063 :
3158 3012 3282 3079 quis
3318 3012 3459 3064 enim
3497 3028 3625 3067 un-.

339 3099 536 3155 deinde
558 3102 859 3157 snbviridis
886 3102 1000 3159 sive
1026 3104 1262 3168 caesius;
1322 3104 1572 3172 sequitur
1600 3103 1787 3157 viridis
1807 3117 1909 3171 pu-

340 3205 454 3255 rus,
485 3192 584 3261 qni
608 3194 889 3261 prasinus.
926 3208 1087 3262 quem
1151 3194 1355 3260 excipit
1394 3193 1629 3248 citrinus
1660 3202 1766 3247 etc.
1795 3209 1812 3259 ;
1844 3192 1912 3246 de

337 3282 537 3350 quibus
570 3298 623 3337 c.
657 3284 712 3338 5.
744 3282 940 3357 Gesn]

401 3396 459 3451 P.
479 3398 541 3454 4.
560 3397 725 3452 Addit
746 3398 986 3453 Codinus
1023 3399 1270 3469 ejusdem
1295 3398 1588 3467 logothetze
1614 3395 1785 3451 fuisse
1812 3395 1912 3458 τὰς

337 3487 682 3558 δημοτιακὰς
714 3491 812 3545 καὶ
850 3492 1179 3561 ἀρχοντικὰς
1210 3491 1500 3553 ὑποθέσεις
1522 3490 1906 3559 λογογραφεῖν.

335 3578 531 3635 Junius
554 3583 720 3636 vertit
746 3602 759 3636 :
786 3582 1070 3652 Logotheta
1101 3583 1395 3637 rationibus
1428 3590 1478 3634 et
1514 3582 1722 3650 quidem
1742 3581 1909 3633 ratio-

334 3672 484 3726 nibus
556 3673 624 3726 ad
641 3675 892 3742 populum
906 3676 1295 3743 principemque
1367 3674 1706 3727 sacerdotum
1733 3672 1901 3740 perti-

330 3764 581 3815 nentibus
618 3763 1016 3831 prcscribendis
1083 3775 1295 3832 praest.
1354 3762 1540 3839 Male:
1590 3760 1909 3816 vertendum

327 3851 470 3905 enim
521 3849 839 3921 :Logotheta
866 3862 1053 3922 praeest
1083 3854 1424 3909 discutiendi:
1445 3863 1494 3907 et
1521 3853 1909 3907 conscribendis

328 3942 657 4007 rationibus,
700 3953 808 3998 tam
835 3961 968 4015 quas
1024 3945 1245 3999 reddunt
1303 3947 1392 4019 qui
1434 3958 1500 3996 ea:
1550 3943 1693 4010 plebe
1746 3959 1905 4012 quam

328 4035 416 4101 qui
454 4049 537 4088 ea:
569 4035 752 4087 ordine
770 4036 1150 4091 ecclesiastico.

398 4152 600 4206 Exstat
621 4152 765 4219 apud
804 4154 1074 4215 Joannem
1123 4154 1353 4208 Citrium
1387 4155 1636 4223 quaestio,
1683 4156 1743 4207 ὲν
1794 4155 1905 4217 τοῖς

330 4242 685 4312 ἀρχον-τικοῖς
718 4241 1194 4312 ὲκκλησιαᾶτικοῖς
1240 4244 1618 4315 ὰξιὼμαοιτίς
1687 4245 1903 4313 πρῶτος

331 4336 424 4387 καὶ
451 4336 547 4397 τίς
574 4335 824 4407 δεύτερος
844 4376 861 4403 ,
895 4339 1345 4409 etc..Responsio
1381 4348 1466 4396 est
1497 4358 1512 4396 :
1552 4341 1765 4395 Primus
1817 4348 1901 4394 est
1931 4334 1979 4391 D

333 4439 569 4494 magnus
631 4441 993 4492 meonomus,
1046 4431 1319 4486 secundus
1365 4444 1598 4499 magnus
1673 4429 1906 4483 sacella-

331 4516 463 4581 rius,
492 4525 601 4572 etc.
628 4518 722 4572 Isti
747 4519 919 4584 enim,
940 4529 994 4574 et
1025 4521 1113 4574 alii
1146 4536 1283 4591 quos
1342 4506 1548 4575 Citrius
1568 4535 1906 4577 commemo-

333 4620 437 4671 rat.
499 4611 781 4667 habebant
841 4614 1142 4684 ἁρχοντικὰ
1215 4614 1531 4684 ἀξιώματα,
1582 4616 1902 4685 horumque

331 4706 547 4772 negotia
598 4713 731 4758 sunt
784 4714 838 4758 et
903 4706 1251 4775 appellantur
1324 4706 1651 4776 ἀρχοντικαὶ
1705 4708 1906 4759 ὑποθέ-

333 4811 463 4860 σεις,
493 4811 606 4851 non
641 4806 824 4851 autem
853 4798 938 4851 illa
962 4806 1192 4863 tantum,
1220 4814 1341 4867 quae
1362 4799 1426 4852 ad
1464 4800 1638 4869 ipsum
1671 4800 1906 4869 patriar—

332 4889 490 4941 cbam
517 4902 613 4943 seu
639 4890 961 4960 episcOpum
989 4894 1284 4961 pertinent.
1314 4888 1523 4947 Ges-rs.

401 5024 573 5095 {Ibid.
646 5025 863 5095 Optime
924 5030 1193 5097 interpres
1236 5028 1361 5091 τοὺς
1421 5027 1781 5098 ἁρχοντικούς
1837 5029 1903 5083 ad

329 5117 580 5171 ordinem
643 5117 1077 5173 eeelesiastleuin
1149 5120 1421 5187 pertinere
1485 5122 1906 5188 aestimaturuo

326 5206 499 5281 gradu
537 5222 667 5261 vero
687 5222 794 5261 non
818 5208 1085 5277 apposuit.
1110 5208 1250 5264 Sunt
1279 5210 1444 5279 igitur
1462 5211 1903 5280 bpxovttxoi,qni

324 5295 535 5350 habent
558 5298 791 5365 ὀφφίκια
819 5298 1120 5367 ἀρχοντικά
1146 5300 1389 5354 ecclesia'
1412 5302 1519 5356 CP.
1536 5302 1720 5356 clerici
1739 5317 1906 5371 ;quns

320 5384 421 5440 Jus
438 5386 539 5439 GR
584 5405 635 5458 p.
655 5390 765 5444 215
781 5390 949 5445 et269
972 5399 1130 5447 vocat
1150 5392 1511 5456 δεσποτικοὺς
1536 5395 1823 5464 ἄρχοντας.
1838 5408 1903 5447 eo

324 5480 473 5548 quod
512 5484 835 5548 patriarcha!
872 5484 1143 5553 obsequio
1186 5487 1476 5551 mancipati
1511 5486 1580 5554 (is
1614 5487 1759 5539 enim
1816 5487 1899 5540 δε·

326 5572 543 5639 σπότης
567 5576 668 5640 est)
700 5590 988 5644 procerum
1017 5577 1275 5632 Ecclesia;
1301 5594 1612 5647 supremum
1637 5579 1905 5644 attingant

324 5662 884 5733 graduni.'l’1:60:ct;
908 5682 1071 5739 porro
1096 5684 1203 5730 non
1225 5669 1515 5736 rationem,
1533 5673 1623 5725 sed
1638 5670 1898 5742 negotium

2015 3106 2179 3161 quam
2214 3092 2425 3147 audivit
2454 3095 2749 3166 κάνστριον
2781 3112 2904 3152 esse
2933 3099 3234 3153 turibulum
3263 3101 3286 3153 ?
3316 3100 3418 3154 nisi
3454 3101 3594 3156 forte

2013 3184 2178 3237 etiam
2211 3187 2512 3240 canistrum
2547 3189 2617 3241 sit
2643 3190 2943 3244 turibulum
2977 3208 2989 3244 :
3017 3207 3140 3246 nam
3175 3207 3205 3246 a
3237 3196 3469 3249 canistro
3494 3210 3589 3250 seu

2014 3274 2345 3331 diminutive
2403 3280 2660 3333 cauistrio
2698 3281 2757 3335 lit
2811 3284 3084 3338 canstriou
3138 3301 3235 3355 per
3293 3302 3590 3358 syncopen,

2012 3364 2267 3437 idemque
2297 3379 2380 3423 est
2410 3370 2556 3441 quod
2591 3372 2808 3439 κάνεον,
2838 3386 3121 3432 contracto
3148 3378 3473 3443 xavoﬁtha
3531 3391 3589 3435 ut

2011 3459 2363 3527 κανστρίσιος
2418 3460 2628 3532 integre
2659 3460 2730 3519 sit
2753 3468 3152 3534 κανιστρίσιος,
3186 3471 3464 3540 μνωίθοιιιε
3505 3490 3592 3527 ca-

2010 3548 2201 3603 m’strio
2226 3566 2322 3604 seu
2361 3554 2638 3617 canistro;
2695 3556 2853 3625 cujus
2907 3558 3291 3627 praefecturam
3346 3565 3591 3621 extendit

2011 3655 2229 3710 quoque
2258 3641 2455 3698 Junius
2492 3645 2557 3699 ad
2577 3650 2876 3714 penuriam.
2910 3651 2980 3704 At
3004 3654 3185 3716 nobis,
3218 3664 3273 3708 et
3297 3654 3396 3721 ipsi
3422 3657 3585 3710 etiam

2010 3733 2250 3800 veritati,
2286 3736 2389 3789 nisi
2418 3735 2598 3802 fallor,
2634 3740 2811 3795 satius
2861 3742 3078 3796 videtur
3129 3746 3412 3799 cunstrisii
3469 3748 3588 3801 odi-

2008 3825 2155 3881 cium
2198 3828 2458 3881 vestiario
2487 3830 2959 3896 circumscribere,
3001 3844 3055 3888 et
3085 3836 3311 3888 caustrii
3366 3839 3590 3894 nomine

2009 3918 2150 3972 nihil
2180 3920 2324 3973 aliud
2358 3921 2608 3990 accipere
2639 3938 2799 3992 quam
2846 3924 3025 3978 locum
3079 3926 3170 3979 ubi
3208 3936 3387 3982 vestes
3452 3945 3591 3999 pon-

2005 4011 2229 4066 tiﬁcales
2251 4007 2696 4078 asservabantn‘r,
2718 4029 2826 4067 uno
2849 4015 3016 4069 verbo
3037 4018 3362 4073 vestiarium.
3383 4019 3588 4077 Gnsrs.

2081 4103 2165 4176 [P.
2196 4106 2252 4159 4.
2282 4105 2691 4175 Κανστρήνσιος
2708 4122 2947 4175 quoque.
2971 4123 3074 4164 nec
3100 4124 3211 4163 non
3236 4112 3587 4178 καοτρίνσιος

2002 4204 2058 4250 et
2116 4198 2480 4267 καοτρήνσιος
2536 4197 2797 4266 scriptum
2860 4201 3125 4268 reperies,
3163 4215 3227 4255 ac
3262 4218 3365 4273 pro
3419 4206 3587 4259 variis

2004 4286 2207 4342 Grmcis
2234 4288 2639 4343 characterihus
2655 4288 2861 4345 Latinis
2885 4307 3103 4361 quoque
3127 4292 3276 4355 varie
3296 4295 3586 4352 redditum.

2010 4378 2219 4437 Sensus
2250 4380 2585 4449 requiratur,
2622 4382 2713 4435 ubi
2773 4383 2858 4435 vix
2902 4383 3055 4452 juvat
3099 4385 3407 4441 character.
3447 4390 3590 4443 Καν-

2010 4471 2251 4542 στρίσιον
2275 4473 2381 4525 ἀπὸ
2408 4474 2501 4526 τοῦ
2526 4475 2817 4545 κινστρίου
2847 4478 3049 4532 dictum
3086 4478 3267 4545 video;
3296 4483 3589 4551 κὰνστριον

2008 4579 2139 4617 Vero
2176 4567 2332 4634 panis
2369 4565 2638 4621 benedicti
2670 4569 2893 4632 lancem,
2928 4570 3013 4622 vel
3048 4571 3232 4640 potius
3269 4574 3409 4628 turis
3437 4591 3591 4628 arcu-

2008 4655 2137 4718 lam,
2163 4658 2247 4711 vel
2270 4658 2503 4727 denique
2532 4662 2829 4714 canistrum
2862 4662 3197 4732 recipiendis
3260 4665 3590 4733 patriarchae

2010 4749 2254 4807 vestibus
2292 4750 2552 4811 idoneum
2602 4753 2974 4821 interpretor:
3010 4752 3213 4805 κανοῦν
3259 4753 3404 4808 enim
3440 4754 3580 4808 idem

2010 4840 2155 4909 quod
2186 4842 2435 4896 πινάκιον
2469 4843 2751 4896 νοεριιιιιιιι
2778 4844 2920 4909 apud
2973 4840 3240 4902 Nicetam.
3277 4858 3375 4912 pro
3416 4844 3585 4897 variis

2010 4930 2363 4987 lucrionibus.
2382 4933 2651 5000 Allatiana
2678 4934 2753 5001 (et
2773 4932 2842 5002 Μ)
2862 4932 2930 4987 de
2954 4934 3301 4988 canstrensio
3328 4937 3422 4988 ;'O
3451 4952 3584 4987 atav-

2013 5024 2300 5091 στρήνοιος
2333 5024 2618 5077 ἀλλάοσων
2647 5024 2723 5092 τῷ
2767 5023 3025 5096 ἀρχιερεῖ
3045 5025 3142 5096 τὴν
3167 5024 3334 5078 αὐτοῦ
3364 5025 3580 5096 στολὴν,

2011 5113 2229 5184 κρατῶν
2258 5114 2314 5166 δὲ
2342 5114 2434 5166 καὶ
2463 5113 2836 5182 τὸνθυμιατὸν
2866 5119 2924 5167 ὲν
2956 5120 3021 5188 τῇ
3085 5117 3425 5187 λειτουργίᾳ,
3482 5120 3579 5170 καὶ

2009 5206 2101 5258 τὸν
2134 5205 2271 5279 disp:
2300 5205 2500 5274 (velum
2537 5207 2728 5262 calicis
2751 5217 2804 5262 et
2834 5209 2995 5278 disci)
3031 5210 3091 5261 ὲν
3119 5211 3184 5279 τῇ
3223 5209 3375 5280 δεξιᾷ
3404 5209 3572 5267 αὐτοῦ

2010 5298 2178 5365 χειρὶ,
2232 5296 2496 5367 ῥαντίζων
2556 5300 2648 5351 καὶ
2677 5301 2735 5353 τὸ
2789 5300 2934 5369 ὕδωρ
2980 5302 3058 5361 είς
3095 5302 3187 5352 τὶν
3239 5300 3366 5353 λαὸν
3389 5303 3446 5352 ὲν
3500 5300 3579 5369 τῷ

2010 5390 2277 5461 τριαδικῷ
2325 5390 2761 5464 ὒμνῳνκρατῶν
2819 5394 3000 5444 δὲκαὶ
3058 5393 3118 5443 τὸ
3169 5390 3426 5444 κιϐώτιον
3468 5393 3578 5445 τῶν

2013 5484 2346 5554 ἀρωμάτων,
2368 5485 2736 5554 καθεζόμενος
2766 5488 2860 5540 καὶ
2897 5486 2976 5547 είς
2999 5483 3096 5547 τὰς
3124 5484 3351 5550 κρίσεις.
3374 5482 3575 5557 GOAR.]

2084 5577 2487 5646 Refercndarius
2521 5599 2552 5633 (ι
2588 5580 2857 5649 referendo
2912 5592 3109 5631 nomen
3146 5576 3371 5630 trahens
3419 5578 3578 5631 hodie

2010 5674 2172 5737 ctFum
2208 5672 2259 5749 in
2282 5672 2527 5730 Ecclesia:
2568 5687 2667 5733 usu
2706 5681 2883 5726 ntanet
2919 5685 2931 5721 :
2967 5667 3287 5730 mittebatur
3311 5686 3373 5724 ex
3398 5668 3577 5731 cilicia
