  <div class='ocr_page' id='page_1' title='image "/cluster/home/n/w/nwhite01/storage/ocr_20150623/157/hvd.32044073502668/082.png"; bbox 0 0 3992 6240; ppageno 0'>
   <div class='ocr_carea' id='block_1_1' title="bbox 362 187 458 251">
    <p class='ocr_par' dir='ltr' id='par_1_1' title="bbox 362 187 458 251">
     <span class='ocr_line' id='line_1_1' title="bbox 362 187 458 251; baseline -0.021 0"><span class='ocrx_word' id='word_1_1' title='bbox 362 187 458 251; x_wconf 79' lang='grc'><strong>153</strong></span> 
     </span>
    </p>
   </div>
   <div class='ocr_carea' id='block_1_2' title="bbox 1438 182 2489 251">
    <p class='ocr_par' dir='ltr' id='par_1_2' title="bbox 1438 182 2489 251">
     <span class='ocr_line' id='line_1_2' title="bbox 1438 182 2489 251; baseline 0.008 -9"><span class='ocrx_word' id='word_1_2' title='bbox 1438 182 1816 243; x_wconf 72' lang='lat' dir='ltr'><strong>GRETSER]</strong></span> <span class='ocrx_word' id='word_1_3' title='bbox 1861 185 1955 243; x_wconf 87' lang='lat' dir='ltr'>ET</span> <span class='ocrx_word' id='word_1_4' title='bbox 1975 185 2211 246; x_wconf 66' lang='lat' dir='ltr'><strong>GOAE]</strong></span> <span class='ocrx_word' id='word_1_5' title='bbox 2249 187 2489 251; x_wconf 73' lang='grc' dir='ltr'><strong>ΝΟΤίΕ.</strong></span> 
     </span>
    </p>
   </div>
   <div class='ocr_carea' id='block_1_3' title="bbox 3366 126 3421 137">
    <p class='ocr_par' dir='ltr' id='par_1_3' title="bbox 3366 126 3421 137">
     <span class='ocr_line' id='line_1_3' title="bbox 3366 126 3421 137; baseline 0.036 -2"><span class='ocrx_word' id='word_1_6' title='bbox 3366 126 3421 137; x_wconf 67' lang='lat'><em>—</em></span> 
     </span>
    </p>
   </div>
   <div class='ocr_carea' id='block_1_4' title="bbox 3488 187 3591 251">
    <p class='ocr_par' dir='ltr' id='par_1_4' title="bbox 3488 187 3591 251">
     <span class='ocr_line' id='line_1_4' title="bbox 3488 187 3591 251; baseline 0.039 -3"><span class='ocrx_word' id='word_1_7' title='bbox 3488 187 3591 251; x_wconf 64' lang='lat' dir='ltr'><strong>ibi</strong></span> 
     </span>
    </p>
   </div>
   <div class='ocr_carea' id='block_1_5' title="bbox 357 286 1895 369">
    <p class='ocr_par' dir='ltr' id='par_1_5' title="bbox 357 286 1895 363">
     <span class='ocr_line' id='line_1_5' title="bbox 357 286 1895 363; baseline -0.001 -15"><span class='ocrx_word' id='word_1_8' title='bbox 357 296 426 349; x_wconf 84' lang='lat' dir='ltr'><strong>sit</strong></span> <span class='ocrx_word' id='word_1_9' title='bbox 446 290 573 346; x_wconf 84' lang='lat' dir='ltr'><strong>illud</strong></span> <span class='ocrx_word' id='word_1_10' title='bbox 593 287 868 359; x_wconf 69' lang='lat' dir='ltr'><strong>quodvult</strong></span> <span class='ocrx_word' id='word_1_11' title='bbox 900 286 1130 343; x_wconf 84' lang='lat' dir='ltr'><strong>Junius:</strong></span> <span class='ocrx_word' id='word_1_12' title='bbox 1159 303 1284 342; x_wconf 90' lang='lat' dir='ltr'><strong>nam</strong></span> <span class='ocrx_word' id='word_1_13' title='bbox 1319 291 1484 357; x_wconf 64' lang='lat' dir='ltr'><strong>eia/du;</strong></span> <span class='ocrx_word' id='word_1_14' title='bbox 1518 306 1612 360; x_wconf 86' lang='lat' dir='ltr'><strong>pro</strong></span> <span class='ocrx_word' id='word_1_15' title='bbox 1633 294 1895 363; x_wconf 67' lang='lat' dir='ltr'><strong>suffragiis</strong></span> 
     </span>
    </p>
   </div>
   <div class='ocr_carea' id='block_1_6' title="bbox 2003 286 3587 369">
    <p class='ocr_par' dir='ltr' id='par_1_6' title="bbox 2010 290 3587 369">
     <span class='ocr_line' id='line_1_6' title="bbox 2010 290 3587 369; baseline 0.001 -19"><span class='ocrx_word' id='word_1_16' title='bbox 2010 308 2089 350; x_wconf 78' lang='lat' dir='ltr'><strong>est</strong></span> <span class='ocrx_word' id='word_1_17' title='bbox 2112 299 2171 351; x_wconf 76' lang='grc' dir='ltr'><strong>τὸ</strong></span> <span class='ocrx_word' id='word_1_18' title='bbox 2197 299 2392 369; x_wconf 67' lang='grc' dir='ltr'>βραχὺ,</span> <span class='ocrx_word' id='word_1_19' title='bbox 2421 300 2482 352; x_wconf 76' lang='grc' dir='ltr'>τὸ</span> <span class='ocrx_word' id='word_1_20' title='bbox 2515 290 2779 368; x_wconf 70' lang='grc' dir='ltr'>σῦντομον</span> <span class='ocrx_word' id='word_1_21' title='bbox 2812 299 2907 353; x_wconf 81' lang='grc' dir='ltr'><strong>καὶ</strong></span> <span class='ocrx_word' id='word_1_22' title='bbox 2942 295 3395 367; x_wconf 69' lang='grc' dir='ltr'><strong>συνεσταλμένον,</strong></span> <span class='ocrx_word' id='word_1_23' title='bbox 3422 297 3476 349; x_wconf 84' lang='lat' dir='ltr'><strong>id</strong></span> <span class='ocrx_word' id='word_1_24' title='bbox 3509 309 3587 351; x_wconf 71' lang='lat' dir='ltr'><strong>est</strong></span> 
     </span>
    </p>
   </div>
   <div class='ocr_carea' id='block_1_7' title="bbox 357 374 1909 449">
    <p class='ocr_par' dir='ltr' id='par_1_7' title="bbox 357 374 1909 449">
     <span class='ocr_line' id='line_1_7' title="bbox 357 374 1909 449; baseline -0.001 -15"><span class='ocrx_word' id='word_1_25' title='bbox 357 381 522 449; x_wconf 82' lang='lat' dir='ltr'><strong>accipi</strong></span> <span class='ocrx_word' id='word_1_26' title='bbox 547 376 687 446; x_wconf 87' lang='lat' dir='ltr'><strong>apud</strong></span> <span class='ocrx_word' id='word_1_27' title='bbox 717 374 956 439; x_wconf 73' lang='lat' dir='ltr'><strong>Graacos,</strong></span> <span class='ocrx_word' id='word_1_28' title='bbox 989 374 1150 428; x_wconf 88' lang='lat' dir='ltr'><strong>etiam</strong></span> <span class='ocrx_word' id='word_1_29' title='bbox 1179 376 1529 439; x_wconf 74' lang='lat' dir='ltr'><strong>recentiores,</strong></span> <span class='ocrx_word' id='word_1_30' title='bbox 1563 382 1749 433; x_wconf 86' lang='lat' dir='ltr'><strong>nescio</strong></span> <span class='ocrx_word' id='word_1_31' title='bbox 1781 397 1909 433; x_wconf 85' lang='lat' dir='ltr'><strong>num</strong></span> 
     </span>
    </p>
   </div>
   <div class='ocr_carea' id='block_1_8' title="bbox 357 465 1909 538">
    <p class='ocr_par' dir='ltr' id='par_1_8' title="bbox 357 465 1909 538">
     <span class='ocr_line' id='line_1_8' title="bbox 357 465 1909 538; baseline -0.002 -12"><span class='ocrx_word' id='word_1_32' title='bbox 357 468 598 538; x_wconf 73' lang='lat' dir='ltr'><strong>exetnplo</strong></span> <span class='ocrx_word' id='word_1_33' title='bbox 629 468 811 536; x_wconf 88' lang='lat' dir='ltr'><strong>aliquo</strong></span> <span class='ocrx_word' id='word_1_34' title='bbox 835 465 1198 519; x_wconf 86' lang='lat' dir='ltr'><strong>demonstrari</strong></span> <span class='ocrx_word' id='word_1_35' title='bbox 1237 476 1421 535; x_wconf 89' lang='lat' dir='ltr'><strong>queat.</strong></span> <span class='ocrx_word' id='word_1_36' title='bbox 1456 466 1648 523; x_wconf 90' lang='lat' dir='ltr'><strong>Latine</strong></span> <span class='ocrx_word' id='word_1_37' title='bbox 1691 472 1909 538; x_wconf 85' lang='lat' dir='ltr'><strong>quidem</strong></span> 
     </span>
    </p>
   </div>
   <div class='ocr_carea' id='block_1_9' title="bbox 358 558 1913 629">
    <p class='ocr_par' dir='ltr' id='par_1_9' title="bbox 358 558 1913 629">
     <span class='ocr_line' id='line_1_9' title="bbox 358 558 1913 629; baseline 0.005 -22"><span class='ocrx_word' id='word_1_38' title='bbox 358 562 512 629; x_wconf 71' lang='lat' dir='ltr'><strong>vulgo</strong></span> <span class='ocrx_word' id='word_1_39' title='bbox 550 559 854 627; x_wconf 78' lang='lat' dir='ltr'><strong>accipimus</strong></span> <span class='ocrx_word' id='word_1_40' title='bbox 911 567 1032 609; x_wconf 84' lang='lat' dir='ltr'><strong>vota</strong></span> <span class='ocrx_word' id='word_1_41' title='bbox 1085 571 1183 622; x_wconf 89' lang='lat' dir='ltr'><strong>pro</strong></span> <span class='ocrx_word' id='word_1_42' title='bbox 1231 558 1540 625; x_wconf 80' lang='lat' dir='ltr'><strong>su/fraglis:</strong></span> <span class='ocrx_word' id='word_1_43' title='bbox 1574 560 1667 613; x_wconf 83' lang='lat' dir='ltr'><strong>sed</strong></span> <span class='ocrx_word' id='word_1_44' title='bbox 1728 563 1913 615; x_wconf 91' lang='lat' dir='ltr'><strong>nescio</strong></span> 
     </span>
    </p>
   </div>
   <div class='ocr_carea' id='block_1_10' title="bbox 361 650 1959 718">
    <p class='ocr_par' dir='ltr' id='par_1_10' title="bbox 361 650 1959 718">
     <span class='ocr_line' id='line_1_10' title="bbox 361 650 1959 718; baseline -0.002 -11"><span class='ocrx_word' id='word_1_45' title='bbox 361 670 481 708; x_wconf 90' lang='lat' dir='ltr'><strong>num</strong></span> <span class='ocrx_word' id='word_1_46' title='bbox 520 653 728 708; x_wconf 66' lang='lat' dir='ltr'><strong>Graecis</strong></span> <span class='ocrx_word' id='word_1_47' title='bbox 756 651 872 705; x_wconf 75' lang='lat' dir='ltr'><strong>haec</strong></span> <span class='ocrx_word' id='word_1_48' title='bbox 895 650 1048 702; x_wconf 89' lang='lat' dir='ltr'><strong>notio</strong></span> <span class='ocrx_word' id='word_1_49' title='bbox 1075 660 1284 718; x_wconf 89' lang='lat' dir='ltr'><strong>recepta</strong></span> <span class='ocrx_word' id='word_1_50' title='bbox 1301 650 1410 713; x_wconf 88' lang='lat' dir='ltr'><strong>sit;</strong></span> <span class='ocrx_word' id='word_1_51' title='bbox 1447 660 1593 704; x_wconf 90' lang='lat' dir='ltr'><strong>certe</strong></span> <span class='ocrx_word' id='word_1_52' title='bbox 1613 655 1698 707; x_wconf 78' lang='lat' dir='ltr'><strong>vix</strong></span> <span class='ocrx_word' id='word_1_53' title='bbox 1724 655 1909 707; x_wconf 85' lang='lat' dir='ltr'><strong>credo.</strong></span> <span class='ocrx_word' id='word_1_54' title='bbox 1954 696 1959 704; x_wconf 87' lang='lat'><strong>.</strong></span> 
     </span>
    </p>
   </div>
   <div class='ocr_carea' id='block_1_11' title="bbox 359 742 1909 813">
    <p class='ocr_par' dir='ltr' id='par_1_11' title="bbox 359 742 1909 813">
     <span class='ocr_line' id='line_1_11' title="bbox 359 742 1909 813; baseline 0.001 -16"><span class='ocrx_word' id='word_1_55' title='bbox 359 746 419 797; x_wconf 82' lang='lat' dir='ltr'><strong>Et</strong></span> <span class='ocrx_word' id='word_1_56' title='bbox 457 745 580 813; x_wconf 87' lang='lat' dir='ltr'><strong>qttid</strong></span> <span class='ocrx_word' id='word_1_57' title='bbox 616 742 831 797; x_wconf 89' lang='lat' dir='ltr'><strong>tandem</strong></span> <span class='ocrx_word' id='word_1_58' title='bbox 865 742 994 794; x_wconf 88' lang='lat' dir='ltr'><strong>illud</strong></span> <span class='ocrx_word' id='word_1_59' title='bbox 1023 751 1125 806; x_wconf 86' lang='lat' dir='ltr'><strong>est,</strong></span> <span class='ocrx_word' id='word_1_60' title='bbox 1158 758 1288 809; x_wconf 88' lang='lat' dir='ltr'><strong>pone</strong></span> <span class='ocrx_word' id='word_1_61' title='bbox 1314 743 1638 796; x_wconf 71' lang='lat' dir='ltr'><strong>sacerdotem</strong></span> <span class='ocrx_word' id='word_1_62' title='bbox 1669 754 1787 797; x_wconf 81' lang='lat' dir='ltr'><strong>vota</strong></span> <span class='ocrx_word' id='word_1_63' title='bbox 1816 762 1909 800; x_wconf 85' lang='lat' dir='ltr'><strong>seu</strong></span> 
     </span>
    </p>
   </div>
   <div class='ocr_carea' id='block_1_12' title="bbox 358 831 1910 903">
    <p class='ocr_par' dir='ltr' id='par_1_12' title="bbox 358 831 1910 903">
     <span class='ocr_line' id='line_1_12' title="bbox 358 831 1910 903; baseline 0.001 -15"><span class='ocrx_word' id='word_1_64' title='bbox 358 835 609 903; x_wconf 71' lang='lat' dir='ltr'><strong>snﬂ&#39;ragia</strong></span> <span class='ocrx_word' id='word_1_65' title='bbox 660 832 966 899; x_wconf 81' lang='lat' dir='ltr'><strong>inspicere?</strong></span> <span class='ocrx_word' id='word_1_66' title='bbox 1004 831 1108 884; x_wconf 84' lang='lat' dir='ltr'><strong>nisi</strong></span> <span class='ocrx_word' id='word_1_67' title='bbox 1155 832 1300 884; x_wconf 83' lang='lat' dir='ltr'><strong>ismd</strong></span> <span class='ocrx_word' id='word_1_68' title='bbox 1329 831 1553 884; x_wconf 78' lang='grc' dir='ltr'>ὄπισθεν</span> <span class='ocrx_word' id='word_1_69' title='bbox 1612 844 1910 903; x_wconf 73' lang='lat' dir='ltr'><strong>usurpatur</strong></span> 
     </span>
    </p>
   </div>
   <div class='ocr_carea' id='block_1_13' title="bbox 361 923 1911 993">
    <p class='ocr_par' dir='ltr' id='par_1_13' title="bbox 361 923 1911 993">
     <span class='ocr_line' id='line_1_13' title="bbox 361 923 1911 993; baseline 0.003 -19"><span class='ocrx_word' id='word_1_70' title='bbox 361 944 450 990; x_wconf 80' lang='lat' dir='ltr'><strong>pro</strong></span> <span class='ocrx_word' id='word_1_71' title='bbox 471 934 607 992; x_wconf 86' lang='lat' dir='ltr'><strong>post,</strong></span> <span class='ocrx_word' id='word_1_72' title='bbox 642 933 701 976; x_wconf 92' lang='lat' dir='ltr'><strong>ut</strong></span> <span class='ocrx_word' id='word_1_73' title='bbox 731 937 922 977; x_wconf 86' lang='lat' dir='ltr'><strong>sensus</strong></span> <span class='ocrx_word' id='word_1_74' title='bbox 955 926 1045 983; x_wconf 88' lang='lat' dir='ltr'><strong>sit,</strong></span> <span class='ocrx_word' id='word_1_75' title='bbox 1082 933 1205 990; x_wconf 89' lang='lat' dir='ltr'><strong>post</strong></span> <span class='ocrx_word' id='word_1_76' title='bbox 1237 923 1544 991; x_wconf 60' lang='lat' dir='ltr'><strong>pontiﬁcem</strong></span> <span class='ocrx_word' id='word_1_77' title='bbox 1574 925 1765 993; x_wconf 86' lang='lat' dir='ltr'><strong>inspici</strong></span> <span class='ocrx_word' id='word_1_78' title='bbox 1795 927 1911 981; x_wconf 56' lang='lat' dir='ltr'><strong>suf.</strong></span> 
     </span>
    </p>
   </div>
   <div class='ocr_carea' id='block_1_14' title="bbox 361 1014 1909 1085">
    <p class='ocr_par' dir='ltr' id='par_1_14' title="bbox 361 1014 1909 1085">
     <span class='ocr_line' id='line_1_14' title="bbox 361 1014 1909 1085; baseline 0.001 -16"><span class='ocrx_word' id='word_1_79' title='bbox 361 1017 547 1083; x_wconf 83' lang='lat' dir='ltr'><strong>fragia,</strong></span> <span class='ocrx_word' id='word_1_80' title='bbox 573 1031 695 1085; x_wconf 66' lang='lat' dir='ltr'><strong>qua;</strong></span> <span class='ocrx_word' id='word_1_81' title='bbox 715 1014 915 1069; x_wconf 73' lang='lat' dir='ltr'><strong>Graecis</strong></span> <span class='ocrx_word' id='word_1_82' title='bbox 939 1022 994 1068; x_wconf 85' lang='lat' dir='ltr'><strong>et</strong></span> <span class='ocrx_word' id='word_1_83' title='bbox 1025 1014 1125 1083; x_wconf 88' lang='lat' dir='ltr'><strong>ipsi</strong></span> <span class='ocrx_word' id='word_1_84' title='bbox 1157 1014 1368 1069; x_wconf 87' lang='lat' dir='ltr'><strong>Codino</strong></span> <span class='ocrx_word' id='word_1_85' title='bbox 1392 1016 1591 1083; x_wconf 81' lang='lat' dir='ltr'><strong>passim</strong></span> <span class='ocrx_word' id='word_1_86' title='bbox 1617 1016 1811 1085; x_wconf 77' lang='grc' dir='ltr'>ψῆφοι,</span> <span class='ocrx_word' id='word_1_87' title='bbox 1840 1019 1909 1073; x_wconf 90' lang='lat' dir='ltr'><strong>ab</strong></span> 
     </span>
    </p>
   </div>
   <div class='ocr_carea' id='block_1_15' title="bbox 359 1088 1909 1173">
    <p class='ocr_par' dir='ltr' id='par_1_15' title="bbox 359 1088 1909 1173">
     <span class='ocr_line' id='line_1_15' title="bbox 359 1088 1909 1173; baseline 0.001 -16"><span class='ocrx_word' id='word_1_88' title='bbox 359 1088 813 1159; x_wconf 79' lang='lat' dir='ltr'><strong>bicromncmone.</strong></span> <span class='ocrx_word' id='word_1_89' title='bbox 837 1103 949 1157; x_wconf 87' lang='lat' dir='ltr'><strong>Nec</strong></span> <span class='ocrx_word' id='word_1_90' title='bbox 978 1118 1074 1170; x_wconf 88' lang='lat' dir='ltr'><strong>per</strong></span> <span class='ocrx_word' id='word_1_91' title='bbox 1095 1103 1258 1171; x_wconf 81' lang='grc' dir='ltr'><strong>εὐχάς</strong></span> <span class='ocrx_word' id='word_1_92' title='bbox 1287 1104 1509 1173; x_wconf 77' lang='lat' dir='ltr'><strong>intelligi</strong></span> <span class='ocrx_word' id='word_1_93' title='bbox 1543 1106 1781 1160; x_wconf 77' lang='lat' dir='ltr'><strong>arbitror</strong></span> <span class='ocrx_word' id='word_1_94' title='bbox 1810 1108 1909 1167; x_wconf 78' lang='grc' dir='ltr'><strong>τὰς</strong></span> 
     </span>
    </p>
   </div>
   <div class='ocr_carea' id='block_1_16' title="bbox 357 1192 1909 1265">
    <p class='ocr_par' dir='ltr' id='par_1_16' title="bbox 357 1192 1909 1265">
     <span class='ocr_line' id='line_1_16' title="bbox 357 1192 1909 1265; baseline 0.003 -18"><span class='ocrx_word' id='word_1_95' title='bbox 357 1198 634 1265; x_wconf 60' lang='grc' dir='ltr'>ἐγγραφὶς</span> <span class='ocrx_word' id='word_1_96' title='bbox 662 1194 770 1245; x_wconf 85' lang='grc' dir='ltr'><strong>τῶν</strong></span> <span class='ocrx_word' id='word_1_97' title='bbox 796 1192 1112 1263; x_wconf 83' lang='grc' dir='ltr'>μαρτύρων,</span> <span class='ocrx_word' id='word_1_98' title='bbox 1139 1195 1371 1261; x_wconf 90' lang='lat' dir='ltr'><strong>scriptas</strong></span> <span class='ocrx_word' id='word_1_99' title='bbox 1419 1196 1639 1249; x_wconf 89' lang='lat' dir='ltr'><strong>testium</strong></span> <span class='ocrx_word' id='word_1_100' title='bbox 1693 1197 1909 1265; x_wconf 84' lang='lat' dir='ltr'><strong>deposi-</strong></span> 
     </span>
    </p>
   </div>
   <div class='ocr_carea' id='block_1_17' title="bbox 357 1285 1906 1357">
    <p class='ocr_par' dir='ltr' id='par_1_17' title="bbox 357 1285 1906 1357">
     <span class='ocr_line' id='line_1_17' title="bbox 357 1285 1906 1357; baseline 0.001 -18"><span class='ocrx_word' id='word_1_101' title='bbox 357 1293 524 1339; x_wconf 85' lang='lat' dir='ltr'><strong>tiones</strong></span> <span class='ocrx_word' id='word_1_102' title='bbox 554 1288 619 1339; x_wconf 90' lang='lat' dir='ltr'><strong>de</strong></span> <span class='ocrx_word' id='word_1_103' title='bbox 651 1288 754 1339; x_wconf 81' lang='lat' dir='ltr'><strong>vita</strong></span> <span class='ocrx_word' id='word_1_104' title='bbox 786 1292 838 1339; x_wconf 86' lang='lat' dir='ltr'><strong>et</strong></span> <span class='ocrx_word' id='word_1_105' title='bbox 865 1285 1108 1337; x_wconf 83' lang='lat' dir='ltr'><strong>moribus</strong></span> <span class='ocrx_word' id='word_1_106' title='bbox 1163 1286 1617 1352; x_wconf 85' lang='lat' dir='ltr'><strong>ordinandorum,</strong></span> <span class='ocrx_word' id='word_1_107' title='bbox 1674 1303 1906 1357; x_wconf 85' lang='lat' dir='ltr'><strong>quarum</strong></span> 
     </span>
    </p>
   </div>
   <div class='ocr_carea' id='block_1_18' title="bbox 354 1374 1909 1445">
    <p class='ocr_par' dir='ltr' id='par_1_18' title="bbox 354 1374 1909 1445">
     <span class='ocr_line' id='line_1_18' title="bbox 354 1374 1909 1445; baseline 0.001 -16"><span class='ocrx_word' id='word_1_108' title='bbox 354 1392 576 1431; x_wconf 78' lang='lat' dir='ltr'><strong>examen</strong></span> <span class='ocrx_word' id='word_1_109' title='bbox 597 1375 673 1429; x_wconf 85' lang='lat' dir='ltr'><strong>ait</strong></span> <span class='ocrx_word' id='word_1_110' title='bbox 706 1374 910 1430; x_wconf 90' lang='lat' dir='ltr'><strong>Citrius</strong></span> <span class='ocrx_word' id='word_1_111' title='bbox 934 1376 1292 1429; x_wconf 85' lang='lat' dir='ltr'><strong>commissum</strong></span> <span class='ocrx_word' id='word_1_112' title='bbox 1312 1389 1375 1429; x_wconf 77' lang='lat' dir='ltr'><strong>ex</strong></span> <span class='ocrx_word' id='word_1_113' title='bbox 1407 1376 1677 1443; x_wconf 85' lang='lat' dir='ltr'><strong>imperitia</strong></span> <span class='ocrx_word' id='word_1_114' title='bbox 1695 1378 1909 1445; x_wconf 87' lang='lat' dir='ltr'><strong>aliquo-</strong></span> 
     </span>
    </p>
   </div>
   <div class='ocr_carea' id='block_1_19' title="bbox 357 1464 1905 1531">
    <p class='ocr_par' dir='ltr' id='par_1_19' title="bbox 357 1464 1905 1531">
     <span class='ocr_line' id='line_1_19' title="bbox 357 1464 1905 1531; baseline -0.001 -10"><span class='ocrx_word' id='word_1_115' title='bbox 357 1483 468 1521; x_wconf 89' lang='lat' dir='ltr'><strong>rum</strong></span> <span class='ocrx_word' id='word_1_116' title='bbox 488 1464 941 1520; x_wconf 85' lang='lat' dir='ltr'><strong>bicromnetnoni.</strong></span> <span class='ocrx_word' id='word_1_117' title='bbox 962 1465 1020 1517; x_wconf 87' lang='lat' dir='ltr'><strong>In</strong></span> <span class='ocrx_word' id='word_1_118' title='bbox 1042 1480 1159 1518; x_wconf 87' lang='lat' dir='ltr'><strong>eam</strong></span> <span class='ocrx_word' id='word_1_119' title='bbox 1184 1466 1347 1531; x_wconf 77' lang='lat' dir='ltr'><strong>igitur</strong></span> <span class='ocrx_word' id='word_1_120' title='bbox 1361 1466 1683 1520; x_wconf 88' lang='lat' dir='ltr'><strong>sententiam</strong></span> <span class='ocrx_word' id='word_1_121' title='bbox 1701 1466 1905 1520; x_wconf 92' lang='lat' dir='ltr'><strong>inclino</strong></span> 
     </span>
    </p>
   </div>
   <div class='ocr_carea' id='block_1_20' title="bbox 352 1557 1907 1640">
    <p class='ocr_par' dir='ltr' id='par_1_20' title="bbox 352 1557 1907 1640">
     <span class='ocr_line' id='line_1_20' title="bbox 352 1557 1907 1640; baseline 0.002 -31"><span class='ocrx_word' id='word_1_122' title='bbox 352 1559 509 1628; x_wconf 77' lang='grc' dir='ltr'><strong>εὐχάς</strong></span> <span class='ocrx_word' id='word_1_123' title='bbox 563 1558 874 1628; x_wconf 80' lang='lat' dir='ltr'><strong>signiﬁcare</strong></span> <span class='ocrx_word' id='word_1_124' title='bbox 927 1557 1068 1626; x_wconf 85' lang='lat' dir='ltr'><strong>apud</strong></span> <span class='ocrx_word' id='word_1_125' title='bbox 1111 1557 1606 1640; x_wconf 82' lang='lat' dir='ltr'><strong>Codinumpreces</strong></span> <span class='ocrx_word' id='word_1_126' title='bbox 1660 1574 1755 1613; x_wconf 85' lang='lat' dir='ltr'><strong>seu</strong></span> <span class='ocrx_word' id='word_1_127' title='bbox 1786 1574 1907 1628; x_wconf 88' lang='lat' dir='ltr'><strong>pre-</strong></span> 
     </span>
    </p>
   </div>
   <div class='ocr_carea' id='block_1_21' title="bbox 2023 390 3585 461">
    <p class='ocr_par' dir='ltr' id='par_1_21' title="bbox 2023 390 3585 461">
     <span class='ocr_line' id='line_1_21' title="bbox 2023 390 3585 461; baseline -0.001 -18"><span class='ocrx_word' id='word_1_128' title='bbox 2023 393 2191 454; x_wconf 83' lang='lat' dir='ltr'><strong>breve,</strong></span> <span class='ocrx_word' id='word_1_129' title='bbox 2239 393 2685 461; x_wconf 84' lang='lat' dir='ltr'><strong>compendiariam</strong></span> <span class='ocrx_word' id='word_1_130' title='bbox 2735 404 2784 447; x_wconf 90' lang='lat' dir='ltr'><strong>et</strong></span> <span class='ocrx_word' id='word_1_131' title='bbox 2843 403 3194 446; x_wconf 87' lang='lat' dir='ltr'><strong>contractum.</strong></span> <span class='ocrx_word' id='word_1_132' title='bbox 3273 390 3502 443; x_wconf 80' lang='lat' dir='ltr'><strong>Proinde</strong></span> <span class='ocrx_word' id='word_1_133' title='bbox 3555 410 3585 442; x_wconf 80' lang='grc' dir='ltr'><strong>ιι</strong></span> 
     </span>
    </p>
   </div>
   <div class='ocr_carea' id='block_1_22' title="bbox 2019 483 3585 552">
    <p class='ocr_par' dir='ltr' id='par_1_22' title="bbox 2019 483 3585 552">
     <span class='ocr_line' id='line_1_22' title="bbox 2019 483 3585 552; baseline -0.002 -17"><span class='ocrx_word' id='word_1_134' title='bbox 2019 483 2264 539; x_wconf 74' lang='lat' dir='ltr'><strong>brevitate</strong></span> <span class='ocrx_word' id='word_1_135' title='bbox 2285 485 2510 537; x_wconf 80' lang='lat' dir='ltr'><strong>canticis</strong></span> <span class='ocrx_word' id='word_1_136' title='bbox 2563 485 2880 552; x_wconf 83' lang='lat' dir='ltr'><strong>ejuscemodi</strong></span> <span class='ocrx_word' id='word_1_137' title='bbox 2933 500 3119 538; x_wconf 86' lang='lat' dir='ltr'><strong>nomen</strong></span> <span class='ocrx_word' id='word_1_138' title='bbox 3166 483 3394 535; x_wconf 85' lang='lat' dir='ltr'><strong>inditum</strong></span> <span class='ocrx_word' id='word_1_139' title='bbox 3438 490 3585 546; x_wconf 65' lang='lat' dir='ltr'><strong>puto,</strong></span> 
     </span>
    </p>
   </div>
   <div class='ocr_carea' id='block_1_23' title="bbox 2020 574 3587 645">
    <p class='ocr_par' dir='ltr' id='par_1_23' title="bbox 2020 574 3587 645">
     <span class='ocr_line' id='line_1_23' title="bbox 2020 574 3587 645; baseline -0.002 -18"><span class='ocrx_word' id='word_1_140' title='bbox 2020 591 2120 627; x_wconf 91' lang='lat' dir='ltr'><strong>non</strong></span> <span class='ocrx_word' id='word_1_141' title='bbox 2159 576 2365 644; x_wconf 84' lang='lat' dir='ltr'><strong>quidem</strong></span> <span class='ocrx_word' id='word_1_142' title='bbox 2400 576 2537 645; x_wconf 71' lang='lat' dir='ltr'><strong>quod</strong></span> <span class='ocrx_word' id='word_1_143' title='bbox 2558 578 2792 629; x_wconf 88' lang='lat' dir='ltr'><strong>omnium</strong></span> <span class='ocrx_word' id='word_1_144' title='bbox 2825 577 3181 637; x_wconf 68' lang='lat' dir='ltr'><strong>brevissima,</strong></span> <span class='ocrx_word' id='word_1_145' title='bbox 3222 575 3313 628; x_wconf 80' lang='lat' dir='ltr'><strong>sed</strong></span> <span class='ocrx_word' id='word_1_146' title='bbox 3343 574 3480 642; x_wconf 83' lang='lat' dir='ltr'><strong>quod</strong></span> <span class='ocrx_word' id='word_1_147' title='bbox 3504 574 3587 625; x_wconf 82' lang='lat' dir='ltr'><strong>in-</strong></span> 
     </span>
    </p>
   </div>
   <div class='ocr_carea' id='block_1_24' title="bbox 2021 665 3586 736">
    <p class='ocr_par' dir='ltr' id='par_1_24' title="bbox 2021 665 3586 736">
     <span class='ocr_line' id='line_1_24' title="bbox 2021 665 3586 736; baseline -0.001 -19"><span class='ocrx_word' id='word_1_148' title='bbox 2021 675 2097 719; x_wconf 87' lang='lat' dir='ltr'><strong>ter</strong></span> <span class='ocrx_word' id='word_1_149' title='bbox 2136 668 2442 719; x_wconf 82' lang='lat' dir='ltr'><strong>brevissima</strong></span> <span class='ocrx_word' id='word_1_150' title='bbox 2489 668 2613 721; x_wconf 86' lang='lat' dir='ltr'><strong>sint.</strong></span> <span class='ocrx_word' id='word_1_151' title='bbox 2651 668 2975 736; x_wconf 79' lang='lat' dir='ltr'><strong>Hujusmodi</strong></span> <span class='ocrx_word' id='word_1_152' title='bbox 3020 683 3138 721; x_wconf 75' lang='lat' dir='ltr'><strong>vero</strong></span> <span class='ocrx_word' id='word_1_153' title='bbox 3187 665 3586 719; x_wconf 84' lang='lat' dir='ltr'><strong>nomenclatura</strong></span> 
     </span>
    </p>
   </div>
   <div class='ocr_carea' id='block_1_25' title="bbox 2018 754 3584 821">
    <p class='ocr_par' dir='ltr' id='par_1_25' title="bbox 2018 754 3584 821">
     <span class='ocr_line' id='line_1_25' title="bbox 2018 754 3584 821; baseline -0.002 -14"><span class='ocrx_word' id='word_1_154' title='bbox 2018 755 2149 809; x_wconf 85' lang='lat' dir='ltr'><strong>nulli</strong></span> <span class='ocrx_word' id='word_1_155' title='bbox 2185 759 2318 809; x_wconf 84' lang='lat' dir='ltr'><strong>mira</strong></span> <span class='ocrx_word' id='word_1_156' title='bbox 2375 758 2632 819; x_wconf 81' lang='lat' dir='ltr'><strong>videatur,</strong></span> <span class='ocrx_word' id='word_1_157' title='bbox 2678 775 2793 810; x_wconf 85' lang='lat' dir='ltr'><strong>cum</strong></span> <span class='ocrx_word' id='word_1_158' title='bbox 2827 760 2881 811; x_wconf 88' lang='lat' dir='ltr'><strong>in</strong></span> <span class='ocrx_word' id='word_1_159' title='bbox 2944 757 3244 811; x_wconf 71' lang='lat' dir='ltr'><strong>Gratcorum</strong></span> <span class='ocrx_word' id='word_1_160' title='bbox 3305 754 3584 821; x_wconf 78' lang='lat' dir='ltr'><strong>ritualibus</strong></span> 
     </span>
    </p>
   </div>
   <div class='ocr_carea' id='block_1_26' title="bbox 2016 836 3584 916">
    <p class='ocr_par' dir='ltr' id='par_1_26' title="bbox 2016 836 3584 916">
     <span class='ocr_line' id='line_1_26' title="bbox 2016 836 3584 916; baseline -0.001 -18"><span class='ocrx_word' id='word_1_161' title='bbox 2016 836 2347 901; x_wconf 78' lang='lat' dir='ltr'><strong>huicsimiles</strong></span> <span class='ocrx_word' id='word_1_162' title='bbox 2388 849 2569 901; x_wconf 64' lang='lat' dir='ltr'><strong>multa</strong></span> <span class='ocrx_word' id='word_1_163' title='bbox 2601 850 2946 916; x_wconf 82' lang='lat' dir='ltr'><strong>reperiantur,</strong></span> <span class='ocrx_word' id='word_1_164' title='bbox 2981 849 3082 901; x_wconf 84' lang='lat' dir='ltr'><strong>imo</strong></span> <span class='ocrx_word' id='word_1_165' title='bbox 3139 849 3298 900; x_wconf 86' lang='lat' dir='ltr'><strong>etiam</strong></span> <span class='ocrx_word' id='word_1_166' title='bbox 3350 844 3584 899; x_wconf 82' lang='lat' dir='ltr'><strong>nonnul-</strong></span> 
     </span>
    </p>
   </div>
   <div class='ocr_carea' id='block_1_27' title="bbox 2017 936 3659 1006">
    <p class='ocr_par' dir='ltr' id='par_1_27' title="bbox 2017 936 3659 1006">
     <span class='ocr_line' id='line_1_27' title="bbox 2017 936 3659 1006; baseline -0.001 -17"><span class='ocrx_word' id='word_1_167' title='bbox 2017 937 2083 989; x_wconf 81' lang='lat' dir='ltr'><strong>la:</strong></span> <span class='ocrx_word' id='word_1_168' title='bbox 2110 954 2252 992; x_wconf 81' lang='lat' dir='ltr'><strong>voces</strong></span> <span class='ocrx_word' id='word_1_169' title='bbox 2284 954 2401 1006; x_wconf 76' lang='lat' dir='ltr'><strong>qua:</strong></span> <span class='ocrx_word' id='word_1_170' title='bbox 2424 938 2503 992; x_wconf 76' lang='lat' dir='ltr'><strong>vel</strong></span> <span class='ocrx_word' id='word_1_171' title='bbox 2532 939 2739 994; x_wconf 68' lang='lat' dir='ltr'><strong>Latina:</strong></span> <span class='ocrx_word' id='word_1_172' title='bbox 2794 941 3005 992; x_wconf 89' lang='lat' dir='ltr'><strong>omnino</strong></span> <span class='ocrx_word' id='word_1_173' title='bbox 3055 949 3175 992; x_wconf 87' lang='lat' dir='ltr'><strong>sunt</strong></span> <span class='ocrx_word' id='word_1_174' title='bbox 3238 937 3316 991; x_wconf 83' lang='lat' dir='ltr'><strong>vel</strong></span> <span class='ocrx_word' id='word_1_175' title='bbox 3374 936 3584 989; x_wconf 87' lang='lat' dir='ltr'><strong>Latinis</strong></span> <span class='ocrx_word' id='word_1_176' title='bbox 3648 972 3659 987; x_wconf 83' lang='lat'><strong>.</strong></span> 
     </span>
    </p>
   </div>
   <div class='ocr_carea' id='block_1_28' title="bbox 2016 1028 3584 1099">
    <p class='ocr_par' dir='ltr' id='par_1_28' title="bbox 2016 1028 3584 1099">
     <span class='ocr_line' id='line_1_28' title="bbox 2016 1028 3584 1099; baseline -0.001 -18"><span class='ocrx_word' id='word_1_177' title='bbox 2016 1028 2203 1096; x_wconf 78' lang='lat' dir='ltr'><strong>affines</strong></span> <span class='ocrx_word' id='word_1_178' title='bbox 2228 1037 2275 1082; x_wconf 88' lang='lat' dir='ltr'><strong>et</strong></span> <span class='ocrx_word' id='word_1_179' title='bbox 2305 1030 2369 1081; x_wconf 82' lang='lat' dir='ltr'><strong>ab</strong></span> <span class='ocrx_word' id='word_1_180' title='bbox 2421 1030 2529 1083; x_wconf 80' lang='lat' dir='ltr'><strong>illis</strong></span> <span class='ocrx_word' id='word_1_181' title='bbox 2576 1033 2728 1099; x_wconf 84' lang='lat' dir='ltr'><strong>quasi</strong></span> <span class='ocrx_word' id='word_1_182' title='bbox 2778 1032 3050 1095; x_wconf 75' lang='lat' dir='ltr'><strong>deducite;</strong></span> <span class='ocrx_word' id='word_1_183' title='bbox 3100 1029 3401 1096; x_wconf 86' lang='lat' dir='ltr'><strong>cujusmodi</strong></span> <span class='ocrx_word' id='word_1_184' title='bbox 3461 1037 3584 1080; x_wconf 83' lang='lat' dir='ltr'><strong>sunt</strong></span> 
     </span>
    </p>
   </div>
   <div class='ocr_carea' id='block_1_29' title="bbox 2014 1117 3583 1189">
    <p class='ocr_par' dir='ltr' id='par_1_29' title="bbox 2014 1117 3583 1189">
     <span class='ocr_line' id='line_1_29' title="bbox 2014 1117 3583 1189; baseline -0.001 -19"><span class='ocrx_word' id='word_1_185' title='bbox 2014 1117 2270 1187; x_wconf 81' lang='grc' dir='ltr'>ὠράριον,</span> <span class='ocrx_word' id='word_1_186' title='bbox 2312 1119 2658 1187; x_wconf 73' lang='grc' dir='ltr'>μανουάλιον,</span> <span class='ocrx_word' id='word_1_187' title='bbox 2704 1121 2995 1189; x_wconf 77' lang='grc' dir='ltr'><strong>φακέλλων</strong></span> <span class='ocrx_word' id='word_1_188' title='bbox 3054 1128 3103 1173; x_wconf 86' lang='lat' dir='ltr'><strong>et</strong></span> <span class='ocrx_word' id='word_1_189' title='bbox 3159 1119 3378 1173; x_wconf 76' lang='lat' dir='ltr'><strong>similia.</strong></span> <span class='ocrx_word' id='word_1_190' title='bbox 3442 1117 3583 1180; x_wconf 85' lang='lat' dir='ltr'><strong>Quin</strong></span> 
     </span>
    </p>
   </div>
   <div class='ocr_carea' id='block_1_30' title="bbox 2013 1210 3582 1280">
    <p class='ocr_par' dir='ltr' id='par_1_30' title="bbox 2013 1210 3582 1280">
     <span class='ocr_line' id='line_1_30' title="bbox 2013 1210 3582 1280; baseline -0.003 -18"><span class='ocrx_word' id='word_1_191' title='bbox 2013 1213 2167 1262; x_wconf 89' lang='lat' dir='ltr'><strong>etiam</strong></span> <span class='ocrx_word' id='word_1_192' title='bbox 2189 1211 2235 1262; x_wconf 91' lang='lat' dir='ltr'><strong>si</strong></span> <span class='ocrx_word' id='word_1_193' title='bbox 2260 1218 2492 1279; x_wconf 85' lang='lat' dir='ltr'><strong>tempora</strong></span> <span class='ocrx_word' id='word_1_194' title='bbox 2514 1221 2560 1264; x_wconf 86' lang='lat' dir='ltr'><strong>et</strong></span> <span class='ocrx_word' id='word_1_195' title='bbox 2605 1219 2813 1265; x_wconf 67' lang='lat' dir='ltr'><strong>(etatem</strong></span> <span class='ocrx_word' id='word_1_196' title='bbox 2864 1212 2963 1269; x_wconf 75' lang='grc' dir='ltr'><strong>τοῦ</strong></span> <span class='ocrx_word' id='word_1_197' title='bbox 2996 1211 3223 1280; x_wconf 82' lang='grc' dir='ltr'><strong>ποιητοῦ</strong></span> <span class='ocrx_word' id='word_1_198' title='bbox 3281 1210 3390 1263; x_wconf 81' lang='grc' dir='ltr'>τῶν</span> <span class='ocrx_word' id='word_1_199' title='bbox 3456 1225 3582 1260; x_wconf 86' lang='grc' dir='ltr'>κον-</span> 
     </span>
    </p>
   </div>
   <div class='ocr_carea' id='block_1_31' title="bbox 2011 1302 3585 1368">
    <p class='ocr_par' dir='ltr' id='par_1_31' title="bbox 2011 1302 3585 1368">
     <span class='ocr_line' id='line_1_31' title="bbox 2011 1302 3585 1368; baseline 0.001 -16"><span class='ocrx_word' id='word_1_200' title='bbox 2011 1302 2216 1355; x_wconf 79' lang='grc' dir='ltr'>τακίων</span> <span class='ocrx_word' id='word_1_201' title='bbox 2244 1314 2561 1368; x_wconf 80' lang='lat' dir='ltr'><strong>scrutemur,</strong></span> <span class='ocrx_word' id='word_1_202' title='bbox 2594 1321 2781 1359; x_wconf 84' lang='lat' dir='ltr'><strong>nomen</strong></span> <span class='ocrx_word' id='word_1_203' title='bbox 2809 1306 2901 1361; x_wconf 78' lang='grc' dir='ltr'><strong>τοῦ</strong></span> <span class='ocrx_word' id='word_1_204' title='bbox 2954 1304 3242 1357; x_wconf 65' lang='grc' dir='ltr'>κοντακίου</span> <span class='ocrx_word' id='word_1_205' title='bbox 3291 1302 3435 1356; x_wconf 79' lang='lat' dir='ltr'><strong>haud</strong></span> <span class='ocrx_word' id='word_1_206' title='bbox 3502 1303 3585 1353; x_wconf 87' lang='lat' dir='ltr'><strong>in-</strong></span> 
     </span>
    </p>
   </div>
   <div class='ocr_carea' id='block_1_32' title="bbox 2012 1391 3580 1455">
    <p class='ocr_par' dir='ltr' id='par_1_32' title="bbox 2012 1391 3580 1455">
     <span class='ocr_line' id='line_1_32' title="bbox 2012 1391 3580 1455; baseline 0 -12"><span class='ocrx_word' id='word_1_207' title='bbox 2012 1391 2181 1443; x_wconf 76' lang='lat' dir='ltr'><strong>solens</strong></span> <span class='ocrx_word' id='word_1_208' title='bbox 2201 1392 2480 1455; x_wconf 76' lang='lat' dir='ltr'><strong>videbitur,</strong></span> <span class='ocrx_word' id='word_1_209' title='bbox 2512 1408 2629 1446; x_wconf 89' lang='lat' dir='ltr'><strong>cum</strong></span> <span class='ocrx_word' id='word_1_210' title='bbox 2660 1393 2929 1448; x_wconf 83' lang='lat' dir='ltr'><strong>Romanus</strong></span> <span class='ocrx_word' id='word_1_211' title='bbox 2984 1395 3239 1448; x_wconf 79' lang='lat' dir='ltr'><strong>diaconus</strong></span> <span class='ocrx_word' id='word_1_212' title='bbox 3270 1392 3580 1451; x_wconf 79' lang='lat' dir='ltr'><strong>Emesenus,</strong></span> 
     </span>
    </p>
   </div>
   <div class='ocr_carea' id='block_1_33' title="bbox 2013 1471 3581 1540">
    <p class='ocr_par' dir='ltr' id='par_1_33' title="bbox 2013 1471 3581 1540">
     <span class='ocr_line' id='line_1_33' title="bbox 2013 1471 3581 1540; baseline 0.001 -7"><span class='ocrx_word' id='word_1_213' title='bbox 2013 1491 2068 1533; x_wconf 88' lang='lat' dir='ltr'><strong>ut</strong></span> <span class='ocrx_word' id='word_1_214' title='bbox 2098 1481 2386 1535; x_wconf 75' lang='lat' dir='ltr'><strong>liabeturin</strong></span> <span class='ocrx_word' id='word_1_215' title='bbox 2428 1483 2640 1537; x_wconf 71' lang='lat' dir='ltr'><strong>Menaeis</strong></span> <span class='ocrx_word' id='word_1_216' title='bbox 2667 1484 2978 1540; x_wconf 67' lang='lat' dir='ltr'><strong>Grateorum</strong></span> <span class='ocrx_word' id='word_1_217' title='bbox 3010 1471 3186 1539; x_wconf 82' lang='lat' dir='ltr'><strong>mense</strong></span> <span class='ocrx_word' id='word_1_218' title='bbox 3219 1484 3436 1539; x_wconf 86' lang='lat' dir='ltr'><strong>Octobri</strong></span> <span class='ocrx_word' id='word_1_219' title='bbox 3495 1484 3581 1535; x_wconf 81' lang='lat' dir='ltr'><strong>die</strong></span> 
     </span>
    </p>
   </div>
   <div class='ocr_carea' id='block_1_34' title="bbox 2013 1562 3581 1641">
    <p class='ocr_par' dir='ltr' id='par_1_34' title="bbox 2013 1562 3581 1641">
     <span class='ocr_line' id='line_1_34' title="bbox 2013 1562 3581 1641; baseline 0.001 -18"><span class='ocrx_word' id='word_1_220' title='bbox 2013 1574 2207 1637; x_wconf 86' lang='lat' dir='ltr'><strong>prima,</strong></span> <span class='ocrx_word' id='word_1_221' title='bbox 2243 1576 2444 1641; x_wconf 81' lang='lat' dir='ltr'><strong>primus</strong></span> <span class='ocrx_word' id='word_1_222' title='bbox 2474 1575 2581 1627; x_wconf 84' lang='grc' dir='ltr'>τῶν</span> <span class='ocrx_word' id='word_1_223' title='bbox 2606 1577 2905 1629; x_wconf 81' lang='grc' dir='ltr'>κοντακίων</span> <span class='ocrx_word' id='word_1_224' title='bbox 2936 1586 3120 1630; x_wconf 86' lang='lat' dir='ltr'><strong>auctor</strong></span> <span class='ocrx_word' id='word_1_225' title='bbox 3140 1584 3190 1629; x_wconf 90' lang='lat' dir='ltr'><strong>et</strong></span> <span class='ocrx_word' id='word_1_226' title='bbox 3238 1562 3581 1628; x_wconf 86' lang='lat' dir='ltr'><strong>concinnator</strong></span> 
     </span>
    </p>
   </div>
   <div class='ocr_carea' id='block_1_35' title="bbox 350 1638 3581 1733">
    <p class='ocr_par' dir='ltr' id='par_1_35' title="bbox 350 1638 3581 1733">
     <span class='ocr_line' id='line_1_35' title="bbox 350 1638 3581 1733; baseline -0 -16"><span class='ocrx_word' id='word_1_227' title='bbox 350 1653 603 1717; x_wconf 63' lang='grc' dir='ltr'><strong>(θῑίοῐιθεν</strong></span> <span class='ocrx_word' id='word_1_228' title='bbox 638 1666 874 1720; x_wconf 73' lang='lat' dir='ltr'><strong>eumque</strong></span> <span class='ocrx_word' id='word_1_229' title='bbox 907 1650 1043 1704; x_wconf 62' lang='lat' dir='ltr'><strong>nihil</strong></span> <span class='ocrx_word' id='word_1_230' title='bbox 1073 1650 1218 1704; x_wconf 61' lang='lat' dir='ltr'><strong>aliud</strong></span> <span class='ocrx_word' id='word_1_231' title='bbox 1243 1650 1374 1703; x_wconf 66' lang='lat' dir='ltr'><strong>&quot;ene</strong></span> <span class='ocrx_word' id='word_1_232' title='bbox 1400 1664 1560 1719; x_wconf 65' lang='lat' dir='ltr'><strong>quam</strong></span> <span class='ocrx_word' id='word_1_233' title='bbox 1591 1651 1904 1705; x_wconf 64' lang='lat' dir='ltr'><strong>hieromne‘</strong></span> <span class='ocrx_word' id='word_1_234' title='bbox 1944 1638 1984 1696; x_wconf 69' lang='grc' dir='ltr'>Β</span> <span class='ocrx_word' id='word_1_235' title='bbox 2015 1666 2285 1719; x_wconf 75' lang='lat' dir='ltr'><strong>Anastasii</strong></span> <span class='ocrx_word' id='word_1_236' title='bbox 2315 1666 2644 1733; x_wconf 86' lang='lat' dir='ltr'><strong>imperatoris</strong></span> <span class='ocrx_word' id='word_1_237' title='bbox 2679 1677 2853 1729; x_wconf 70' lang='lat' dir='ltr'><strong>(etate,</strong></span> <span class='ocrx_word' id='word_1_238' title='bbox 2880 1669 2933 1720; x_wconf 82' lang='lat' dir='ltr'><strong>id</strong></span> <span class='ocrx_word' id='word_1_239' title='bbox 2962 1677 3039 1721; x_wconf 83' lang='lat' dir='ltr'><strong>est</strong></span> <span class='ocrx_word' id='word_1_240' title='bbox 3067 1669 3210 1720; x_wconf 85' lang='lat' dir='ltr'><strong>circa</strong></span> <span class='ocrx_word' id='word_1_241' title='bbox 3234 1682 3431 1719; x_wconf 89' lang='lat' dir='ltr'><strong>annum</strong></span> <span class='ocrx_word' id='word_1_242' title='bbox 3469 1664 3581 1717; x_wconf 84' lang='lat' dir='ltr'><strong>Do-</strong></span> 
     </span>
    </p>
   </div>
   <div class='ocr_carea' id='block_1_36' title="bbox 352 1741 1905 1813">
    <p class='ocr_par' dir='ltr' id='par_1_36' title="bbox 352 1741 1905 1813">
     <span class='ocr_line' id='line_1_36' title="bbox 352 1741 1905 1813; baseline 0 -18"><span class='ocrx_word' id='word_1_243' title='bbox 352 1758 558 1796; x_wconf 82' lang='lat' dir='ltr'><strong>tnonem</strong></span> <span class='ocrx_word' id='word_1_244' title='bbox 599 1750 858 1813; x_wconf 88' lang='lat' dir='ltr'><strong>tanquam</strong></span> <span class='ocrx_word' id='word_1_245' title='bbox 886 1742 1173 1795; x_wconf 79' lang='lat' dir='ltr'><strong>diaconum</strong></span> <span class='ocrx_word' id='word_1_246' title='bbox 1209 1741 1451 1809; x_wconf 88' lang='lat' dir='ltr'><strong>pontifici</strong></span> <span class='ocrx_word' id='word_1_247' title='bbox 1489 1742 1541 1795; x_wconf 92' lang='lat' dir='ltr'><strong>in</strong></span> <span class='ocrx_word' id='word_1_248' title='bbox 1570 1742 1789 1808; x_wconf 81' lang='lat' dir='ltr'><strong>liturgia</strong></span> <span class='ocrx_word' id='word_1_249' title='bbox 1813 1757 1905 1797; x_wconf 90' lang='lat' dir='ltr'><strong>sa-</strong></span> 
     </span>
    </p>
   </div>
   <div class='ocr_carea' id='block_1_37' title="bbox 350 1832 1905 1903">
    <p class='ocr_par' dir='ltr' id='par_1_37' title="bbox 350 1832 1905 1903">
     <span class='ocr_line' id='line_1_37' title="bbox 350 1832 1905 1903; baseline 0.001 -17"><span class='ocrx_word' id='word_1_250' title='bbox 350 1848 463 1888; x_wconf 89' lang='lat' dir='ltr'><strong>cras</strong></span> <span class='ocrx_word' id='word_1_251' title='bbox 484 1847 674 1903; x_wconf 84' lang='lat' dir='ltr'><strong>preces</strong></span> <span class='ocrx_word' id='word_1_252' title='bbox 720 1832 974 1887; x_wconf 82' lang='lat' dir='ltr'><strong>recitanti</strong></span> <span class='ocrx_word' id='word_1_253' title='bbox 1010 1846 1147 1901; x_wconf 89' lang='lat' dir='ltr'><strong>pone</strong></span> <span class='ocrx_word' id='word_1_254' title='bbox 1186 1833 1464 1896; x_wconf 83' lang='lat' dir='ltr'><strong>assistere,</strong></span> <span class='ocrx_word' id='word_1_255' title='bbox 1517 1846 1584 1886; x_wconf 87' lang='lat' dir='ltr'><strong>eo</strong></span> <span class='ocrx_word' id='word_1_256' title='bbox 1614 1833 1771 1885; x_wconf 90' lang='lat' dir='ltr'><strong>modo</strong></span> <span class='ocrx_word' id='word_1_257' title='bbox 1798 1847 1905 1901; x_wconf 92' lang='lat' dir='ltr'><strong>quo</strong></span> 
     </span>
    </p>
   </div>
   <div class='ocr_carea' id='block_1_38' title="bbox 348 1921 1904 1991">
    <p class='ocr_par' dir='ltr' id='par_1_38' title="bbox 348 1921 1904 1991">
     <span class='ocr_line' id='line_1_38' title="bbox 348 1921 1904 1991; baseline 0.001 -16"><span class='ocrx_word' id='word_1_258' title='bbox 348 1923 500 1977; x_wconf 79' lang='lat' dir='ltr'><strong>ctiam</strong></span> <span class='ocrx_word' id='word_1_259' title='bbox 531 1923 674 1991; x_wconf 82' lang='lat' dir='ltr'><strong>apud</strong></span> <span class='ocrx_word' id='word_1_260' title='bbox 694 1938 793 1977; x_wconf 90' lang='lat' dir='ltr'><strong>nos</strong></span> <span class='ocrx_word' id='word_1_261' title='bbox 814 1922 1028 1976; x_wconf 89' lang='lat' dir='ltr'><strong>diaconi</strong></span> <span class='ocrx_word' id='word_1_262' title='bbox 1066 1922 1330 1978; x_wconf 86' lang='lat' dir='ltr'><strong>assistere</strong></span> <span class='ocrx_word' id='word_1_263' title='bbox 1379 1921 1817 1977; x_wconf 87' lang='lat' dir='ltr'><strong>sacriﬁcantibus</strong></span> <span class='ocrx_word' id='word_1_264' title='bbox 1850 1930 1904 1976; x_wconf 91' lang='lat' dir='ltr'><strong>et</strong></span> 
     </span>
    </p>
   </div>
   <div class='ocr_carea' id='block_1_39' title="bbox 348 2012 1902 2083">
    <p class='ocr_par' dir='ltr' id='par_1_39' title="bbox 348 2012 1902 2083">
     <span class='ocr_line' id='line_1_39' title="bbox 348 2012 1902 2083; baseline 0.001 -16"><span class='ocrx_word' id='word_1_265' title='bbox 348 2031 532 2082; x_wconf 75' lang='lat' dir='ltr'><strong>preces</strong></span> <span class='ocrx_word' id='word_1_266' title='bbox 561 2030 701 2083; x_wconf 88' lang='lat' dir='ltr'><strong>quas</strong></span> <span class='ocrx_word' id='word_1_267' title='bbox 717 2014 944 2071; x_wconf 85' lang='lat' dir='ltr'><strong>recitant</strong></span> <span class='ocrx_word' id='word_1_268' title='bbox 964 2014 1209 2083; x_wconf 84' lang='lat' dir='ltr'><strong>aspicere</strong></span> <span class='ocrx_word' id='word_1_269' title='bbox 1234 2022 1289 2069; x_wconf 87' lang='lat' dir='ltr'><strong>et</strong></span> <span class='ocrx_word' id='word_1_270' title='bbox 1321 2012 1449 2071; x_wconf 83' lang='lat' dir='ltr'><strong>folia</strong></span> <span class='ocrx_word' id='word_1_271' title='bbox 1473 2012 1661 2068; x_wconf 86' lang='lat' dir='ltr'><strong>itidem</strong></span> <span class='ocrx_word' id='word_1_272' title='bbox 1689 2022 1902 2069; x_wconf 78' lang='lat' dir='ltr'><strong>vertere</strong></span> 
     </span>
    </p>
   </div>
   <div class='ocr_carea' id='block_1_40' title="bbox 346 2105 774 2162">
    <p class='ocr_par' dir='ltr' id='par_1_40' title="bbox 346 2105 774 2162">
     <span class='ocr_line' id='line_1_40' title="bbox 346 2105 774 2162; baseline 0.005 -3"><span class='ocrx_word' id='word_1_273' title='bbox 346 2107 537 2159; x_wconf 71' lang='lat' dir='ltr'><strong>Solent.</strong></span> <span class='ocrx_word' id='word_1_274' title='bbox 570 2105 774 2162; x_wconf 63' lang='grc' dir='ltr'><strong>(ἷκε-τε.</strong></span> 
     </span>
    </p>
   </div>
   <div class='ocr_carea' id='block_1_41' title="bbox 411 2195 1900 2267">
    <p class='ocr_par' dir='ltr' id='par_1_41' title="bbox 411 2195 1900 2267">
     <span class='ocr_line' id='line_1_41' title="bbox 411 2195 1900 2267; baseline 0.001 -21"><span class='ocrx_word' id='word_1_275' title='bbox 411 2196 495 2267; x_wconf 77' lang='grc' dir='ltr'><strong>[Ρ.</strong></span> <span class='ocrx_word' id='word_1_276' title='bbox 537 2198 593 2251; x_wconf 84' lang='grc'><strong>5.</strong></span> <span class='ocrx_word' id='word_1_277' title='bbox 624 2197 741 2260; x_wconf 82' lang='lat' dir='ltr'><strong>Qua</strong></span> <span class='ocrx_word' id='word_1_278' title='bbox 772 2197 838 2251; x_wconf 92' lang='lat' dir='ltr'><strong>de</strong></span> <span class='ocrx_word' id='word_1_279' title='bbox 892 2212 1061 2252; x_wconf 87' lang='lat' dir='ltr'><strong>causa</strong></span> <span class='ocrx_word' id='word_1_280' title='bbox 1092 2198 1183 2251; x_wconf 78' lang='grc' dir='ltr'><strong>τὸν</strong></span> <span class='ocrx_word' id='word_1_281' title='bbox 1220 2195 1423 2250; x_wconf 83' lang='grc' dir='ltr'>κώδικα</span> <span class='ocrx_word' id='word_1_282' title='bbox 1455 2198 1554 2263; x_wconf 79' lang='grc' dir='ltr'><strong>τῆς</strong></span> <span class='ocrx_word' id='word_1_283' title='bbox 1604 2197 1900 2264; x_wconf 79' lang='grc' dir='ltr'><strong>ἐκκλησίας</strong></span> 
     </span>
    </p>
   </div>
   <div class='ocr_carea' id='block_1_42' title="bbox 345 2287 1902 2357">
    <p class='ocr_par' dir='ltr' id='par_1_42' title="bbox 345 2287 1902 2357">
     <span class='ocr_line' id='line_1_42' title="bbox 345 2287 1902 2357; baseline -0.001 -16"><span class='ocrx_word' id='word_1_284' title='bbox 345 2303 503 2356; x_wconf 83' lang='lat' dir='ltr'><strong>penes</strong></span> <span class='ocrx_word' id='word_1_285' title='bbox 534 2302 594 2342; x_wconf 90' lang='lat' dir='ltr'><strong>se</strong></span> <span class='ocrx_word' id='word_1_286' title='bbox 623 2298 787 2351; x_wconf 87' lang='lat' dir='ltr'><strong>tenet,</strong></span> <span class='ocrx_word' id='word_1_287' title='bbox 818 2288 1238 2356; x_wconf 80' lang='lat' dir='ltr'><strong>patriarclticum</strong></span> <span class='ocrx_word' id='word_1_288' title='bbox 1270 2287 1428 2357; x_wconf 82' lang='lat'><strong>139</strong></span> <span class='ocrx_word' id='word_1_289' title='bbox 1454 2287 1705 2341; x_wconf 62' lang='lat' dir='ltr'><strong>videlicet</strong></span> <span class='ocrx_word' id='word_1_290' title='bbox 1739 2302 1902 2340; x_wconf 71' lang='lat' dir='ltr'><strong>exere-</strong></span> 
     </span>
    </p>
   </div>
   <div class='ocr_carea' id='block_1_43' title="bbox 344 2376 1899 2451">
    <p class='ocr_par' dir='ltr' id='par_1_43' title="bbox 344 2376 1899 2451">
     <span class='ocr_line' id='line_1_43' title="bbox 344 2376 1899 2451; baseline -0.001 -23"><span class='ocrx_word' id='word_1_291' title='bbox 344 2376 572 2430; x_wconf 81' lang='lat' dir='ltr'><strong>tuoniale</strong></span> <span class='ocrx_word' id='word_1_292' title='bbox 599 2379 676 2451; x_wconf 65' lang='lat' dir='ltr'><strong>vel</strong></span> <span class='ocrx_word' id='word_1_293' title='bbox 696 2376 1094 2447; x_wconf 84' lang='lat' dir='ltr'><strong>eucbologium,</strong></span> <span class='ocrx_word' id='word_1_294' title='bbox 1115 2379 1422 2433; x_wconf 86' lang='lat' dir='ltr'><strong>orationum</strong></span> <span class='ocrx_word' id='word_1_295' title='bbox 1446 2377 1899 2451; x_wconf 76' lang='lat' dir='ltr'><strong>promptuarium,</strong></span> 
     </span>
    </p>
   </div>
   <div class='ocr_carea' id='block_1_44' title="bbox 345 2469 1755 2541">
    <p class='ocr_par' dir='ltr' id='par_1_44' title="bbox 345 2469 1755 2541">
     <span class='ocr_line' id='line_1_44' title="bbox 345 2469 1755 2541; baseline -0.001 -18"><span class='ocrx_word' id='word_1_296' title='bbox 345 2478 397 2523; x_wconf 87' lang='lat' dir='ltr'><strong>ut</strong></span> <span class='ocrx_word' id='word_1_297' title='bbox 422 2485 542 2538; x_wconf 72' lang='lat' dir='ltr'><strong>qua:</strong></span> <span class='ocrx_word' id='word_1_298' title='bbox 562 2480 690 2524; x_wconf 88' lang='lat' dir='ltr'><strong>sunt</strong></span> <span class='ocrx_word' id='word_1_299' title='bbox 720 2473 921 2541; x_wconf 82' lang='lat' dir='ltr'><strong>agenda</strong></span> <span class='ocrx_word' id='word_1_300' title='bbox 943 2471 1238 2525; x_wconf 89' lang='lat' dir='ltr'><strong>diccndave</strong></span> <span class='ocrx_word' id='word_1_301' title='bbox 1259 2479 1534 2540; x_wconf 83' lang='lat' dir='ltr'><strong>suggerat.</strong></span> <span class='ocrx_word' id='word_1_302' title='bbox 1561 2469 1755 2540; x_wconf 55' lang='lat' dir='ltr'><strong>Gustu]</strong></span> 
     </span>
    </p>
   </div>
   <div class='ocr_carea' id='block_1_45' title="bbox 408 2559 1898 2629">
    <p class='ocr_par' dir='ltr' id='par_1_45' title="bbox 408 2559 1898 2629">
     <span class='ocr_line' id='line_1_45' title="bbox 408 2559 1898 2629; baseline -0.002 -14"><span class='ocrx_word' id='word_1_303' title='bbox 408 2559 828 2615; x_wconf 67' lang='lat' dir='ltr'><strong>Eanthmnismus</strong></span> <span class='ocrx_word' id='word_1_304' title='bbox 857 2576 953 2616; x_wconf 90' lang='lat' dir='ltr'><strong>seu</strong></span> <span class='ocrx_word' id='word_1_305' title='bbox 977 2564 1425 2617; x_wconf 81' lang='lat' dir='ltr'><strong>entltroniasmus</strong></span> <span class='ocrx_word' id='word_1_306' title='bbox 1466 2570 1517 2615; x_wconf 92' lang='lat' dir='ltr'><strong>ct</strong></span> <span class='ocrx_word' id='word_1_307' title='bbox 1543 2561 1636 2629; x_wconf 87' lang='lat' dir='ltr'><strong>jus</strong></span> <span class='ocrx_word' id='word_1_308' title='bbox 1668 2560 1898 2615; x_wconf 85' lang='lat' dir='ltr'><strong>contacii</strong></span> 
     </span>
    </p>
   </div>
   <div class='ocr_carea' id='block_1_46' title="bbox 344 2648 1898 2721">
    <p class='ocr_par' dir='ltr' id='par_1_46' title="bbox 344 2648 1898 2721">
     <span class='ocr_line' id='line_1_46' title="bbox 344 2648 1898 2721; baseline 0.001 -22"><span class='ocrx_word' id='word_1_309' title='bbox 344 2648 395 2701; x_wconf 89' lang='lat' dir='ltr'><strong>in</strong></span> <span class='ocrx_word' id='word_1_310' title='bbox 426 2650 757 2711; x_wconf 88' lang='lat' dir='ltr'><strong>cbirotonia,</strong></span> <span class='ocrx_word' id='word_1_311' title='bbox 780 2652 880 2703; x_wconf 85' lang='lat' dir='ltr'><strong>hoc</strong></span> <span class='ocrx_word' id='word_1_312' title='bbox 940 2661 1022 2706; x_wconf 90' lang='lat' dir='ltr'><strong>est</strong></span> <span class='ocrx_word' id='word_1_313' title='bbox 1056 2651 1403 2706; x_wconf 81' lang='lat' dir='ltr'><strong>ordinatione</strong></span> <span class='ocrx_word' id='word_1_314' title='bbox 1444 2666 1542 2706; x_wconf 88' lang='lat' dir='ltr'><strong>seu</strong></span> <span class='ocrx_word' id='word_1_315' title='bbox 1599 2650 1898 2721; x_wconf 76' lang='lat' dir='ltr'><strong>inaugura-</strong></span> 
     </span>
    </p>
   </div>
   <div class='ocr_carea' id='block_1_47' title="bbox 260 2724 1685 2810">
    <p class='ocr_par' dir='ltr' id='par_1_47' title="bbox 260 2724 1685 2810">
     <span class='ocr_line' id='line_1_47' title="bbox 260 2724 1685 2810; baseline 0.003 -20"><span class='ocrx_word' id='word_1_316' title='bbox 260 2724 263 2729; x_wconf 25' lang='grc' dir='ltr'><strong><em>ί</em></strong></span> <span class='ocrx_word' id='word_1_317' title='bbox 344 2738 507 2800; x_wconf 89' lang='lat' dir='ltr'><strong>tione,</strong></span> <span class='ocrx_word' id='word_1_318' title='bbox 543 2740 794 2794; x_wconf 87' lang='lat' dir='ltr'><strong>distincta</strong></span> <span class='ocrx_word' id='word_1_319' title='bbox 821 2751 946 2796; x_wconf 92' lang='lat' dir='ltr'><strong>sunt</strong></span> <span class='ocrx_word' id='word_1_320' title='bbox 972 2758 1002 2795; x_wconf 94' lang='lat' dir='ltr'><strong>a</strong></span> <span class='ocrx_word' id='word_1_321' title='bbox 1032 2743 1215 2810; x_wconf 91' lang='lat' dir='ltr'><strong>priore</strong></span> <span class='ocrx_word' id='word_1_322' title='bbox 1240 2742 1450 2797; x_wconf 89' lang='lat' dir='ltr'><strong>munia.</strong></span> <span class='ocrx_word' id='word_1_323' title='bbox 1482 2741 1685 2796; x_wconf 73' lang='lat' dir='ltr'><strong>Gasrs.</strong></span> 
     </span>
    </p>
   </div>
   <div class='ocr_carea' id='block_1_48' title="bbox 406 2826 1897 2901">
    <p class='ocr_par' dir='ltr' id='par_1_48' title="bbox 406 2826 1897 2901">
     <span class='ocr_line' id='line_1_48' title="bbox 406 2826 1897 2901; baseline 0.003 -21"><span class='ocrx_word' id='word_1_324' title='bbox 406 2826 495 2897; x_wconf 87' lang='grc' dir='ltr'><strong>[Ρ.</strong></span> <span class='ocrx_word' id='word_1_325' title='bbox 521 2829 577 2882; x_wconf 90' lang='grc'><strong>5.</strong></span> <span class='ocrx_word' id='word_1_326' title='bbox 611 2830 869 2901; x_wconf 80' lang='lat' dir='ltr'><strong>Reliquiae</strong></span> <span class='ocrx_word' id='word_1_327' title='bbox 901 2833 1003 2889; x_wconf 88' lang='lat' dir='ltr'><strong>sub</strong></span> <span class='ocrx_word' id='word_1_328' title='bbox 1034 2833 1192 2888; x_wconf 86' lang='lat' dir='ltr'><strong>altari</strong></span> <span class='ocrx_word' id='word_1_329' title='bbox 1234 2834 1524 2888; x_wconf 82' lang='lat' dir='ltr'><strong>reconditae</strong></span> <span class='ocrx_word' id='word_1_330' title='bbox 1557 2834 1609 2885; x_wconf 92' lang='lat' dir='ltr'><strong>in</strong></span> <span class='ocrx_word' id='word_1_331' title='bbox 1656 2830 1897 2887; x_wconf 86' lang='lat' dir='ltr'><strong>ecclesiae</strong></span> 
     </span>
    </p>
   </div>
   <div class='ocr_carea' id='block_1_49' title="bbox 340 2920 1891 2993">
    <p class='ocr_par' dir='ltr' id='par_1_49' title="bbox 340 2920 1891 2993">
     <span class='ocr_line' id='line_1_49' title="bbox 340 2920 1891 2993; baseline 0.002 -22"><span class='ocrx_word' id='word_1_332' title='bbox 340 2920 747 2977; x_wconf 87' lang='lat' dir='ltr'><strong>consecratione</strong></span> <span class='ocrx_word' id='word_1_333' title='bbox 776 2923 1195 2993; x_wconf 75' lang='grc' dir='ltr'>ὲνθρονίζονται,</span> <span class='ocrx_word' id='word_1_334' title='bbox 1256 2933 1392 2980; x_wconf 83' lang='lat' dir='ltr'><strong>teste</strong></span> <span class='ocrx_word' id='word_1_335' title='bbox 1450 2924 1785 2991; x_wconf 76' lang='lat' dir='ltr'><strong>Eucltologio</strong></span> <span class='ocrx_word' id='word_1_336' title='bbox 1841 2924 1891 2974; x_wconf 88' lang='lat' dir='ltr'><strong>in</strong></span> 
     </span>
    </p>
   </div>
   <div class='ocr_carea' id='block_1_50' title="bbox 2006 1756 3577 1824">
    <p class='ocr_par' dir='ltr' id='par_1_50' title="bbox 2006 1756 3577 1824">
     <span class='ocr_line' id='line_1_50' title="bbox 2006 1756 3577 1824; baseline -0.001 -17"><span class='ocrx_word' id='word_1_337' title='bbox 2006 1756 2135 1807; x_wconf 84' lang='lat' dir='ltr'><strong>mini</strong></span> <span class='ocrx_word' id='word_1_338' title='bbox 2172 1756 2666 1823; x_wconf 81' lang='lat' dir='ltr'><strong>quingentesimum,</strong></span> <span class='ocrx_word' id='word_1_339' title='bbox 2701 1757 2967 1824; x_wconf 84' lang='lat' dir='ltr'><strong>ﬂoruerit,</strong></span> <span class='ocrx_word' id='word_1_340' title='bbox 3004 1771 3104 1824; x_wconf 89' lang='lat' dir='ltr'><strong>quo</strong></span> <span class='ocrx_word' id='word_1_341' title='bbox 3158 1765 3385 1822; x_wconf 83' lang='lat' dir='ltr'><strong>tempore</strong></span> <span class='ocrx_word' id='word_1_342' title='bbox 3443 1769 3577 1819; x_wconf 84' lang='lat' dir='ltr'><strong>pene</strong></span> 
     </span>
    </p>
   </div>
   <div class='ocr_carea' id='block_1_51' title="bbox 2004 1847 3579 1915">
    <p class='ocr_par' dir='ltr' id='par_1_51' title="bbox 2004 1847 3579 1915">
     <span class='ocr_line' id='line_1_51' title="bbox 2004 1847 3579 1915; baseline -0.002 -13"><span class='ocrx_word' id='word_1_343' title='bbox 2004 1860 2284 1915; x_wconf 85' lang='lat' dir='ltr'><strong>corruptus</strong></span> <span class='ocrx_word' id='word_1_344' title='bbox 2312 1856 2361 1901; x_wconf 91' lang='lat' dir='ltr'><strong>et</strong></span> <span class='ocrx_word' id='word_1_345' title='bbox 2388 1849 2721 1902; x_wconf 82' lang='lat' dir='ltr'><strong>adulteratus</strong></span> <span class='ocrx_word' id='word_1_346' title='bbox 2749 1858 2864 1902; x_wconf 88' lang='lat' dir='ltr'><strong>erat</strong></span> <span class='ocrx_word' id='word_1_347' title='bbox 2894 1847 3109 1903; x_wconf 78' lang='lat' dir='ltr'><strong>ercus</strong></span> <span class='ocrx_word' id='word_1_348' title='bbox 3143 1864 3335 1911; x_wconf 78' lang='lat' dir='ltr'><strong>sermo,</strong></span> <span class='ocrx_word' id='word_1_349' title='bbox 3380 1858 3434 1899; x_wconf 90' lang='lat' dir='ltr'><strong>ut</strong></span> <span class='ocrx_word' id='word_1_350' title='bbox 3483 1848 3579 1899; x_wconf 71' lang='lat' dir='ltr'><strong>hoc</strong></span> 
     </span>
    </p>
   </div>
   <div class='ocr_carea' id='block_1_52' title="bbox 2002 1937 3579 2007">
    <p class='ocr_par' dir='ltr' id='par_1_52' title="bbox 2002 1937 3579 2007">
     <span class='ocr_line' id='line_1_52' title="bbox 2002 1937 3579 2007; baseline 0.001 -17"><span class='ocrx_word' id='word_1_351' title='bbox 2002 1937 2138 1991; x_wconf 89' lang='lat' dir='ltr'><strong>idem</strong></span> <span class='ocrx_word' id='word_1_352' title='bbox 2177 1954 2356 1992; x_wconf 84' lang='lat' dir='ltr'><strong>nomen</strong></span> <span class='ocrx_word' id='word_1_353' title='bbox 2388 1938 2616 1992; x_wconf 60' lang='lat' dir='ltr'><strong>attendit</strong></span> <span class='ocrx_word' id='word_1_354' title='bbox 2639 1950 2687 1992; x_wconf 89' lang='lat' dir='ltr'><strong>et</strong></span> <span class='ocrx_word' id='word_1_355' title='bbox 2710 1939 2824 2007; x_wconf 86' lang='lat' dir='ltr'><strong>ejus</strong></span> <span class='ocrx_word' id='word_1_356' title='bbox 2852 1940 3027 1993; x_wconf 73' lang='lat' dir='ltr'><strong>(etatis</strong></span> <span class='ocrx_word' id='word_1_357' title='bbox 3086 1939 3298 1993; x_wconf 87' lang='lat' dir='ltr'><strong>locutio.</strong></span> <span class='ocrx_word' id='word_1_358' title='bbox 3363 1938 3427 1992; x_wconf 82' lang='lat' dir='ltr'><strong>Et</strong></span> <span class='ocrx_word' id='word_1_359' title='bbox 3463 1937 3579 1991; x_wconf 61' lang='lat' dir='ltr'><strong>haec</strong></span> 
     </span>
    </p>
   </div>
   <div class='ocr_carea' id='block_1_53' title="bbox 2004 2030 3073 2099">
    <p class='ocr_par' dir='ltr' id='par_1_53' title="bbox 2004 2030 3073 2099">
     <span class='ocr_line' id='line_1_53' title="bbox 2004 2030 3073 2099; baseline 0.002 -16"><span class='ocrx_word' id='word_1_360' title='bbox 2004 2030 2221 2099; x_wconf 78' lang='lat' dir='ltr'><strong>quidem</strong></span> <span class='ocrx_word' id='word_1_361' title='bbox 2249 2042 2394 2083; x_wconf 87' lang='lat' dir='ltr'><strong>recte</strong></span> <span class='ocrx_word' id='word_1_362' title='bbox 2421 2045 2486 2084; x_wconf 89' lang='lat' dir='ltr'><strong>ac</strong></span> <span class='ocrx_word' id='word_1_363' title='bbox 2511 2031 2671 2086; x_wconf 89' lang='lat' dir='ltr'><strong>docte</strong></span> <span class='ocrx_word' id='word_1_364' title='bbox 2700 2031 2921 2085; x_wconf 68' lang='lat' dir='ltr'><strong>Graecus</strong></span> <span class='ocrx_word' id='word_1_365' title='bbox 2947 2031 3073 2085; x_wconf 87' lang='lat' dir='ltr'><strong>iste.</strong></span> 
     </span>
    </p>
   </div>
   <div class='ocr_carea' id='block_1_54' title="bbox 2074 2119 3572 2175">
    <p class='ocr_par' dir='ltr' id='par_1_54' title="bbox 2074 2119 3572 2175">
     <span class='ocr_line' id='line_1_54' title="bbox 2074 2119 3572 2175; baseline -0.003 -1"><span class='ocrx_word' id='word_1_366' title='bbox 2074 2120 2340 2174; x_wconf 72' lang='lat' dir='ltr'><strong>(Ia-terum</strong></span> <span class='ocrx_word' id='word_1_367' title='bbox 2379 2121 2664 2173; x_wconf 79' lang='grc' dir='ltr'>κοντάκιον</span> <span class='ocrx_word' id='word_1_368' title='bbox 2699 2122 2876 2175; x_wconf 89' lang='lat' dir='ltr'><strong>adhuc</strong></span> <span class='ocrx_word' id='word_1_369' title='bbox 2901 2136 3071 2175; x_wconf 84' lang='lat' dir='ltr'><strong>unam</strong></span> <span class='ocrx_word' id='word_1_370' title='bbox 3099 2120 3379 2174; x_wconf 87' lang='lat' dir='ltr'><strong>notionem</strong></span> <span class='ocrx_word' id='word_1_371' title='bbox 3439 2119 3572 2173; x_wconf 71' lang='lat' dir='ltr'><strong>sub.</strong></span> 
     </span>
    </p>
   </div>
   <div class='ocr_carea' id='block_1_55' title="bbox 1998 2206 3572 2278">
    <p class='ocr_par' dir='ltr' id='par_1_55' title="bbox 1998 2206 3572 2278">
     <span class='ocr_line' id='line_1_55' title="bbox 1998 2206 3572 2278; baseline -0.001 -18"><span class='ocrx_word' id='word_1_372' title='bbox 1998 2206 2199 2274; x_wconf 86' lang='lat' dir='ltr'><strong>jectam</strong></span> <span class='ocrx_word' id='word_1_373' title='bbox 2237 2207 2403 2261; x_wconf 85' lang='lat' dir='ltr'><strong>habet</strong></span> <span class='ocrx_word' id='word_1_374' title='bbox 2437 2225 2451 2262; x_wconf 89' lang='lat'><strong>:</strong></span> <span class='ocrx_word' id='word_1_375' title='bbox 2491 2209 2763 2278; x_wconf 78' lang='lat' dir='ltr'><strong>signiﬁcat</strong></span> <span class='ocrx_word' id='word_1_376' title='bbox 2805 2210 2951 2264; x_wconf 90' lang='lat' dir='ltr'><strong>enim</strong></span> <span class='ocrx_word' id='word_1_377' title='bbox 3004 2208 3170 2263; x_wconf 88' lang='lat' dir='ltr'><strong>etiam</strong></span> <span class='ocrx_word' id='word_1_378' title='bbox 3224 2210 3425 2263; x_wconf 89' lang='lat' dir='ltr'><strong>librum</strong></span> <span class='ocrx_word' id='word_1_379' title='bbox 3479 2224 3572 2261; x_wconf 88' lang='lat' dir='ltr'><strong>seu</strong></span> 
     </span>
    </p>
   </div>
   <div class='ocr_carea' id='block_1_56' title="bbox 2003 2298 3574 2367">
    <p class='ocr_par' dir='ltr' id='par_1_56' title="bbox 2003 2298 3574 2367">
     <span class='ocr_line' id='line_1_56' title="bbox 2003 2298 3574 2367; baseline 0.003 -20"><span class='ocrx_word' id='word_1_380' title='bbox 2003 2298 2262 2353; x_wconf 81' lang='lat' dir='ltr'><strong>volumen</strong></span> <span class='ocrx_word' id='word_1_381' title='bbox 2292 2312 2387 2353; x_wconf 90' lang='lat' dir='ltr'><strong>seu</strong></span> <span class='ocrx_word' id='word_1_382' title='bbox 2417 2299 2693 2354; x_wconf 89' lang='lat' dir='ltr'><strong>codicem.</strong></span> <span class='ocrx_word' id='word_1_383' title='bbox 2724 2300 3014 2354; x_wconf 85' lang='lat' dir='ltr'><strong>Balsamon</strong></span> <span class='ocrx_word' id='word_1_384' title='bbox 3065 2301 3130 2354; x_wconf 90' lang='lat' dir='ltr'><strong>ad</strong></span> <span class='ocrx_word' id='word_1_385' title='bbox 3188 2300 3429 2354; x_wconf 81' lang='lat' dir='ltr'><strong>Marcum</strong></span> <span class='ocrx_word' id='word_1_386' title='bbox 3480 2314 3574 2367; x_wconf 80' lang='lat' dir='ltr'><strong>pa-</strong></span> 
     </span>
    </p>
   </div>
   <div class='ocr_carea' id='block_1_57' title="bbox 2001 2389 3572 2460">
    <p class='ocr_par' dir='ltr' id='par_1_57' title="bbox 2001 2389 3572 2460">
     <span class='ocr_line' id='line_1_57' title="bbox 2001 2389 3572 2460; baseline 0.007 -19"><span class='ocrx_word' id='word_1_387' title='bbox 2001 2389 2298 2443; x_wconf 85' lang='lat' dir='ltr'><strong>triarcham</strong></span> <span class='ocrx_word' id='word_1_388' title='bbox 2355 2391 2808 2455; x_wconf 81' lang='lat' dir='ltr'><strong>Alexandrinum,</strong></span> <span class='ocrx_word' id='word_1_389' title='bbox 2848 2392 3118 2460; x_wconf 82' lang='lat' dir='ltr'><strong>Respons.</strong></span> <span class='ocrx_word' id='word_1_390' title='bbox 3170 2394 3254 2447; x_wconf 80' lang='lat'><strong>5:</strong></span> <span class='ocrx_word' id='word_1_391' title='bbox 3317 2393 3572 2460; x_wconf 69' lang='grc' dir='ltr'><strong>Ἔχοντες</strong></span> 
     </span>
    </p>
   </div>
   <div class='ocr_carea' id='block_1_58' title="bbox 2000 2479 3568 2551">
    <p class='ocr_par' dir='ltr' id='par_1_58' title="bbox 2000 2479 3568 2551">
     <span class='ocr_line' id='line_1_58' title="bbox 2000 2479 3568 2551; baseline 0.003 -21"><span class='ocrx_word' id='word_1_392' title='bbox 2000 2479 2105 2531; x_wconf 83' lang='grc' dir='ltr'>τῶν</span> <span class='ocrx_word' id='word_1_393' title='bbox 2137 2480 2386 2550; x_wconf 76' lang='grc' dir='ltr'>συνήθων</span> <span class='ocrx_word' id='word_1_394' title='bbox 2417 2482 2589 2548; x_wconf 79' lang='grc' dir='ltr'>ἁγίων</span> <span class='ocrx_word' id='word_1_395' title='bbox 2615 2482 2790 2551; x_wconf 81' lang='grc' dir='ltr'>εὐχῶν</span> <span class='ocrx_word' id='word_1_396' title='bbox 2826 2483 3245 2549; x_wconf 70' lang='grc' dir='ltr'><strong>ὸπαρὰλὶ-ακτα,</strong></span> <span class='ocrx_word' id='word_1_397' title='bbox 3286 2482 3354 2544; x_wconf 72' lang='lat' dir='ltr'><strong>b;</strong></span> <span class='ocrx_word' id='word_1_398' title='bbox 3405 2501 3568 2550; x_wconf 60' lang='grc' dir='ltr'><strong>μετείη</strong></span> 
     </span>
    </p>
   </div>
   <div class='ocr_carea' id='block_1_59' title="bbox 2000 2572 3573 2641">
    <p class='ocr_par' dir='ltr' id='par_1_59' title="bbox 2000 2572 3573 2641">
     <span class='ocr_line' id='line_1_59' title="bbox 2000 2572 3573 2641; baseline 0.003 -21"><span class='ocrx_word' id='word_1_399' title='bbox 2000 2572 2277 2639; x_wconf 71' lang='grc' dir='ltr'>γραφέντα</span> <span class='ocrx_word' id='word_1_400' title='bbox 2294 2572 2356 2623; x_wconf 76' lang='grc' dir='ltr'>ἐκ</span> <span class='ocrx_word' id='word_1_401' title='bbox 2378 2572 2674 2624; x_wconf 77' lang='grc' dir='ltr'>κοντακῖων</span> <span class='ocrx_word' id='word_1_402' title='bbox 2698 2572 3268 2641; x_wconf 76' lang='grc' dir='ltr'><strong>καλλιγραφηοέντων,</strong></span> <span class='ocrx_word' id='word_1_403' title='bbox 3286 2573 3371 2625; x_wconf 83' lang='grc' dir='ltr'><strong>διὰ</strong></span> <span class='ocrx_word' id='word_1_404' title='bbox 3400 2589 3573 2641; x_wconf 50' lang='lat' dir='ltr'><strong>{pagi-</strong></span> 
     </span>
    </p>
   </div>
   <div class='ocr_carea' id='block_1_60' title="bbox 1999 2658 3572 2733">
    <p class='ocr_par' dir='ltr' id='par_1_60' title="bbox 1999 2658 3572 2733">
     <span class='ocr_line' id='line_1_60' title="bbox 1999 2658 3572 2733; baseline 0.003 -22"><span class='ocrx_word' id='word_1_405' title='bbox 1999 2658 2187 2725; x_wconf 78' lang='grc' dir='ltr'>μάτων</span> <span class='ocrx_word' id='word_1_406' title='bbox 2248 2660 2590 2730; x_wconf 77' lang='grc' dir='ltr'><strong>Ἑλληνικῶν.</strong></span> <span class='ocrx_word' id='word_1_407' title='bbox 2636 2662 3098 2730; x_wconf 69' lang='grc' dir='ltr'><strong>Ἀπροσδιονὺσως</strong></span> <span class='ocrx_word' id='word_1_408' title='bbox 3130 2662 3289 2733; x_wconf 69' lang='grc' dir='ltr'><strong>ιω</strong></span> <span class='ocrx_word' id='word_1_409' title='bbox 3339 2664 3572 2716; x_wconf 80' lang='lat' dir='ltr'><strong>trahitur</strong></span> 
     </span>
    </p>
   </div>
   <div class='ocr_carea' id='block_1_61' title="bbox 1997 2750 3573 2822">
    <p class='ocr_par' dir='ltr' id='par_1_61' title="bbox 1997 2750 3573 2822">
     <span class='ocr_line' id='line_1_61' title="bbox 1997 2750 3573 2822; baseline 0.003 -20"><span class='ocrx_word' id='word_1_410' title='bbox 1997 2765 2028 2802; x_wconf 93' lang='lat' dir='ltr'><strong>a</strong></span> <span class='ocrx_word' id='word_1_411' title='bbox 2058 2750 2334 2806; x_wconf 88' lang='lat' dir='ltr'><strong>Glossario</strong></span> <span class='ocrx_word' id='word_1_412' title='bbox 2364 2753 2430 2806; x_wconf 90' lang='lat' dir='ltr'><strong>ad</strong></span> <span class='ocrx_word' id='word_1_413' title='bbox 2472 2754 2611 2807; x_wconf 87' lang='lat' dir='ltr'><strong>hanc</strong></span> <span class='ocrx_word' id='word_1_414' title='bbox 2652 2756 2933 2807; x_wconf 89' lang='lat' dir='ltr'><strong>notionem</strong></span> <span class='ocrx_word' id='word_1_415' title='bbox 2993 2756 3284 2809; x_wconf 80' lang='lat' dir='ltr'><strong>contacion</strong></span> <span class='ocrx_word' id='word_1_416' title='bbox 3338 2756 3405 2807; x_wconf 92' lang='lat' dir='ltr'><strong>dc</strong></span> <span class='ocrx_word' id='word_1_417' title='bbox 3460 2769 3573 2822; x_wconf 90' lang='lat' dir='ltr'><strong>quo</strong></span> 
     </span>
    </p>
   </div>
   <div class='ocr_carea' id='block_1_62' title="bbox 1997 2843 3568 2913">
    <p class='ocr_par' dir='ltr' id='par_1_62' title="bbox 1997 2843 3568 2913">
     <span class='ocr_line' id='line_1_62' title="bbox 1997 2843 3568 2913; baseline 0.003 -15"><span class='ocrx_word' id='word_1_418' title='bbox 1997 2843 2241 2900; x_wconf 89' lang='lat' dir='ltr'><strong>Codinus</strong></span> <span class='ocrx_word' id='word_1_419' title='bbox 2274 2860 2324 2899; x_wconf 91' lang='lat' dir='ltr'><strong>c.</strong></span> <span class='ocrx_word' id='word_1_420' title='bbox 2363 2845 2394 2897; x_wconf 86' lang='lat'><strong>7</strong></span> <span class='ocrx_word' id='word_1_421' title='bbox 2445 2845 2737 2913; x_wconf 77' lang='grc' dir='ltr'><strong>ψάλλοντες</strong></span> <span class='ocrx_word' id='word_1_422' title='bbox 2782 2846 2843 2898; x_wconf 84' lang='grc' dir='ltr'><strong>τὸ</strong></span> <span class='ocrx_word' id='word_1_423' title='bbox 2898 2848 3231 2901; x_wconf 73' lang='grc' dir='ltr'>κοντάκιονε</span> <span class='ocrx_word' id='word_1_424' title='bbox 3290 2863 3415 2901; x_wconf 89' lang='lat' dir='ltr'><strong>nam</strong></span> <span class='ocrx_word' id='word_1_425' title='bbox 3479 2850 3568 2903; x_wconf 82' lang='lat' dir='ltr'><strong>hic</strong></span> 
     </span>
    </p>
   </div>
   <div class='ocr_carea' id='block_1_63' title="bbox 1996 2939 3568 3000">
    <p class='ocr_par' dir='ltr' id='par_1_63' title="bbox 1996 2939 3568 3000">
     <span class='ocr_line' id='line_1_63' title="bbox 1996 2939 3568 3000; baseline 0.003 -13"><span class='ocrx_word' id='word_1_426' title='bbox 1996 2939 2272 2990; x_wconf 87' lang='lat' dir='ltr'><strong>contacion</strong></span> <span class='ocrx_word' id='word_1_427' title='bbox 2298 2952 2406 2992; x_wconf 92' lang='lat' dir='ltr'><strong>non</strong></span> <span class='ocrx_word' id='word_1_428' title='bbox 2455 2946 2534 2991; x_wconf 83' lang='lat' dir='ltr'><strong>est</strong></span> <span class='ocrx_word' id='word_1_429' title='bbox 2596 2939 2769 2992; x_wconf 77' lang='lat' dir='ltr'><strong>codex</strong></span> <span class='ocrx_word' id='word_1_430' title='bbox 2819 2953 2916 2992; x_wconf 86' lang='lat' dir='ltr'><strong>seu</strong></span> <span class='ocrx_word' id='word_1_431' title='bbox 2960 2939 3213 2993; x_wconf 87' lang='lat' dir='ltr'><strong>volumen</strong></span> <span class='ocrx_word' id='word_1_432' title='bbox 3260 2954 3356 2993; x_wconf 85' lang='lat' dir='ltr'><strong>seu</strong></span> <span class='ocrx_word' id='word_1_433' title='bbox 3409 2940 3568 3000; x_wconf 81' lang='lat' dir='ltr'><strong>liber,</strong></span> 
     </span>
    </p>
   </div>
   <div class='ocr_carea' id='block_1_64' title="bbox 336 2999 1895 3100">
    <p class='ocr_par' dir='ltr' id='par_1_64' title="bbox 336 3009 1891 3084">
     <span class='ocr_line' id='line_1_64' title="bbox 336 3009 1891 3084; baseline 0.007 -23"><span class='ocrx_word' id='word_1_434' title='bbox 336 3009 522 3064; x_wconf 84' lang='lat' dir='ltr'><strong>eodem</strong></span> <span class='ocrx_word' id='word_1_435' title='bbox 564 3011 767 3069; x_wconf 82' lang='lat' dir='ltr'><strong>ofﬁcio.</strong></span> <span class='ocrx_word' id='word_1_436' title='bbox 804 3014 925 3083; x_wconf 85' lang='lat' dir='ltr'><strong>ipse</strong></span> <span class='ocrx_word' id='word_1_437' title='bbox 978 3015 1273 3084; x_wconf 90' lang='lat' dir='ltr'><strong>episcopus</strong></span> <span class='ocrx_word' id='word_1_438' title='bbox 1318 3016 1728 3071; x_wconf 78' lang='lat' dir='ltr'><strong>consecratione</strong></span> <span class='ocrx_word' id='word_1_439' title='bbox 1770 3030 1891 3083; x_wconf 45' lang='lat' dir='ltr'><strong>per.</strong></span> 
     </span>
    </p>
   </div>
   <div class='ocr_carea' id='block_1_65' title="bbox 2003 2999 3568 3100">
    <p class='ocr_par' dir='ltr' id='par_1_65' title="bbox 2003 3028 3568 3100">
     <span class='ocr_line' id='line_1_65' title="bbox 2003 3028 3568 3100; baseline 0.003 -19"><span class='ocrx_word' id='word_1_440' title='bbox 2003 3029 2090 3081; x_wconf 81' lang='lat' dir='ltr'><strong>sed</strong></span> <span class='ocrx_word' id='word_1_441' title='bbox 2116 3028 2364 3082; x_wconf 89' lang='lat' dir='ltr'><strong>odarium</strong></span> <span class='ocrx_word' id='word_1_442' title='bbox 2392 3043 2632 3092; x_wconf 87' lang='lat' dir='ltr'><strong>sacrum,</strong></span> <span class='ocrx_word' id='word_1_443' title='bbox 2661 3044 2855 3099; x_wconf 84' lang='lat' dir='ltr'><strong>nempe</strong></span> <span class='ocrx_word' id='word_1_444' title='bbox 2888 3030 3021 3085; x_wconf 87' lang='lat' dir='ltr'><strong>illud</strong></span> <span class='ocrx_word' id='word_1_445' title='bbox 3051 3030 3211 3100; x_wconf 90' lang='lat' dir='ltr'><strong>cujus</strong></span> <span class='ocrx_word' id='word_1_446' title='bbox 3237 3031 3482 3095; x_wconf 87' lang='lat' dir='ltr'><strong>initium,</strong></span> <span class='ocrx_word' id='word_1_447' title='bbox 3501 3032 3568 3086; x_wconf 84' lang='lat' dir='ltr'><strong>&#39;ll</strong></span> 
     </span>
    </p>
   </div>
   <div class='ocr_carea' id='block_1_66' title="bbox 335 3105 1889 3178">
    <p class='ocr_par' dir='ltr' id='par_1_66' title="bbox 335 3105 1889 3178">
     <span class='ocr_line' id='line_1_66' title="bbox 335 3105 1889 3178; baseline 0.003 -24"><span class='ocrx_word' id='word_1_448' title='bbox 335 3111 445 3155; x_wconf 87' lang='lat' dir='ltr'><strong>acta</strong></span> <span class='ocrx_word' id='word_1_449' title='bbox 487 3105 685 3160; x_wconf 83' lang='lat' dir='ltr'><strong>sedens</strong></span> <span class='ocrx_word' id='word_1_450' title='bbox 714 3119 836 3161; x_wconf 82' lang='lat' dir='ltr'><strong>eum</strong></span> <span class='ocrx_word' id='word_1_451' title='bbox 870 3108 1201 3178; x_wconf 84' lang='lat' dir='ltr'><strong>presbyteris</strong></span> <span class='ocrx_word' id='word_1_452' title='bbox 1243 3110 1302 3162; x_wconf 77' lang='grc' dir='ltr'>ἐν</span> <span class='ocrx_word' id='word_1_453' title='bbox 1339 3106 1634 3178; x_wconf 75' lang='grc' dir='ltr'>συνθρόνῳ,</span> <span class='ocrx_word' id='word_1_454' title='bbox 1662 3111 1713 3161; x_wconf 82' lang='lat' dir='ltr'><strong>in</strong></span> <span class='ocrx_word' id='word_1_455' title='bbox 1748 3108 1889 3160; x_wconf 77' lang='lat' dir='ltr'><strong>thro-</strong></span> 
     </span>
    </p>
   </div>
   <div class='ocr_carea' id='block_1_67' title="bbox 337 3195 1892 3267">
    <p class='ocr_par' dir='ltr' id='par_1_67' title="bbox 337 3195 1892 3267">
     <span class='ocr_line' id='line_1_67' title="bbox 337 3195 1892 3267; baseline 0.005 -22"><span class='ocrx_word' id='word_1_456' title='bbox 337 3211 397 3247; x_wconf 90' lang='lat' dir='ltr'><strong>no</strong></span> <span class='ocrx_word' id='word_1_457' title='bbox 421 3195 594 3249; x_wconf 88' lang='lat' dir='ltr'><strong>altare</strong></span> <span class='ocrx_word' id='word_1_458' title='bbox 623 3198 1097 3262; x_wconf 77' lang='lat' dir='ltr'><strong>circumambientc,</strong></span> <span class='ocrx_word' id='word_1_459' title='bbox 1130 3215 1323 3255; x_wconf 79' lang='lat' dir='ltr'><strong>rursas</strong></span> <span class='ocrx_word' id='word_1_460' title='bbox 1375 3198 1739 3267; x_wconf 76' lang='grc' dir='ltr'>ἐνορονίζεται</span> <span class='ocrx_word' id='word_1_461' title='bbox 1804 3200 1892 3254; x_wconf 86' lang='lat' dir='ltr'><strong>vel</strong></span> 
     </span>
    </p>
   </div>
   <div class='ocr_carea' id='block_1_68' title="bbox 336 3289 1888 3362">
    <p class='ocr_par' dir='ltr' id='par_1_68' title="bbox 336 3289 1888 3362">
     <span class='ocr_line' id='line_1_68' title="bbox 336 3289 1888 3362; baseline 0.005 -24"><span class='ocrx_word' id='word_1_462' title='bbox 336 3289 752 3358; x_wconf 77' lang='grc' dir='ltr'>ὲνθρονιάζεται.</span> <span class='ocrx_word' id='word_1_463' title='bbox 788 3292 933 3346; x_wconf 88' lang='lat' dir='ltr'><strong>Idem</strong></span> <span class='ocrx_word' id='word_1_464' title='bbox 983 3293 1198 3347; x_wconf 86' lang='lat' dir='ltr'><strong>demum</strong></span> <span class='ocrx_word' id='word_1_465' title='bbox 1256 3293 1322 3347; x_wconf 89' lang='lat' dir='ltr'><strong>ad</strong></span> <span class='ocrx_word' id='word_1_466' title='bbox 1374 3294 1722 3362; x_wconf 59' lang='lat' dir='ltr'><strong>praesulatum</strong></span> <span class='ocrx_word' id='word_1_467' title='bbox 1778 3293 1888 3361; x_wconf 81' lang='lat' dir='ltr'><strong>pri-</strong></span> 
     </span>
    </p>
   </div>
   <div class='ocr_carea' id='block_1_69' title="bbox 335 3386 1884 3454">
    <p class='ocr_par' dir='ltr' id='par_1_69' title="bbox 335 3386 1884 3454">
     <span class='ocr_line' id='line_1_69' title="bbox 335 3386 1884 3454; baseline 0.004 -22"><span class='ocrx_word' id='word_1_468' title='bbox 335 3395 471 3434; x_wconf 88' lang='lat' dir='ltr'><strong>mum</strong></span> <span class='ocrx_word' id='word_1_469' title='bbox 504 3391 747 3448; x_wconf 85' lang='lat' dir='ltr'><strong>evectus,</strong></span> <span class='ocrx_word' id='word_1_470' title='bbox 772 3398 1195 3454; x_wconf 86' lang='lat' dir='ltr'><strong>conccssamque</strong></span> <span class='ocrx_word' id='word_1_471' title='bbox 1228 3386 1409 3439; x_wconf 69' lang='grc' dir='ltr'><strong>εθάοιιι</strong></span> <span class='ocrx_word' id='word_1_472' title='bbox 1435 3396 1683 3439; x_wconf 87' lang='lat' dir='ltr'><strong>reccnter</strong></span> <span class='ocrx_word' id='word_1_473' title='bbox 1717 3400 1884 3439; x_wconf 75' lang='grc' dir='ltr'><strong>οοειι-</strong></span> 
     </span>
    </p>
   </div>
   <div class='ocr_carea' id='block_1_70' title="bbox 335 3474 1883 3547">
    <p class='ocr_par' dir='ltr' id='par_1_70' title="bbox 335 3474 1883 3547">
     <span class='ocr_line' id='line_1_70' title="bbox 335 3474 1883 3547; baseline 0.005 -26"><span class='ocrx_word' id='word_1_474' title='bbox 335 3487 484 3538; x_wconf 80' lang='lat' dir='ltr'><strong>pans,</strong></span> <span class='ocrx_word' id='word_1_475' title='bbox 528 3476 711 3530; x_wconf 87' lang='lat' dir='ltr'><strong>verius</strong></span> <span class='ocrx_word' id='word_1_476' title='bbox 736 3474 1137 3547; x_wconf 54' lang='lat' dir='ltr'><strong>Eyﬁpovrcigata‘t</strong></span> <span class='ocrx_word' id='word_1_477' title='bbox 1189 3495 1204 3531; x_wconf 90' lang='lat'><strong>:</strong></span> <span class='ocrx_word' id='word_1_478' title='bbox 1259 3475 1404 3530; x_wconf 88' lang='lat' dir='ltr'><strong>unde</strong></span> <span class='ocrx_word' id='word_1_479' title='bbox 1472 3476 1755 3531; x_wconf 88' lang='lat' dir='ltr'><strong>Cedrenus</strong></span> <span class='ocrx_word' id='word_1_480' title='bbox 1829 3477 1883 3530; x_wconf 91' lang='lat' dir='ltr'><strong>in</strong></span> 
     </span>
    </p>
   </div>
   <div class='ocr_carea' id='block_1_71' title="bbox 333 3562 1921 3637">
    <p class='ocr_par' dir='ltr' id='par_1_71' title="bbox 333 3562 1921 3637">
     <span class='ocr_line' id='line_1_71' title="bbox 333 3562 1921 3637; baseline 0.003 -21"><span class='ocrx_word' id='word_1_481' title='bbox 333 3562 649 3620; x_wconf 85' lang='lat' dir='ltr'><strong>Constantio</strong></span> <span class='ocrx_word' id='word_1_482' title='bbox 707 3567 797 3619; x_wconf 84' lang='grc' dir='ltr'><strong>τὸν</strong></span> <span class='ocrx_word' id='word_1_483' title='bbox 854 3568 952 3637; x_wconf 77' lang='grc' dir='ltr'><strong>μὲν</strong></span> <span class='ocrx_word' id='word_1_484' title='bbox 984 3568 1161 3635; x_wconf 86' lang='lat' dir='ltr'><strong>inquit</strong></span> <span class='ocrx_word' id='word_1_485' title='bbox 1188 3568 1401 3621; x_wconf 79' lang='grc' dir='ltr'><strong>Παῦλον</strong></span> <span class='ocrx_word' id='word_1_486' title='bbox 1428 3566 1681 3637; x_wconf 77' lang='grc' dir='ltr'>ἐξορίζει,</span> <span class='ocrx_word' id='word_1_487' title='bbox 1713 3569 1801 3621; x_wconf 82' lang='grc' dir='ltr'><strong>τὸν</strong></span> <span class='ocrx_word' id='word_1_488' title='bbox 1829 3569 1887 3621; x_wconf 78' lang='grc' dir='ltr'><strong>δὲ</strong></span> <span class='ocrx_word' id='word_1_489' title='bbox 1920 3564 1921 3567; x_wconf 48' lang='grc'><em>“</em></span> 
     </span>
    </p>
   </div>
   <div class='ocr_carea' id='block_1_72' title="bbox 331 3656 1880 3732">
    <p class='ocr_par' dir='ltr' id='par_1_72' title="bbox 331 3656 1880 3732">
     <span class='ocr_line' id='line_1_72' title="bbox 331 3656 1880 3732; baseline 0.006 -26"><span class='ocrx_word' id='word_1_490' title='bbox 331 3656 654 3711; x_wconf 74' lang='grc' dir='ltr'><strong>Μακεδόνων</strong></span> <span class='ocrx_word' id='word_1_491' title='bbox 684 3659 1038 3730; x_wconf 78' lang='grc' dir='ltr'>ὲνθρονιάζει.</span> <span class='ocrx_word' id='word_1_492' title='bbox 1068 3659 1213 3730; x_wconf 79' lang='lat' dir='ltr'><strong>Lego</strong></span> <span class='ocrx_word' id='word_1_493' title='bbox 1238 3676 1403 3732; x_wconf 86' lang='lat' dir='ltr'><strong>quam</strong></span> <span class='ocrx_word' id='word_1_494' title='bbox 1447 3661 1681 3716; x_wconf 84' lang='lat' dir='ltr'><strong>dilucide</strong></span> <span class='ocrx_word' id='word_1_495' title='bbox 1731 3662 1880 3716; x_wconf 86' lang='lat' dir='ltr'><strong>Juris</strong></span> 
     </span>
    </p>
   </div>
   <div class='ocr_carea' id='block_1_73' title="bbox 328 3746 1884 3822">
    <p class='ocr_par' dir='ltr' id='par_1_73' title="bbox 328 3746 1884 3822">
     <span class='ocr_line' id='line_1_73' title="bbox 328 3746 1884 3822; baseline 0.005 -23"><span class='ocrx_word' id='word_1_496' title='bbox 328 3746 514 3819; x_wconf 52' lang='grc' dir='ltr'><strong>(Πίῳ.</strong></span> <span class='ocrx_word' id='word_1_497' title='bbox 544 3750 639 3803; x_wconf 69' lang='grc'><strong>451</strong></span> <span class='ocrx_word' id='word_1_498' title='bbox 670 3751 1021 3821; x_wconf 79' lang='grc' dir='ltr'>ὲνθρονισμόν</span> <span class='ocrx_word' id='word_1_499' title='bbox 1045 3768 1144 3821; x_wconf 88' lang='lat' dir='ltr'><strong>pro</strong></span> <span class='ocrx_word' id='word_1_500' title='bbox 1192 3754 1452 3821; x_wconf 83' lang='lat' dir='ltr'><strong>sportula,</strong></span> <span class='ocrx_word' id='word_1_501' title='bbox 1506 3768 1628 3822; x_wconf 61' lang='lat' dir='ltr'><strong>quae</strong></span> <span class='ocrx_word' id='word_1_502' title='bbox 1677 3752 1884 3822; x_wconf 82' lang='lat' dir='ltr'><strong>pende-</strong></span> 
     </span>
    </p>
   </div>
   <div class='ocr_carea' id='block_1_74' title="bbox 331 3839 1882 3910">
    <p class='ocr_par' dir='ltr' id='par_1_74' title="bbox 331 3839 1882 3910">
     <span class='ocr_line' id='line_1_74' title="bbox 331 3839 1882 3910; baseline 0.003 -20"><span class='ocrx_word' id='word_1_503' title='bbox 331 3839 483 3891; x_wconf 82' lang='lat' dir='ltr'><strong>batur</strong></span> <span class='ocrx_word' id='word_1_504' title='bbox 510 3839 579 3892; x_wconf 81' lang='lat' dir='ltr'><strong>al)</strong></span> <span class='ocrx_word' id='word_1_505' title='bbox 629 3840 891 3909; x_wconf 91' lang='lat' dir='ltr'><strong>episcopo</strong></span> <span class='ocrx_word' id='word_1_506' title='bbox 950 3843 1367 3910; x_wconf 85' lang='lat' dir='ltr'><strong>pauperioribus</strong></span> <span class='ocrx_word' id='word_1_507' title='bbox 1405 3843 1644 3908; x_wconf 88' lang='lat' dir='ltr'><strong>clericis,</strong></span> <span class='ocrx_word' id='word_1_508' title='bbox 1680 3858 1801 3896; x_wconf 87' lang='lat' dir='ltr'><strong>cum</strong></span> <span class='ocrx_word' id='word_1_509' title='bbox 1827 3842 1882 3895; x_wconf 89' lang='lat' dir='ltr'><strong>in</strong></span> 
     </span>
    </p>
   </div>
   <div class='ocr_carea' id='block_1_75' title="bbox 328 3931 1878 4005">
    <p class='ocr_par' dir='ltr' id='par_1_75' title="bbox 328 3931 1878 4005">
     <span class='ocr_line' id='line_1_75' title="bbox 328 3931 1878 4005; baseline 0.005 -22"><span class='ocrx_word' id='word_1_510' title='bbox 328 3931 521 4005; x_wconf 86' lang='lat' dir='ltr'><strong>solium</strong></span> <span class='ocrx_word' id='word_1_511' title='bbox 566 3932 970 3988; x_wconf 86' lang='lat' dir='ltr'><strong>collocaretur:</strong></span> <span class='ocrx_word' id='word_1_512' title='bbox 1019 3937 1195 3991; x_wconf 86' lang='lat' dir='ltr'><strong>satius</strong></span> <span class='ocrx_word' id='word_1_513' title='bbox 1256 3945 1436 3991; x_wconf 86' lang='lat' dir='ltr'><strong>tamen</strong></span> <span class='ocrx_word' id='word_1_514' title='bbox 1497 3950 1739 3991; x_wconf 86' lang='lat' dir='ltr'><strong>asseram</strong></span> <span class='ocrx_word' id='word_1_515' title='bbox 1793 3938 1878 3991; x_wconf 86' lang='lat' dir='ltr'><strong>vel</strong></span> 
     </span>
    </p>
   </div>
   <div class='ocr_carea' id='block_1_76' title="bbox 330 4021 1885 4096">
    <p class='ocr_par' dir='ltr' id='par_1_76' title="bbox 330 4021 1885 4096">
     <span class='ocr_line' id='line_1_76' title="bbox 330 4021 1885 4096; baseline 0.006 -23"><span class='ocrx_word' id='word_1_516' title='bbox 330 4021 535 4076; x_wconf 86' lang='lat' dir='ltr'><strong>litteras</strong></span> <span class='ocrx_word' id='word_1_517' title='bbox 589 4024 834 4079; x_wconf 71' lang='lat' dir='ltr'><strong>ecclesia:</strong></span> <span class='ocrx_word' id='word_1_518' title='bbox 891 4038 1243 4087; x_wconf 73' lang='lat' dir='ltr'><strong>consecratae,</strong></span> <span class='ocrx_word' id='word_1_519' title='bbox 1305 4028 1389 4082; x_wconf 90' lang='lat' dir='ltr'><strong>vel</strong></span> <span class='ocrx_word' id='word_1_520' title='bbox 1440 4029 1649 4083; x_wconf 87' lang='lat' dir='ltr'><strong>similes</strong></span> <span class='ocrx_word' id='word_1_521' title='bbox 1710 4030 1885 4096; x_wconf 90' lang='lat' dir='ltr'><strong>ipsius</strong></span> 
     </span>
    </p>
   </div>
   <div class='ocr_carea' id='block_1_77' title="bbox 326 4113 1882 4187">
    <p class='ocr_par' dir='ltr' id='par_1_77' title="bbox 326 4113 1882 4187">
     <span class='ocr_line' id='line_1_77' title="bbox 326 4113 1882 4187; baseline 0.006 -22"><span class='ocrx_word' id='word_1_522' title='bbox 326 4113 561 4182; x_wconf 79' lang='lat' dir='ltr'><strong>episcopi</strong></span> <span class='ocrx_word' id='word_1_523' title='bbox 590 4117 895 4171; x_wconf 88' lang='lat' dir='ltr'><strong>consecrati</strong></span> <span class='ocrx_word' id='word_1_524' title='bbox 927 4127 1115 4184; x_wconf 88' lang='lat' dir='ltr'><strong>testes,</strong></span> <span class='ocrx_word' id='word_1_525' title='bbox 1152 4118 1233 4172; x_wconf 86' lang='lat' dir='ltr'><strong>vel</strong></span> <span class='ocrx_word' id='word_1_526' title='bbox 1262 4118 1494 4187; x_wconf 88' lang='lat' dir='ltr'><strong>denique</strong></span> <span class='ocrx_word' id='word_1_527' title='bbox 1523 4120 1698 4185; x_wconf 86' lang='lat' dir='ltr'><strong>ipsum</strong></span> <span class='ocrx_word' id='word_1_528' title='bbox 1731 4122 1882 4174; x_wconf 70' lang='lat' dir='ltr'><strong>ordi-</strong></span> 
     </span>
    </p>
   </div>
   <div class='ocr_carea' id='block_1_78' title="bbox 328 4208 1885 4278">
    <p class='ocr_par' dir='ltr' id='par_1_78' title="bbox 328 4208 1885 4278">
     <span class='ocr_line' id='line_1_78' title="bbox 328 4208 1885 4278; baseline 0.008 -23"><span class='ocrx_word' id='word_1_529' title='bbox 328 4208 482 4260; x_wconf 84' lang='lat' dir='ltr'><strong>nandi</strong></span> <span class='ocrx_word' id='word_1_530' title='bbox 502 4210 738 4278; x_wconf 89' lang='lat' dir='ltr'><strong>cpiscopi</strong></span> <span class='ocrx_word' id='word_1_531' title='bbox 770 4225 833 4265; x_wconf 87' lang='lat' dir='ltr'><strong>ac</strong></span> <span class='ocrx_word' id='word_1_532' title='bbox 864 4210 918 4265; x_wconf 93' lang='lat' dir='ltr'><strong>in</strong></span> <span class='ocrx_word' id='word_1_533' title='bbox 949 4212 1145 4266; x_wconf 89' lang='lat' dir='ltr'><strong>solium</strong></span> <span class='ocrx_word' id='word_1_534' title='bbox 1176 4212 1479 4267; x_wconf 88' lang='lat' dir='ltr'><strong>collocandi</strong></span> <span class='ocrx_word' id='word_1_535' title='bbox 1506 4240 1511 4245; x_wconf 81' lang='lat'><strong>~</strong></span> <span class='ocrx_word' id='word_1_536' title='bbox 1534 4215 1694 4271; x_wconf 87' lang='lat' dir='ltr'><strong>ritum</strong></span> <span class='ocrx_word' id='word_1_537' title='bbox 1762 4229 1885 4268; x_wconf 88' lang='lat' dir='ltr'><strong>esse</strong></span> 
     </span>
    </p>
   </div>
   <div class='ocr_carea' id='block_1_79' title="bbox 2001 3118 3569 3191">
    <p class='ocr_par' dir='ltr' id='par_1_79' title="bbox 2001 3118 3569 3191">
     <span class='ocr_line' id='line_1_79' title="bbox 2001 3118 3569 3191; baseline 0 -16"><span class='ocrx_word' id='word_1_538' title='bbox 2001 3121 2266 3188; x_wconf 76' lang='grc' dir='ltr'>παρθένος</span> <span class='ocrx_word' id='word_1_539' title='bbox 2295 3121 2556 3191; x_wconf 79' lang='grc' dir='ltr'>σήμερον.</span> <span class='ocrx_word' id='word_1_540' title='bbox 2599 3118 2690 3175; x_wconf 90' lang='lat' dir='ltr'><strong>Sic</strong></span> <span class='ocrx_word' id='word_1_541' title='bbox 2722 3120 2862 3190; x_wconf 87' lang='lat' dir='ltr'><strong>apud</strong></span> <span class='ocrx_word' id='word_1_542' title='bbox 2897 3120 3129 3175; x_wconf 85' lang='lat' dir='ltr'><strong>Citrium</strong></span> <span class='ocrx_word' id='word_1_543' title='bbox 3161 3122 3215 3175; x_wconf 91' lang='lat' dir='ltr'><strong>in</strong></span> <span class='ocrx_word' id='word_1_544' title='bbox 3271 3121 3569 3189; x_wconf 84' lang='lat' dir='ltr'><strong>Responsis</strong></span> 
     </span>
    </p>
   </div>
   <div class='ocr_carea' id='block_1_80' title="bbox 2001 3211 3567 3282">
    <p class='ocr_par' dir='ltr' id='par_1_80' title="bbox 2001 3211 3567 3282">
     <span class='ocr_line' id='line_1_80' title="bbox 2001 3211 3567 3282; baseline 0.001 -17"><span class='ocrx_word' id='word_1_545' title='bbox 2001 3211 2066 3265; x_wconf 89' lang='lat' dir='ltr'><strong>ad</strong></span> <span class='ocrx_word' id='word_1_546' title='bbox 2094 3212 2395 3266; x_wconf 78' lang='lat' dir='ltr'><strong>Cubasilam</strong></span> <span class='ocrx_word' id='word_1_547' title='bbox 2424 3211 2633 3282; x_wconf 85' lang='grc' dir='ltr'>(ἄρχων</span> <span class='ocrx_word' id='word_1_548' title='bbox 2667 3213 2775 3266; x_wconf 82' lang='grc' dir='ltr'>τῶν</span> <span class='ocrx_word' id='word_1_549' title='bbox 2810 3213 3132 3277; x_wconf 77' lang='grc' dir='ltr'><strong>κοντακίων)</strong></span> <span class='ocrx_word' id='word_1_550' title='bbox 3164 3228 3259 3280; x_wconf 87' lang='lat' dir='ltr'><strong>per</strong></span> <span class='ocrx_word' id='word_1_551' title='bbox 3323 3216 3567 3268; x_wconf 80' lang='lat' dir='ltr'><strong>contacia</strong></span> 
     </span>
    </p>
   </div>
   <div class='ocr_carea' id='block_1_81' title="bbox 2001 3304 3568 3374">
    <p class='ocr_par' dir='ltr' id='par_1_81' title="bbox 2001 3304 3568 3374">
     <span class='ocr_line' id='line_1_81' title="bbox 2001 3304 3568 3374; baseline -0.001 -18"><span class='ocrx_word' id='word_1_552' title='bbox 2001 3319 2111 3356; x_wconf 86' lang='lat' dir='ltr'><strong>non</strong></span> <span class='ocrx_word' id='word_1_553' title='bbox 2142 3304 2379 3369; x_wconf 87' lang='lat' dir='ltr'><strong>codices,</strong></span> <span class='ocrx_word' id='word_1_554' title='bbox 2408 3305 2505 3358; x_wconf 88' lang='lat' dir='ltr'><strong>sed</strong></span> <span class='ocrx_word' id='word_1_555' title='bbox 2536 3320 2726 3360; x_wconf 85' lang='lat' dir='ltr'><strong>sacras</strong></span> <span class='ocrx_word' id='word_1_556' title='bbox 2756 3307 2888 3360; x_wconf 84' lang='lat' dir='ltr'><strong>odas</strong></span> <span class='ocrx_word' id='word_1_557' title='bbox 2928 3306 3134 3374; x_wconf 88' lang='lat' dir='ltr'><strong>accipe.</strong></span> <span class='ocrx_word' id='word_1_558' title='bbox 3168 3305 3227 3359; x_wconf 88' lang='lat' dir='ltr'><strong>In</strong></span> <span class='ocrx_word' id='word_1_559' title='bbox 3260 3314 3452 3360; x_wconf 90' lang='lat' dir='ltr'><strong>nostro</strong></span> <span class='ocrx_word' id='word_1_560' title='bbox 3483 3313 3568 3361; x_wconf 52' lang='lat' dir='ltr'><strong>taq</strong></span> 
     </span>
    </p>
   </div>
   <div class='ocr_carea' id='block_1_82' title="bbox 2001 3396 3565 3465">
    <p class='ocr_par' dir='ltr' id='par_1_82' title="bbox 2001 3396 3565 3465">
     <span class='ocr_line' id='line_1_82' title="bbox 2001 3396 3565 3465; baseline 0.001 -19"><span class='ocrx_word' id='word_1_561' title='bbox 2001 3409 2124 3447; x_wconf 74' lang='lat' dir='ltr'><strong>men</strong></span> <span class='ocrx_word' id='word_1_562' title='bbox 2160 3396 2434 3462; x_wconf 80' lang='lat' dir='ltr'><strong>proposito</strong></span> <span class='ocrx_word' id='word_1_563' title='bbox 2481 3412 2587 3451; x_wconf 93' lang='lat' dir='ltr'><strong>non</strong></span> <span class='ocrx_word' id='word_1_564' title='bbox 2641 3397 2837 3463; x_wconf 83' lang='lat' dir='ltr'><strong>injuria</strong></span> <span class='ocrx_word' id='word_1_565' title='bbox 2902 3398 3138 3451; x_wconf 89' lang='lat' dir='ltr'><strong>dubitari</strong></span> <span class='ocrx_word' id='word_1_566' title='bbox 3198 3406 3404 3465; x_wconf 87' lang='lat' dir='ltr'><strong>posset,</strong></span> <span class='ocrx_word' id='word_1_567' title='bbox 3436 3412 3565 3449; x_wconf 86' lang='lat' dir='ltr'><strong>num</strong></span> 
     </span>
    </p>
   </div>
   <div class='ocr_carea' id='block_1_83' title="bbox 2000 3485 3568 3559">
    <p class='ocr_par' dir='ltr' id='par_1_83' title="bbox 2000 3485 3568 3559">
     <span class='ocr_line' id='line_1_83' title="bbox 2000 3485 3568 3559; baseline 0.001 -21"><span class='ocrx_word' id='word_1_568' title='bbox 2000 3485 2288 3538; x_wconf 82' lang='lat' dir='ltr'><strong>contacion</strong></span> <span class='ocrx_word' id='word_1_569' title='bbox 2341 3486 2539 3540; x_wconf 89' lang='lat' dir='ltr'><strong>librum</strong></span> <span class='ocrx_word' id='word_1_570' title='bbox 2584 3502 2651 3540; x_wconf 90' lang='lat' dir='ltr'><strong>an</strong></span> <span class='ocrx_word' id='word_1_571' title='bbox 2711 3488 2957 3542; x_wconf 89' lang='lat' dir='ltr'><strong>odarium</strong></span> <span class='ocrx_word' id='word_1_572' title='bbox 3001 3488 3314 3559; x_wconf 76' lang='lat' dir='ltr'><strong>signiﬁcet:</strong></span> <span class='ocrx_word' id='word_1_573' title='bbox 3354 3490 3568 3541; x_wconf 77' lang='lat' dir='ltr'><strong>videtur</strong></span> 
     </span>
    </p>
   </div>
   <div class='ocr_carea' id='block_1_84' title="bbox 1998 3574 3567 3648">
    <p class='ocr_par' dir='ltr' id='par_1_84' title="bbox 1998 3574 3567 3648">
     <span class='ocr_line' id='line_1_84' title="bbox 1998 3574 3567 3648; baseline 0.004 -23"><span class='ocrx_word' id='word_1_574' title='bbox 1998 3574 2140 3627; x_wconf 80' lang='lat' dir='ltr'><strong>enim</strong></span> <span class='ocrx_word' id='word_1_575' title='bbox 2167 3574 2227 3627; x_wconf 78' lang='grc' dir='ltr'>τὸ</span> <span class='ocrx_word' id='word_1_576' title='bbox 2257 3576 2541 3629; x_wconf 82' lang='grc' dir='ltr'>κοντάκιον</span> <span class='ocrx_word' id='word_1_577' title='bbox 2558 3578 2656 3646; x_wconf 80' lang='grc' dir='ltr'><strong>τῆς</strong></span> <span class='ocrx_word' id='word_1_578' title='bbox 2679 3578 3011 3648; x_wconf 81' lang='grc' dir='ltr'><strong>χειροτονίας</strong></span> <span class='ocrx_word' id='word_1_579' title='bbox 3037 3595 3160 3634; x_wconf 87' lang='lat' dir='ltr'><strong>esse</strong></span> <span class='ocrx_word' id='word_1_580' title='bbox 3204 3579 3343 3634; x_wconf 81' lang='lat' dir='ltr'><strong>liber</strong></span> <span class='ocrx_word' id='word_1_581' title='bbox 3394 3580 3567 3633; x_wconf 47' lang='lat' dir='ltr'><strong>ritus:</strong></span> 
     </span>
    </p>
   </div>
   <div class='ocr_carea' id='block_1_85' title="bbox 1998 3663 3559 3741">
    <p class='ocr_par' dir='ltr' id='par_1_85' title="bbox 1998 3663 3559 3741">
     <span class='ocr_line' id='line_1_85' title="bbox 1998 3663 3559 3741; baseline 0.001 -26"><span class='ocrx_word' id='word_1_582' title='bbox 1998 3663 2085 3727; x_wconf 82' lang='lat' dir='ltr'><strong>lis,</strong></span> <span class='ocrx_word' id='word_1_583' title='bbox 2119 3666 2172 3718; x_wconf 92' lang='lat' dir='ltr'><strong>in</strong></span> <span class='ocrx_word' id='word_1_584' title='bbox 2200 3681 2307 3734; x_wconf 89' lang='lat' dir='ltr'><strong>quo</strong></span> <span class='ocrx_word' id='word_1_585' title='bbox 2334 3668 2468 3721; x_wconf 92' lang='lat' dir='ltr'><strong>ordo</strong></span> <span class='ocrx_word' id='word_1_586' title='bbox 2521 3668 2841 3723; x_wconf 58' lang='lat' dir='ltr'><strong>cltirotonia‘.</strong></span> <span class='ocrx_word' id='word_1_587' title='bbox 2893 3684 2987 3741; x_wconf 78' lang='lat' dir='ltr'><strong>seu</strong></span> <span class='ocrx_word' id='word_1_588' title='bbox 3036 3685 3206 3725; x_wconf 70' lang='lat' dir='ltr'><strong>sacra:</strong></span> <span class='ocrx_word' id='word_1_589' title='bbox 3256 3670 3559 3723; x_wconf 58' lang='lat' dir='ltr'><strong>ordinatio.</strong></span> 
     </span>
    </p>
   </div>
   <div class='ocr_carea' id='block_1_86' title="bbox 1996 3757 3561 3827">
    <p class='ocr_par' dir='ltr' id='par_1_86' title="bbox 1996 3757 3561 3827">
     <span class='ocr_line' id='line_1_86' title="bbox 1996 3757 3561 3827; baseline 0 -18"><span class='ocrx_word' id='word_1_590' title='bbox 1996 3757 2080 3810; x_wconf 88' lang='lat' dir='ltr'><strong>nis</strong></span> <span class='ocrx_word' id='word_1_591' title='bbox 2118 3757 2267 3823; x_wconf 90' lang='lat' dir='ltr'><strong>insit,</strong></span> <span class='ocrx_word' id='word_1_592' title='bbox 2304 3774 2464 3827; x_wconf 88' lang='lat' dir='ltr'><strong>quem</strong></span> <span class='ocrx_word' id='word_1_593' title='bbox 2506 3759 2912 3815; x_wconf 79' lang='lat' dir='ltr'><strong>lticromnemon</strong></span> <span class='ocrx_word' id='word_1_594' title='bbox 2941 3774 3142 3815; x_wconf 82' lang='lat' dir='ltr'><strong>teneat.</strong></span> <span class='ocrx_word' id='word_1_595' title='bbox 3170 3760 3314 3814; x_wconf 87' lang='lat' dir='ltr'><strong>Nibil</strong></span> <span class='ocrx_word' id='word_1_596' title='bbox 3340 3760 3561 3824; x_wconf 83' lang='lat' dir='ltr'><strong>deﬁnio,</strong></span> 
     </span>
    </p>
   </div>
   <div class='ocr_carea' id='block_1_87' title="bbox 1999 3848 3561 3919">
    <p class='ocr_par' dir='ltr' id='par_1_87' title="bbox 1999 3848 3561 3919">
     <span class='ocr_line' id='line_1_87' title="bbox 1999 3848 3561 3919; baseline -0.002 -17"><span class='ocrx_word' id='word_1_597' title='bbox 1999 3848 2091 3902; x_wconf 83' lang='lat' dir='ltr'><strong>sed</strong></span> <span class='ocrx_word' id='word_1_598' title='bbox 2121 3850 2295 3903; x_wconf 88' lang='lat' dir='ltr'><strong>solum</strong></span> <span class='ocrx_word' id='word_1_599' title='bbox 2316 3850 2699 3918; x_wconf 73' lang='lat' dir='ltr'><strong>suspicionem</strong></span> <span class='ocrx_word' id='word_1_600' title='bbox 2738 3865 2913 3905; x_wconf 86' lang='lat' dir='ltr'><strong>meam</strong></span> <span class='ocrx_word' id='word_1_601' title='bbox 2952 3864 3168 3919; x_wconf 88' lang='lat' dir='ltr'><strong>promo.</strong></span> <span class='ocrx_word' id='word_1_602' title='bbox 3191 3850 3315 3904; x_wconf 78' lang='lat' dir='ltr'><strong>llaec</strong></span> <span class='ocrx_word' id='word_1_603' title='bbox 3342 3852 3408 3905; x_wconf 84' lang='lat' dir='ltr'><strong>de</strong></span> <span class='ocrx_word' id='word_1_604' title='bbox 3429 3866 3561 3905; x_wconf 55' lang='lat' dir='ltr'><strong>con.</strong></span> 
     </span>
    </p>
   </div>
   <div class='ocr_carea' id='block_1_88' title="bbox 1998 3939 3278 4007">
    <p class='ocr_par' dir='ltr' id='par_1_88' title="bbox 1998 3939 3278 4007">
     <span class='ocr_line' id='line_1_88' title="bbox 1998 3939 3278 4007; baseline 0.002 -14"><span class='ocrx_word' id='word_1_605' title='bbox 1998 3939 2157 4001; x_wconf 88' lang='lat' dir='ltr'><strong>tacio,</strong></span> <span class='ocrx_word' id='word_1_606' title='bbox 2189 3940 2331 4007; x_wconf 84' lang='lat' dir='ltr'><strong>quod</strong></span> <span class='ocrx_word' id='word_1_607' title='bbox 2373 3939 2570 4007; x_wconf 69' lang='lat' dir='ltr'><strong>saapius</strong></span> <span class='ocrx_word' id='word_1_608' title='bbox 2598 3940 2751 3993; x_wconf 90' lang='lat' dir='ltr'><strong>nobis</strong></span> <span class='ocrx_word' id='word_1_609' title='bbox 2773 3949 3043 3994; x_wconf 81' lang='lat' dir='ltr'><strong>occurret.</strong></span> <span class='ocrx_word' id='word_1_610' title='bbox 3075 3939 3278 3996; x_wconf 70' lang='lat' dir='ltr'><strong>Csars.</strong></span> 
     </span>
    </p>
   </div>
   <div class='ocr_carea' id='block_1_89' title="bbox 2070 4023 3560 4096">
    <p class='ocr_par' dir='ltr' id='par_1_89' title="bbox 2070 4023 3560 4096">
     <span class='ocr_line' id='line_1_89' title="bbox 2070 4023 3560 4096; baseline 0.005 -20"><span class='ocrx_word' id='word_1_611' title='bbox 2070 4023 2151 4096; x_wconf 87' lang='lat' dir='ltr'><strong>[P.</strong></span> <span class='ocrx_word' id='word_1_612' title='bbox 2177 4026 2231 4079; x_wconf 84' lang='lat'><strong>5.</strong></span> <span class='ocrx_word' id='word_1_613' title='bbox 2270 4025 2343 4078; x_wconf 79' lang='grc' dir='ltr'><strong>Τὸ</strong></span> <span class='ocrx_word' id='word_1_614' title='bbox 2372 4028 2688 4083; x_wconf 70' lang='lat' dir='ltr'><strong>nornith</strong></span> <span class='ocrx_word' id='word_1_615' title='bbox 2716 4029 3084 4096; x_wconf 81' lang='grc' dir='ltr'><strong>χειροτονίας</strong></span> <span class='ocrx_word' id='word_1_616' title='bbox 3112 4047 3125 4059; x_wconf 67' lang='grc' dir='ltr'>θ</span> <span class='ocrx_word' id='word_1_617' title='bbox 3151 4030 3560 4083; x_wconf 83' lang='lat' dir='ltr'><strong>Ordinationnm</strong></span> 
     </span>
    </p>
   </div>
   <div class='ocr_carea' id='block_1_90' title="bbox 1998 4117 3559 4176">
    <p class='ocr_par' dir='ltr' id='par_1_90' title="bbox 1998 4117 3559 4176">
     <span class='ocr_line' id='line_1_90' title="bbox 1998 4117 3559 4176; baseline 0.004 -7"><span class='ocrx_word' id='word_1_618' title='bbox 1998 4117 2229 4169; x_wconf 87' lang='lat' dir='ltr'><strong>omnium</strong></span> <span class='ocrx_word' id='word_1_619' title='bbox 2265 4118 2499 4172; x_wconf 79' lang='lat' dir='ltr'><strong>ordinem</strong></span> <span class='ocrx_word' id='word_1_620' title='bbox 2538 4137 2601 4173; x_wconf 89' lang='lat' dir='ltr'><strong>ac</strong></span> <span class='ocrx_word' id='word_1_621' title='bbox 2634 4136 2818 4174; x_wconf 76' lang='lat' dir='ltr'><strong>earun:</strong></span> <span class='ocrx_word' id='word_1_622' title='bbox 2861 4121 3108 4174; x_wconf 85' lang='lat' dir='ltr'><strong>ritualem</strong></span> <span class='ocrx_word' id='word_1_623' title='bbox 3154 4121 3375 4174; x_wconf 82' lang='lat' dir='ltr'><strong>librum:</strong></span> <span class='ocrx_word' id='word_1_624' title='bbox 3408 4122 3559 4176; x_wconf 88' lang='lat' dir='ltr'><strong>illtnu</strong></span> 
     </span>
    </p>
   </div>
   <div class='ocr_carea' id='block_1_91' title="bbox 1997 4207 3555 4280">
    <p class='ocr_par' dir='ltr' id='par_1_91' title="bbox 1997 4207 3555 4280">
     <span class='ocr_line' id='line_1_91' title="bbox 1997 4207 3555 4280; baseline 0.003 -19"><span class='ocrx_word' id='word_1_625' title='bbox 1997 4207 2140 4261; x_wconf 87' lang='lat' dir='ltr'><strong>enim</strong></span> <span class='ocrx_word' id='word_1_626' title='bbox 2163 4211 2445 4262; x_wconf 85' lang='grc' dir='ltr'>κοντάκιον</span> <span class='ocrx_word' id='word_1_627' title='bbox 2477 4209 2565 4266; x_wconf 89' lang='lat' dir='ltr'><strong>hic</strong></span> <span class='ocrx_word' id='word_1_628' title='bbox 2586 4212 2919 4277; x_wconf 83' lang='lat' dir='ltr'><strong>manifestat,</strong></span> <span class='ocrx_word' id='word_1_629' title='bbox 2939 4212 3186 4280; x_wconf 80' lang='lat' dir='ltr'><strong>quamvis</strong></span> <span class='ocrx_word' id='word_1_630' title='bbox 3208 4213 3337 4267; x_wconf 87' lang='lat' dir='ltr'><strong>alibi</strong></span> <span class='ocrx_word' id='word_1_631' title='bbox 3369 4213 3555 4266; x_wconf 83' lang='lat' dir='ltr'><strong>librum</strong></span> 
     </span>
    </p>
   </div>
   <div class='ocr_carea' id='block_1_92' title="bbox 325 4296 1895 4388">
    <p class='ocr_par' dir='ltr' id='par_1_92' title="bbox 325 4298 1882 4369">
     <span class='ocr_line' id='line_1_92' title="bbox 325 4298 1882 4369; baseline 0.006 -21"><span class='ocrx_word' id='word_1_632' title='bbox 325 4298 727 4368; x_wconf 62' lang='lat' dir='ltr'><strong>étOpO‘Jtaapév.</strong></span> <span class='ocrx_word' id='word_1_633' title='bbox 748 4300 819 4357; x_wconf 83' lang='lat' dir='ltr'><strong>Ea</strong></span> <span class='ocrx_word' id='word_1_634' title='bbox 844 4303 912 4357; x_wconf 90' lang='lat' dir='ltr'><strong>de</strong></span> <span class='ocrx_word' id='word_1_635' title='bbox 937 4318 1100 4369; x_wconf 75' lang='lat' dir='ltr'><strong>causa</strong></span> <span class='ocrx_word' id='word_1_636' title='bbox 1126 4302 1355 4357; x_wconf 81' lang='lat' dir='ltr'><strong>observo</strong></span> <span class='ocrx_word' id='word_1_637' title='bbox 1387 4304 1882 4359; x_wconf 83' lang='lat' dir='ltr'><strong>hicromuctuoncm</strong></span> 
     </span>
    </p>
   </div>
   <div class='ocr_carea' id='block_1_93' title="bbox 2003 4296 3552 4388">
    <p class='ocr_par' dir='ltr' id='par_1_93' title="bbox 2003 4296 3552 4370">
     <span class='ocr_line' id='line_1_93' title="bbox 2003 4296 3552 4370; baseline 0.005 -21"><span class='ocrx_word' id='word_1_638' title='bbox 2003 4296 2270 4351; x_wconf 85' lang='lat' dir='ltr'><strong>missalent</strong></span> <span class='ocrx_word' id='word_1_639' title='bbox 2290 4299 2450 4370; x_wconf 76' lang='lat' dir='ltr'><strong>vulgo</strong></span> <span class='ocrx_word' id='word_1_640' title='bbox 2470 4301 2692 4367; x_wconf 87' lang='lat' dir='ltr'><strong>indicet,</strong></span> <span class='ocrx_word' id='word_1_641' title='bbox 2715 4304 2796 4357; x_wconf 89' lang='lat' dir='ltr'><strong>vel</strong></span> <span class='ocrx_word' id='word_1_642' title='bbox 2823 4303 2987 4357; x_wconf 89' lang='lat' dir='ltr'><strong>ctiam</strong></span> <span class='ocrx_word' id='word_1_643' title='bbox 3015 4302 3230 4356; x_wconf 87' lang='lat' dir='ltr'><strong>brevem</strong></span> <span class='ocrx_word' id='word_1_644' title='bbox 3273 4297 3552 4357; x_wconf 83' lang='lat' dir='ltr'><strong>moduluni</strong></span> 
     </span>
    </p>
   </div>
   <div class='ocr_carea' id='block_1_94' title="bbox 328 4390 1457 4462">
    <p class='ocr_par' dir='ltr' id='par_1_94' title="bbox 328 4390 1457 4462">
     <span class='ocr_line' id='line_1_94' title="bbox 328 4390 1457 4462; baseline 0.009 -23"><span class='ocrx_word' id='word_1_645' title='bbox 328 4390 499 4444; x_wconf 84' lang='lat' dir='ltr'><strong>adhuc</strong></span> <span class='ocrx_word' id='word_1_646' title='bbox 535 4399 738 4456; x_wconf 69' lang='lat' dir='ltr'><strong>tenere,</strong></span> <span class='ocrx_word' id='word_1_647' title='bbox 769 4403 927 4461; x_wconf 89' lang='lat' dir='ltr'><strong>prout</strong></span> <span class='ocrx_word' id='word_1_648' title='bbox 958 4394 1230 4448; x_wconf 90' lang='lat' dir='ltr'><strong>subditur.</strong></span> <span class='ocrx_word' id='word_1_649' title='bbox 1254 4393 1457 4462; x_wconf 59' lang='lat' dir='ltr'><strong>Cosa]</strong></span> 
     </span>
    </p>
   </div>
   <div class='ocr_carea' id='block_1_95' title="bbox 397 4482 1847 4557">
    <p class='ocr_par' dir='ltr' id='par_1_95' title="bbox 397 4482 1847 4557">
     <span class='ocr_line' id='line_1_95' title="bbox 397 4482 1847 4557; baseline 0.005 -22"><span class='ocrx_word' id='word_1_650' title='bbox 397 4482 468 4535; x_wconf 76' lang='lat' dir='ltr'><strong>Ex</strong></span> <span class='ocrx_word' id='word_1_651' title='bbox 501 4482 589 4536; x_wconf 88' lang='lat' dir='ltr'><strong>bis</strong></span> <span class='ocrx_word' id='word_1_652' title='bbox 612 4498 734 4550; x_wconf 66' lang='lat' dir='ltr'><strong>quae</strong></span> <span class='ocrx_word' id='word_1_653' title='bbox 773 4485 838 4539; x_wconf 89' lang='lat' dir='ltr'><strong>de</strong></span> <span class='ocrx_word' id='word_1_654' title='bbox 869 4486 1130 4540; x_wconf 87' lang='lat' dir='ltr'><strong>contaciis</strong></span> <span class='ocrx_word' id='word_1_655' title='bbox 1154 4494 1207 4539; x_wconf 84' lang='lat' dir='ltr'><strong>et</strong></span> <span class='ocrx_word' id='word_1_656' title='bbox 1237 4487 1420 4554; x_wconf 75' lang='grc' dir='ltr'><strong>εὐχαῖς</strong></span> <span class='ocrx_word' id='word_1_657' title='bbox 1467 4486 1726 4552; x_wconf 82' lang='lat' dir='ltr'><strong>diximus,</strong></span> <span class='ocrx_word' id='word_1_658' title='bbox 1754 4488 1847 4557; x_wconf 88' lang='lat' dir='ltr'><strong>qui</strong></span> 
     </span>
    </p>
   </div>
   <div class='ocr_carea' id='block_1_96' title="bbox 328 4571 1883 4644">
    <p class='ocr_par' dir='ltr' id='par_1_96' title="bbox 328 4571 1883 4644">
     <span class='ocr_line' id='line_1_96' title="bbox 328 4571 1883 4644; baseline 0.006 -21"><span class='ocrx_word' id='word_1_659' title='bbox 328 4571 405 4625; x_wconf 79' lang='lat' dir='ltr'><strong>vis</strong></span> <span class='ocrx_word' id='word_1_660' title='bbox 433 4574 684 4631; x_wconf 88' lang='lat' dir='ltr'><strong>eruditus</strong></span> <span class='ocrx_word' id='word_1_661' title='bbox 741 4575 893 4629; x_wconf 92' lang='lat' dir='ltr'><strong>nullo</strong></span> <span class='ocrx_word' id='word_1_662' title='bbox 930 4577 1149 4644; x_wconf 84' lang='lat' dir='ltr'><strong>negotio</strong></span> <span class='ocrx_word' id='word_1_663' title='bbox 1175 4575 1445 4644; x_wconf 87' lang='lat' dir='ltr'><strong>judicium</strong></span> <span class='ocrx_word' id='word_1_664' title='bbox 1510 4579 1646 4630; x_wconf 89' lang='lat' dir='ltr'><strong>feret</strong></span> <span class='ocrx_word' id='word_1_665' title='bbox 1677 4579 1742 4632; x_wconf 89' lang='lat' dir='ltr'><strong>de</strong></span> <span class='ocrx_word' id='word_1_666' title='bbox 1774 4579 1883 4633; x_wconf 86' lang='lat' dir='ltr'><strong>illis</strong></span> 
     </span>
    </p>
   </div>
   <div class='ocr_carea' id='block_1_97' title="bbox 327 4664 1879 4731">
    <p class='ocr_par' dir='ltr' id='par_1_97' title="bbox 327 4664 1879 4731">
     <span class='ocr_line' id='line_1_97' title="bbox 327 4664 1879 4731; baseline 0.007 -19"><span class='ocrx_word' id='word_1_667' title='bbox 327 4678 438 4729; x_wconf 76' lang='lat' dir='ltr'><strong>qua:</strong></span> <span class='ocrx_word' id='word_1_668' title='bbox 472 4672 871 4718; x_wconf 73' lang='lat' dir='ltr'><strong>commentatur</strong></span> <span class='ocrx_word' id='word_1_669' title='bbox 896 4665 947 4717; x_wconf 91' lang='lat' dir='ltr'><strong>in</strong></span> <span class='ocrx_word' id='word_1_670' title='bbox 979 4665 1199 4719; x_wconf 76' lang='lat' dir='ltr'><strong>SCllOlilS</strong></span> <span class='ocrx_word' id='word_1_671' title='bbox 1258 4665 1371 4718; x_wconf 85' lang='lat' dir='ltr'><strong>suis</strong></span> <span class='ocrx_word' id='word_1_672' title='bbox 1394 4664 1593 4719; x_wconf 78' lang='lat' dir='ltr'><strong>Junius</strong></span> <span class='ocrx_word' id='word_1_673' title='bbox 1636 4665 1728 4720; x_wconf 87' lang='lat' dir='ltr'><strong>fol.</strong></span> <span class='ocrx_word' id='word_1_674' title='bbox 1754 4668 1879 4731; x_wconf 69' lang='lat'><strong>218,</strong></span> 
     </span>
    </p>
   </div>
   <div class='ocr_carea' id='block_1_98' title="bbox 325 4754 1879 4825">
    <p class='ocr_par' dir='ltr' id='par_1_98' title="bbox 325 4754 1879 4825">
     <span class='ocr_line' id='line_1_98' title="bbox 325 4754 1879 4825; baseline 0.003 -17"><span class='ocrx_word' id='word_1_675' title='bbox 325 4754 471 4822; x_wconf 65' lang='lat'><strong>249;</strong></span> <span class='ocrx_word' id='word_1_676' title='bbox 515 4756 949 4825; x_wconf 87' lang='lat' dir='ltr'><strong>quotiescunque</strong></span> <span class='ocrx_word' id='word_1_677' title='bbox 1012 4758 1155 4810; x_wconf 88' lang='lat' dir='ltr'><strong>enim</strong></span> <span class='ocrx_word' id='word_1_678' title='bbox 1217 4759 1512 4811; x_wconf 85' lang='lat' dir='ltr'><strong>contacium</strong></span> <span class='ocrx_word' id='word_1_679' title='bbox 1576 4759 1879 4813; x_wconf 83' lang='lat' dir='ltr'><strong>cantionem</strong></span> 
     </span>
    </p>
   </div>
   <div class='ocr_carea' id='block_1_99' title="bbox 326 4849 1882 4914">
    <p class='ocr_par' dir='ltr' id='par_1_99' title="bbox 326 4849 1882 4914">
     <span class='ocr_line' id='line_1_99' title="bbox 326 4849 1882 4914; baseline 0.006 -18"><span class='ocrx_word' id='word_1_680' title='bbox 326 4860 419 4897; x_wconf 90' lang='lat' dir='ltr'><strong>seu</strong></span> <span class='ocrx_word' id='word_1_681' title='bbox 471 4851 830 4902; x_wconf 83' lang='lat' dir='ltr'><strong>conlationem</strong></span> <span class='ocrx_word' id='word_1_682' title='bbox 890 4849 1071 4912; x_wconf 86' lang='lat' dir='ltr'><strong>vertit,</strong></span> <span class='ocrx_word' id='word_1_683' title='bbox 1114 4850 1273 4903; x_wconf 84' lang='lat' dir='ltr'><strong>toties</strong></span> <span class='ocrx_word' id='word_1_684' title='bbox 1333 4849 1719 4914; x_wconf 87' lang='lat' dir='ltr'><strong>hallucinatur,</strong></span> <span class='ocrx_word' id='word_1_685' title='bbox 1782 4866 1882 4905; x_wconf 80' lang='lat' dir='ltr'><strong>nec</strong></span> 
     </span>
    </p>
   </div>
   <div class='ocr_carea' id='block_1_100' title="bbox 325 4936 1882 5007">
    <p class='ocr_par' dir='ltr' id='par_1_100' title="bbox 325 4936 1882 5007">
     <span class='ocr_line' id='line_1_100' title="bbox 325 4936 1882 5007; baseline 0.006 -21"><span class='ocrx_word' id='word_1_686' title='bbox 325 4936 512 4990; x_wconf 76' lang='lat' dir='ltr'><strong>ulloex</strong></span> <span class='ocrx_word' id='word_1_687' title='bbox 538 4937 657 4991; x_wconf 93' lang='lat' dir='ltr'><strong>loco</strong></span> <span class='ocrx_word' id='word_1_688' title='bbox 682 4939 873 4992; x_wconf 86' lang='lat' dir='ltr'><strong>Codini</strong></span> <span class='ocrx_word' id='word_1_689' title='bbox 903 4956 1086 5007; x_wconf 86' lang='lat' dir='ltr'><strong>verum</strong></span> <span class='ocrx_word' id='word_1_690' title='bbox 1150 4950 1203 4993; x_wconf 90' lang='lat' dir='ltr'><strong>ct</strong></span> <span class='ocrx_word' id='word_1_691' title='bbox 1255 4940 1489 4994; x_wconf 88' lang='lat' dir='ltr'><strong>solidum</strong></span> <span class='ocrx_word' id='word_1_692' title='bbox 1552 4943 1723 4995; x_wconf 86' lang='lat' dir='ltr'><strong>errori</strong></span> <span class='ocrx_word' id='word_1_693' title='bbox 1781 4958 1882 4996; x_wconf 90' lang='lat' dir='ltr'><strong>suo</strong></span> 
     </span>
    </p>
   </div>
   <div class='ocr_carea' id='block_1_101' title="bbox 320 5028 1233 5099">
    <p class='ocr_par' dir='ltr' id='par_1_101' title="bbox 320 5028 1233 5099">
     <span class='ocr_line' id='line_1_101' title="bbox 320 5028 1233 5099; baseline 0.01 -24"><span class='ocrx_word' id='word_1_694' title='bbox 320 5028 674 5090; x_wconf 83' lang='lat' dir='ltr'><strong>patrocinium</strong></span> <span class='ocrx_word' id='word_1_695' title='bbox 735 5030 980 5085; x_wconf 81' lang='lat' dir='ltr'><strong>invenire</strong></span> <span class='ocrx_word' id='word_1_696' title='bbox 1036 5040 1233 5099; x_wconf 80' lang='lat' dir='ltr'><strong>potest.</strong></span> 
     </span>
    </p>
   </div>
   <div class='ocr_carea' id='block_1_102' title="bbox 395 5118 1874 5192">
    <p class='ocr_par' dir='ltr' id='par_1_102' title="bbox 395 5118 1874 5192">
     <span class='ocr_line' id='line_1_102' title="bbox 395 5118 1874 5192; baseline 0.004 -22"><span class='ocrx_word' id='word_1_697' title='bbox 395 5118 666 5173; x_wconf 61' lang='lat' dir='ltr'><strong>Ascribatn</strong></span> <span class='ocrx_word' id='word_1_698' title='bbox 692 5121 779 5177; x_wconf 84' lang='lat' dir='ltr'><strong>hic</strong></span> <span class='ocrx_word' id='word_1_699' title='bbox 796 5122 1120 5177; x_wconf 82' lang='lat' dir='ltr'><strong>Anconitaui</strong></span> <span class='ocrx_word' id='word_1_700' title='bbox 1153 5124 1434 5192; x_wconf 85' lang='lat' dir='ltr'><strong>cujusdam</strong></span> <span class='ocrx_word' id='word_1_701' title='bbox 1468 5124 1683 5192; x_wconf 76' lang='lat' dir='ltr'><strong>origine</strong></span> <span class='ocrx_word' id='word_1_702' title='bbox 1704 5123 1874 5178; x_wconf 65' lang='lat' dir='ltr'><strong>Gut-ci</strong></span> 
     </span>
    </p>
   </div>
   <div class='ocr_carea' id='block_1_103' title="bbox 316 5204 1874 5281">
    <p class='ocr_par' dir='ltr' id='par_1_103' title="bbox 316 5204 1874 5281">
     <span class='ocr_line' id='line_1_103' title="bbox 316 5204 1874 5281; baseline 0.004 -25"><span class='ocrx_word' id='word_1_703' title='bbox 316 5204 580 5272; x_wconf 83' lang='lat' dir='ltr'><strong>judicium</strong></span> <span class='ocrx_word' id='word_1_704' title='bbox 604 5211 671 5264; x_wconf 87' lang='lat' dir='ltr'><strong>de</strong></span> <span class='ocrx_word' id='word_1_705' title='bbox 734 5212 1004 5276; x_wconf 83' lang='lat' dir='ltr'><strong>contacio,</strong></span> <span class='ocrx_word' id='word_1_706' title='bbox 1050 5214 1332 5281; x_wconf 71' lang='lat' dir='ltr'><strong>ClljtlSlaIll</strong></span> <span class='ocrx_word' id='word_1_707' title='bbox 1378 5213 1647 5279; x_wconf 68' lang='lat' dir='ltr'><strong>frequens</strong></span> <span class='ocrx_word' id='word_1_708' title='bbox 1693 5213 1743 5264; x_wconf 89' lang='lat' dir='ltr'><strong>in</strong></span> <span class='ocrx_word' id='word_1_709' title='bbox 1799 5214 1874 5264; x_wconf 88' lang='lat' dir='ltr'><strong>ri-</strong></span> 
     </span>
    </p>
   </div>
   <div class='ocr_carea' id='block_1_104' title="bbox 319 5300 1873 5372">
    <p class='ocr_par' dir='ltr' id='par_1_104' title="bbox 319 5300 1873 5372">
     <span class='ocr_line' id='line_1_104' title="bbox 319 5300 1873 5372; baseline 0.004 -22"><span class='ocrx_word' id='word_1_710' title='bbox 319 5300 557 5355; x_wconf 86' lang='lat' dir='ltr'><strong>tualibus</strong></span> <span class='ocrx_word' id='word_1_711' title='bbox 595 5302 909 5358; x_wconf 67' lang='lat' dir='ltr'><strong>Graecorum</strong></span> <span class='ocrx_word' id='word_1_712' title='bbox 934 5306 1089 5359; x_wconf 82' lang='lat' dir='ltr'><strong>libris</strong></span> <span class='ocrx_word' id='word_1_713' title='bbox 1120 5314 1174 5359; x_wconf 87' lang='lat' dir='ltr'><strong>et</strong></span> <span class='ocrx_word' id='word_1_714' title='bbox 1204 5307 1256 5358; x_wconf 92' lang='lat' dir='ltr'><strong>in</strong></span> <span class='ocrx_word' id='word_1_715' title='bbox 1290 5306 1499 5361; x_wconf 83' lang='lat' dir='ltr'><strong>Codiuo</strong></span> <span class='ocrx_word' id='word_1_716' title='bbox 1528 5308 1752 5367; x_wconf 85' lang='lat' dir='ltr'><strong>mentio,</strong></span> <span class='ocrx_word' id='word_1_717' title='bbox 1782 5306 1873 5372; x_wconf 85' lang='lat' dir='ltr'><strong>qui</strong></span> 
     </span>
    </p>
   </div>
   <div class='ocr_carea' id='block_1_105' title="bbox 317 5395 1874 5466">
    <p class='ocr_par' dir='ltr' id='par_1_105' title="bbox 317 5395 1874 5466">
     <span class='ocr_line' id='line_1_105' title="bbox 317 5395 1874 5466; baseline 0.003 -22"><span class='ocrx_word' id='word_1_718' title='bbox 317 5407 482 5460; x_wconf 87' lang='lat' dir='ltr'><strong>super</strong></span> <span class='ocrx_word' id='word_1_719' title='bbox 514 5395 609 5449; x_wconf 83' lang='lat' dir='ltr'><strong>hac</strong></span> <span class='ocrx_word' id='word_1_720' title='bbox 637 5412 695 5451; x_wconf 88' lang='lat' dir='ltr'><strong>re</strong></span> <span class='ocrx_word' id='word_1_721' title='bbox 735 5405 958 5466; x_wconf 80' lang='lat' dir='ltr'><strong>regatus</strong></span> <span class='ocrx_word' id='word_1_722' title='bbox 999 5398 1143 5451; x_wconf 84' lang='lat' dir='ltr'><strong>hunc</strong></span> <span class='ocrx_word' id='word_1_723' title='bbox 1175 5399 1228 5451; x_wconf 91' lang='lat' dir='ltr'><strong>in</strong></span> <span class='ocrx_word' id='word_1_724' title='bbox 1296 5399 1513 5451; x_wconf 93' lang='lat' dir='ltr'><strong>modum</strong></span> <span class='ocrx_word' id='word_1_725' title='bbox 1555 5400 1874 5465; x_wconf 86' lang='lat' dir='ltr'><strong>rescripsit:</strong></span> 
     </span>
    </p>
   </div>
   <div class='ocr_carea' id='block_1_106' title="bbox 318 5484 1873 5551">
    <p class='ocr_par' dir='ltr' id='par_1_106' title="bbox 318 5484 1873 5551">
     <span class='ocr_line' id='line_1_106' title="bbox 318 5484 1873 5551; baseline 0.003 -16"><span class='ocrx_word' id='word_1_726' title='bbox 318 5484 607 5537; x_wconf 72' lang='grc' dir='ltr'>Κοντάκιον</span> <span class='ocrx_word' id='word_1_727' title='bbox 634 5503 736 5541; x_wconf 90' lang='lat' dir='ltr'><strong>non</strong></span> <span class='ocrx_word' id='word_1_728' title='bbox 771 5487 1017 5541; x_wconf 84' lang='lat' dir='ltr'><strong>Latinam</strong></span> <span class='ocrx_word' id='word_1_729' title='bbox 1050 5505 1241 5551; x_wconf 72' lang='lat' dir='ltr'><strong>vocem,</strong></span> <span class='ocrx_word' id='word_1_730' title='bbox 1266 5489 1354 5541; x_wconf 82' lang='lat' dir='ltr'><strong>sed</strong></span> <span class='ocrx_word' id='word_1_731' title='bbox 1386 5488 1623 5541; x_wconf 68' lang='grc' dir='ltr'><strong>(ἐτίταινε</strong></span> <span class='ocrx_word' id='word_1_732' title='bbox 1647 5506 1759 5547; x_wconf 70' lang='lat' dir='ltr'><strong>esse</strong></span> <span class='ocrx_word' id='word_1_733' title='bbox 1782 5506 1873 5540; x_wconf 88' lang='lat' dir='ltr'><strong>ar-</strong></span> 
     </span>
    </p>
   </div>
   <div class='ocr_carea' id='block_1_107' title="bbox 324 5576 1872 5638">
    <p class='ocr_par' dir='ltr' id='par_1_107' title="bbox 324 5576 1872 5638">
     <span class='ocr_line' id='line_1_107' title="bbox 324 5576 1872 5638; baseline 0.005 -13"><span class='ocrx_word' id='word_1_734' title='bbox 324 5576 999 5638; x_wconf 63' lang='lat' dir='ltr'><strong>bitranlicetvernaculam</strong></span> <span class='ocrx_word' id='word_1_735' title='bbox 1058 5580 1256 5633; x_wconf 75' lang='grc' dir='ltr'>Κοντὸν</span> <span class='ocrx_word' id='word_1_736' title='bbox 1288 5581 1423 5632; x_wconf 80' lang='lat' dir='ltr'><strong>enim</strong></span> <span class='ocrx_word' id='word_1_737' title='bbox 1472 5580 1620 5632; x_wconf 68' lang='lat' dir='ltr'><strong>hodie</strong></span> <span class='ocrx_word' id='word_1_738' title='bbox 1680 5579 1872 5632; x_wconf 68' lang='lat' dir='ltr'><strong>(.‘mcit</strong></span> 
     </span>
    </p>
   </div>
   <div class='ocr_carea' id='block_1_108' title="bbox 1991 4387 3556 4465">
    <p class='ocr_par' dir='ltr' id='par_1_108' title="bbox 1991 4387 3556 4465">
     <span class='ocr_line' id='line_1_108' title="bbox 1991 4387 3556 4465; baseline 0.007 -27"><span class='ocrx_word' id='word_1_739' title='bbox 1991 4387 2129 4441; x_wconf 90' lang='lat' dir='ltr'><strong>inter</strong></span> <span class='ocrx_word' id='word_1_740' title='bbox 2152 4387 2330 4443; x_wconf 89' lang='lat' dir='ltr'><strong>ofﬁcia</strong></span> <span class='ocrx_word' id='word_1_741' title='bbox 2352 4390 2532 4446; x_wconf 83' lang='lat' dir='ltr'><strong>divina</strong></span> <span class='ocrx_word' id='word_1_742' title='bbox 2552 4392 3065 4465; x_wconf 74' lang='lat' dir='ltr'><strong>decantaudum,de</strong></span> <span class='ocrx_word' id='word_1_743' title='bbox 3085 4409 3195 4463; x_wconf 89' lang='lat' dir='ltr'><strong>quo</strong></span> <span class='ocrx_word' id='word_1_744' title='bbox 3215 4408 3314 4448; x_wconf 91' lang='lat' dir='ltr'><strong>nos</strong></span> <span class='ocrx_word' id='word_1_745' title='bbox 3337 4393 3556 4449; x_wconf 82' lang='lat' dir='ltr'><strong>abunde</strong></span> 
     </span>
    </p>
   </div>
   <div class='ocr_carea' id='block_1_109' title="bbox 1988 4479 2682 4555">
    <p class='ocr_par' dir='ltr' id='par_1_109' title="bbox 1988 4479 2682 4555">
     <span class='ocr_line' id='line_1_109' title="bbox 1988 4479 2682 4555; baseline 0.007 -23"><span class='ocrx_word' id='word_1_746' title='bbox 1988 4481 2041 4532; x_wconf 89' lang='lat' dir='ltr'><strong>in</strong></span> <span class='ocrx_word' id='word_1_747' title='bbox 2068 4479 2462 4549; x_wconf 78' lang='lat' dir='ltr'><strong>Eucltologicis.</strong></span> <span class='ocrx_word' id='word_1_748' title='bbox 2486 4483 2635 4540; x_wconf 69' lang='lat' dir='ltr'><strong>Gosn</strong></span> <span class='ocrx_word' id='word_1_749' title='bbox 2662 4484 2682 4555; x_wconf 92' lang='lat'>]</span> 
     </span>
    </p>
   </div>
   <div class='ocr_carea' id='block_1_110' title="bbox 2055 4570 3558 4633">
    <p class='ocr_par' dir='ltr' id='par_1_110' title="bbox 2055 4570 3558 4633">
     <span class='ocr_line' id='line_1_110' title="bbox 2055 4570 3558 4633; baseline 0.004 -10"><span class='ocrx_word' id='word_1_750' title='bbox 2055 4570 2117 4627; x_wconf 86' lang='lat' dir='ltr'><strong>P.</strong></span> <span class='ocrx_word' id='word_1_751' title='bbox 2144 4572 2198 4626; x_wconf 80' lang='grc'><strong>5.</strong></span> <span class='ocrx_word' id='word_1_752' title='bbox 2232 4571 2542 4628; x_wconf 84' lang='lat' dir='ltr'><strong>Secundum</strong></span> <span class='ocrx_word' id='word_1_753' title='bbox 2569 4576 2749 4630; x_wconf 91' lang='lat' dir='ltr'><strong>locum</strong></span> <span class='ocrx_word' id='word_1_754' title='bbox 2797 4576 2848 4630; x_wconf 92' lang='lat' dir='ltr'><strong>in</strong></span> <span class='ocrx_word' id='word_1_755' title='bbox 2876 4577 2975 4629; x_wconf 85' lang='lat' dir='ltr'><strong>hac</strong></span> <span class='ocrx_word' id='word_1_756' title='bbox 3003 4577 3159 4633; x_wconf 87' lang='lat' dir='ltr'><strong>tertia</strong></span> <span class='ocrx_word' id='word_1_757' title='bbox 3198 4578 3436 4632; x_wconf 82' lang='lat' dir='ltr'><strong>Pcutade</strong></span> <span class='ocrx_word' id='word_1_758' title='bbox 3464 4578 3558 4629; x_wconf 86' lang='lat' dir='ltr'><strong>ob-</strong></span> 
     </span>
    </p>
   </div>
   <div class='ocr_carea' id='block_1_111' title="bbox 1986 4664 3556 4735">
    <p class='ocr_par' dir='ltr' id='par_1_111' title="bbox 1986 4664 3556 4735">
     <span class='ocr_line' id='line_1_111' title="bbox 1986 4664 3556 4735; baseline -0.001 -18"><span class='ocrx_word' id='word_1_759' title='bbox 1986 4664 2119 4717; x_wconf 78' lang='lat' dir='ltr'><strong>tinet</strong></span> <span class='ocrx_word' id='word_1_760' title='bbox 2139 4665 2166 4716; x_wconf 83' lang='grc' dir='ltr'>ὁ</span> <span class='ocrx_word' id='word_1_761' title='bbox 2189 4665 2280 4719; x_wconf 76' lang='grc' dir='ltr'>ἐπὶ</span> <span class='ocrx_word' id='word_1_762' title='bbox 2303 4665 2409 4717; x_wconf 82' lang='grc' dir='ltr'>τῶν</span> <span class='ocrx_word' id='word_1_763' title='bbox 2440 4667 2703 4732; x_wconf 75' lang='grc' dir='ltr'>γονάτων,</span> <span class='ocrx_word' id='word_1_764' title='bbox 2742 4668 2977 4721; x_wconf 68' lang='lat' dir='ltr'><strong>minister</strong></span> <span class='ocrx_word' id='word_1_765' title='bbox 3013 4684 3044 4719; x_wconf 88' lang='grc' dir='ltr'><em>α</em></span> <span class='ocrx_word' id='word_1_766' title='bbox 3075 4672 3311 4735; x_wconf 81' lang='lat' dir='ltr'><strong>genibus,</strong></span> <span class='ocrx_word' id='word_1_767' title='bbox 3336 4667 3556 4735; x_wconf 75' lang='grc' dir='ltr'>κρεμῶν</span> 
     </span>
    </p>
   </div>
   <div class='ocr_carea' id='block_1_112' title="bbox 1984 4756 3555 4828">
    <p class='ocr_par' dir='ltr' id='par_1_112' title="bbox 1984 4756 3555 4828">
     <span class='ocr_line' id='line_1_112' title="bbox 1984 4756 3555 4828; baseline 0.001 -22"><span class='ocrx_word' id='word_1_768' title='bbox 1984 4756 2044 4806; x_wconf 83' lang='grc' dir='ltr'><strong>τὸ</strong></span> <span class='ocrx_word' id='word_1_769' title='bbox 2087 4758 2427 4823; x_wconf 77' lang='grc' dir='ltr'>ὲπιγονάτιον</span> <span class='ocrx_word' id='word_1_770' title='bbox 2487 4758 2577 4810; x_wconf 82' lang='grc' dir='ltr'>τοῦ</span> <span class='ocrx_word' id='word_1_771' title='bbox 2623 4760 2941 4828; x_wconf 76' lang='grc' dir='ltr'><strong>ἀρχιερέως,</strong></span> <span class='ocrx_word' id='word_1_772' title='bbox 2995 4760 3292 4825; x_wconf 78' lang='lat' dir='ltr'><strong>appendens</strong></span> <span class='ocrx_word' id='word_1_773' title='bbox 3338 4757 3555 4824; x_wconf 74' lang='lat' dir='ltr'><strong>genitale</strong></span> 
     </span>
    </p>
   </div>
   <div class='ocr_carea' id='block_1_113' title="bbox 1986 4847 3551 4915">
    <p class='ocr_par' dir='ltr' id='par_1_113' title="bbox 1986 4847 3551 4915">
     <span class='ocr_line' id='line_1_113' title="bbox 1986 4847 3551 4915; baseline 0.002 -19"><span class='ocrx_word' id='word_1_774' title='bbox 1986 4847 2299 4911; x_wconf 78' lang='lat' dir='ltr'><strong>patriarcha:</strong></span> <span class='ocrx_word' id='word_1_775' title='bbox 2325 4866 2414 4902; x_wconf 83' lang='lat' dir='ltr'><strong>seu</strong></span> <span class='ocrx_word' id='word_1_776' title='bbox 2453 4851 2644 4903; x_wconf 84' lang='lat' dir='ltr'><strong>summi</strong></span> <span class='ocrx_word' id='word_1_777' title='bbox 2690 4849 2999 4903; x_wconf 70' lang='lat' dir='ltr'><strong>sacerdotis.</strong></span> <span class='ocrx_word' id='word_1_778' title='bbox 3035 4848 3112 4901; x_wconf 80' lang='lat' dir='ltr'><strong>ita</strong></span> <span class='ocrx_word' id='word_1_779' title='bbox 3181 4848 3404 4915; x_wconf 86' lang='lat' dir='ltr'><strong>Junius;</strong></span> <span class='ocrx_word' id='word_1_780' title='bbox 3459 4849 3551 4915; x_wconf 86' lang='lat' dir='ltr'><strong>qui</strong></span> 
     </span>
    </p>
   </div>
   <div class='ocr_carea' id='block_1_114' title="bbox 1986 4933 3549 5005">
    <p class='ocr_par' dir='ltr' id='par_1_114' title="bbox 1986 4933 3549 5005">
     <span class='ocr_line' id='line_1_114' title="bbox 1986 4933 3549 5005; baseline 0.002 -21"><span class='ocrx_word' id='word_1_781' title='bbox 1986 4933 2146 4984; x_wconf 82' lang='lat' dir='ltr'><strong>ctiam</strong></span> <span class='ocrx_word' id='word_1_782' title='bbox 2178 4933 2235 4984; x_wconf 79' lang='grc' dir='ltr'><strong>τὸ</strong></span> <span class='ocrx_word' id='word_1_783' title='bbox 2266 4936 2606 5000; x_wconf 78' lang='grc' dir='ltr'>ἐπιγονάτιον</span> <span class='ocrx_word' id='word_1_784' title='bbox 2630 4936 3087 4989; x_wconf 82' lang='lat' dir='ltr'><strong>vocatinstratutn</strong></span> <span class='ocrx_word' id='word_1_785' title='bbox 3130 4953 3376 5005; x_wconf 80' lang='lat' dir='ltr'><strong>genuum.</strong></span> <span class='ocrx_word' id='word_1_786' title='bbox 3404 4939 3549 5004; x_wconf 80' lang='lat' dir='ltr'><strong>quia,</strong></span> 
     </span>
    </p>
   </div>
   <div class='ocr_carea' id='block_1_115' title="bbox 1988 5024 3550 5097">
    <p class='ocr_par' dir='ltr' id='par_1_115' title="bbox 1988 5024 3550 5097">
     <span class='ocr_line' id='line_1_115' title="bbox 1988 5024 3550 5097; baseline 0.003 -23"><span class='ocrx_word' id='word_1_787' title='bbox 1988 5035 2043 5074; x_wconf 88' lang='lat' dir='ltr'><strong>ut</strong></span> <span class='ocrx_word' id='word_1_788' title='bbox 2083 5024 2277 5092; x_wconf 89' lang='lat' dir='ltr'><strong>inquit,</strong></span> <span class='ocrx_word' id='word_1_789' title='bbox 2312 5041 2427 5079; x_wconf 81' lang='lat' dir='ltr'><strong>cum</strong></span> <span class='ocrx_word' id='word_1_790' title='bbox 2458 5024 2759 5091; x_wconf 83' lang='lat' dir='ltr'><strong>patriarcha</strong></span> <span class='ocrx_word' id='word_1_791' title='bbox 2790 5028 3305 5097; x_wconf 75' lang='lat' dir='ltr'><strong>circumferebatnr,</strong></span> <span class='ocrx_word' id='word_1_792' title='bbox 3347 5038 3399 5080; x_wconf 89' lang='lat' dir='ltr'><strong>ut</strong></span> <span class='ocrx_word' id='word_1_793' title='bbox 3432 5046 3550 5096; x_wconf 75' lang='lat' dir='ltr'><strong>per-</strong></span> 
     </span>
    </p>
   </div>
   <div class='ocr_carea' id='block_1_116' title="bbox 1982 5114 3547 5189">
    <p class='ocr_par' dir='ltr' id='par_1_116' title="bbox 1982 5114 3547 5189">
     <span class='ocr_line' id='line_1_116' title="bbox 1982 5114 3547 5189; baseline 0.003 -24"><span class='ocrx_word' id='word_1_794' title='bbox 1982 5123 2191 5179; x_wconf 83' lang='lat' dir='ltr'><strong>petuum</strong></span> <span class='ocrx_word' id='word_1_795' title='bbox 2224 5114 2385 5179; x_wconf 83' lang='lat' dir='ltr'><strong>ipsius</strong></span> <span class='ocrx_word' id='word_1_796' title='bbox 2421 5114 2487 5165; x_wconf 85' lang='lat' dir='ltr'><strong>ad</strong></span> <span class='ocrx_word' id='word_1_797' title='bbox 2522 5114 2820 5183; x_wconf 71' lang='lat' dir='ltr'><strong>fundendus</strong></span> <span class='ocrx_word' id='word_1_798' title='bbox 2845 5136 3020 5187; x_wconf 82' lang='lat' dir='ltr'><strong>preces</strong></span> <span class='ocrx_word' id='word_1_799' title='bbox 3049 5120 3283 5189; x_wconf 76' lang='lat' dir='ltr'><strong>of/icinnt</strong></span> <span class='ocrx_word' id='word_1_800' title='bbox 3341 5120 3547 5187; x_wconf 76' lang='lat' dir='ltr'><strong>signi/i-</strong></span> 
     </span>
    </p>
   </div>
   <div class='ocr_carea' id='block_1_117' title="bbox 1958 5204 3548 5281">
    <p class='ocr_par' dir='ltr' id='par_1_117' title="bbox 1958 5204 3548 5281">
     <span class='ocr_line' id='line_1_117' title="bbox 1958 5204 3548 5281; baseline 0.006 -27"><span class='ocrx_word' id='word_1_801' title='bbox 1958 5216 2209 5256; x_wconf 73' lang='lat' dir='ltr'><strong>-cat&#39;etttr.</strong></span> <span class='ocrx_word' id='word_1_802' title='bbox 2246 5204 2469 5275; x_wconf 70' lang='lat' dir='ltr'><strong>Mystica</strong></span> <span class='ocrx_word' id='word_1_803' title='bbox 2501 5206 2813 5275; x_wconf 76' lang='lat' dir='ltr'><strong>explicatio,</strong></span> <span class='ocrx_word' id='word_1_804' title='bbox 2848 5226 3020 5281; x_wconf 85' lang='lat' dir='ltr'><strong>caque</strong></span> <span class='ocrx_word' id='word_1_805' title='bbox 3070 5222 3289 5281; x_wconf 83' lang='lat' dir='ltr'><strong>propter</strong></span> <span class='ocrx_word' id='word_1_806' title='bbox 3322 5212 3548 5278; x_wconf 67' lang='lat' dir='ltr'><strong>pulclua</strong></span> 
     </span>
    </p>
   </div>
   <div class='ocr_carea' id='block_1_118' title="bbox 1980 5295 3540 5373">
    <p class='ocr_par' dir='ltr' id='par_1_118' title="bbox 1980 5295 3540 5373">
     <span class='ocr_line' id='line_1_118' title="bbox 1980 5295 3540 5373; baseline 0.004 -26"><span class='ocrx_word' id='word_1_807' title='bbox 1980 5305 2033 5348; x_wconf 84' lang='lat' dir='ltr'><strong>ct</strong></span> <span class='ocrx_word' id='word_1_808' title='bbox 2086 5295 2536 5351; x_wconf 76' lang='lat' dir='ltr'><strong>fcstit’a.Forsatt</strong></span> <span class='ocrx_word' id='word_1_809' title='bbox 2604 5300 2744 5355; x_wconf 78' lang='lat' dir='ltr'><strong>idem</strong></span> <span class='ocrx_word' id='word_1_810' title='bbox 2814 5306 3133 5373; x_wconf 82' lang='lat' dir='ltr'><strong>tnysteriuut</strong></span> <span class='ocrx_word' id='word_1_811' title='bbox 3199 5302 3540 5367; x_wconf 68' lang='lat' dir='ltr'><strong>signiﬁcatur</strong></span> 
     </span>
    </p>
   </div>
   <div class='ocr_carea' id='block_1_119' title="bbox 1977 5387 3541 5464">
    <p class='ocr_par' dir='ltr' id='par_1_119' title="bbox 1977 5387 3541 5464">
     <span class='ocr_line' id='line_1_119' title="bbox 1977 5387 3541 5464; baseline 0.006 -27"><span class='ocrx_word' id='word_1_812' title='bbox 1977 5403 2070 5453; x_wconf 83' lang='lat' dir='ltr'><strong>per</strong></span> <span class='ocrx_word' id='word_1_813' title='bbox 2095 5387 2393 5453; x_wconf 81' lang='lat' dir='ltr'><strong>pulvinum,</strong></span> <span class='ocrx_word' id='word_1_814' title='bbox 2423 5392 2515 5458; x_wconf 87' lang='lat' dir='ltr'><strong>qui</strong></span> <span class='ocrx_word' id='word_1_815' title='bbox 2557 5394 2857 5462; x_wconf 85' lang='lat' dir='ltr'><strong>principum</strong></span> <span class='ocrx_word' id='word_1_816' title='bbox 2886 5394 3120 5464; x_wconf 76' lang='lat' dir='ltr'><strong>genibus</strong></span> <span class='ocrx_word' id='word_1_817' title='bbox 3153 5392 3347 5459; x_wconf 81' lang='lat' dir='ltr'><strong>subjici</strong></span> <span class='ocrx_word' id='word_1_818' title='bbox 3376 5403 3430 5446; x_wconf 83' lang='lat' dir='ltr'><strong>et</strong></span> <span class='ocrx_word' id='word_1_819' title='bbox 3490 5395 3541 5446; x_wconf 88' lang='lat' dir='ltr'><strong>in</strong></span> 
     </span>
    </p>
   </div>
   <div class='ocr_carea' id='block_1_120' title="bbox 1979 5480 3045 5539">
    <p class='ocr_par' dir='ltr' id='par_1_120' title="bbox 1979 5480 3045 5539">
     <span class='ocr_line' id='line_1_120' title="bbox 1979 5480 3045 5539; baseline 0.008 -10"><span class='ocrx_word' id='word_1_820' title='bbox 1979 5494 2101 5529; x_wconf 79' lang='lat' dir='ltr'><strong>cum</strong></span> <span class='ocrx_word' id='word_1_821' title='bbox 2132 5493 2288 5537; x_wconf 79' lang='lat' dir='ltr'><strong>usum</strong></span> <span class='ocrx_word' id='word_1_822' title='bbox 2339 5480 2685 5537; x_wconf 80' lang='lat' dir='ltr'><strong>circumferri</strong></span> <span class='ocrx_word' id='word_1_823' title='bbox 2743 5486 3045 5539; x_wconf 73' lang='lat' dir='ltr'><strong>Consncvit.</strong></span> 
     </span>
    </p>
   </div>
   <div class='ocr_carea' id='block_1_121' title="bbox 2047 5570 3539 5645">
    <p class='ocr_par' dir='ltr' id='par_1_121' title="bbox 2047 5570 3539 5645">
     <span class='ocr_line' id='line_1_121' title="bbox 2047 5570 3539 5645; baseline 0.003 -22"><span class='ocrx_word' id='word_1_824' title='bbox 2047 5570 2205 5623; x_wconf 73' lang='lat' dir='ltr'><strong>Addit</strong></span> <span class='ocrx_word' id='word_1_825' title='bbox 2227 5570 2418 5629; x_wconf 81' lang='lat' dir='ltr'><strong>Junius</strong></span> <span class='ocrx_word' id='word_1_826' title='bbox 2450 5577 2594 5631; x_wconf 85' lang='lat' dir='ltr'><strong>:lloc</strong></span> <span class='ocrx_word' id='word_1_827' title='bbox 2611 5591 2779 5631; x_wconf 81' lang='lat' dir='ltr'><strong>autem</strong></span> <span class='ocrx_word' id='word_1_828' title='bbox 2798 5577 3132 5641; x_wconf 61' lang='lat' dir='ltr'><strong>ittt‘fhvdtlov</strong></span> <span class='ocrx_word' id='word_1_829' title='bbox 3150 5577 3539 5645; x_wconf 78' lang='lat' dir='ltr'><strong>appenJcbutur</strong></span> 
     </span>
    </p>
   </div>
  </div>
