3992 6240
410 182 513 249 155
602 132 611 133 7

1483 186 1566 250 IN
1600 188 1898 249 LIBRUM
1942 189 2037 249 DE
2076 189 2544 291 OFFICIISICP.

3536 205 3634 276 156

403 319 508 356 non
531 301 868 367 patriarcIue.
896 301 986 355 sed
1007 300 1187 369 pluteo
1217 317 1309 356 seu
1346 307 1578 374 pegmati
1600 308 1654 361 in
1691 308 1830 376 quod
1853 324 1982 376 pro-
2008 322 2052 379 Α
2083 324 2221 378 gone
2253 326 2347 365 seu
2381 312 2569 367 barba.
2602 311 2677 367 lta
2701 316 2953 386 pogonati
2981 317 3153 373 nostri
3179 320 3430 391 nuspiam
3461 322 3640 382 barbae

403 393 645 448 cumbere
674 393 873 447 solebat
901 404 1176 459 oraturus,
1205 404 1264 448 ut
1295 398 1635 465 magnatibus
1672 400 1789 467 fieri
1816 400 1971 456 solet.

403 485 622 545 Mirum.
654 486 696 539 si
723 485 798 540 ita
826 494 929 547 cst,
955 486 1217 555 appellari
1251 486 1618 557 ἑπιγονάτιον,
1650 505 1760 544 non
1792 492 1973 561 potius

406 575 774 642 ὐπογονάτιον.
802 573 931 647 Logi
956 577 1118 630 meri.
1164 577 1569 645 Ἐπιγονάτιον,
1599 582 1743 649 quod
1791 583 1844 636 in
1895 582 1974 636 ri-

406 666 642 721 tualibus
668 665 985 722 Graecorum
1013 667 1168 723 libris
1195 669 1357 724 etiam
1383 671 1741 746 ὑπογονάτιον
1786 673 1975 742 appel-

403 757 562 818 latur,
599 773 703 812 una
738 767 913 813 estex
947 759 1184 815 vestibus
1217 761 1413 830 quibus
1473 762 1711 833 episcopi
1760 763 1973 818 sacriﬁ-

402 845 549 899 cium
611 848 884 916 peracturi
937 849 1263 917 induuntur,
1291 851 1614 921 dependens
1680 868 1712 907 a
1769 852 1975 909 lumbis

403 950 568 1005 super
595 953 769 1003 genua
794 956 809 1005 ;
837 939 979 994 unde
1005 941 1169 996 etiam
1212 944 1595 1012 supergeuuale
1634 944 1974 1002 nominatur.

403 1030 506 1092 Qui
561 1029 726 1097 igitur
780 1031 1090 1100 pontiﬁcem
1130 1034 1237 1089 hoc
1283 1036 1614 1106 ὶπιγονατίῳ
1666 1051 1732 1090 ex
1790 1035 1975 1090 olﬁt-io

404 1120 713 1187 amiciebat,
745 1123 792 1177 is
814 1133 932 1177 erat
958 1126 986 1176 6
1010 1124 1101 1177 ἐπὶ
1141 1126 1252 1179 τῶν
1302 1129 1568 1193 γονάτων.

474 1212 755 1268 Ascribam
812 1217 971 1270 verba
1008 1218 1373 1282 Balsamonis,
1445 1222 1646 1289 quibus
1700 1222 1974 1293 imperitia

400 1306 551 1361 Junii
617 1310 1013 1377 proscribetur.
1106 1311 1334 1365 Exstant
1398 1327 1664 1382 responsa
1727 1315 1974 1383 quasdam

405 1400 739 1455 lialsamonls
765 1410 898 1454 tom.
925 1402 945 1455 l
977 1400 1127 1456 Juris
1154 1403 1268 1457 GR.
1291 1404 1357 1457 ad
1392 1406 1686 1458 nonnullas
1714 1407 1978 1475 quastio-

401 1506 521 1557 nes,
554 1491 698 1545 inter
726 1506 863 1560 quas
892 1502 945 1547 et
988 1494 1101 1550 hac
1132 1493 1225 1549 τοι.
1258 1495 1491 1559 381,'an
1533 1496 1672 1551 licite
1724 1497 1975 1551 sacerdo-

402 1592 499 1641 tes.
518 1584 608 1651 qui
637 1583 911 1653 hegumsni
940 1574 1032 1639 seu
1063 1587 1329 1640 antistites
1347 1597 1492 1651 sunt,
1512 1589 1635 1641 item
1655 1598 1975 1659 protopopas

2076 413 2190 452 sua:
2214 398 2457 455 oblivisci
2482 410 2731 471 possunt.

2148 489 2291 545 Ibid.
2343 491 2563 550 Tertius
2595 495 2649 549 in
2684 497 2838 551 tertia
2860 500 3090 567 pentade
3110 504 3239 558 esto
3267 506 3357 558 ἐπὶ
3384 507 3493 560 τῶν
3521 510 3638 579 δεή-

2072 594 2235 646 σεων,
2259 584 2509 653 magister
2534 584 2829 641 libellorum
2851 590 3193 659 supplicium,
3219 594 3402 668 inquit
3418 597 3633 666 Junius,

2073 686 2167 726 seu
2195 674 2473 743 praefectus
2492 670 2963 745 supplicationibus
2992 697 3007 735 :
3032 681 3191 751 hujus
3214 696 3330 740 erat
3365 703 3465 757 pro
3494 692 3636 761 inju-

2075 765 2157 816 ria
2182 764 2384 832 affectis
2411 768 2650 823 accedere
2663 769 3049 837 imperatorem.
3065 771 3184 829 Non
3207 778 3457 833 meminit
3481 781 3635 850 hujus

2074 851 2370 907 {unctionis
2392 853 2616 923 Citrius,
2646 856 2751 912 nisi
2773 857 2911 914 forte
2932 864 3074 929 apud
3095 861 3323 919 Citrium
3348 867 3631 938 legendum

2075 942 2147 996 sit
2171 944 2199 996 6
2224 943 2319 996 ιπὶ
2344 944 2454 996 τῶν
2479 944 2717 1015 δεήσεων
2745 961 2846 1015 pro
2872 950 2901 1001 6
2924 950 3018 1002 ἐπὶ
3046 951 3157 1004 τῶν
3189 954 3446 1025 κρίσεων,
3475 973 3631 1027 quem

2075 1032 2191 1102 ipse
2222 1034 2507 1089 undecimo
2554 1036 2675 1091 loco
2703 1038 2878 1107 ponit.
2923 1038 3177 1098 Nominat
3209 1045 3367 1100 initio
3394 1047 3633 1105 Codinus

2075 1124 2166 1175 τὸν
2198 1125 2291 1176 ἐπὶ
2311 1125 2422 1178 τῶν
2441 1125 2694 1193 κρίσεων,
2725 1128 2851 1184 licet
2870 1144 2994 1185 eum
3025 1142 3212 1202 postea
3240 1135 3296 1188 in
3329 1137 3474 1191 nulla
3505 1155 3633 1208 pen-

2075 1213 2201 1269 tade
2232 1215 2482 1281 collocet,
2510 1218 2555 1272 si
2583 1228 2760 1274 tamen
2783 1224 2995 1290 primus
3022 1223 3341 1281 oiﬁcialium
3371 1227 3529 1283 index
3552 1241 3635 1285 est

2076 1307 2292 1363 Codini.
2344 1309 2550 1366 σκετο.

2149 1397 2335 1472 [Deest
2373 1399 2427 1453 in
2468 1399 2751 1455 Allatianis
2774 1402 2876 1457 hoc
2908 1402 3173 1469 ofﬁcium,
3207 1414 3267 1461 ut
3292 1416 3346 1461 et
3376 1421 3635 1476 sequens,

2078 1491 2293 1546 accensi
2323 1491 2677 1547 ecclesiastici
2704 1493 3008 1560 silentium,
3034 1497 3270 1567 quietem
3302 1506 3356 1552 et
3388 1500 3635 1554 ordinem

2080 1582 2135 1636 in
2183 1583 2427 1646 secretis,
2468 1583 2570 1637 hoc
2611 1593 2694 1638 est
2729 1586 3023 1653 pontiﬁciis
3077 1588 3466 1654 tribunalibus,
3501 1591 3640 1644 imii-

403 1685 450 1726 et
470 1676 760 1743 episcopus,
783 1678 1111 1744 epimaniciis
1129 1687 1178 1731 et
1198 1679 1515 1748 epigonatiis
1539 1681 1972 1736 condecorentur.
2010 1658 2051 1714 Β
2077 1675 2269 1729 Gentis.
2288 1675 2487 1749 GOAR-j

409 1766 784 1833 Respondetur
810 1785 825 1819 :
852 1768 973 1821 Τῶν
997 1768 1366 1838 ὲπιμανικῑων
1388 1770 1484 1823 καὶ
1506 1772 1867 1839 ἑπιγονατῐων
1904 1775 1979 1826 ie-

409 1857 625 1926 ρωτάτη
670 1858 957 1927 ὲνδυμενια
992 1861 1174 1929 μόνοις
1193 1860 1512 1931 ἀρχιερεῦσι
1531 1861 1979 1933 πεφιλοτὶμηταε,

405 1949 799 2002 sacratissimus
827 1950 1263 2018 epimaniciorum
1294 1963 1344 2007 et
1383 1947 1803 2022 epigoﬁatiorum
1841 1956 1979 2009 ami-

409 2046 524 2090 ctus
555 2038 680 2092 solis
718 2041 972 2109 episcopis
1018 2058 1293 2097 concessus
1318 2053 1396 2097 est
1442 2053 1693 2115 tanquam
1753 2045 1979 2116 ﬁguram

412 2129 624 2184 Domini
657 2141 705 2185 et
728 2131 1021 2187 Servatoris
1051 2136 1219 2188 nostri
1253 2135 1347 2190 Dei
1380 2134 1509 2190 Iesu
1564 2138 1767 2191 Christi
1797 2153 1979 2208 geren-

412 2223 569 2281 tibus.
597 2235 647 2279 et
681 2224 803 2276 hinc
842 2226 1003 2277 etiam
1062 2234 1281 2288 peccata
1322 2229 1739 2293 remittentibus,
1765 2239 1814 2283 et
1868 2229 1981 2283 alia

408 2315 478 2367 ad
510 2316 859 2370 imitationem
907 2319 1106 2372 Christi
1141 2319 1454 2387 facientibus
1482 2336 1596 2390 qua:
1619 2321 1979 2375 sacerdotibus

410 2422 511 2460 non
580 2418 702 2461 sunt
753 2426 1024 2465 concessa.
1079 2410 1259 2475 Quare
1323 2429 1485 2482 neque
1540 2414 1979 2481 epimaniciorum

408 2515 569 2566 neque
630 2501 1046 2569 epigonatiorum
1136 2505 1332 2557 amictu
1395 2505 1777 2574 insigniuntur.
1834 2504 1980 2559 Nam

407 2591 724 2656 epimanicia
770 2601 922 2661 typus
975 2602 1099 2646 sunt
1161 2594 1515 2661 vinculorum,
1573 2597 1760 2666 quibus
1781 2595 1980 2651 Christi

410 2700 595 2737 manus
619 2686 883 2755 colligattc
912 2687 1131 2755 fuerunt
1161 2690 1373 2757 quando
1414 2690 1483 2742 ad
1534 2694 1833 2759 passionem
1864 2702 1982 2744 ten-

2152 1762 2239 1817 Ib.
2273 1764 2511 1831 Quartus
2542 1776 2624 1823 est
2650 1770 2678 1822 6
2709 1768 2799 1822 ἐπὶ
2830 1769 2941 1822 τῶν
2965 1771 3258 1842 σεκρέτων,
3285 1787 3447 1842 quem
3474 1789 3642 1826 secre-

2082 1856 2279 1909 tarium
2308 1857 2493 1912 dicere
2525 1858 2733 1924 liceret,
2755 1860 2859 1915 nisi
2886 1864 3153 1915 secretarii
3176 1879 3282 1917 vox
3306 1879 3407 1917 usu
3428 1874 3642 1933 recepto

2075 1946 2187 2014 jam
2213 1949 2512 2003 actuarium
2532 1964 2623 2005 seu
2644 1952 2871 2006 scribam
2894 1967 2988 2008 seu
3011 1956 3277 2009 notarium
3291 1955 3641 2024 signiﬁcaret.

2079 2040 2149 2091 At
2175 2048 2364 2094 noster
2394 2039 2493 2095 iste
2518 2042 2547 2094 6
2567 2042 2660 2095 ἐπὶ
2686 2042 2794 2095 τῶν
2827 2044 3102 2114 σεκρέτων
3136 2045 3281 2099 aliud
3320 2061 3522 2100 munus
3545 2047 3643 2100 ba-

2080 2128 2281 2184 bebat:
2312 2139 2433 2184 erat
2464 2134 2610 2185 enim
2646 2132 2931 2190 institutus
2970 2137 3050 2197 ei;
3083 2136 3145 2189 τὸ
3186 2135 3382 2189 παύειν
3402 2138 3493 2190 τὸν
3515 2137 3646 2190 λαὸν

2080 2222 2171 2273 ἐπὶ
2202 2220 2265 2274 τὸ
2292 2222 2519 2293 κρίνειν,
2553 2226 2925 2293 compescenda
2951 2227 3165 2295 populo,
3202 2236 3261 2281 ut
3303 2227 3512 2297 judicia
3541 2230 3643 2282 ha-

2081 2314 2323 2379 beantur,
2362 2316 2538 2385 inquit
2560 2314 2778 2380 Junius,
2808 2332 3117 2387 perperam.
3150 2317 3348 2373 Verte:
3385 2317 3517 2388 Ejus
3549 2320 3644 2388 qui

2080 2416 2276 2461 secreto
2315 2417 2504 2477 praeest
2536 2424 2725 2463 munus
2761 2421 2836 2463 est
2863 2420 2944 2475 ut,
2975 2411 3101 2464 dum
3122 2412 3334 2480 judicia
3361 2412 3644 2477 habentur,

2079 2498 2331 2567 populum
2360 2500 2415 2552 in
2444 2501 2609 2570 officio
2640 2501 2927 2568 contineat,
2969 2501 3229 2557 nimirum
3262 2512 3324 2558 ut
3365 2504 3645 2559 silentium

2081 2603 2324 2645 servaret
2354 2593 2639 2663 nullasque
2668 2580 2853 2649 turbas
2874 2593 3079 2660 cieret;
3104 2595 3249 2664 quod
3284 2590 3482 2650 munus
3513 2595 3646 2649 olim

2082 2695 2200 2739 erat
2231 2686 2543 2739 cetariorum
2573 2695 2621 2739 et
2648 2686 3109 2753 cancellariorum,
3151 2696 3208 2739 ut
3237 2702 3399 2756 supra
3435 2688 3649 2741 notavi-

406 2774 585 2829 dcbat,
612 2776 982 2847 Ερὲροηαιὶαηι
1002 2788 1179 2832 autem
1208 2781 1609 2848 (supergenuale
1640 2792 1790 2834 υοεαι
1819 2782 1983 2835 ἱηεεν-
2084 2791 2205 2830 mus
2219 2791 2283 2830 ει
2303 2776 2624 2832 Casaubono
2642 2779 2706 2831 ad
2722 2777 3018 2847 Augustam
3045 2777 3353 2845 historiam;
3380 2777 3469 2832 tibi
3485 2778 3648 2832 etiam

407 2881 526 2930 pres
555 2867 572 2931 )
602 2868 777 2932 ﬁgura
810 2875 886 2920 est
910 2868 1078 2931 lintei,
1130 2870 1269 2936 quod
1328 2869 1501 2922 induit
1551 2870 1809 2924 Dominus
1862 2888 1982 2926 cum
2083 2868 2287 2922 dictum
2316 2879 2515 2924 secreta
2547 2869 2730 2924 vocari
2754 2870 2872 2933 loca
2898 2869 2992 2923 ubi
3020 2868 3086 2924 de
3113 2869 3341 2939 negotiis
3385 2883 3483 2939 pro
3509 2870 3648 2924 rati-

414 2956 567 3026 14],
600 2958 981 3025 discipulorum
1011 2960 1164 3028 pedes
1189 2961 1338 3015 lavit.
1382 2961 1837 3027 Quemadmodum
1884 2965 1984 3036 igi—
2007 2978 2052 3041 ρ
2087 2977 2191 3015 one
2225 2961 2468 3015 muneris
2516 2961 2751 3031 quisque
2781 2961 2863 3015 sui
2911 2961 3195 3016 tractaturi
3228 2961 3651 3016 conveniebant.

413 3052 776 3119 turcpisropis
806 3070 910 3107 non
971 3053 1333 3107 conceduntur
1396 3073 1458 3110 ea
1519 3058 1826 3111 indumenta
1870 3075 1989 3129 qua!

408 3142 731 3210 patriarchis
751 3158 995 3197 concessa
1019 3153 1163 3208 sunt,
1198 3154 1254 3199 ut
1282 3162 1466 3200 saccus
1495 3155 1545 3201 et
1592 3150 1983 3219 polystaurion,

410 3236 567 3290 restis
596 3235 833 3288 crucibus
868 3237 1208 3307 undequaque
1234 3241 1536 3309 conspicua,
1558 3243 1634 3294 ita
1658 3258 1751 3297 nec
1769 3260 1831 3298 ea
1879 3247 1989 3314 pri-

410 3327 604 3395 uilegia
630 3343 746 3395 quae
775 3330 1030 3397 episcopis
1059 3346 1309 3384 concessa
1364 3341 1489 3386 sunt
1542 3338 1610 3387 ad
1685 3338 1985 3392 sacerdotes

410 3416 697 3485 transferri
719 3430 962 3486 possunt.
993 3418 1117 3474 litec
1153 3419 1461 3477 Balsamon.
1495 3422 1571 3478 Ex
1596 3425 1752 3496 cujus
1810 3430 1989 3483 verbis

413 3508 585 3576 liquet
630 3510 997 3577 epigonatium
1064 3512 1370 3580 episcopale
1447 3515 1829 3570 vestimentum
1888 3534 1985 3573 scu

414 3599 795 3652 indumentum
845 3615 985 3668 esse,
1059 3618 1165 3657 non
1228 3614 1409 3658 autem
1466 3605 1525 3677 id
1584 3608 1731 3677 quod
1787 3606 1987 3666 Junius

418 3689 718 3744 lectoribus
749 3691 1011 3747 venditat.
1040 3692 1245 3748 Gners.
1458 3676 1472 3691 ⁸

487 3779 572 3852 [Ρ.
606 3782 659 3837 5.
698 3782 1073 3850 Ἐπιγονάτιον
1130 3794 1511 3841 ornamentum
1543 3797 1623 3842 est
1654 3790 1990 3848 ecclesiasti-

414 3888 563 3939 cum,
589 3873 709 3942 plus
743 3890 905 3944 quam
924 3875 1184 3945 palmare,
1214 3888 1267 3932 et
1296 3878 1591 3947 quadrum,
1612 3896 1678 3934 ex
1712 3883 1911 3951 angulo
1936 3893 1990 3939 et

418 3963 549 4019 tunc
600 3966 777 4021 serico
817 3981 968 4021 zonae
1024 3983 1347 4037 appensum,
1399 3984 1461 4025 ac
1488 3984 1630 4041 genu
1681 3971 1987 4038 sinistrum,

416 4057 565 4111 unde
620 4058 696 4110 illi
748 4073 947 4113 nomen
982 4061 1195 4127 datum,
1240 4062 1600 4128 obumbrans,
1639 4073 1699 4119 ut
1733 4066 1991 4121 Ecclesia:

420 4161 681 4214 sponsum
710 4148 889 4217 gladio
912 4164 1076 4218 super
1101 4151 1277 4205 femur
1303 4155 1609 4209 accinctum
1634 4164 1688 4209 et
1717 4166 1986 4213 armatum

423 4239 741 4305 adumbrat;
771 4238 1001 4309 ejusque
1030 4241 1129 4294 soli
1167 4244 1454 4310 pontiﬁces
1502 4261 1566 4300 ac
1594 4249 1861 4316 praecipua
1909 4250 1989 4305 di-

2087 3051 2219 3105 lnde
2267 3050 2323 3105 in
2360 3048 2644 3122 JuquR.
2679 3050 2969 3120 aliquoties
3022 3053 3340 3122 σεκρετικδν
3399 3052 3651 3121 ἀξίωμα,

2086 3142 2321 3211 dignitas
2353 3142 2576 3195 curialis
2605 3141 2761 3213 142
2795 3142 2911 3197 sive
2937 3141 3229 3195 senatoria.
3262 3140 3404 3195 Hinc
3424 3150 3480 3195 et
3507 3142 3656 3210 pala-

2087 3234 2200 3288 tina
2250 3233 2487 3303 dignitas
2549 3235 2691 3303 apud
2755 3234 3022 3290 Codinum
3072 3249 3126 3302 p.
3165 3235 3250 3302 10,
3280 3234 3390 3289 (3.9
3429 3250 3653 3304 πρωτα-

2089 3324 2379 3394 σηκρῆτις,
2413 3341 2518 3379 vox
2549 3340 2613 3380 ex
2645 3323 2833 3381 Graeco
2865 3334 2918 3380 et
2956 3324 3147 3380 Latino
3194 3335 3475 3397 compacta
3506 3325 3655 3395 (pro-

2088 3418 2486 3471 tosecretarium
2518 3417 2689 3489 aliqui
2745 3417 3075 3486 norninant),
3106 3417 3266 3486 longe
3290 3417 3543 3472 diversus
3582 3417 3649 3471 ab

2087 3508 2194 3562 isto
2224 3516 2416 3562 nostro
2446 3508 2547 3576 qui,
2582 3507 2786 3561 dicitur
2830 3509 2857 3561 6
2887 3509 2978 3560 ἐπὶ
3005 3508 3113 3560 τῶν
3169 3509 3443 3577 σεκρέτων
3474 3526 3489 3561 :
3524 3522 3651 3560 nam

2087 3596 2361 3666 illcjudex
2390 3604 2527 3663 erat,
2581 3596 2931 3666 liicjudicum
2965 3609 3020 3651 et
3053 3607 3277 3652 senatus
3308 3596 3653 3651 administer.

2086 3686 2269 3752 Quare
2314 3696 2373 3740 ut
2429 3687 2650 3741 nomine
2693 3700 2817 3741 cum
2858 3686 3064 3742 Latinis
3094 3687 3266 3743 (ἓνκοί
3298 3688 3655 3754 conveniant,

2088 3786 2283 3830 neutro
2317 3784 2494 3832 tamen
2528 3778 2688 3831 modo
2716 3778 3052 3832 conveniunt
3079 3793 3138 3833 rc
3166 3779 3510 3849 signiﬁcata:
3544 3779 3652 3833 La-

2090 3866 2219 3923 tinis
2248 3869 2391 3921 enim
2421 3868 2741 3923 secretarius
2770 3868 2882 3939 jam
2935 3869 3096 3939 vulgo
3136 3880 3220 3926 est
3246 3872 3527 3925 actuarius
3558 3885 3674 3926 scu'

2086 3958 2288 4023 scriba,
2314 3969 2420 4016 etc.
2452 3958 2564 4014 Etsi
2593 3962 2696 4014 bac
2733 3961 2957 4016 notione
2985 3976 3087 4015 vox
3121 3962 3236 4017 haec
3267 3962 3404 4031 apud
3432 3961 3658 4018 Graecos

2087 4064 2307 4120 quoque
2334 4059 2607 4116 occurrat,
2638 4050 2732 4119 qui
2761 4060 2816 4105 et
2854 4050 2995 4123 banc
3025 4068 3058 4105 a
3085 4053 3293 4106 secretis
3317 4067 3472 4106 suam
3505 4052 3659 4106 fece-

2092 4152 2219 4196 runt
2258 4150 2313 4195 et
2335 4144 2388 4194 in
2415 4157 2579 4196 unam
2621 4143 2949 4209 conﬁarunt,
2974 4144 3273 4214 ἀσεκρῆτις
3304 4143 3385 4198 vel
3418 4144 3661 4213 ἀσεκρή-

2088 4253 2209 4305 της.
2244 4236 2400 4306 Apud
2421 4237 2651 4292 Citrium
2685 4246 2834 4292 tenet
2859 4239 2886 4291 6
2914 4238 3009 4291 ἐπὶ
3034 4238 3143 4291 τῶν
3171 4238 3445 4309 σεκρέτων
3475 4239 3659 4293 locum

417 4329 622 4399 gnitate
662 4330 907 4399 praeclari
960 4334 1102 4386 nacti
1160 4343 1289 4387 sunt
1327 4350 1488 4389 usum
1520 4352 1536 4402 ;
1576 4312 1632 4391 et
1670 4336 1737 4392 ab
1759 4312 1858 4410 eo,
1894 4341 1981 4408 qui

2092 4329 2384 4383 decimum.
2423 4329 2807 4398 Ἀσηκρήτειον
2829 4331 2969 4399 apud
2991 4330 3297 4384 Cedrenum
3322 4332 3375 4385 in
3398 4330 3664 4386 Michaele

420 4421 738 4494 puntii‘tcum
771 4422 927 4477 zonis
958 4423 1131 4492 attigit
1162 4424 1431 4487 minister,
1466 4428 1492 4478 6
1524 4427 1635 4493 ἐπὶ,
1668 4428 1748 4481 vel
1777 4437 1837 4482 ut
1868 4429 1985 4495 alii,

417 4512 527 4579 ῥπὺ
555 4512 662 4564 τῶν
685 4513 929 4581 γονάτων
954 4514 1370 4584 appellationem
1401 4517 1489 4573 hic
1521 4518 1739 4589 accipit.
1773 4518 1845 4576 De
1877 4536 1987 4592 quo

418 4601 738 4663 Allatiana:
782 4603 841 4655 Ὀ
896 4605 1000 4657 ὑπὸ
1048 4606 1315 4673 γονάτων,
1348 4608 1476 4662 ὅταν
1529 4611 1858 4665 ἀλλάσσουσι
1898 4613 1988 4665 τὸν

417 4692 703 4763 ἀρχιερέα,
740 4697 899 4765 φορεῖ
945 4696 1095 4766 αὐτῷ
1129 4697 1189 4750 τὸ
1230 4699 1613 4766 ὑπογονάτεον,
1668 4704 1885 4779 κρατῶν
1932 4704 1987 4756 δὲ

421 4787 516 4858 aut
552 4787 641 4849 τὸν
670 4787 852 4843 δὶπκον
885 4790 941 4841 ὲν
968 4792 1032 4859 τῇ
1068 4790 1382 4857 λειτουργίᾳ
1412 4790 1691 4859 διδομένου
1726 4792 1856 4860 παρ’
1890 4794 1989 4846 αὐ-

421 4876 516 4949 τοῦ
536 4877 628 4929 τοῦ
654 4878 816 4947 ἁγίου
848 4883 1016 4948 ἄρτου
1048 4880 1126 4951 τῷ
1156 4882 1295 4951 λαῷ.
1331 4882 1482 4937 Gosn
1513 4881 1531 4953 ]

495 4967 733 5031 Vocatur
761 4970 921 5024 etiam
974 4976 1222 5040 γονάτων
1251 4976 1407 5046 quasi
1444 4975 1684 5045 genunle.
1711 4975 1993 5033 Cabasilas

425 5062 481 5127 in
512 5060 793 5122 GIOSSario
819 5080 833 5116 :
868 5064 977 5115 Καὶ
1004 5065 1173 5117 τύπον
1204 5067 1325 5119 τινὰ
1360 5066 1635 5137 ῥομφαίας
1664 5067 1993 5135 περιζωννύο

423 5168 545 5215 99st
593 5154 776 5220 αὑτὸν,
811 5156 872 5207 τὸ
916 5156 1210 5227 λεγόμενον
1240 5161 1510 5226 vovi-nov,
1541 5159 1568 5212 6
1622 5161 1758 5231 πρὸς
1806 5163 1990 5231 σχῆμα

376 5300 377 5303 η
429 5241 617 5309 ξίφους
651 5245 1075 5313 ἐσχημάτισται.
1128 5245 1327 5300 Cntz'rs.

493 5333 655 5404 [Ibid.
676 5336 1106 5405 'Emrorcinor.
1138 5336 1287 5391 Alias
1317 5338 1693 5404 ὐπογονᾶτιον.
1728 5336 1925 5408 Ceam]

493 5426 754 5495 Lepidum
787 5439 839 5484 ct
872 5430 984 5484 risu
1015 5430 1239 5499 dignum
1276 5431 1516 5483 arbitror
1552 5431 1695 5499 quod
1726 5431 1986 5484 Salomon

423 5519 789 5591 Sweiggcrus,
820 5524 1121 5591 praedicans
1158 5521 1407 5588 Noricus,
1434 5520 1470 5574 l.
1506 5537 1542 5574 ιι
1602 5524 1685 5575 sui
1715 5520 1990 5590 llOtiu‘ptl-

427 5610 523 5666 rici
557 5627 607 5665 c.
643 5612 709 5669 ΟΞ
745 5625 946 5669 vestem
991 5615 1130 5667 banc
1174 5623 1327 5667 vocat
1388 5612 1762 5681 mnynwdmv,
1812 5626 1841 5663 a
1892 5622 1961 5679 po

2096 4418 2422 4487 imperatore
2441 4429 2525 4475 est
2546 4421 2699 4475 curia
2746 4436 2840 4475 seu
2882 4422 3036 4477 locus
3080 4422 3391 4477 secretioris
3417 4423 3660 4482 consilii.

2098 4509 2180 4562 vel
2212 4509 2366 4564 locus
2392 4509 2484 4563 ubi
2529 4510 2809 4565 secretarii
2860 4513 3212 4566 conveniunt.
3262 4510 3320 4565 In
3354 4510 3664 4565 Pseudoca-

2094 4600 2274 4655 rolino
2290 4615 2454 4671 opere
2483 4600 2555 4655 De
2574 4600 2910 4671 imaginibus,
2929 4618 3006 4668 tv,
3029 4602 3083 4666 9,
3111 4602 3273 4658 unica
3300 4601 3538 4658 dietione
3564 4617 3663 4657 oc-

2098 4693 2271 4746 currit
2298 4692 2569 4749 Asecreta.

2165 4779 2225 4836 P.
2262 4783 2315 4837 5.
2349 4782 2609 4852 Sequitur
2638 4783 2861 4853 quintus
2890 4785 2917 4837 6
2950 4785 3040 4837 ἐπὶ
3073 4784 3171 4854 τῆς
3200 4785 3353 4853 ἱερᾶς
3381 4783 3665 4836 καταστά-

2096 4890 2254 4937 σεως,
2269 4874 2549 4943 prtcfectus
2566 4892 2716 4929 sacro
2738 4876 3075 4940 consistorio,
3098 4876 3175 4928 ait
3195 4874 3409 4937 Junius.
3439 4873 3665 4927 Rectius

2096 4965 2151 5019 in
2178 4964 2310 5020 Jnre
2336 4966 2450 5021 GR.
2478 4967 2759 5035 praefectus
2782 4984 2950 5023 sacra:
2970 4967 3209 5029 stationi,
3238 4966 3491 5033 cujuscst
3513 4964 3666 5026 ἐντὸς

2094 5058 2188 5111 τοῦ
2224 5060 2487 5129 βήματος,
2507 5061 2647 5112 intra
2667 5058 3087 5119 tabernaculum,
3109 5058 3253 5109 intra
3275 5056 3448 5110 altare
3466 5054 3669 5122 ipsum,

2095 5150 2585 5215 ebraEiav,rectum
2603 5150 2950 5218 debitumque
2966 5147 3237 5211 ordinem,
3252 5159 3576 5200 conservare
3591 5144 3672 5195 in-

2104 5252 2183 5295 tcr
2209 5240 2487 5294 ministros
2510 5240 2735 5294 ctalios.
2768 5239 2922 5292 Errat
2945 5240 3089 5294 enim
3121 5237 3334 5297 Junius,
3364 5235 3455 5304 qui
3485 5233 3675 5299 pra-lc-

2098 5332 2167 5385 αἱ
2190 5331 2351 5399 hujus
2378 5346 2577 5384 munus
2594 5330 2698 5382 alio
2718 5329 2901 5381 trahit.
2927 5328 2993 5379 At
3017 5328 3143 5381 locis
3165 5327 3270 5380 illis
3288 5324 3675 5384 secretioribus,

2100 5424 2277 5492 inquit
2297 5422 2513 5484 Junius,
2535 5423 2738 5491 judiccs
2765 5423 2832 5473 ad
2853 5418 3315 5474 tribunalcousilio
3334 5427 3486 5484 cupio
3507 5414 3673 5468 senis-

2098 5519 2242 5580 bnnt,
2270 5516 2357 5569 abi
2382 5515 2612 5568 ordinem
2637 5516 2680 5567 is
2710 5514 2800 5583 qui
2827 5514 3060 5580 proxime
3081 5513 3314 5580 sequitur
3328 5505 3673 5576 procumbat,

2096 5609 2124 5660 6
2148 5609 2234 5660 ἐπὶ
2266 5609 2363 5677 si};
2403 5609 2551 5678 ἱερᾶς
2578 5608 2957 5669 κλταστάσεως
2991 5605 3213 5661 scilicet.
3244 5602 3447 5660 (ἱκετει.
