3992 6240
323 220 417 285 ιετ

1398 228 1783 289 GRETSERI
1824 230 1915 290 ET
1949 230 2188 293 GOARI
2228 234 2469 300 ΝΟΤΑΞ.

3443 242 3544 311 158

382 335 479 408 ['0
510 333 606 388 ἐπὶ
639 335 750 403 τῆς
772 336 934 405 ἱερᾶς
953 340 1405 407 καταστάσεως.
1425 346 1504 410 Si,
1529 346 1871 401 utconsentit

1975 346 2122 413 leges
2146 349 2318 418 ponit,
2352 364 2453 405 nec
2482 349 2570 404 bic
2598 348 2823 405 Patrum
2855 351 3093 417 sancita,
3128 352 3233 408 nisi
3264 354 3331 409 ad
3362 358 3546 412 mode-

316 426 559 493 Aliatius,
606 426 747 481 idem
780 427 872 497 qui
915 428 1009 481 ἐπὶ
1049 431 1303 497 εὐταξίας
1339 432 1521 499 fuerit,
1546 435 1613 489 de
1643 435 1734 490 illo
1765 437 1881 490 haec

316 521 430 589 ejus
455 533 585 573 mss.
619 537 634 574 :
665 518 723 571 Ὀ
752 520 846 573 ἐπὶ
871 520 1125 588 εὐταξίας
1150 523 1362 579 ἵσταται
1392 528 1490 582 καὶ
1519 527 1735 598 δέχεται
1758 527 1885 591 τοὺς

318 612 569 680 ἄρχοντας
604 611 699 663 καὶ
727 612 918 681 στήκει
946 613 1146 678 αὑτοὺς
1177 616 1318 671 κατά
1342 617 1442 686 τὴν
1466 618 1644 683 τάξιν,
1679 620 1882 688 μᾶλλον

316 704 368 756 δὲ
396 702 488 757 καὶ
513 702 583 757 νά
610 702 889 759 καθίσουν.
914 706 1133 761 Addunt
1158 707 1296 763 alia:
1318 696 1405 763 Νὰ
1432 709 1653 779 ὁρίζουν
1680 710 1769 764 ἵνα
1794 727 1884 777 φι-

316 794 570 849 λοκαλοῦν
598 796 694 847 καὶ
723 796 790 849 νά
825 796 1065 851 πλύνωσι
1093 798 1191 863 τὰς
1225 800 1522 872 κανδήλας.
1550 800 1754 857 Verum
1781 816 1881 856 tto-

319 886 516 939 tninum
541 886 747 941 omisso
766 886 1102 952 discrimine,
1121 889 1405 945 dicendum
1432 890 1722 947 manifesto
1752 893 1882 963 περὶ

316 975 403 1028 τοῦ
443 976 537 1028 int
565 976 667 1046 τῆς
712 978 867 1048 ἱερᾶς
896 978 1285 1043 καταστάσεως
1319 997 1333 1035 :
1366 980 1434 1035 de
1460 996 1568 1052 quo
1590 997 1700 1039 non
1727 982 1880 1037 Alla—

318 1066 457 1121 tiaua
489 1082 649 1134 mss.,
674 1069 766 1124 sed
801 1068 979 1125 Allatii
1010 1069 1183 1139 ipsius
1214 1087 1431 1137 manus,
1456 1073 1548 1127 ubi
1585 1073 1652 1129 de
1685 1088 1881 1129 recen-

317 1158 509 1212 tiorum
545 1157 861 1215 Graecorum
892 1160 1130 1231 templis.
1156 1160 1232 1218 Ne
1270 1163 1531 1229 ministri,
1560 1164 1652 1233 qui
1678 1175 1734 1220 ιιι
1758 1164 1881 1235 plu-

312 1250 749 1320 rimumjuvenes
771 1262 918 1318 sunt,
940 1253 1006 1307 ad
1034 1254 1333 1309 ludendum
1360 1256 1618 1326 prompti,
1644 1256 1880 1324 ineptias

313 1353 463 1412 agant
491 1354 547 1397 et
572 1343 741 1398 risum
781 1345 1043 1407 excitent,
1083 1345 1378 1413 praefectus
1404 1346 1512 1400 illis
1533 1348 1625 1399 ἰπὶ
1653 1347 1752 1414 τῆς
1792 1347 1870 1399 tr-

313 1436 407 1506 ρᾶς
435 1435 841 1502 καταστάσεως,
871 1438 1150 1507 ρνωίεσιιιι
1172 1454 1324 1493 sacro
1345 1439 1661 1494 consistorio
1680 1436 1876 1495 iniure

312 1524 443 1588 οιι..
473 1533 528 1580 et
571 1526 827 1582 Gretsero
883 1528 1161 1598 prwfectus
1218 1545 1383 1584 sacra:
1425 1528 1668 1591 stationi,
1706 1533 1869 1597 quam

312 1626 470 1682 recte,
510 1617 615 1688 ipsi
652 1617 909 1673 viderint.
942 1618 1053 1689 Ego
1085 1631 1351 1676 verterem
1380 1620 1722 1675 moderandis
1755 1636 1872 1674 mo-

1986 432 2145 485 stiaut
2181 442 2444 503 spectent,
2474 433 2815 489 observanda
2863 437 3139 504 proponit.
3179 438 3342 510 Regia
3383 456 3547 511 supc-

1993 523 2108 575 rius
2142 523 2304 577 allata
2341 539 2357 577 :
2403 523 2461 576 '0
2484 524 2576 577 ὲπὶ
2607 527 2706 592 τῆς
2746 526 2898 593 ἱερᾶς
2937 528 3326 594 καταστάσεως
3371 532 3451 595 είς
3489 531 3548 585 τὸ

1989 616 2163 667 ποιεῖν
2192 614 2469 679 εὐταξίαν.
2498 614 2695 687 00am]

2559 748 2788 805 CAPUT
2825 751 2964 809 Vili.

2046 859 2119 914 De
2168 872 2359 929 quarta
2414 865 2641 934 pentade
2689 867 2994 936 ofﬁciorum
3033 876 3084 923 et
3150 869 3488 941 ofﬁcialium.

2053 976 2116 1032 P.
2140 975 2196 1031 ὅ.
2233 976 2446 1033 Primas
2469 978 2522 1034 iu
2554 990 2747 1051 quarta
2785 984 3018 1051 pentade
3052 983 3259 1042 obtinet
3292 989 3321 1040 ὁ
3343 988 3545 1055 ὑπομιο

1985 1068 2267 1138 μνήσκων,
2298 1070 2549 1137 monitor,
2583 1072 2757 1140 inquit
2781 1074 3000 1137 Junius,
3034 1074 3113 1136 είς
3143 1074 3205 1128 τὸ
3236 1076 3546 1145 ὲνθυμίζειν

1981 1159 2071 1213 τὸν
2102 1161 2361 1231 ἀρχιερέα
2415 1164 2716 1233 μυστικῶς.
2754 1167 2885 1235 Ego,
2928 1166 2975 1220 si
3007 1181 3141 1224 usus
3167 1166 3329 1233 ierat,
3360 1169 3544 1223 malim

1976 1260 2328 1319 suggestorem
2364 1267 2384 1307 :
2431 1268 2553 1308 nam
2623 1255 3067 1326 ὑπομιμνήσκειν
3118 1267 3201 1314 est
3250 1275 3548 1329 suggerere,

1979 1342 2139 1393 menti
2162 1340 2437 1406 subiicere,
2472 1351 2526 1396 et
2552 1354 2611 1396 ut
2648 1344 2892 1402 Codinus
2918 1348 3179 1417 loquitur,
3212 1348 3546 1418 ὲνθυμίζειν,

1980 1431 2139 1499 quasi
2167 1431 2370 1501 aliquid
2392 1433 2448 1486 in
2476 1443 2643 1489 mente
2656 1451 2871 1503 ponere;
2895 1447 3053 1495 etest
3074 1439 3334 1509 quiddam
3359 1440 3549 1496 restri-

1978 1519 2123 1575 ctius
2142 1522 2430 1594 minusque
2451 1524 2632 1581 fusum
2660 1542 2823 1597 quam
2850 1544 3092 1585 monere:
3121 1546 3244 1587 nam
3259 1540 3314 1586 et
3340 1545 3547 1586 memo-

1979 1626 2093 1666 rem
2126 1628 2347 1669 monere
2387 1631 2705 1685 possumus.
2752 1617 2978 1676 Videtur
3006 1638 3138 1693 ergo
3165 1623 3406 1680 ofﬁcium
3447 1624 3543 1678 τοῦ

512 1670 611 1688 Ἰν
948 1670 1035 1689 ηυγ
1097 1670 1351 1676 ,-__,--_--
2388 1670 2406 1685 ,
2438 1670 2703 1674 Ἵππη--
2773 1670 2967 1676 πη---
3009 1670 3135 1693 -.,,-
3170 1670 3406 1680 --..-......
3459 1670 3539 1678 η-

313 1709 447 1763 ribus
473 1710 556 1763 vel
585 1710 878 1780 dirigendis
900 1713 1087 1766 ritibus
1119 1714 1284 1767 sacris
1302 1729 1363 1766 ac
1389 1712 1874 1778 constitutionibus,
1910 1670 1951 1725 Β
1980 1703 2493 1775 ὑπομιμνήσκοντος
2520 1708 2624 1763 hoc
2669 1709 2859 1774 fuisse,
2887 1720 2945 1767 ut
2973 1714 3296 1781 patriarcha
3330 1716 3546 1770 sacriﬁ-

311 1814 367 1853 ει
401 1800 720 1855 recentioris
757 1801 954 1871 linguae
976 1802 1176 1858 Greece
1202 1804 1576 1873 proprietate;
1620 1805 1674 1858 in
1708 1819 1770 1857 ea
1800 1805 1875 1858 si-

310 1889 519 1957 quidem
553 1893 888 1955 κατάστασις
937 1908 1047 1948 non
1094 1904 1173 1947 est
1205 1895 1386 1958 statio,
1421 1894 1515 1951 scd
1545 1895 1658 1963 ipsa
1693 1895 1874 1952 homi-

313 1986 386 2038 nis
408 1985 675 2049 couditio,
700 1986 862 2052 ritus,
882 1987 1036 2052 ordo,
1081 1987 1400 2044 constitutio
1421 1995 1475 2042 et
1501 2002 1718 2044 mores:
1748 1989 1877 2044 biuc

310 2075 580 2129 hominem
612 2076 803 2132 dicunt
830 2079 1227 2145 ἀκατάστατον,
1257 2095 1364 2135 non
1385 2081 1476 2148 qui
1507 2096 1613 2137 non
1633 2082 1873 2145 stat,sed

309 2166 397 2232 qui
428 2166 699 2233 improbis
728 2168 1060 2239 insulsisque
1098 2170 1476 2226 moribusest.
1512 2171 1604 2228 Sic
1636 2187 1760 2227 cum
1791 2173 1874 2226 vi-

309 2253 431 2308 dent
452 2256 693 2325 aliquem
719 2257 866 2311 nulla
894 2258 1225 2314 discretione
1250 2260 1559 2328 praeditum,
1589 2261 1743 2330 quasi
1775 2261 1872 2314 atl-

310 2345 597 2402 miralione
613 2347 764 2403 ducti
793 2348 868 2401 ἴδε
908 2348 1266 2415 κατάστασιν,
1292 2352 1436 2420 quod
1466 2354 1556 2406 alii
1588 2353 1869 2408 σύστασιν.

308 2435 482 2506 Neque
498 2439 652 2493 aliud
672 2439 831 2497 nobis
850 2440 1028 2495 innuit
1045 2441 1186 2509 quod
1207 2444 1348 2510 apud
1366 2444 1626 2514 Cyrillum
1648 2443 1875 2515 Scytho-

306 2530 603 2597 politanum
633 2532 688 2587 in
716 2530 838 2587 Vita
878 2533 938 2589 S.
964 2532 1119 2589 Saba:
1143 2535 1337 2605 legitur
1369 2554 1384 2591 :
1412 2537 1593 2607 Ἐχων
1623 2538 1740 2607 μεθ’
1775 2538 1871 2591 αὑ-

309 2620 394 2672 τοῦ
415 2621 805 2691 δευτερεύοντα
830 2624 930 2693 τῆς
958 2624 1067 2677 τῶν
1087 2624 1455 2681 κοινοὸιακῶν
1480 2628 1870 2692 καταστάσεως

309 2715 628 2781 φροντίδων,
665 2715 886 2770 habebat
940 2733 1115 2772 secum
1140 2719 1377 2788 praefecti
1419 2720 1551 2774 vices
1588 2731 1868 2789 gerentem,

307 2808 387 2859 cui
415 2808 707 2862 caenobitici
741 2810 944 2864 ordinis
978 2813 1222 2866 seruandi
1266 2829 1394 2867 cura
1435 2814 1716 2868 commisso
1767 2821 1867 2868 est.

305 2899 365 2955 Et
395 2901 530 2959 infra
556 2923 570 2959 :
612 2905 1010 2975 Ἀναγκάζεται
1038 2908 1094 2960 δὲ
1120 2907 1220 2976 τὴν
1247 2890 1662 2962 ἀκαταστασίαν
1691 2910 1869 2963 είπεῖν

305 2995 757 3064 φρατριασάντων
810 2998 1099 3068 ἐξήκοντα.
1144 2999 1208 3053 Et
1258 3016 1517 3056 rursum:
1550 3001 1659 3055 Τοῦ
1713 2994 1937 3069 βασιοΟ

192 3096 202 3119 υ
304 3084 430 3148 ὶέως
471 3086 833 3144 ’Λναστασίου
875 3090 1119 3158 σφοδρῶς
1151 3091 1710 3159 ἀγανακτοῦντος,καὶ
1763 3094 1869 3147 πᾶ-

308 3193 396 3230 σαν
416 3179 517 3249 τὴν
548 3183 694 3236 κατά
719 3183 1086 3251 Παλαιστίνην
1107 3183 1565 3254 ὲκκλησιαστικὴν
1595 3186 1871 3238 κατάστα-

306 3284 381 3322 σιν
412 3273 722 3344 ἀνατρέψαι
760 3276 858 3330 καὶ
906 3277 1157 3344 συγχέειν
1204 3275 1568 3345 πειρωμένου.
1618 3275 1683 3331 Et
1710 3293 1725 3331 :
1757 3276 1867 3329 Τοῦ

304 3366 393 3436 τὴν
426 3368 627 3419 ἕνωσιν
676 3368 770 3419 καὶ
819 3368 1042 3437 είρήνην
1092 3366 1200 3419 τῶν
1249 3366 1557 3431 ἐκκλησιῶν
1617 3368 1868 3437 συγχέειν

306 3458 695 3522 σπουδάζοντος
746 3459 846 3510 καὶ
889 3458 1136 3526 ταραχῆς
1176 3457 1271 3510 καὶ
1325 3458 1739 3516 ἀκαταστασίας
1798 3458 1867 3510 τὰ

307 3548 469 3602 πάντα
511 3547 928 3618 πληρώσαντος.
959 3548 1405 3636 Et‘bypotyposis
1436 3550 1615 3605 Sludii
1647 3566 1663 3604 :
1707 3550 1870 3602 Ὑπο-

304 3639 539 3704 τύπωσις
571 3640 672 3692 σὺν
703 3638 824 3707 Θεῷ
863 3641 1233 3700 καταστασίας
1261 3640 1360 3708 τῆς
1390 3640 1679 3709 μονῆςτῶν
1709 3641 1870 3695 Στου·

302 3731 438 3785 δίων.
469 3727 711 3795 Εὑταξία
743 3745 904 3799 porro
928 3747 1033 3784 non
1058 3739 1266 3784 tantum
1288 3732 1465 3787 bonus
1484 3731 1620 3787 ordo
1643 3739 1749 3796 est,
1772 3731 1864 3785 sed

303 3838 471 3878 mores
487 3822 779 3890 compositi
800 3834 1055 3891 recteque
1080 3824 1387 3889 constituti,
1405 3824 1863 3894 quemadmodum

302 3916 606 3984 oppositum
640 3913 839 3978 ἀταξία
862 3915 1002 3968 male
1027 3916 1386 3984 morigeratus
1408 3924 1578 3969 notat.
1607 3915 1866 3983 Propter-

302 4020 358 4057 ea
393 4017 449 4061 ut
478 4006 792 4077 iuventutis
855 4005 1089 4074 impetus
1130 4015 1541 4073 compescerent
1583 4016 1637 4060 et
1670 4007 1866 4061 immo-

301 4097 792 4167 deratosjuvenum
817 4113 999 4153 mores
1029 4097 1308 4150 frenarent
1333 4112 1397 4151 ac
1421 4098 1596 4151 turbis
1624 4097 1865 4167 visisque

301 4190 508 4242 modum
541 4195 837 4257 ponerent,
863 4186 953 4239 τὸν
992 4185 1146 4256 143
1178 4186 1271 4238 ἐπὶ
1294 4186 1393 4254 τῆς
1419 4187 1569 4251 ίερᾶς
1593 4187 1860 4240 καταστά-

301 4280 514 4341 σεω;’ἰο
572 4279 808 4343 bcmate,
842 4277 908 4331 ad
951 4276 1093 4331 sacri
1125 4275 1312 4331 altaris
1343 4275 1507 4342 latus,
1561 4276 1862 4333 constitue-

1977 1795 2123 1849 cauti
2162 1794 2245 1851 vel
2279 1798 2440 1851 verba
2477 1798 2541 1852 ad
2579 1800 2839 1867 populum
2883 1802 3096 1858 facienti
3137 1805 3440 1867 assisteret,
3471 1805 3549 1861 ei-

1976 1901 2104 1959 que,
2130 1888 2177 1944 si
2201 1888 2403 1944 alicubi
2442 1891 2704 1946 memoria
2728 1892 3023 1961 laberetur,
3055 1898 3295 1965 mystice,
3330 1897 3434 1951 hoc
3463 1908 3548 1952 est

1977 1978 2139 2042 clam,
2186 1979 2421 2045 occulte,
2451 1983 2791 2052 suggerendo
2818 1985 3162 2042 subveniret.
3195 1986 3252 2042 Si
3287 1989 3410 2056 quis
3442 1988 3548 2043 hoc

1975 2068 2216 2124 ofﬁcium
2244 2071 2406 2126 etiam
2432 2082 2586 2128 extra
2611 2075 2794 2143 templi
2821 2076 2980 2145 adyta
3011 2076 3257 2146 proferre
3279 2088 3335 2135 et
3355 2079 3547 2135 eil‘err'e

1976 2162 2127 2226 velit,
2160 2171 2422 2235 putetque
2453 2167 2545 2219 τὸν
2573 2166 3062 2240 ὑπομιμνήσκοντα
3097 2172 3263 2227 fuisse
3309 2172 3541 2227 similem

1976 2251 2052 2307 illi
2090 2254 2182 2324 qni
2230 2255 2371 2311 inter
2407 2255 2587 2313 ofﬁcia
2620 2259 2860 2329 palatina
2887 2277 2917 2319 a
2950 2262 3158 2317 Codino
3195 2278 3247 2317 c.
3271 2265 3326 2330 2,
3360 2282 3417 2334 p.
3456 2266 3542 2332 il,

1975 2346 2276 2415 appellatur
2327 2350 2356 2400 ὁ
2411 2349 2504 2403 ἰπὶ
2546 2348 2933 2421 ἀναμνήσεων,
2978 2368 3253 2424 quemque
3299 2356 3478 2411 Latini
3513 2375 3547 2411 α

1974 2437 2229 2490 memoria
2282 2451 2378 2492 seu
2436 2440 2745 2508 magistrum
2779 2443 3046 2497 memoria:
3083 2446 3386 2506 nominaut.
3421 2463 3543 2501 cum

1972 2542 2040 2584 eo
2081 2543 2189 2582 non
2230 2532 2554 2586 contendam
2594 2546 2611 2586 :
2656 2547 2835 2602 neque
2889 2534 3034 2589 enim
3059 2549 3088 2588 a
3114 2551 3244 2591 vero
3305 2540 3541 2592 aliemnn

1972 2628 2056 2675 est
2085 2620 2395 2689 bujusmodi
2420 2622 2663 2677 ofﬁcium
2696 2623 2868 2679 fuisse
2888 2624 2940 2677 in
2962 2623 3206 2681 Ecclesia
3231 2626 3540 2695 Cpolitana,

1970 2716 2079 2766 'non
2122 2712 2468 2781 modointra,
2493 2715 2588 2771 sed
2638 2724 2690 2771 et
2726 2724 2877 2771 extra
2916 2717 3198 2785 templum.
3226 2717 3285 2774 In
3344 2721 3543 2774 concil.

1970 2800 2142 2870 Lugd.
2171 2802 2226 2857 in
2265 2805 2424 2872 epist.
2462 2806 2529 2860 ad
2564 2806 2726 2875 (ἔνθα.
2760 2806 2806 2861 Χ
2839 2818 3105 2863 vocantur
3132 2809 3184 2863 oi
3222 2809 3541 2881 ὑπομιμνήο

1970 2908 2192 2957 σκοντες
2233 2896 2666 2963 rememoratorii.
2707 2894 2914 2952 Gnsrs.

2044 2982 2376 3057 [Allaliana:
2424 2986 2483 3040 '0
2512 2989 2953 3059 ὑπομιμνήσκων
2968 2989 3262 3060 δεχόμενος
3285 2992 3385 3054 τὰς
3409 2993 3547 3047 ὑπο-

1980 3079 2208 3147 μνήσεις
2226 3078 2335 3132 τῶν
2356 3078 2768 3149 ὑπομνημάτων
2794 3083 3323 3150 (commcndationes
3341 3100 3547 3141 memo-

1976 3167 2216 3238 rialium)
2250 3171 2359 3223 τῶν
2382 3170 2696 3241 ὲρχομὲνων
2719 3175 2777 3227 ὲν
2806 3176 2877 3243 τῇ
2928 3174 3134 3244 κρίσει·
3167 3176 3263 3230 καὶ
3284 3178 3545 3248 ἀναφέρει

1976 3255 2051 3324 τῷ
2080 3259 2330 3326 ἀρχιερεί
2356 3259 2547 3329 καὶτῷ
2578 3260 2789 3330 κλήρῳ.
2836 3261 3241 3332 Ὑπομνήματα
3273 3282 3379 3319 ιιοιι
3417 3252 3567 3335 ρυεέ

1977 3363 2093 3402 Sum
2136 3354 2512 3405 commentaria
2544 3368 2835 3422 exponere,
2866 3371 2990 3419 cum
3032 3356 3198 3426 Regia
3247 3360 3488 3413 scribant
3518 3364 3543 3412 ὁ

1976 3442 2549 3512 ὑπομνηματογράφος
2589 3446 2668 3509 εἰς
2700 3445 2762 3500 τὸ
2807 3447 3148 3517 ὑπογράφειν
3192 3450 3261 3504 τὰ
3291 3452 3540 3522 ὑπομνή-

1978 3547 2146 3599 ματα.
2165 3530 2586 3600 Commentario,
2609 3535 2814 3593 relictis
2837 3538 3266 3605 memorialibus,
3287 3556 3398 3598 non
3413 3553 3543 3597 sunt

1979 3621 2066 3676 hic
2087 3622 2444 3686 conjicienda.
2472 3624 2671 3698 ϐολὴ]

2045 3714 2187 3771 Ibid.
2215 3715 2287 3772 De
2306 3716 2528 3789 reliquis
2559 3719 2718 3788 hujus
2746 3722 2993 3790 pentadis
3027 3725 3170 3780 nulla
3201 3734 3285 3782 est
3304 3726 3543 3781 ἀπητιμ-

1948 3804 2058 3861 ’tas
2088 3824 2102 3861 :
2134 3824 2257 3861 nam
2317 3809 2462 3864 unde
2501 3811 2753 3880 interpres
2783 3811 3083 3883 Evangelii,
3110 3816 3374 3891 interpres
3407 3834 3541 3887 opo-

1974 3900 2116 3964 stoli,
2138 3900 2389 3970 interpres
2415 3902 2655 3967 psalterii
2684 3903 2904 3958 numina
2924 3905 3034 3959 haec
3057 3910 3412 3976 sumpserint,
3444 3925 3539 3978 per

1972 4007 2029 4046 se
2064 4001 2248 4046 notum
2281 4002 2383 4049 est.
2417 3992 2680 4048 Videntur
2708 4006 2885 4051 autem
2916 3996 3349 4070 uniuscujusque
3371 4018 3539 4071 gena.

1973 4084 2052 4137 ris
2106 4085 2277 4140 fuisse
2336 4085 2537 4153 gradus
2595 4086 2819 4141 diversi.
2854 4088 2988 4145 Nam
3055 4108 3107 4151 c.
3136 4093 3191 4154 6.
3227 4109 3279 4163 p.
3312 4094 3403 4158 46,
3438 4112 3538 4149 ιιοη

1972 4176 2145 4230 minat
2178 4175 2420 4232 Codinus
2447 4180 2983 4249 protapostolarium,
3009 4184 3061 4240 id
3093 4197 3177 4241 est
3203 4187 3434 4253 primum
3457 4190 3538 4257 in;

1973 4277 2259 4339 terpretenr
2274 4270 2514 4337 apostoli.
2541 4270 2738 4328 Gnsrs.

299 4381 439 4431 runt.
461 4368 557 4441 qui
592 4370 825 4438 juvenes
851 4370 1184 4438 irrequietos
1219 4375 1273 4422 et
1304 4366 1512 4429 faciles.
1546 4383 1643 4423 sua
1674 4377 1861 4423 aucto-

2041 4357 2090 4432 [I
2098 4360 2207 4414 bid.
2258 4359 2311 4413 Ὀ
2334 4359 2703 4429 διδάσκαλος
2731 4365 2837 4420 τοῦ
2861 4368 3249 4437 Εὐατγὲλίου.
3281 4368 3453 4439 llujus
3484 4382 3541 4427 ct

299 4460 450 4516 ritate
487 4460 734 4526 sedatos,
775 4460 842 4515 ab
874 4458 1090 4528 injuriis
1124 4467 1177 4512 ct
1225 4458 1669 4514 contentionibus
1699 4467 1753 4512 et
1783 4459 1862 4512 in~

297 4554 505 4609 decoris
550 4556 769 4610 actibus
811 4555 876 4609 ad
931 4554 1128 4608 bonam
1164 4554 1370 4624 frugem
1408 4556 1708 4608 reduceret.
1745 4554 1859 4607 Non

299 4644 465 4712 placet
490 4646 614 4702 iSit
653 4646 741 4701 ille
764 4647 816 4700 in
849 4646 998 4699 rebus
1030 4646 1196 4697 sacris
1233 4646 1515 4715 dirigendis
1543 4646 1817 4714 pra'fectus
1845 4661 1859 4698 :

302 4736 346 4788 id
374 4753 610 4807 namque
638 4738 715 4791 illi
749 4738 1117 4800 incumbebat,
1147 4745 1203 4789 ut
1224 4751 1289 4791 ex
1320 4735 1638 4805 prmscripto
1661 4743 1713 4789 et
1733 4751 1861 4789 san-

299 4836 505 4882 ctorum
568 4830 800 4883 Patrum
841 4828 1070 4884 sancitis
1105 4844 1194 4882 res
1254 4827 1438 4881 divina
1489 4836 1864 4897 perageretur,

297 4930 617 4990 caveretque
652 4936 722 4975 ne
772 4921 896 4991 quis
931 4929 1088 4976 extra
1142 4919 1496 4990 prmscriptos
1532 4918 1735 4974 limites
1767 4935 1863 4988 pe-

296 5010 409 5062 dem
427 5011 669 5066 cﬂerret.
700 5012 826 5066 Hice
857 5012 965 5065 ille.
993 5009 1178 5065 Placet
1201 5027 1311 5081 pro:
1333 5010 1573 5065 secunda
1601 5010 1750 5078 prior
1769 5025 1866 5069 ex-

297 5102 530 5167 positio:
565 5112 627 5158 ut
664 5104 816 5157 enim
862 5103 1013 5172 prior
1047 5103 1141 5155 ὲπὶ
1168 5102 1278 5157 τῶν
1312 5101 1585 5171 σεκρὲτων
1628 5102 1682 5156 in
1709 5100 1864 5167 judi-

295 5194 390 5248 ciis
423 5195 675 5251 ordinem
718 5205 771 5251 et
805 5196 1068 5265 quietem,
1100 5196 1174 5250 ita
1204 5195 1295 5250 hic
1331 5195 1386 5249 in
1415 5209 1572 5250 sacro
1601 5192 1861 5249 tribunali

294 5297 504 5341 morum
519 5287 970 5359 compositionem
987 5288 1178 5343 indicit
1197 5303 1212 5353 ;
1243 5301 1343 5342 nec
1358 5286 1576 5341 ἐπὶτῶν
1591 5286 1864 5357 σεκρέτων

355 5423 443 5497 ρ)
466 5425 635 5497 Addit
655 5427 706 5481 Μ
735 5445 750 5482 :
781 5427 967 5489 Οὑτως
991 5425 1285 5497 περιεχειή
1310 5425 1465 5497 τρίτη
1494 5425 1716 5492 πεντάςε

359 5494 527 5557 Τέλος
560 5496 652 5563 τοῦ
682 5497 859 5562 δεξιοῦ
892 5494 1079 5563 χοροῦ.

359 5563 503 5635 Ἱσρι
535 5562 625 5619 οὖν
656 5568 753 5619 καὶ
781 5562 921 5618 αὑτό
947 5568 1028 5625 εἰς
1058 5564 1159 5635 τὴν
1188 5565 1299 5617 τῶν
1333 5565 1610 5635 κληρικῶν
1643 5564 1853 5634 διάκρι-

290 5644 392 5686 σιν.
424 5633 503 5686 Τδ
537 5635 628 5703 μὲν
661 5637 820 5704 ἀγιον
845 5633 1181 5703 Εὐαγγέλιον
1204 5637 1297 5690 τοῦ
1330 5633 1623 5708 βαιοφόρου
1658 5633 1853 5705 ἀναγι-

1967 4454 2310 4520 εισηιιριιιίυιιι
2336 4464 2907 4513 sacrorumomtorum
2943 4476 3161 4516 munera
3178 4462 3243 4517 ad
3266 4466 3429 4518 unius
3451 4464 3540 4518 of-

1974 4547 2025 4600 tit
2046 4548 2155 4600 ium
2186 4556 2444 4601 revocant
2462 4547 2730 4605 Allatiana
2752 4548 2845 4604 :'0
2865 4552 3181 4616 διδάσκαλος
3198 4552 3535 4631 ἑρμη-

1971 4639 2185 4693 νεύειτδ
2208 4640 2558 4709 Εὑαγγέλιον,
2584 4642 2711 4695 ὅταν
2741 4641 3048 4713 λειτουργαῖ
3071 4648 3097 4697 ὀ
3115 4646 3425 4715 ἀρχιερεὺς,
3445 4652 3539 4702 καὶ

1972 4733 2019 4784 εί
2051 4731 2276 4784 δυνατόν
2300 4731 2416 4784 ἐστι
2440 4730 2536 4785 καὶ
2553 4732 2615 4786 τὸ
2641 4731 2955 4803 ψαλτήριον.
2979 4732 3114 4788 Hinc
3146 4737 3409 4805 perspicis
3442 4753 3540 4793 cur

1972 4822 2071 4877 SS.
2090 4819 2192 4875 PP.
2210 4822 2456 4890 quaedam
2489 4822 2723 4879 bomilite
2753 4823 2804 4876 in
2827 4824 3278 4892 Evangelia,alite
3303 4827 3357 4881 in
3384 4827 3539 4883 Psalq

1969 4930 2108 4980 mos,
2151 4914 2202 4968 in
2217 4914 2538 4983 Apostolum
2578 4914 2871 4978 nonnulla,
2888 4926 2994 4971 etc.
3016 4916 3258 4971 Adverto
3279 4920 3373 4973 τοῦ
3398 4922 3536 4975 ἀπο-

1968 5006 2154 5060 στόλου
2188 5005 2515 5073 quandoque
2545 5003 2899 5067 διδασκάλους
2935 5006 3121 5074 plures
3163 5009 3328 5064 simul
3349 5026 3539 5079 repere

1969 5108 2073 5160 tos.
2092 5111 2325 5165 quorum
2349 5095 2742 5166 antesignanus
2766 5102 3319 5174 πρωταποστολαρίου
3338 5120 3545 5173 nomen

1970 5181 2278 5256 habuit.[M
2308 5185 2579 5255 εΚρατῶν
2600 5188 2695 5240 atati.
2726 5189 2793 5244 τὰ
2823 5190 3042 5261 σχολεῐα
3071 5193 3172 5263 τῆς
3203 5195 3533 5273 ἐπισκοπῆς.

1972 5279 2129 5332 Ἔστι
2146 5276 2318 5332 δὲκαὶ
2343 5278 2558 5349 οίκέτης
2573 5280 2670 5351 τῆς
2701 5284 2891 5354 τρίτης
2910 5285 3218 5359 πεντάδες]
3237 5288 3315 5359 (Ι)
3334 5288 3539 5373 00am]

1957 5418 2223 5501 νώσκεται
2255 5417 2359 5501 ὑπὸ
2396 5417 2495 5501 τοὺ
2545 5426 3107 5501 πρωτονοτ-αρίῳητδ
3151 5429 3251 5500 τῆς
3288 5433 3534 5501 μεγάλη-τ

1955 5488 2704 5571 δευτέραςηάναγινώσκεται
2738 5496 2845 5547 ὑπὸ
2865 5488 2964 5571 τοῦ
2992 5488 3436 5571 Ἱερομνήμονος,
3472 5488 3534 5557 σέδ

1949 5562 2059 5632 τῆς
2098 5558 2344 5632 μεγάλης
2389 5562 2647 5632 τετράδος
2681 5558 3115 5632 ἀναγινώσκεται
3140 5558 3530 5626 ’ὑπδτοῦησω

1951 5628 2260 5699 χελλαρίου,
2296 5629 2357 5682 τὸ
2390 5628 2757 5703 τῆςμεγὰλης
2790 5628 3053 5705 ἐτέμπτης
3084 5642 3526 5710 ἀναγινώσκεται
