3992 6240
388 201 495 268 150

1486 203 1566 261 IN
1618 179 1913 275 Linum
1954 203 2052 262 DE
2086 203 2415 264 amens
2447 205 2550 265 cr.
2621 190 2635 209 °

3535 197 3632 262 100

452 316 512 371 Ρ.
547 315 600 369 5.
634 315 873 369 Rlictoris
902 313 1143 369 oflicium
1181 326 1263 369 est
1296 317 1593 385 generatim
1630 315 1942 385 Scripturas
1973 321 2019 377 Α
2047 319 2144 371 stis
2197 335 2291 386 per
2341 319 2737 388 lampadarium
2762 356 2777 382 ,
2812 325 2869 370 ut
2911 318 2965 371 in
3014 316 3110 371 hoc
3148 318 3279 374 libro
3341 318 3637 388 appellatur

382 423 569 463 sacras
598 407 980 475 interpretari;
1013 417 1066 460 et
1091 406 1305 459 videtur
1325 406 1412 461 ille
1434 423 1595 477 quem
1619 423 1723 463 nos
1743 408 1954 462 concio-

383 509 615 554 natorem
641 499 1011 553 nominamus.
1042 494 1247 551 anrs.

1009 587 1235 643 CAPUT
1262 588 1353 643 IX.

490 681 566 734 De
608 682 792 750 quinta
839 681 1059 749 pentade
1091 682 1389 747 ofﬁciorum
1436 689 1486 735 et
1513 681 1852 750 ofﬁcialium.

457 771 517 825 P.
552 770 605 823 5.
641 770 698 824 lu
732 772 921 840 quinta
950 772 1261 825 continetur
1290 772 1337 837 l,
1360 771 1417 823 Ὀ
1441 773 1626 842 ἄρχων
1654 772 1762 824 τῶν
1797 789 1955 841 μονα-

389 865 649 934 στηρέων,
689 865 870 933 socius
902 872 955 917 et
980 864 1196 933 adjutor
1228 864 1405 932 magni
1429 864 1722 929 sacellarii,
1749 864 1817 918 de
1845 878 1956 933 quo

381 957 495 1021 jam
531 972 629 1010 suo
660 957 803 1021 loco,
831 956 885 1019 2,
906 955 964 1009 Ὀ
991 956 1175 1026 ἄρχων
1198 956 1306 1009 τῶν
1329 956 1655 1025 ἐκκλησιῶν,
1690 957 1872 1010 socius
1901 962 1957 1010 et

383 1049 602 1115 atljutor
617 1050 885 1101 curatoris
903 1047 1130 1106 sacellii.
1150 1048 1217 1101 de
1233 1063 1340 1117 quo
1354 1049 1538 1103 itidem
1555 1048 1954 1118 supra.GaE'rs.

453 1140 539 1211 [Ρ.
570 1138 622 1193 5.
660 1138 783 1193 Τῶν
804 1139 1167 1204 ἐκκλησιῶν.
1206 1138 1523 1192 Καθολικῶν
1576 1139 1838 1208 intelligo.
1888 1138 1957 1192 de

386 1230 585 1294 quibus
613 1244 777 1296 supra
801 1230 1065 1282 Allatiana
1101 1246 1113 1280 :
1148 1229 1356 1298 Γράφει
1385 1230 1453 1281 τὰ
1499 1230 1812 1298 ἀντιμίνσια
1844 1229 1959 1297 (ἀν-

384 1322 626 1389 τίμηνσα
675 1320 751 1386 Μ)
784 1321 878 1372 καὶ
914 1321 980 1373 τὰ
1028 1323 1427 1390 σταυροπήγια.
1453 1322 1662 1373 Altaria
1685 1321 1959 1388 portutilia

386 1410 586 1476 signat,
645 1419 693 1461 et
726 1410 929 1461 litteras
981 1410 1168 1477 quibus
1213 1425 1364 1462 cruce
1393 1409 1519 1461 data
1574 1426 1605 1460 a
1652 1409 1957 1461 dioecesanis

384 1501 733 1564 exemptioncs
769 1500 1114 1565 conferuntur
1142 1502 1497 1553 monasteriis.
1530 1498 1601 1553 De
1626 1500 1708 1553 his
1742 1499 1958 1553 Euche-

387 1588 590 1658 logiunt
634 1589 775 1645 fuse.
810 1591 976 1654 ldem,
1007 1606 1105 1645 ceu
1140 1592 1394 1659 parmciis
1419 1592 1732 1658 pra-lectus,
1766 1593 1962 1658 κρατεῖ

384 1683 444 1731 ἐν
477 1682 541 1748 τῇ
574 1682 800 1745 φυλάξει
829 1681 997 1733 αὑτοῦ
1045 1680 1106 1732 τὸ
1139 1681 1331 1751 μύρον,
1369 1698 1581 1734 sacrum
1614 1682 1959 1752 tﬂguentum,

390 1769 444 1819 in
478 1769 893 1824 confirmatione
919 1770 1285 1823 adhibendum
1325 1785 1353 1823 a
1403 1770 1631 1839 privatis
1666 1771 1965 1825 sacerdoti-

392 1862 494 1914 bus
523 1876 622 1915 ceu
649 1862 927 1916 consuetis
956 1863 1097 1930 apud
1128 1862 1347 1917 Griecos
1373 1865 1489 1932 ejus
1514 1863 1846 1917 sacramenti
1868 1845 1969 1916 mi-

390 1951 601 2011 nistris.
636 1968 747 2005 sua:
778 1953 1030 2006 custodite
1060 1954 1398 2006 commissuin
1432 1962 1588 2007 tenet.
1620 1951 1824 2023 Gesn]

422 2044 423 2047 “
466 2044 612 2097 Ibid.
653 2044 713 2096 '0
766 2045 949 2115 ἄρχων
976 2046 1070 2098 τοῦ
1112 2045 1470 2114 Εὑαγγελίου,
1528 2047 1607 2109 εἰς
1635 2046 1696 2098 τὸ
1745 2047 1969 2115 κρατεῖν

391 2137 554 2188 τοῦτο
576 2138 653 2199 εἰς
678 2137 773 2197 τὰς
801 2138 974 2201 λιτάς,
1007 2138 1165 2206 cujus
1187 2138 1430 2191 oflicium
1460 2149 1545 2192 est
1570 2149 1774 2206 gestare
1800 2137 1971 2192 Evan-

390 2227 585 2296 gelium
616 2245 703 2281 seu
731 2230 958 2281 codicem
987 2228 1394 2299 Evangeliorum
1422 2231 1476 2282 in
1502 2230 1970 2298 supplicationibus

389 2329 439 2372 ct
466 2320 906 2387 processionibus.
938 2320 1051 2376 lloc
1081 2332 1262 2376 tamen
1293 2337 1398 2376 non
1427 2322 1636 2376 videtur
1665 2322 1972 2376 consentire

392 2428 515 2463 eum
567 2411 776 2466 Joanne
809 2413 1002 2478 Citrio,
1037 2415 1129 2483 qui
1171 2415 1371 2469 diserte
1426 2416 1616 2469 scribit
1664 2414 1724 2468 τὸ
1762 2417 1817 2467 ὲν
1855 2415 1973 2476 ταῖς

298 2552 299 2555 η
382 2504 564 2565 λιταῖς
582 2503 871 2571 βαστάζειν
893 2505 951 2557 τὸ
974 2503 1306 2572 Εὐαγγέλιον
1328 2514 1436 2559 esse
1453 2506 1546 2558 τοῦ
1567 2506 1973 2574 δευτερεύοντος

391 2596 502 2648 τῶν
523 2594 804 2657 διακόνων,
838 2610 1000 2663 quem
1026 2595 1266 2651 Codinus
1290 2596 1342 2649 in
1375 2605 1525 2650 sexta
1551 2597 1784 2665 pentade
1802 2598 1973 2650 collo-

390 2694 505 2739 cat.
560 2686 624 2739 Et
696 2686 810 2739 fieri
837 2692 839 2694 ’
862 2696 1037 2756 potest
1069 2697 1127 2741 ut
1161 2687 1275 2741 haec
1308 2703 1395 2741 res
1432 2687 1587 2741 aliter
1615 2702 1674 2741 se
1730 2687 1976 2741 habuerit

395 2788 642 2845 tempore
666 2776 819 2831 Citrii
849 2789 899 2829 et
932 2778 1088 2830 aliter
1133 2786 1288 2831 :etate
1321 2776 1555 2831 Codini:
1590 2791 1714 2829 nam
1773 2784 1831 2829 ut
1862 2778 1976 2845 ipse

396 2859 605 2923 ϐίη-ιιιὲ
621 2869 989 2937 conqueritur,
1018 2870 1134 2923 haec
1157 2869 1354 2938 saepius
1377 2868 1698 2936 patriarcha:
1713 2869 1976 2921 arbitratu

2016 448 2019 451 ν
2057 420 2111 478 p.
2135 409 2707 479 “(accendebantur
2750 408 2864 464 haec
2937 410 3254 474 luminaria)
3283 427 3297 475 ;
3322 419 3379 465 at
3433 413 3637 481 lampa-

2056 500 2244 553 darius
2282 500 2385 556 iste
2412 502 2545 556 nihil
2580 502 2684 556 huc
2712 500 2872 569 facit;
2898 510 3017 556 erat
3048 503 3193 557 enim
3216 502 3458 557 oflicium
3513 505 3630 572 ejus

2065 592 2389 659 palatinum,
2487 607 2595 647 non
2647 580 3128 658 ecclesiasticum;
3213 594 3638 663 praeferebatqnf.

2060 680 2362 750 lampadem
2439 676 2726 737 accensam
2787 699 2893 738 non
2947 684 3321 753 singularibus
3376 685 3614 738 duntaxa

2061 769 2215 827 festis
2260 782 2312 828 et
2334 774 2728 837 anniversarie,
2780 776 2873 829 sed
2938 776 3155 844 quoties
3225 776 3522 845 imperator
3584 776 3622 829 it

2062 860 2336 930 publicum
2366 864 2714 932 procedebat,
2738 874 2797 919 ut
2834 879 2899 919 ex
2935 864 3260 920 Basalmone
3291 865 3430 919 infra
3455 873 3610 918 esten

2062 950 2183 1004 dam
2214 953 2277 1006 ad
2303 968 2356 1022 p.
2387 953 2475 1008 45.
2505 954 2687 1025 Longe
2712 970 2842 1024 ergo
2870 955 3010 1010 alius
3036 957 3063 1007 ὁ
3086 956 3270 1025 ἄρχων
3292 948 3397 1009 τῖῶν
3422 956 3634 1025 φώτων,

2062 1049 2116 1096 et
2138 1044 2276 1097 alius
2304 1048 2332 1097 ὁ
2382 1045 2779 1116 λαμπαδάριος.
2826 1047 3017 1116 Neque
3072 1056 3284 1102 tantum
3349 1047 3514 1103 semel
3560 1049 3642 1101 vel

2062 1133 2357 1201 aliquoties
2388 1137 2441 1189 in
2478 1151 2626 1190 anno
2664 1153 2800 1191 usus
2833 1136 3107 1190 luminum
3153 1147 3271 1192 erat
3297 1138 3351 1190 in
3403 1138 3641 1205 templis,

2061 1225 2154 1278 sed
2207 1236 2466 1294 perpetuo
2512 1237 2562 1281 et
2621 1236 2734 1282 toto
2785 1244 2966 1292 anno,
3024 1229 3184 1283 etiam
3239 1239 3371 1305 tunc
3425 1231 3646 1299 quando

2061 1318 2199 1371 nulli
2230 1319 2577 1384 νεοφώτιστοι
2602 1319 2830 1374 aderant
2858 1336 2872 1373 :
2913 1334 3092 1387 neque
3120 1320 3271 1391 enim
3305 1321 3476 1375 moris
3525 1330 3648 1375 erat

2020 1418 2023 1419 '
2060 1407 2266 1465 Graecis
2287 1410 2557 1479 liturgiam
2588 1411 2707 1464 sine
2729 1411 3031 1466 luminibus
3052 1410 3349 1465 celebrare.
3369 1411 3572 1466 Gners.

2062 1483 2071 1495 ’
2136 1499 2306 1572 [lbid.
2362 1503 2424 1555 '0
2450 1503 2650 1571 ἄρχων
2677 1502 2796 1555 τῶν
2826 1502 3055 1571 φώτων.
3102 1501 3216 1557 lloc
3280 1503 3520 1557 officium
3591 1507 3644 1558 in

2064 1603 2299 1661 quatuor
2348 1594 2607 1648 videntur
2657 1594 2930 1649 Allatiana
2985 1593 3291 1662 dispertiri,
3318 1595 3421 1648 hoc
3451 1608 3643 1663 pacto:

2080 1683 2140 1738 '0
2173 1687 2491 1756 κατηχητὴς
2556 1686 2842 1757 κατηχίζει
2900 1689 3010 1755 (τὸν
3043 1687 3173 1739 λαὸν
3207 1688 3301 1739 καὶ
3332 1688 3407 1756 Μ)
3440 1690 3645 1749 πάντας

2067 1778 2193 1838 τοὺς
2221 1777 2630 1846 εἰσερχομένους
2666 1779 2728 1829 ἐκ
2759 1778 2865 1829 τῶν
2890 1777 3210 1848 ἑτεροδόξων
3241 1779 3321 1840 είς
3345 1779 3444 1847 τὴν
3485 1779 3643 1847 ὀρού-

2069 1866 2220 1932 δοξον
2258 1868 2465 1931 πίστιν,
2489 1867 2564 1929 ὡς
2587 1867 2674 1921 ἵνα
2695 1867 2754 1920 τὸ
2777 1867 2930 1934 ἆγιον
2963 1867 3242 1937 βάπτισμα
3263 1866 3542 1932 δέξωνται.
3588 1868 3648 1922 Ὀ

2071 1958 2420 2029 περιοδευτὴς
2458 1958 2775 2029 περιπατῶν
2824 1960 2918 2012 καὶ
2966 1948 3349 2027 παιδευὸμῢος
3411 1960 3648 2028 (ὁδηγῶν

2070 2027 2157 2116 Mj
2185 2047 2307 2108 τοὺς
2336 2027 2985 2117 Θέλονταξβαπτισθῆναι
3038 2051 3106 2119 τῇ
3136 2048 3400 2118 ὀρθοδόξῳ
3458 2050 3649 2101 πίστει

2072 2138 2354 2207 (εἰσελθεῖν
2385 2142 2464 2202 εἰς
2493 2141 2589 2206 τὴν
2614 2139 2892 2207 ὀρϐόδοξον
2925 2140 3107 2192 πίστιν
3133 2141 3234 2210 Μ).
3272 2140 3331 2192 Ὀ
3364 2140 3648 2210 ﬂow-tati};

2074 2230 2285 2283 ἵσταται
2316 2232 2373 2283 ἐν
2401 2233 2466 2300 τῇ
2498 2230 2628 2301 ἁγίᾳ
2654 2228 3034 2300 κολυμϐήθρᾳ,
3073 2231 3167 2283 καὶ
3209 2233 3236 2284 ὁ
3272 2231 3453 2297 ἱερεὺς
3500 2233 3650 2297 λέγει

2074 2307 2382 2391 τὰςέὺχὰς,
2406 2325 2432 2376 ὁ
2457 2322 2513 2374 δὲ
2540 2322 2829 2391 ἀρχιερεὺς
2855 2321 3153 2392 σταυρὼνει
3187 2323 3245 2375 τὸ
3300 2321 3466 2391 ὕδωρ,
3518 2323 3544 2375 ὀ
3591 2321 3651 2373 δὲ

2078 2415 2362 2483 βουτιστὴς
2420 2412 2667 2483 βαπτίζει
2723 2414 2813 2465 τὸν
2868 2413 3128 2482 μέλλοντα
3172 2414 3549 2484 βαπτισθῆναι.
3589 2413 3653 2465 Ὀ

2080 2509 2377 2576 μυροδότης
2402 2507 2489 2558 ἵνα
2516 2505 2841 2575 ὑποκριτῶν
2867 2506 2927 2558 τὸ
2958 2505 3111 2573 ὅογιον
3149 2506 3217 2575 μύ
3229 2524 3339 2575 ρον,
3390 2508 3483 2558 καὶ
3514 2507 3653 2560 ὅπου

2074 2598 2135 2650 τὸ
2154 2596 2322 2665 ὁρίζει
2351 2599 2377 2649 ὁ
2407 2597 2694 2667 ἀρχιερεὺς
2733 2595 2824 2649 τοῦ
2859 2597 3040 2649 δοῦναι
3078 2596 3268 2667 μύρον.
3301 2596 3502 2667 Goan.]

2148 2688 2211 2743 P.
2247 2689 2297 2743 5.
2350 2686 2584 2761 Ultimus
2621 2688 2674 2740 in
2706 2687 2807 2741 hac
2833 2687 3066 2756 pentade
3107 2696 3190 2741 est
3217 2688 3244 2737 ὁ
3297 2688 3481 2756 ἄρχων
3538 2688 3653 2737 τῶν

2078 2779 2435 2848 ἀντιμινσίων
2483 2792 2576 2831 seu
2633 2777 2995 2845 ἀντιμινσίου,
3033 2778 3271 2844 εἰσάγων
3307 2777 3432 2838 τοὺς
3472 2777 3655 2843 εἰσερ-

2078 2872 2340 2941 χομένους
2377 2870 2456 2931 είς
2482 2868 2582 2937 τὴν
2605 2868 2767 2935 ἁγίαν
2797 2867 3119 2936 μετάληψιν,
3169 2867 3451 2936 pra'fectus
3504 2868 3655 2918 anti-

397 2960 821 3022 suomutabaut,
854 2962 922 3014 τὰ
954 2961 1063 3015 ἄνω
1090 2963 1239 3015 κάτω
1262 2961 1563 3024 ποιοῦντες,
1588 2961 1659 3013 ita
1687 2971 1746 3014 ut
1771 2961 1823 3012 in
1850 2960 1966 3013 illos

2078 2964 2415 3025 mensiorum,
2446 2960 2695 3013 inducens
2726 2975 2811 3013 eos
2839 2961 2929 3028 qui
2964 2975 3177 3013 sacram
3228 2961 3656 3012 communionem

393 3052 690 3120 quadraret
708 3052 967 3119 parmmia
991 3053 1104 3106 ἄνω
1120 3054 1383 3122 ποταμῶν
1405 3058 1598 3122 χωρεῖν
1625 3053 1853 3121 λέγουσα
1870 3055 1965 3126 τᾲς

338 3204 341 3209 λ
395 3145 600 3214 πηγὰς,
635 3145 723 3197 καὶ
758 3144 825 3196 τὰ
859 3145 1011 3215 παρὰ
1047 3145 1326 3206 Ἰουδαίοις
1356 3143 1512 3216 145
1552 3144 1970 3214 δευτερόπρωτα

398 3236 667 3297 σάϐϐατα,
709 3236 805 3289 καὶ
838 3236 988 3305 παρὰ
1032 3238 1146 3297 τοῖς
1195 3235 1387 3298 δεινοῖς
1415 3238 1698 3302 σοφισταῖς
1727 3239 1795 3288 τὰ
1824 3252 1971 3306 πρωη

397 3327 652 3396 ούστερα,
691 3336 750 3380 ιιι
780 3329 917 3382 scite
953 3327 1029 3380 ait
1066 3325 1293 3381 Citrius.
1330 3327 1536 3381 Gasrs.

465 3415 563 3489 [‘0
596 3418 797 3487 ἅρχων
817 3417 925 3472 τοῦ
959 3418 1351 3488 Εὺατγελίου.
1384 3419 1641 3483 Consule,
1667 3420 1711 3474 si
1736 3421 1969 3476 laborem

398 3519 650 3574 tueretur,
682 3510 1073 3579 Enchologium
1129 3520 1370 3565 nostrum
1399 3510 1604 3567 fol.770
1625 3523 1678 3568 et
1709 3513 1805 3567 8H
1844 3506 1972 3583 περὶ

396 3602 548 3671 λιτῆς
580 3613 633 3657 et
660 3602 953 3670 Evangelia
978 3603 1031 3656 in
1064 3616 1125 3655 ea
1150 3602 1395 3673 legendo.
1427 3603 1574 3658 Goan
1602 3602 1622 3676 ]

470 3692 613 3750 Ibid.
646 3694 905 3763 Sequitur
949 3694 976 3745 6
1005 3694 1186 3763 ἄρχων
1214 3695 1315 3747 τῶν
1339 3695 1552 3763 φώτων,
1582 3696 1740 3766 quem
1766 3696 1993 3773 Bonefiz

396 3788 521 3843 dius
547 3799 704 3842 vocat
732 3790 1096 3854 luminarium,
1115 3789 1311 3844 Junius
1343 3791 1973 3859 prazfectumluminibus.

400 3879 531 3949 Ejus
557 3890 675 3935 erat
698 3896 884 3937 curam
916 3897 1104 3953 gerere
1152 3883 1456 3952 φωτιστῶν,
1486 3898 1676 3938 recens
1708 3884 1979 3939 illumina-

402 3981 578 4025 torum
637 3988 733 4027 seu
789 3972 1240 4042 baptizatorum:
1322 3973 1485 4026 veteri
1533 3973 1676 4027 enim
1728 3971 1977 4028 Ecclesite

404 4062 589 4129 phrasi
619 4062 913 4129 baptismus
945 4062 1251 4130 appellatur
1282 4062 1580 4131 φωτισμός,
1633 4072 1687 4117 et
1720 4062 1979 4132 baptizati

403 4152 684 4220 φωτιστοί,
714 4152 900 4206 forsan
953 4167 1061 4206 non
1080 4154 1197 4207 sine
1229 4164 1479 4222 respectu
1516 4155 1579 4206 ad
1601 4156 1978 4209 cmremoniam

402 4247 696 4315 quamdam
727 4260 847 4313 qua:
880 4246 1207 4315 baptismum
1265 4245 1700 4312 subsequebatur
1729 4261 1741 4296 :
1770 4246 1980 4299 daban-

2070 3058 2300 3122 accipere
2316 3052 2511 3106 volunt.
2537 3051 2742 3106 Gas'rs.

2144 3147 2315 3220 [lbid.
2339 3144 2760 3215 Charmphylax,
2781 3154 2839 3199 ut
2863 3158 3024 3213 supra
3057 3143 3233 3199 visum
3257 3151 3361 3204 est.
3380 3144 3443 3197 ad
3472 3144 3656 3197 ecele-
3684 3156 3687 3157 '

2070 3240 2367 3309 siasticam,
2434 3236 2523 3291 hic
2560 3236 2626 3291 ad
2681 3236 2877 3291 laicam
2915 3237 3358 3290 communionem
3424 3236 3653 3311 invitat.

2070 3328 2267 3401 Ceam]

2140 3422 2335 3476 Junius
2374 3420 2650 3489 prtcfeetus
2688 3420 2977 3473 antecessui
3006 3433 3216 3481 mensa',
3260 3417 3526 3471 adducens
3561 3434 3655 3471 eos

2071 3517 2158 3585 qui
2184 3524 2334 3569 erant
2369 3516 2572 3568 venturi
2616 3516 2683 3566 ad
2712 3513 3136 3566 communionem
3169 3527 3402 3566 sacram.
3467 3510 3659 3576 Inepte

2073 3623 2322 3679 prorsus,
2356 3616 2409 3660 et
2436 3608 2619 3660 adhuc
2680 3606 2917 3673 ineptius
2964 3605 3015 3655 in
3083 3604 3334 3666 scholiis,
3406 3613 3463 3657 ut
3516 3604 3660 3658 satis

2076 3699 2262 3753 mirari
2315 3712 2578 3767 nequeam
2640 3696 2882 3749 hominis
2924 3695 3088 3763 hujus
3121 3694 3205 3746 his
3249 3694 3302 3746 in
3347 3693 3506 3746 rebus
3556 3708 3659 3747 seu

2074 3791 2364 3861 ὀλιγωρίαν
2398 3790 2557 3861 146
2581 3803 2675 3842 seu
2709 3787 3088 3842 ἀπαιδευσίαν.
3116 3785 3508 3839 Examinemus
3532 3786 3617 3838 sin
3634 3813 3657 3824 ο

2078 3886 2234 3955 gulas
2261 3883 2380 3952 ejus
2415 3882 2672 3951 ineptias.
2729 3880 2849 3932 Τῶν
2909 3876 3284 3948 ἀντιμινσίων,
3336 3877 3655 3939 adverbum,

2080 3975 2530 4036 antimensalium,
2586 3971 2782 4040 inquit,
2831 3979 2938 4024 etc.
2996 3971 3038 4023 Α
3096 3986 3277 4023 mensa
3326 3969 3663 4023 deuomiucti

2079 4075 2201 4120 sunt
2230 4067 2277 4118 ol
2304 4063 2646 4131 ἀντιμίνσιοι,
2677 4046 2845 4130 quasi
2902 4061 3047 4113 dicat
3103 4060 3509 4121 antemensales,
3562 4061 3659 4128 qui

2081 4160 2149 4213 ad
2180 4172 2388 4211 sacram
2414 4170 2643 4207 mensam
2671 4154 2900 4223 primum
2930 4153 3320 4220 recipiebanlur
3344 4161 3392 4205 et
3422 4168 3665 4204 Commu-

2087 4253 2289 4303 nionem
2322 4246 2677 4309 eucharistim,
2708 4255 2815 4299 etc.
2848 4243 2916 4296 lli
2944 4246 3081 4297 enim
3107 4244 3251 4311 prius
3279 4260 3435 4313 quam
3458 4244 3624 4295 admit
3643 4272 3665 4283 ο

399 4347 488 4390 tur
504 4336 650 4387 enim
684 4334 956 4402 haptizato
982 4334 1124 4388 cerei
1158 4334 1373 4387 accensi
1431 4334 1483 4385 in
1509 4333 1724 4401 signum
1757 4333 1876 4385 fidei
1911 4341 1966 4386 et

2073 4352 2301 4397 terentur
2342 4341 2410 4392 ad
2444 4338 2858 4392 communionem
2885 4352 3114 4399 sacram,
3143 4336 3377 4390 solebant
3416 4336 3659 4388 ecclesiis

396 4425 583 4493 gratia:
614 4435 874 4494 acceptae,
902 4433 957 4479 et
985 4424 1131 4493 quod
1190 4439 1218 4477 a
1279 4433 1557 4492 potestate
1611 4424 1962 4478 tenebrarum

396 4517 693 4569 translatus
726 4524 870 4570 esset
891 4516 956 4568 ad
1012 4514 1194 4569 lumen
1258 4523 1313 4567 et
1371 4525 1571 4571 sortem
1627 4526 1961 4571 sanctorum.

396 4606 638 4661 Meminit
672 4607 832 4676 hujus
859 4608 1197 4661 czeremonim
1246 4606 1642 4672 Nazianzenus,
1705 4619 1843 4664 orat.
1899 4609 1963 4663 In

396 4710 636 4752 sanetum
678 4699 971 4762 lavacrum,
1008 4707 1061 4752 et
1097 4700 1155 4753 S.
1186 4700 1527 4769 Augustinus
1555 4700 1607 4753 in
1645 4701 1775 4754 illud
1827 4704 1966 4771 psal.

396 4808 495 4846 va
526 4808 538 4845 :
574 4791 936 4846 Transivimus
965 4800 1058 4861 per
1078 4794 1248 4861 ignem
1272 4803 1319 4846 et
1355 4809 1573 4861 aquam,
1625 4803 1729 4847 etc.
1766 4792 1965 4849 Junius

396 4887 560 4938 iitum
592 4886 737 4939 hunc
790 4886 1033 4950 involvit,
1091 4901 1159 4939 ne
1207 4885 1463 4939 emineat.
1516 4885 1964 4950 Accendebantur,

394 4980 447 5029 in
474 4979 589 5046 jnit,
626 4979 935 5031 luminaria.
961 4978 1028 5031 At
1058 4994 1161 5031 non
1188 4988 1398 5032 tantum
1463 4978 1585 5043 hoc,
1626 4981 1717 5031 sed
1770 4988 1823 5032 et
1876 4995 1965 5033 ac-

394 5084 558 5123 censa
606 5070 960 5123 tradebanmr
1012 5069 1319 5134 baptizatis.
1379 5070 1535 5137 Atqui
1599 5070 1703 5130 hic,
1740 5069 1961 5141 inquit,

394 5164 526 5213 ritus
558 5162 830 5214 ordinaria
858 5161 925 5214 ad
953 5160 1265 5227 baptismum
1296 5161 1688 5214 observabatur.
1716 5161 1827 5215 Cur
1860 5162 1961 5231 igi-

395 5262 485 5306 tur
518 5268 612 5307 vos
641 5253 893 5308 mutastis
921 5260 975 5306 et
1004 5253 1352 5320 abrogastis?
1391 5252 1655 5306 Pra’tcrea
1690 5269 1806 5306 vero
1864 5271 1959 5307 an.

392 5343 677 5397 zzs'versarie
744 5345 798 5398 in
862 5343 1219 5411 singularibus
1280 5341 1592 5409 quibusdam
1660 5342 1839 5395 diebus
1890 5342 1965 5411 fc-

391 5480 503 5531 ὐλδ
534 5478 625 5529 τοῦ
682 5479 1118 5546 χαρτοςιύλακος,
1155 5479 1214 5529 τὸ
1248 5476 1342 5529 τοῦ
1393 5477 1629 5545 μεγάλου
1686 5476 1961 5529 σαϐῗῖάτου

391 5549 830 5614 ι’,ναγινώικεται
862 5548 966 5600 ὑπὸ
993 5548 1085 5600 τοῦ
1115 5547 1539 5613 σκευοφύὶακος.
1575 5548 1652 5615 Τῇ
1700 5547 1831 5615 ἁγίᾳ.
1876 5550 1966 5599 καὶ

398 5618 610 5689 μεγάλῃ
664 5619 914 5688 κυριακῇ
968 5618 1059 5670 τοῦ
1093 5619 1373 5687 [Ιάσχαῖος
1430 5622 1863 5682 αναγιψῐισκεται
1909 5620 1967 5668 τ’)

834 5704 849 5721 κ

2074 4443 2191 4487 ante
2225 4447 2454 4485 mensam
2487 4430 2602 4482 sisti
2631 4428 2719 4481 διὰ
2761 4428 2851 4480 τὸν
2881 4426 2991 4477 τῶν
3023 4427 3364 4495 ἀντιμασίων
3393 4425 3657 4496 ἄρχοντα,

2073 4535 2353 4597 posteaque
2384 4524 2559 4577 eodem
2591 4531 2856 4591 pra'eunte
2890 4520 3083 4573 adduci
3118 4519 3185 4572 ad
3207 4522 3657 4580 communionem,

2074 4624 2133 4669 ut
2169 4615 2344 4683 palam
2384 4621 2631 4665 testatum
2688 4610 2906 4679 faceret,
2956 4609 3081 4669 illos
3139 4624 3260 4661 suos
3329 4610 3537 4661 comites
3598 4608 3659 4659 in

2076 4723 2235 4759 unum
2265 4720 2450 4772 corpus
2483 4702 2743 4756 coaluisse
2766 4717 2882 4753 cum
2913 4699 3125 4754 Christo
3156 4711 3203 4753 et
3245 4699 3479 4752 Ecclesia
3516 4698 3659 4764 ejus.

2082 4798 2181 4850 llic
2208 4807 2381 4849 autem
2412 4797 2544 4847 ritus
2581 4796 2640 4847 τὸ
2680 4789 3018 4861 ἁντιμίνσβον
3052 4793 3225 4844 dictus
3283 4801 3377 4843 est.
3435 4789 3658 4841 Fabulx

2076 4889 2198 4958 plus
2238 4902 2401 4954 quam
2435 4885 2743 4952 [Esopimm
2778 4885 2975 4952 quibus
3003 4881 3316 4936 refellendis
3337 4882 3426 4932 diu
3455 4881 3654 4932 immo-

2075 4982 2182 5032 rari
2218 4979 2286 5031 nil
2319 4978 2420 5032 erit
2454 4992 2692 5038 necesse,
2730 4975 2817 5027 ubi
2841 4975 3012 5042 ipsam
3071 4974 3356 5026 veritatem
3408 4971 3657 5039 explica-

2075 5073 2333 5129 veritnus,
2374 5083 2473 5121 nec
2510 5067 2729 5119 aliunde
2772 5066 2877 5118 nisi
2950 5080 3015 5117 ex
3081 5064 3393 5117 Grmeorum
3455 5076 3651 5113 ιιιοιιιι·

2074 5164 2289 5216 mcntis.
2318 5160 2456 5225 Quid
2486 5161 2652 5228 igitur
2679 5168 2809 5211 sunt
2863 5157 3183 5208 antimensia
3209 5157 3233 5209 ?
3296 5155 3649 5213 Antimensia,

2070 5254 2247 5321 inquit
2278 5250 2364 5303 ille
2388 5252 2439 5302 in
2470 5249 2599 5301 lure
2633 5247 2747 5300 GR.
2785 5246 2875 5299 fol.
2909 5246 3034 5308 9.39,
3060 5247 3254 5298 scimus
3287 5245 3405 5312 ﬁeri
3458 5243 3647 5303 solita,

2064 5341 2304 5415 ‘qutmdo
2360 5342 2600 5409 cpisopus
2663 5346 2966 5392 consecrato
3031 5335 3375 5401 detlicatoquc
3455 5335 3651 5401 templo

2074 5479 2227 5543 ειγιον
2259 5473 2590 5540 Εὕαγγέὶιον
2623 5472 2726 5543 υπὸ
2752 5468 2845 5523 τοῦ
2873 5472 3110 5543 μεγάλου
3132 5469 3442 5543 γοίκονόέμουτ

2160 5535 2489 5612 Ἐπληρώὒη
2515 5546 2539 5593 ὁ
2575 5541 2747 5603 δεξιος
2777 5535 2934 5611 χορὶς
2963 5543 3055 5591 καὶ
3088 5542 3153 5591 τὰ
3188 5539 3397 5607 μεγάλα
3421 5535 3655 5605 opulnto.

2077 5616 2183 5667 τῶν
2217 5616 2477 5683 ἐκκλησια
2490 5612 2709 5662 ostntat.
