3992 6240
310 342 392 405 161
1390 346 1781 405 GRE'i‘SERI
1831 349 1863 404 Ε

1970 345 2195 406 GOARI
2228 349 2467 409 NOTAE.

3431 351 3535 412 ιω
3569 328 3576 345 ‘

305 477 518 529 pillllltm
560 477 751 514 ηιεηείιο
793 461 1119 513 substratunt
1167 475 1501 527 mensamque
1545 476 1636 512 seu
1700 457 1863 513 altare

1978 465 2063 509 tur
2095 458 2170 519 ὡς
2196 458 2586 527 ἁντιπρόσωπα
2614 457 2706 510 καὶ
2732 458 2999 509 ἀντίτυπα
3034 457 3140 509 τῶν
3186 457 3389 511 πολλῶν
3423 461 3543 527 μίν-

306 565 556 618 ιῃεητειη,
590 552 643 603 in
710 553 885 618 frusta
941 552 1229 603 dissectum
1284 550 1584 619 pictnmque
1622 549 1868 603 sacerdo-

307 645 429 694 tii'us
477 643 764 704 distribuit,
820 653 876 694 ut
935 657 994 695 eo
1046 641 1259 709 prwditi
1304 642 1625 709 sacriﬁcium
1673 643 1863 709 offerre

303 742 476 801 queant
539 730 680 785 Sunt
715 732 880 800 igitur
908 730 1224 784 autimensia
1254 746 1316 784 ea
1342 747 1461 799 quae
1484 770 1491 775 ρ
1517 732 1660 800 apud
1719 733 1864 786 Lati-

306 838 390 875 nos
414 823 605 889 lapides
630 824 929 875 consecrati
962 838 1056 878 seu
1082 839 1189 876 arte
1212 824 1503 891 portatiles.
1529 824 1645 879 sine
1665 825 1861 893 quibus

250 954 261 963 .
304 914 611 967 sacriﬁcium
644 913 758 965 lieri
798 928 908 966 non
952 921 1150 981 potest,
1216 914 1260 965 si
1323 928 1428 967 non
1488 915 1747 968 olIeratur
1804 916 1858 968 in

305 1005 443 1056 altari
501 1018 594 1069 per
653 1017 710 1055 se
782 1004 1021 1071 alioquin
1074 1014 1397 1058 consecrato
1453 1016 1506 1057 et
1584 1005 1856 1058 dedicato.

305 1095 547 1147 Dicuntur
604 1095 1089 1160 antimensia,quia
1155 1105 1283 1149 sunt
1334 1096 1456 1150 loco
1513 1112 1709 1150 mensae
1763 1112 1859 1149 seu

305 1202 402 1240 arae
436 1196 763 1240 consecrata:
796 1186 1023 1255 ejusque
1062 1187 1233 1241 vicem
1268 1186 1545 1253 subeunt;
1615 1188 1857 1254 liuntque

304 1295 360 1333 ex
420 1293 601 1347 panno
646 1277 823 1331 diviso
872 1286 918 1331 et
986 1278 1038 1329 in
1093 1277 1265 1331 frusta
1305 1276 1563 1341 dissecto,
1610 1294 1676 1331 ex
1722 1278 1855 1341 illo,

303 1357 528 1437 inquam,
552 1383 730 1437 panno
752 1369 843 1436 qui
865 1370 1032 1422 altare
1053 1368 1122 1421 ab
1145 1368 1403 1437 episcopo
1430 1368 1497 1421 de
1549 1384 1689 1421 novo
1718 1385 1848 1422 con-

303 1471 555 1517 secratum
582 1460 850 1515 vestiebat
882 1471 933 1513 et
959 1461 1190 1513 ornabat
1226 1476 1240 1512 :
1311 1460 1413 1514 hoc
1466 1462 1614 1515 enim
1665 1462 1850 1528 operi-

305 1560 525 1604 mentum
552 1551 603 1602 in
632 1561 817 1617 partes
853 1550 1089 1603 minutas
1139 1550 1435 1604 dissectum
1496 1550 1855 1606 distribuebat

303 1645 571 1713 episcopus
592 1646 992 1710 sacerdotibus,
1022 1657 1079 1699 ut
1108 1658 1295 1714 posma
1326 1647 1561 1715 partium
1624 1647 1852 1700 istarum

305 1737 549 1790 beneficio
570 1735 908 1791 sacrificium
933 1738 986 1791 in
1015 1738 1277 1793 altaribus
1306 1738 1469 1792 etiam
1510 1753 1616 1793 non
1667 1754 1857 1794 conse—
1894 1761 1934 1815 Β

304 1829 447 1881 cratis
470 1829 677 1882 otl‘erre
706 1836 953 1897 possent.
992 1828 1199 1883 Guers.

364 1918 439 1990 [P.
467 1920 522 1973 5.
550 1919 920 1985 Antimcnsia,
944 1922 1101 1989 quasi
1121 1935 1311 1973 mensa:
1334 1935 1502 1973 sacrte
1524 1920 1632 1974 vice
1654 1933 1868 1975 assum-

303 2020 403 2080 pta,
430 2023 560 2066 sunt
625 2010 949 2065 Graecorum
977 2009 1173 2064 altaria
1238 2010 1721 2079 portatilimlintea
1779 2010 1865 2063 ni-

305 2102 482 2154 mirum
550 2101 731 2165 sacris
782 2100 1030 2170 reliquiis
1077 2100 1266 2167 ditata,
1336 2109 1612 2168 unguento
1651 2113 1866 2169 quoque

304 2207 443 2246 sacro
460 2191 701 2246 delibuta
754 2207 816 2245 ac
833 2191 1105 2260 pontiﬁcis
1131 2190 1510 2246 benedictione
1530 2190 1597 2244 ad
1647 2190 1863 2244 missam

303 2283 351 2335 in
376 2283 438 2336 iis
458 2280 837 2337 celebrandam
868 2280 1136 2335 dedicata.
1200 2281 1269 2336 Ut
1326 2296 1516 2335 eorum
1584 2294 1717 2334 usus
1780 2290 1865 2335 est

305 2374 351 2425 in
391 2373 791 2435 communione,
857 2373 949 2441 qui
1003 2373 1166 2443 hujus
1208 2386 1399 2429 curam
1442 2371 1692 2440 suscipit,
1754 2370 1863 2426 illis

305 2466 476 2534 piratici
500 2471 788 2520 asseritur.
808 2464 1007 2535 Gosn.]

364 2558 625 2619 Quocirca
676 2558 876 2627 qumrit
924 2558 1016 2612 ille
1077 2558 1128 2611 in
1186 2556 1318 2612 iure
1368 2554 1864 2621 Graeco-Romano,

302 2651 413 2719 quid
444 2649 745 2717 faciendum
773 2651 821 2703 si
855 2648 1022 2703 desint
1048 2650 1386 2713 antimensia,
1444 2664 1561 2700 cum
1613 2649 1728 2709 sine
1782 2648 1863 2700 Itis

303 2741 544 2792 celebrare
574 2755 675 2793 non
716 2739 870 2791 liceat
903 2741 927 2793 ?
959 2736 1299 2807 Responsum
1334 2737 1414 2791 his
1441 2737 1621 2792 verbis
1666 2737 1862 2791 datur:

300 2832 608 2884 Antimensia
639 2832 694 2882 in
722 2830 970 2890 omnibus
998 2830 1193 2883 sanctis
1234 2830 1426 2882 mensis
1453 2828 1580 2895 (hoc
1614 2836 1697 2881 est
1724 2827 1863 2880 alta-

302 2923 457 2990 ribus)
498 2925 628 2991 poni
659 2937 866 2976 necesse
897 2937 997 2974 non
1049 2930 1149 2986 est,
1182 2921 1271 2976 sed
1318 2921 1373 2973 in
1439 2922 1505 2974 iis
1564 2921 1628 2974 de
1677 2921 1862 2990 quibus

299 3016 537 3066 incertum
576 3030 702 3067 nunt
734 3021 1060 3067 consectata!
1081 3015 1186 3065 sint
1215 3028 1392 3066 necne.
1422 3011 1566 3064 Nam
1588 3012 1853 3065 antimcn-

1976 564 2084 599 σων
2118 550 2226 600 τῶν
2262 544 2697 618 καταρτιζὸὗτων
2734 549 2830 615 τὴν
2863 547 3024 614 ἁγίαν
3070 548 3165 599 καὶ
3218 548 3540 620 δεσποτικὴν

1970 638 2264 706 τράπεζαν.
2310 640 2448 693 Sunt
2487 640 2631 694 enim
2663 640 2833 708 ipsius
2864 649 3195 693 consecratae
3225 656 3424 695 mensae
3444 657 3539 695 seu

1968 745 2078 784 arte
2112 733 2307 784 vicaria
2332 750 2344 785 :
2366 748 2491 786 nam
2513 741 2571 786 ut
2605 732 2745 785 idem
2786 730 3133 801 Nicepltorus
3162 732 3314 795 dicit,
3332 736 3541 801 praprie

1970 840 2173 876 mensas
2214 839 2304 877 seu
2350 839 2474 879 aras
2517 824 2826 893 signiﬁcant
2881 840 3025 891 quas.
3059 827 3385 879 consecratio
3439 842 3537 877 non

1965 917 2338 982 sanctiﬁcavit.
2375 916 2552 970 Monet
2591 916 2753 970 etiam
2792 916 2893 970 hoc
2944 915 3283 984 Nicephorus
3318 935 3328 968 :
3360 916 3418 970 Si
3447 933 3541 984 per

1964 1006 2322 1075 ignorantiam
2379 1007 2543 1060 lotum
2592 1008 2753 1074 fuerit
2811 1007 3206 1070 antimensium,
3270 1023 3372 1059 non
3412 1024 3539 1074 pro-

1963 1107 2136 1164 ρων-θα
2158 1100 2397 1151 amittere
2418 1101 2895 1166 sanctiﬁcationem
2923 1115 3014 1151 nec
3071 1097 3353 1166 profanum
3389 1099 3535 1164 efﬁci.

1964 1185 2069 1239 Pro
2110 1205 2218 1255 quo
2240 1189 2354 1251 alii,
2414 1190 2604 1244 vitiose
2640 1170 2873 1257 prorsus
2931 1190 3188 1257 nulloque
3256 1204 3443 1249 sensu,
3493 1190 3539 1239 si

1962 1279 2231 1346 impletum
2262 1279 2418 1346 fuerit
2449 1281 2823 1332 antimensium
2858 1298 2871 1331 :
2945 1280 3204 1332 nimirum
3230 1293 3329 1346 pro
3364 1278 3537 1345 πλυθῇ

1960 1367 2209 1436 legerunt
2240 1368 2534 1437 πληθυνοῇ.
2573 1368 2702 1433 Quae
2728 1368 2919 1421 vitiosa
2959 1369 3117 1422 lectio
3175 1384 3204 1421 a
3262 1367 3540 1421 Bouclitlio

1963 1458 2206 1529 profecta
2245 1468 2425 1513 exstat
2454 1460 2619 1513 etiam
2661 1470 2796 1515 tom.
2824 1458 2891 1514 Vl
2924 1458 3267 1514 Bibliotheca:
3300 1458 3401 1513 SS.
3439 1457 3540 1510 Pa-

1964 1560 2131 1605 U‘IIID.

2033 1641 2087 1694 ln
2108 1640 2446 1709 Euchologio
2473 1638 2781 1693 Graecorum
2824 1640 3200 1707 praescribitur
3228 1639 3399 1702 τάξις,
3436 1638 3538 1691 ltoe

1962 1742 2047 1787 est
2080 1734 2272 1787 modus
2302 1741 2356 1785 ct
2387 1734 2521 1785 ordo
2586 1730 2946 1785 consecrandi
2978 1731 3324 1784 antimensia.
3350 1730 3538 1793 Quan-

1973 1824 2060 1885 do,
2088 1824 2281 1892 ittquit,
2333 1826 2629 1875 sacerdotes
2664 1823 2979 1875 antimensia
3016 1837 3205 1874 mensa:
3241 1822 3534 1887 imponunt,

1969 1914 2077 1968 illis
2096 1930 2160 1968 ex
2179 1915 2419 1968 certantlte
2442 1931 2529 1968 seu
2560 1916 2688 1983 flore
2712 1915 2817 1968 vini
2836 1914 3226 1980 superinfundit
3265 1913 3536 1980 episcopus

1973 2015 2051 2060 ter
2079 2015 2334 2075 quantum
2370 2008 2521 2071 satis,
2547 2006 2766 2058 recitata
2793 2007 3002 2058 interim
3034 2004 3270 2073 psalmo:
3305 2023 3323 2054 s
3352 2006 3540 2071 Asper-

1969 2113 2053 2166 ges
2084 2114 2184 2162 me,
2205 2097 2444 2162 Domine,
2493 2098 2739 2166 hyssopo,
2776 2106 2827 2150 et
2859 2097 3174 2160 mundabor,
3214 2096 3410 2148 lavabis
3435 2111 3536 2155 mc,

1969 2201 2019 2243 et
2042 2205 2197 2257 super
2225 2190 2392 2243 nivem
2416 2189 2753 2243 dealbabor.»
2779 2189 2892 2243 Hoc
2916 2198 2993 2243 ter
3018 2189 3160 2242 dicto
3184 2188 3380 2255 reliqua
3403 2187 3541 2255 ejus-

1968 2285 2083 2335 dem
2108 2283 2303 2351 psalmi
2330 2282 2596 2351 adjungit,
2623 2281 2888 2351 Deumque
2929 2281 3231 2334 benedicens
3260 2281 3357 2343 uit,
3392 2298 3409 2329 ί
3440 2278 3540 2331 Be-

1968 2374 2202 2427 nedictus
2257 2374 2392 2427 Deus
2430 2384 2622 2438 noster,
2659 2388 2794 2425 nunc
2822 2381 2871 2426 et
2915 2388 3119 2441 semper
3155 2380 3208 2425 et
3239 2372 3294 2424 in
3343 2370 3540 2425 secula

1967 2465 2300 2529 saeculorum,
2333 2466 2517 2520 Amen.
2562 2484 2581 2518 ι
2644 2469 2836 2519 Postea
2858 2477 3070 2532 accepto
3106 2465 3249 2517 sacri
3290 2464 3541 2533 unguenti

1967 2573 2111 2621 vase,
2135 2565 2184 2608 et
2208 2557 2429 2608 diacono
2460 2559 2721 2609 clamante
2741 2594 2755 2621 ,
2784 2575 2803 2608 r
2837 2557 3200 2618 Attendamus,
3237 2572 3256 2604 s
3295 2555 3423 2620 facit
3450 2570 3542 2621 per

1967 2647 2340 2701 antimeusium
2372 2662 2547 2698 cruces
2584 2655 2711 2709 tres,
2771 2662 2931 2698 unam
2960 2661 3051 2713 per
3084 2645 3332 2704 medium,
3375 2645 3543 2695 utrin-

1964 2753 2062 2806 que
2081 2738 2236 2798 duas,
2262 2737 2611 2805 recitaturque
2632 2735 2864 2802 psalmus
2890 2752 2903 2789 :
2942 2752 2960 2786 t
2994 2734 3126 2787 Ecce
3155 2750 3311 2803 quam
3349 2734 3540 2786 bonunt

1963 2838 2014 2885 et
2046 2844 2202 2898 quam
2223 2826 2543 2897 jucundum,
2586 2843 2605 2875 ι
2638 2842 2799 2895 usque
2818 2827 2885 2877 ad
2907 2826 3097 2894 ﬁnem;
3139 2825 3401 2895 Deumque
3429 2829 3541 2879 col-

1964 2920 2191 2973 laudans
2208 2919 2335 2971 dicit
2353 2920 2623 2987 episcopus
2643 2935 2661 2971 :
2689 2935 2707 2968 ι
2735 2915 2914 2970 Gloria
2936 2918 3052 2983 tibi,
3078 2926 3262 2970 sancta
3286 2916 3536 2980 Trinitas.

1962 3010 2102 3065 Deus
2140 3018 2316 3064 noster
2360 3011 2414 3062 in
2446 3009 2666 3063 sarcula.
2728 3027 2747 3059 ι
2798 3008 2992 3063 Deinde
3045 3017 3255 3076 accepto
3307 3009 3540 3061 turibulo

298 3105 367 3155 sia
406 3106 575 3157 locum
628 3105 857 3158 obtinent
909 3113 1334 3157 consecratarum
1386 3119 1705 3167 mensarum,
1769 3118 1858 3156 nec
1886 3092 1927 3150 (ἶ
1963 3106 2228 3158 incensum
2266 3102 2429 3170 facit;
2457 3109 2506 3155 et
2535 3104 2754 3155 diacono
2771 3102 3008 3154 dicente:
3046 3117 3061 3149 t
3095 3100 3316 3153 Oremus
3361 3098 3542 3151 Domi-

298 3196 355 3247 iis
378 3213 497 3263 opus
533 3205 612 3249 est
640 3198 728 3249 ubi
762 3212 972 3249 mensas
1004 3205 1343 3250 consecratas
1376 3210 1485 3249 esse
1508 3203 1736 3248 constat.
1780 3195 1858 3247 Ex

300 3290 481 3353 quibus
508 3288 722 3356 liquido
776 3296 924 3356 patet
987 3303 1109 3357 quae
1160 3288 1269 3340 sint
1322 3288 1661 3351 antimensia,
1739 3286 1862 3354 quis

300 3389 465 3428 eorum
508 3392 670 3440 usus,
711 3391 906 3444 nempe
944 3376 1083 3429 idem
1149 3390 1377 3442 prorsus
1432 3376 1526 3444 qui
1568 3376 1709 3443 apud
1757 3390 1859 3430 nos

300 3467 536 3519 altarium
586 3465 919 3533 portatilium
993 3480 1086 3521 seu
1147 3465 1407 3532 lapidum,
1470 3476 1530 3519 ut
1577 3480 1857 3531 vocamus,

301 3568 731 3617 consecratorum,
764 3572 996 3625 quorum
1030 3558 1294 3611 beneﬂcio
1321 3565 1496 3625 potest
1558 3557 1680 3627 quis
1699 3557 1859 3611 etiam

302 3649 347 3701 in
367 3666 465 3703 non
485 3661 811 3706 causecrato
840 3651 996 3705 altari
1026 3650 1326 3705 celebrare.
1380 3648 1533 3715 Quod
1586 3665 1716 3719 ergo
1766 3664 1864 3705 nos

302 3742 579 3803 possumus
608 3740 711 3793 hoc
734 3740 934 3805 medio,
958 3739 1010 3794 id
1030 3738 1202 3792 Grzeci
1224 3738 1457 3807 quibant
1483 3753 1577 3805 per
1601 3741 1866 3792 antimen-

301 3832 391 3893 sia,
423 3822 525 3884 hoc
555 3838 641 3885 est
670 3845 764 3898 per
785 3839 964 3899 partes
988 3829 1281 3897 tcgumenti
1308 3829 1454 3883 illius
1484 3829 1626 3897 quod
1661 3844 1861 3882 novum

302 3923 476 3985 altare,
542 3922 766 3991 quando
837 3920 1092 3991 templum
1151 3921 1598 3985 consecrabatur,
1643 3936 1866 3988 operue-

305 4022 403 4066 rat.

365 4107 505 4161 Inter
540 4116 770 4161 cretei-as
805 4104 1138 4175 quaestiones
1175 4102 1368 4159 Joanni
1414 4101 1587 4156 Citrio
1619 4102 1867 4169 proposi-

303 4209 376 4253 tas
410 4201 521 4254 bzec
568 4200 733 4253 etiam
770 4214 874 4251 una
928 4208 1066 4261 erat,
1096 4212 1163 4250 an
1194 4195 1508 4249 antimensia
1562 4193 1722 4246 etiam
1782 4209 1869 4245 va-

302 4290 425 4343 leant
453 4294 503 4344 in
526 4291 655 4346 aliis
686 4290 964 4359 provinciis
978 4301 1026 4342 et
1048 4286 1370 4348 diwcesibus,
1390 4302 1456 4338 an
1482 4284 1653 4338 solum
1674 4287 1725 4337 in
1743 4284 1874 4338 diae-

1963 3212 2109 3260 num,
2136 3214 2154 3246 »
2188 3195 2272 3248 sic
2296 3202 2544 3262 precatur
2562 3191 2824 3260 pontifex.
2853 3191 3178 3245 Subduntur
3201 3190 3398 3244 deinde
3418 3206 3541 3259 prc-

1959 3301 2071 3353 ces,
2097 3301 2235 3355 quas
2256 3300 2419 3353 super
2436 3284 2755 3336 antimensia
2782 3283 3029 3350 pontifex
3056 3282 3232 3337 fundit
3258 3298 3272 3347 ;
3304 3298 3537 3352 quarunt

1961 3376 2232 3433 desiderio
2264 3376 2356 3445 qui
2398 3383 2632 3439 tenetur,
2671 3376 2717 3428 is
2750 3373 3139 3443 Eucltologium
3176 3376 3447 3430 consulat.
3488 3395 3495 3403 ·

2035 3468 2213 3521 Animi
2256 3482 2420 3521 causa
2451 3465 2601 3536 juvat
2660 3465 2860 3520 addere
2910 3465 3273 3533 quwstionem
3336 3465 3536 3520 Joanni

1962 3558 2134 3614 Citrio
2166 3558 2525 3627 pr0positam,
2562 3556 2690 3625 quid
2731 3555 2923 3611 Graece
2958 3556 3229 3625 signiﬁcet
3274 3557 3539 3638 antimen-

1960 3655 2122 3717 sium,
2142 3666 2196 3707 et
2223 3651 2495 3721 quomodo
2517 3649 2864 3704 scribendum
2903 3649 2993 3711 sit,
3042 3664 3169 3701 num
3210 3663 3307 3716 per
3339 3645 3446 3718 ἦτα
3468 3664 3535 3701 an

1966 3761 2059 3814 per
2078 3743 2324 3798 ἰῶτα.Αά
2350 3743 2490 3796 hanc
2514 3741 2875 3811 quaestionem
2902 3739 2973 3792 ita
2993 3738 3281 3806 respondet
3305 3737 3533 3789 Citrius:

1964 3836 2257 3904 Appellatio
2292 3836 2571 3887 deducitur
2605 3849 2637 3884 a
2673 3847 2872 3890 mensa,
2901 3828 3035 3896 quod
3066 3827 3350 3879 secundum
3385 3824 3537 3878 Cra:-

1967 3941 2053 3979 cos
2080 3925 2284 3992 quidem
2306 3921 2569 3991 significat
2591 3919 2786 3971 κανοῦν
2831 3917 3148 3980 canistrum,
3178 3923 3226 3966 et
3252 3914 3537 3966 secundum

1968 4008 2216 4071 italicam
2243 4014 2480 4082 linguam
2497 4010 2558 4062 τὸ
2581 4005 3145 4077 πεπραγματευμένον
3170 4008 3283 4067 τοῖς
3313 4006 3538 4074 idm-tros-

1969 4112 2049 4170 oi;
2093 4103 2635 4169 ébesrdv.lnterpres,
2667 4099 2859 4153 Venale
2883 4098 3281 4166 propinatorum
3304 4097 3537 4150 edulium

1972 4202 1990 4271 (
2026 4214 2189 4269 quam
2223 4197 2358 4250 bene
2382 4195 2625 4257 Graecus,
2650 4202 2755 4246 tam
2792 4191 2930 4245 bene
2965 4188 3137 4244 Graeci
3195 4188 3460 4257 interpres
3494 4190 3535 4257 ).

1972 4289 2273 4344 Audiamus
2300 4295 2489 4338 czetera
2532 4286 2647 4336 Hac
2687 4281 2889 4333 ratione
2931 4288 2979 4331 et
3008 4279 3062 4329 in
3093 4279 3285 4332 mensis
3309 4278 3541 4346 explica-

302 4384 631 4451 cesiepiscopi
655 4382 968 4435 antimensia
989 4380 1082 4432 illa
1099 4380 1451 4432 consecrantis
1467 4390 1513 4429 et
1534 4375 1869 4442 conﬁcientis.
1906 4415 1949 4469 Ι)
1981 4398 2045 4439 ηε
2080 4397 2277 4449 ηιηρρω
2310 4378 2651 4430 nominantur
2673 4371 2944 4431 mensalia,
2980 4381 3230 4438 tanquam
3272 4370 3341 4424 ad
3377 4386 3539 4422 om“.

307 4473 448 4542 147
486 4476 790 4543 lleSponsio
811 4482 895 4525 est
942 4472 1112 4525 valere
1152 4470 1357 4535 ubique,
1410 4470 1543 4521 sicut
1615 4477 1664 4519 et
1699 4468 1864 4532 ipsum

302 4581 494 4617 sacrant
527 4572 852 4635 unguentum
875 4574 925 4618 et
976 4565 1087 4617 alia
1147 4578 1323 4628 sacra,
1376 4561 1611 4630 quamvis
1669 4575 1772 4610 uno
1812 4559 1867 4611 in

303 4654 404 4707 loco
432 4658 789 4726 sanctificata,
808 4656 965 4710 semel
991 4666 1167 4708 tamen
1184 4653 1653 4720 sanctificationem
1678 4651 1866 4718 adepta

308 4747 483 4816 ubique
511 4767 628 4803 eam
660 4752 886 4803 retinent
919 4758 968 4802 et
996 4756 1264 4808 exserunt,
1302 4746 1479 4813 inquit
1510 4744 1740 4804 Citrius,
1772 4740 1863 4809 qui

303 4849 350 4890 et
379 4843 531 4894 docet
565 4842 884 4895 antimensia
912 4856 1014 4893 non
1061 4840 1233 4909 primo
1294 4838 1476 4890 statim
1522 4836 1867 4886 dedicationis

302 4930 379 4981 die
423 4932 732 4994 distributa,
795 4930 885 4984 sed
940 4941 1050 4983 tum
1107 4930 1339 4991 demum,
1396 4928 1483 4979 ubi
1510 4937 1865 4994 tegumentum

304 5021 480 5076 altaris
521 5038 610 5088 per
631 5022 898 5090 sacrificia
929 5030 1124 5086 septem
1162 5020 1425 5072 continuis
1456 5020 1636 5070 diebus
1688 5017 1865 5069 oblata

301 5114 762 5181 sancti/irationem
795 5114 1103 5175 accepisset,
1127 5114 1180 5164 in
1230 5123 1404 5180 partes
1432 5111 1661 5164 divisum
1693 5118 1741 5160 et
1769 5124 1864 5176 pro

303 5208 623 5261 antimensiis
662 5207 1003 5261 distributum
1031 5222 1163 5260 esse.
1191 5206 1245 5259 In
1274 5207 1517 5260 eanulcm
1541 5204 1862 5258 sententiam

301 5295 632 5367 Niccpttorus
711 5302 1023 5369 patriarcha
1080 5300 1400 5369 Cpolitanus
1457 5307 1588 5350 tom.
1646 5294 1662 5347 l
1718 5294 1866 5348 Juris

301 5388 652 5455 GR.lol.29,
695 5393 1047 5454 Antimensia,
1096 5393 1291 5460 inquit,
1365 5391 1653 5455 ubicunque
1708 5388 1865 5453 fuerit

299 5481 360 5533 iis
389 5498 541 5550 opus,
574 5487 876 5545 mittuntur,
928 5499 1019 5535 nec
1076 5483 1154 5535 vel
1220 5482 1318 5533 Itac
1378 5479 1451 5531 vel
1510 5479 1603 5529 illa
1661 5479 1866 5541 regione

301 5577 819 5633 circumscribuntur.
847 5577 935 5629 sed
976 5576 1029 5627 in
1075 5574 1231 5627 aliam
1296 5588 1495 5641 quoque
1540 5570 1864 5637 provinciam

300 5664 685 5731 transferuntur
712 5667 915 5718 sicutet
951 5680 1159 5715 sacrum
1211 5669 1548 5730 unguentum.
1589 5656 1746 5708 Addit
1771 5656 1860 5707 Ni-

303 5757 566 5823 cepltorus
596 5757 929 5811 notationem
961 5754 1200 5809 nominis
1238 5770 1250 5806 :
1291 5753 1377 5803 Sic
1399 5759 1572 5803 autem
1595 5746 1870 5814 appellun-

1971 4494 2079 4535 tum
2099 4486 2287 4526 ntensce
2315 4470 2506 4535 posita.
2544 4464 2761 4532 Vulgari
2787 4472 2961 4514 autent
2985 4476 3083 4513 usu
3114 4459 3428 4513 antimensiu
3459 4460 3541 4510 di-

1967 4579 2157 4625 cuntur
2182 4573 2236 4617 ut
2268 4564 2322 4615 in
2351 4560 2570 4613 vestibus
2596 4558 2851 4624 antipana
2891 4552 3240 4623 (antipanni).
3288 4550 3412 4604 Πιυε
3441 4567 3540 4603 (ιη.

1970 4673 2069 4716 tem
2095 4660 2149 4710 in
2184 4653 2379 4707 sanctis
2408 4648 2515 4701 illis
2540 4657 2803 4713 ponuntur
2830 4646 3014 4696 mensis
3060 4659 3191 4709 quas
3217 4641 3539 4693 consecrato

1969 4770 2071 4806 non
2100 4743 2470 4813 sanctificavit.
2501 4738 2661 4808 148
2687 4735 2974 4801 Subiungit
3002 4733 3207 4784 Citrius
3234 4749 3246 4782 :
3311 4729 3368 4782 Si
3408 4740 3537 4780 tem-
3584 4786 3589 4813 ἐ

1967 4845 2111 4912 plum
2141 4856 2241 4891 non
2274 4810 2351 4890 est
2380 4832 2701 4888 dedicatum,
2730 4824 2868 4893 quod
2891 4824 2937 4874 ei
2977 4822 3138 4882 deest,
3175 4819 3538 4883 sanctiﬁcato-
3577 4810 3589 4877 ἶ

1971 4935 2054 4985 ria
2088 4933 2162 4985 vis
2204 4922 2505 4981 antimensii
2536 4918 2737 4985 implet.
2774 4914 2998 4991 Ideoque
3030 4912 3083 4963 in
3120 4926 3217 4960 non
3241 4919 3539 4960 consecrato

1970 5022 2160 5091 templo
2205 5014 2523 5081 sacrificium
2569 5008 2682 5061 sine
2726 5002 3042 5057 antimensio
3074 5014 3337 5068 nunquant
3368 4998 3539 5065 facere

1967 5089 2106 5167 licet.
2157 5110 2220 5163 Et
2248 5102 2505 5163 sacerdoti
2545 5098 2636 5166 qui
2677 5096 2771 5148 hoc
2804 5109 2964 5146 ausus
3017 5093 3198 5161 fuerit,
3243 5104 3389 5151 plena
3441 5089 3539 5140 erit

1968 5204 2241 5271 depositio.
2278 5196 2381 5250 Per
2412 5196 2520 5245 iota
2550 5200 2726 5242 autem
2767 5185 3019 5240 scribitur
3064 5184 3152 5235 διὰ
3184 5184 3244 5233 τὸ
3278 5178 3489 5271 suum
3524 5193 3536 5206 -

1970 5270 2041 5347 τά
2065 5294 2172 5359 γὰρ
2204 5287 2396 5341 ἐθνικὰ
2428 5283 2571 5337 κατά
2596 5281 2687 5333 τὸν
2724 5276 3115 5349 γραμματικὸν
3169 5273 3371 5324 κανόνα
3411 5270 3537 5322 οὔτε

1970 5381 2303 5453 παραγωγὰς
2320 5376 2445 5431 οὔτε
2468 5377 2698 5437 κανόνας
2722 5374 2952 5441 ἔχουσιν.
2976 5367 3154 5421 Solent
3172 5373 3343 5417 autem
3362 5378 3543 5431 gram-

1970 5475 2252 5539 maticiper
2276 5472 2381 5522 iota
2400 5480 2443 5521 et
2470 5469 2700 5519 omicron
2722 5474 2768 5516 ct
2787 5461 2990 5525 epsilon
3010 5458 3107 5520 τὰς
3129 5454 3342 5517 ἐθνικὰς
3365 5453 3543 5521 φωνάς

1969 5566 2213 5621 scribere.
2270 5560 2400 5626 Qum.
2441 5560 2583 5614 ratio
2636 5556 2790 5612 Citrii
2839 5551 3027 5622 quanti
3076 5549 3166 5613 sit,
3219 5548 3269 5599 in
3303 5543 3545 5615 CUjllSViS

1965 5657 2188 5712 arbitrio
2220 5654 2383 5708 situm
2409 5662 2546 5708 esto.
2904 5696 2907 5697 ν

2040 5753 2128 5803 Ait
2170 5750 2387 5815 insuper
2430 5740 2747 5797 antimensia
2777 5737 2926 5793 nullo
2973 5736 3134 5793 modo
3169 5734 3379 5789 licitum
3412 5743 3548 5787 con-
