3992 6240
372 296 474 363 163

1496 297 1577 359 1N
1609 292 1918 359 manus
1962 295 2057 355 DE
2086 290 2421 353 OFFlClIS
2458 293 2570 352 cr.

3518 292 3618 357 164

369 411 554 477 licere,
585 407 695 464 nisi
726 407 781 462 in
801 406 928 462 novi
962 406 1147 477 templi
1172 405 1533 472 dedicatione,
1556 410 1762 480 quique
1786 421 1947 464 secus
1978 413 2022 465 Α
2053 419 2226 473 nugas
2250 406 2315 458 de
2349 400 2734 468 sull‘ragatione
2766 411 2818 454 et
2870 400 3158 465 electione,
3212 402 3486 470 quomodo
3520 412 3620 459 ad.

368 508 549 571 agant,
589 513 829 555 canones
888 500 1239 568 transgredi,
1273 490 1374 556 nec
1431 499 1635 556 referre
1677 514 1806 555 num
1840 515 1944 552 nu-

366 608 463 662 per
492 591 750 662 templum
783 591 855 646 sit
878 600 1222 647 exstructum
1287 608 1301 657 ;
1329 592 1462 648 satis
1505 606 1627 647 esse
1658 591 1805 661 quod
1836 604 1943 645 non

369 684 533 738 fuerit
565 682 898 749 dedicatum,
955 681 1399 755 quandocunque
1462 684 1684 739 demum
1732 692 1950 739 exstru-

368 788 513 832 ctum
536 776 726 832 luerit.

439 867 536 922 llis
572 868 720 921 hunc
749 866 804 920 in
837 866 1060 921 modum
1110 865 1178 921 de
1228 865 1684 922 antimensiorum
1738 868 1949 923 ratione

368 957 678 1025 explicatis,
713 956 767 1010 in
797 963 989 1010 tenues
1020 970 1185 1012 auras
1240 958 1518 1013 evanescit
1562 956 1828 1013 Juuianus
1861 959 1951 1012 ille

371 1045 667 1099 antecessut'
708 1059 901 1098 mensa:
930 1046 1232 1113 prmfectus,
1256 1060 1383 1113 cum
1411 1046 1639 1101 scholiis
1690 1046 1797 1101 illis
1826 1059 1952 1101 vere

373 1136 572 1190 scoriis
594 1143 650 1189 et
706 1136 952 1191 insulsis.
1009 1136 1118 1191 Nos
1151 1109 1464 1206 praelectum
1510 1138 1952 1191 antimensiorum

372 1227 458 1280 vel
487 1226 788 1280 antimensii
830 1226 1212 1291 nominemus;
1239 1227 1328 1281 cui
1356 1234 1558 1295 printer
1591 1241 1780 1281 curam
1814 1229 1954 1281 anti-

373 1316 694 1367 mensiorum
723 1315 885 1369 etiam
913 1314 1029 1368 haec
1052 1313 1424 1377 incumbebat,
1459 1323 1515 1368 ut
1545 1328 1746 1383 corpus
1767 1314 1955 1369 Domi.

370 1404 429 1457 ni
470 1413 794 1472 accepturos
823 1404 889 1457 ad
917 1403 1359 1458 communionem
1388 1418 1485 1457 seu
1530 1402 1825 1459 deduceret
1854 1418 1953 1458 seu

376 1495 679 1550 induceret.
709 1494 918 1549 Gners.

995 1584 1226 1641 CAPUT
1262 1583 1333 1640 X.

502 1678 578 1732 De
608 1687 758 1731 sexta
780 1677 1008 1745 pentade
1054 1671 1351 1745 ofﬁciorum
1406 1688 1455 1733 et
1495 1679 1830 1748 ofﬁci-lium.

2050 497 2199 551 missi
2234 502 2447 550 suntut
2475 493 2645 548 libere
2685 502 2740 547 et
2771 492 3043 561 intrepide
3088 493 3393 547 indicarent
3421 486 3635 565 quibus

2049 587 2505 657 suﬁ‘ragareutur,
2538 585 2585 640 si
2612 585 2746 650 haec,
2784 593 2843 636 ut
2870 594 3061 654 postea
3083 584 3179 651 ait,
3210 587 3428 641 nonnisi
3462 590 3625 654 trepi-

2050 679 2112 733 de
2132 687 2186 734 et
2213 678 2378 732 labris
2398 676 2738 731 trementibus
2768 675 2947 731 ellcrri
2978 676 3176 742 solent,
3206 678 3307 732 etsi
3340 678 3391 732 in
3420 679 3501 734 his
3531 695 3627 735 ne-

2052 786 2206 826 cosse
2244 780 2328 826 est
2361 767 2684 839 βαμϐάλειν,
2705 767 2955 822 [rasitare
2987 777 3041 821 et
3070 767 3372 835 fluctuare?
3404 769 3510 824 Sed
3531 786 3627 823 va-

2052 862 2159 916 leat
2182 860 2455 915 bambalio
2489 862 2622 915 iste:
2656 874 2757 914 nos
2792 858 3043 926 legamus
3080 844 3493 929 μονάμπου).>.ον
3526 880 3623 919 seu
3696 894 3711 901 ι

2056 950 2458 1021 μονάμπουλον.
2485 946 2556 1002 Ut
2580 948 2724 1003 enim
2745 948 2943 1017 prioris
2971 950 3178 1003 ostiarii
3227 962 3310 1005 est
3352 951 3497 1007 fores
3530 970 3623 1008 cu—

2054 1042 2284 1103 stodire.
2305 1042 2434 1096 dum
2463 1040 2704 1095 ministri
2721 1038 2995 1105 Ecclesiae,
3017 1039 3254 1107 diaconi,
3281 1043 3626 1110 subdiaconi,

2055 1138 2397 1199 sacerdotes,
2433 1133 2701 1203 episcopi,
2742 1134 3068 1188 ordinantur
3101 1144 3155 1188 et
3186 1135 3496 1198 initiantur,
3553 1136 3629 1186 ita

2057 1226 2221 1296 hujus
2249 1225 2473 1280 secundi
2542 1223 2753 1279 ostiarii
2781 1235 2864 1278 est
2904 1233 3087 1278 tenere
3118 1228 3413 1294 ampullam
3465 1241 3628 1279 uuam

2054 1330 2107 1372 et
2139 1316 2330 1379 solam,
2354 1324 2415 1369 ut
2447 1314 2820 1378 distinguatur
2847 1328 2877 1368 a
2900 1314 3233 1384 dibampulo,
3268 1317 3335 1371 de
3363 1332 3472 1386 quo
3494 1316 3635 1371 infra

2058 1408 2125 1462 ad
2161 1421 2215 1476 p.
2248 1406 2361 1483 με
2396 1403 2530 1457 Erat
2578 1408 2759 1459 autem
2828 1408 2883 1459 in
2946 1406 3185 1473 ampulla
3241 1406 3344 1461 hac
3394 1407 3634 1461 chrisma

2057 1500 2125 1554 ad
2151 1498 2465 1553 unctionem
2499 1495 2845 1551 sacerdotum
2877 1504 2930 1551 et
2957 1495 3339 1566 episcoporum
3383 1512 3636 1553 necessa-

2062 1592 2223 1655 rium,
2255 1601 2490 1658 eamque
2525 1587 2746 1643 tenebat
2791 1587 2894 1641 iste
2923 1587 3202 1654 ostiarius,
3248 1596 3308 1642 ut
3337 1592 3391 1641 in
3421 1603 3643 1658 promp-

2062 1693 2117 1737 tu
2148 1681 2332 1736 statim
2361 1678 2525 1744 foret,
2561 1678 2608 1733 si
2630 1678 2874 1733 initiator
2907 1687 3236 1747 reposceret.
3267 1679 3436 1734 Porro
3466 1694 3634 1734 vocu-

449 1769 512 1823 P.
550 1770 603 1823 5.
636 1768 687 1821 ln
726 1744 881 1822 sexta
914 1744 1150 1837 pentade
1181 1768 1418 1836 primum
1456 1744 1634 1824 locum
1679 1780 1825 1825 tenet
1848 1786 1959 1839 prt-
1991 1744 2030 1797 Β
2060 1776 2166 1830 lam
2208 1772 2447 1840 ampulla
2471 1772 2636 1826 etiam
2686 1768 2862 1825 Grzcci
2914 1744 3164 1826 iecerunt
3196 1788 3351 1826 suam
3382 1772 3638 1841 ἄμπουλσ.

380 1878 497 1915 mus
563 1861 815 1914 ostiarius
851 1858 1072 1927 κρατῶν
1106 1860 1204 1922 τὰς
1246 1859 1418 1930 θύρας
1459 1863 1538 1923 εἰς
1566 1861 1666 1924 τὰς
1717 1878 1958 1933 χειροτο-

380 1951 518 2019 νίας,
561 1951 651 2020 qui
685 1950 824 2018 fores
861 1949 1089 2003 custodit
1118 1950 1174 2003 in
1208 1950 1435 2018 ferendis
1452 1952 1751 2021 suffragiis,
1787 1955 1965 2023 inquit

380 2042 597 2105 Junius,
654 2040 1008 2094 chirotoniam
1050 2054 1150 2108 pro
1188 2039 1450 2106 electione
1500 2043 1795 2111 accipiens.
1851 2044 1962 2113 Ego

384 2135 568 2205 malim
592 2133 943 2188 chirotouiam
978 2133 1225 2201 accipere
1271 2147 1374 2201 pro
1397 2135 1620 2203 proprio
1638 2150 1741 2189 suo
1794 2136 1966 2205 signi-

384 2227 570 2287 licato,
606 2238 801 2292 nempe
851 2236 953 2292 pro
1000 2224 1419 2279 consecratione
1465 2240 1560 2279 seu
1614 2226 1962 2281 ordinatione

384 2313 760 2370 iuinistrorum
790 2312 1067 2379 Ecclesiae,
1092 2314 1165 2367 ita
1196 2323 1253 2367 ut
1278 2316 1449 2384 primo
1478 2319 1698 2371 ostiario
1722 2334 1854 2372 cura
1881 2319 1965 2388 ja-

385 2424 507 2463 nuaa
536 2400 963 2461 demandata'sit
991 2417 1121 2461 tunc
1143 2408 1361 2475 quando
1388 2407 1626 2476 diaconi,
1652 2412 1966 2467 sacerdotes

383 2502 584 2569 aliique
616 2500 941 2554 ordinantur
966 2509 1021 2553 et
1062 2506 1480 2553 consecrantur.
1533 2498 1798 2564 Quamvis
1842 2517 1965 2557 ma-

382 2606 621 2660 gnopere
650 2605 757 2644 non
788 2589 1122 2659 repugnabo,
1147 2588 1197 2643 si
1230 2590 1355 2657 quis
1385 2588 1623 2644 cilicium
1666 2592 1828 2661 primi
1863 2593 1967 2648 hu-

379 2683 471 2747 jus
495 2681 706 2734 ostiarii
732 2681 1126 2749 interpretetur
1157 2680 1225 2734 de
1246 2680 1363 2748 ipsa
1380 2680 1648 2737 electione
1684 2684 1966 2739 miniser-

383 2787 506 2826 rum
540 2770 826 2833 Ecclesiae,
863 2788 987 2824 cum
1020 2786 1116 2840 per
1167 2771 1422 2841 suffragia
1458 2774 1737 2842 eliguntur
1765 2776 1968 2834 abillis

381 2862 583 2932 quibus
611 2862 702 2930 jus
726 2869 781 2916 et
809 2869 1051 2931 potestas
1071 2862 1303 2931 eligendi
1327 2873 1482 2918 :tunc
1508 2866 1654 2918 enim
1678 2865 1760 2920 vel
1783 2869 1962 2921 niaxi-

318 3016 323 3025 ,
386 2970 473 3009 me
494 2964 705 3008 attento
727 2964 780 3009 et
800 2954 1198 3024 circumspecto
1224 2955 1445 3010 ostiario
1473 2971 1612 3026 opus
1637 2966 1741 3012 est.
1759 2956 1967 3015 Gnsrs.

470 3045 641 3117 [Ibid.
668 3045 804 3099 lluie
830 3047 974 3100 aliud
1004 3062 1205 3101 munus
1231 3048 1537 3117 adjungunt
1564 3048 1863 3107 Allatiana:
1896 3052 1961 3104 Ol
1994 3063 2037 3123 ο

386 3139 653 3208 ὀστιάριοι
683 3137 983 3208 βαστάζων
1005 3138 1104 3210 τὴν
1131 3140 1331 3210 ῥάϐδον
1358 3142 1451 3195 τοῦ
1496 3144 1821 3212 ἀρχιερέως.
1849 3146 1962 3199 Cu-

392 3227 647 3281 hicularii
686 3242 827 3282 onus
874 3242 998 3283 esse
1040 3238 1299 3283 asserunt
1337 3230 1487 3286 alia:
1541 3231 1599 3286 ὐ
1624 3233 1964 3305 κουὸούκλης

392 3320 479 3370 ἵνα
500 3318 744 3388 βαστὰζῃ
777 3320 837 3371 τὸ
874 3319 1187 3374 δικανικιωθ
1211 3320 1306 3374 τοῦ
1337 3322 1664 3392 ἀρχιερέως,
1689 3324 1819 3378 ὅταν
1868 3342 1966 3378 πε·

390 3412 629 3477 ριπατεῖ.
664 3409 816 3464 Cosa
851 3408 863 3480 ]

458 3498 520 3553 P.
613 3498 885 3589 Qecuudus
904 3502 1155 3555 ostiarius
1174 3502 1201 3553 ὀ
1218 3502 1511 3570 κρατῶντδ
1532 3506 1965 3576 μονώάμὸυλον,

386 3593 475 3661 qui
500 3604 658 3659 tenet,
683 3608 781 3648 seu
828 3594 927 3648 cui.
948 3595 1041 3663 jus
1069 3596 1124 3648 in
1157 3596 1612 3667 monobambylum
1641 3616 1655 3652 :
1696 3600 1769 3653 ita
1800 3601 1969 3654 edidit

284 3696 291 3703 '
388 3686 614 3744 Junius.
662 3688 805 3753 Quid
846 3703 977 3743 vero
1027 3690 1133 3744 hoc
1171 3691 1447 3745 nominis?
1490 3693 1570 3746 vel
1613 3694 1792 3763 potius
1832 3695 1966 3763 quid

388 3778 663 3833 monstri?
690 3776 883 3832 Junius
934 3777 1024 3831 hic
1051 3778 1242 3844 multa,
1284 3781 1378 3834 sed
1421 3782 1581 3850 plane
1631 3782 1964 3839 ridicularia.

387 3870 531 3934 Quid
572 3885 704 3941 ergo
747 3871 822 3924 illi
853 3880 936 3926 est
988 3870 1464 3940 monobambylon?
1494 3873 1609 3927 Duo
1635 3873 1754 3928 loca
1787 3875 1971 3930 chiro-

388 3964 551 4017 tonite
583 3964 892 4033 distinguit,
944 3965 1194 4032 alterum,
1218 3968 1275 4019 in
1305 3981 1457 4036 quem
1486 3982 1521 4019 α
1549 3970 1718 4035 primo
1748 3969 1968 4022 ostiario

387 4068 562 4105 omnes
591 4052 852 4105 admissos
887 4055 1172 4124 dicitquos
1198 4069 1414 4110 nouerat
1438 4056 1626 4111 habere
1650 4058 1740 4126 jus
1775 4059 1971 4127 sat/fra-

389 4145 463 4213 gii
492 4142 726 4213 ferendi;
755 4144 982 4197 alterunt
1021 4149 1380 4210 secretiorem,
1410 4150 1463 4200 in
1508 4149 1669 4218 149
1710 4167 1859 4218 quem
1899 4153 1968 4204 ad

388 4236 754 4303 patriarchant
784 4235 860 4288 vel
892 4236 1191 4303 episcopum
1216 4253 1307 4304 per
1334 4240 1622 4290 secundum
1680 4241 1969 4293 ostiurium

326 4398 329 4399 ν
389 4325 686 4378 intromissi
718 4325 935 4393 fuerint,
972 4337 1026 4379 ut
1060 4326 1221 4399 libere
1249 4337 1296 4379 et
1329 4329 1588 4395 intrepide
1624 4331 1823 4396 optima
1862 4331 1967 4399 ﬁde

390 4418 623 4471 dicerent
651 4418 840 4485 quibus
875 4417 1320 4486 su/fragarentus.
1346 4420 1533 4487 quibus
1569 4436 1671 4473 non
1706 4422 1965 4490 suffraga-

391 4522 594 4574 renlur,
621 4522 669 4564 et
699 4525 884 4578 quare.
911 4509 1063 4562 llunc
1090 4513 1420 4565 secretiorem
1443 4514 1729 4582 singularis
1787 4532 1964 4584 χειρο-

391 4602 567 4665 τονίας
585 4602 777 4667 locum,
801 4604 1004 4670 opinor,
1027 4602 1271 4655 dixerunt
1291 4596 1467 4657 (ἕταεί
1497 4606 1809 4659 recentiores
1866 4624 1963 4675 po-

389 4697 746 4767 νοδάμσυλον,
784 4695 936 4766 παρὰ
963 4696 1025 4748 τὸ
1058 4696 1251 4766 μόνους
1284 4696 1317 4767 ἢ
1373 4698 1515 4752 κατὰ
1547 4699 1711 4768 μόνας
1744 4699 1965 4771 βαμσὰ-

349 4826 356 4843 .
388 4789 522 4853 λειν,
557 4804 617 4843 eo
639 4788 778 4856 quod
824 4788 878 4841 in
912 4788 1025 4843 loco
1066 4787 1327 4856 ejusmodi
1357 4800 1577 4858 rogatus
1620 4794 1840 4861 quisque
1866 4810 1962 4861 pro

391 4880 495 4947 ﬁde
524 4881 742 4933 seorsim
778 4880 1094 4946 sententiam
1133 4893 1286 4931 suam
1314 4887 1577 4933 teneretur
1600 4883 1838 4951 quamvis
1857 4894 1966 4936 tre-

389 4971 509 5037 pide
533 4970 833 5031 enuntiare,
872 4970 919 5019 si
951 4984 1101 5036 quem
1138 4984 1241 5021 non
1274 4985 1388 5022 esse
1408 4970 1774 5041 ἀνεπίληπτον
1820 4989 1965 5027 com-

390 5061 605 5127 perisset
634 5062 764 5121 (Iiaec
791 5060 931 5111 enim
951 5061 1246 5113 testimonia
1284 5073 1330 5114 et
1357 5064 1717 5116 accusationes
1754 5067 1961 5118 nonnisi
1984 5079 1997 5089 '

390 5150 588 5216 trepide
618 5159 664 5200 et
686 5150 845 5202 labris
878 5151 1040 5219 ferme
1071 5153 1407 5205 trementibus
1437 5155 1608 5221 efferri
1633 5156 1847 5225 solent),
1870 5170 1962 5211 aut

388 5248 522 5290 certe
553 5240 708 5291 alteri
758 5242 1053 5309 obstrepere
1082 5249 1131 5295 et
1164 5243 1439 5297 detrahere
1483 5246 1548 5299 de
1571 5249 1963 5304 existimatione

390 5324 573 5385 ipsius.
603 5326 693 5379 Est
710 5331 847 5380 enim
868 5329 1169 5398 βαμὸἁ).ειγ
1190 5331 1387 5385 ϐνανείε
1403 5334 1594 5401 ψοφεῖν
1611 5341 1720 5398 τοῖς
1738 5339 1959 5407 χείλεσι,

388 5426 479 5468 aut
505 5419 684 5481 etiam,
718 5431 773 5472 ut
807 5421 859 5472 in
907 5419 1176 5475 Clossario
1229 5422 1449 5492 legimus
1470 5426 1772 5493 ,ltwsitare,
1796 5433 1963 5485 vacil-

390 5505 524 5572 lare,
558 5509 816 5565 titubare:
850 5511 939 5564 sed
972 5513 1027 5563 in
1051 5512 1221 5563 locum
1248 5512 1340 5563 τοῦ
1370 5529 1403 5563 α
1434 5511 1620 5569 Dorice
1640 5519 1962 5586 usu/fectum

387 5609 460 5651 est
485 5638 499 5661 ,
538 5610 585 5652 et
625 5602 1030 5669 μονοόἀμὸυ).ον
1068 5611 1310 5672 corrupte
1336 5604 1557 5659 dictum.
1580 5607 1719 5672 Quid
1747 5620 1831 5664 est
1860 5627 1962 5663 nu-

389 5691 526 5759 gari,
561 5693 606 5746 si
647 5693 750 5746 hoc
788 5708 893 5746 non
926 5693 1048 5747 est?
1078 5693 1139 5750 Ut
1172 5695 1314 5751 enim
1348 5695 1595 5751 omittam
1633 5703 1960 5758 vanissimas

2063 1861 2142 1916 vel
2168 1859 2476 1930 ἄμπουλλα.
2527 1858 2719 1914 Aetius
2741 1898 2757 1922 ,
2792 1859 2832 1913 l.
2869 1875 2940 1915 vn
2986 1878 3000 1915 :
3037 1860 3393 1930 Ἀμπουλλαν
3426 1861 3638 1931 ὑελίνην

2063 1952 2274 2019 πλήσας
2302 1950 2507 2010 ἐλαίου,
2538 1957 2599 2003 ιιι
2636 1950 2708 2003 sit
2737 1963 2834 2003 cur
2856 1964 2922 2003 eo
2946 1952 3132 2006 minus
3164 1952 3376 2007 mireris
3416 1953 3476 2005 τὸ
3538 1969 3638 2022 μου

2060 2042 2360 2111 νὰμϐουλον
2379 2042 2475 2093 καὶ
2502 2040 2563 2093 τὸ
2583 2039 2970 2108 δισάμτωυλον.
3001 2040 3208 2098 Gas'rs.

2135 2128 2280 2206 [P.G.
2307 2132 2662 2197 l’atriarchae,
2687 2132 2833 2187 sicut
2880 2142 2935 2187 et
2965 2133 3305 2203 imperatori,
3356 2134 3641 2205 prafertur

2059 2226 2200 2294 ignis
2229 2225 2282 2278 in
2308 2221 2563 2289 ecclesia,
2595 2222 2683 2275 fax
2713 2222 2973 2277 nimirum
3004 2238 3238 2279 accensa
3271 2224 3440 2280 hasta:
3479 2240 3638 2294 quam

2060 2328 2269 2372 ornatae
2295 2314 2471 2369 allisa.
2500 2311 2850 2369 Vocaturilla
2883 2314 3265 2384 μονάμπουλον
3283 2315 3370 2369 διὰ
3390 2316 3450 2369 τὸ
3474 2317 3644 2385 μόνην

2064 2411 2256 2463 ἅπτειν
2285 2423 2299 2459 :
2328 2406 2476 2460 aliud
2509 2406 2631 2475 eius
2656 2420 2855 2460 nomen
2892 2414 2974 2460 est
2998 2406 3275 2476 λαμπρόν.
3320 2407 3642 2478 Imperatori

2065 2508 2374 2555 reservatur
2389 2497 2779 2567 διὸἀμπουλον.
2820 2500 2893 2552 De
2926 2507 3159 2568 utroque
3189 2499 3370 2555 fusius
3390 2514 3442 2554 c.
3493 2500 3561 2554 15
3588 2501 3638 2554 in

2062 2589 2231 2643 notis.
2270 2586 2512 2642 Consule
2546 2587 2896 2642 Balsamonis
2922 2588 3236 2644 Meditatum
3291 2592 3359 2644 de
3386 2592 3644 2660 patriar-

2063 2678 2291 2734 charum
2322 2675 2621 2745 privilegiis
2641 2675 2914 2730 JurisGll.
2944 2677 2980 2731 l.
3017 2692 3112 2731 vn.
3146 2675 3317 2731 Porro
3338 2679 3642 2731 secundum

2070 2773 2213 2823 hunc
2246 2768 2532 2823 ostiarium
2575 2768 2800 2838 proprio
2857 2768 3078 2823 nomine
3136 2779 3334 2823 vocant
3377 2769 3645 2823 Allatiana

2067 2858 2579 2928 περιεισερχόμινον
2614 2872 2629 2887 ·
2687 2859 2717 2910 ό
2776 2858 3311 2928 περιεισερχὸμενος.
3365 2859 3644 2930 inquiunt,

2068 2949 2153 3001 ἵνα
2180 2950 2323 3020 φέρῃ
2348 2948 2600 3018 λαιμπρὺν
2631 2950 2712 3011 εἰς
2736 2949 2834 3019 τὴν
2857 2948 3172 3019 ἐκκλησίαν.
3193 2950 3394 3023 Goan.)

2143 3043 2287 3098 Ibid.
2316 3042 2472 3097 Nunc
2485 3042 2551 3096 ad
2573 3052 2930 3113 protopapam
2964 3059 3053 3099 me
3077 3044 3302 3101 confero
3341 3062 3354 3111 ;
3384 3062 3547 3116 quem
3567 3048 3647 3104 sic

2067 3135 2334 3191 describit
2358 3134 2605 3188 Codinus
2639 3151 2655 3188 :
2692 3135 2947 3198 Ἔκδικος
2973 3137 3068 3188 καὶ
3096 3136 3313 3206 πρῶτος
3337 3137 3433 3191 τοῦ
3465 3138 3646 3209 βήμα-

2063 3246 2176 3292 τος,
2212 3228 2306 3282 καὶ
2320 3226 2584 3298 φέρωντὰ
2607 3227 2893 3296 δευτερεῖα
2919 3228 3013 3281 τοῦ
3044 3226 3367 3300 ἀρχιερέως,
3400 3228 3646 3299 defensor

2065 3330 2114 3374 et
2136 3321 2336 3387 primus
2363 3317 2647 3374 tribunalis
2665 3318 2768 3389 (sic
2784 3320 2926 3374 enim
2946 3318 3142 3376 Junius
3164 3337 3184 3375 :
3201 3337 3301 3392 ego
3321 3322 3650 3391 tabernaculi

2066 3426 2166 3466 seu
2194 3410 2381 3467 altaris
2402 3411 2582 3482 τβῆμα
2609 3412 2755 3467 enim
2787 3412 2877 3468 hic
2898 3420 2980 3468 est
3001 3414 3155 3469 locus
3180 3414 3410 3470 interior
3432 3426 3486 3473 et
3518 3432 3647 3472 san-

2064 3502 2233 3564 ctior,
2251 3502 2342 3555 ubi
2366 3502 2699 3558 sacriﬁcium
2718 3503 3043 3574 peragitur),
3057 3508 3327 3575 proximas
3350 3523 3383 3561 α
3401 3509 3648 3578 pontiﬁce

2064 3595 2331 3648 obtinens.
2365 3593 2483 3648 Non
2516 3602 2700 3650 tamen
2726 3596 3054 3666 simpliciter
3089 3598 3238 3669 (nam
3279 3602 3645 3657 exocatacteli

2070 3685 2277 3754 absque
2309 3685 2476 3740 dubio
2506 3687 2749 3755 potiores
2782 3696 2942 3743 erant
2989 3690 3326 3761 titajorisque
3367 3693 3650 3762 dignitatis

2066 3786 2121 3830 et
2152 3777 2533 3848 excellentiae),
2562 3778 2657 3834 sed
2693 3779 2839 3834 inter
2869 3782 3214 3847 sacerdotes,
3250 3792 3310 3838 ut
3331 3783 3535 3840 Citrius
3571 3787 3651 3838 lo-

2070 3870 2280 3938 quitur,
2311 3869 2521 3933 κοινούς
2548 3880 2849 3942 protopapa
2885 3873 3099 3941 primus
3120 3885 3238 3929 erat
3264 3885 3317 3930 et
3343 3876 3425 3931 sic
3452 3878 3647 3944 proxi-

2074 3976 2196 4014 mus
2224 3975 2252 4013 a
2286 3962 2618 4030 patriarcha,
2652 3978 2773 4028 seu,
2800 3964 2946 4033 quod
2980 3965 3124 4019 idem
3147 3975 3253 4032 est,
3300 3968 3576 4023 secundus
3615 3985 3649 4024 a

2036 4112 2039 4113 ν
2072 4054 2381 4122 patriarcha
2402 4052 2601 4110 ferens.
2628 4054 2835 4113 Gens.

2145 4143 2313 4214 [lbid.
2347 4144 2568 4200 Clarius
2593 4146 2860 4203 Allatiana
2885 4166 2900 4203 :
2945 4150 3005 4202 '0
3030 4153 3407 4220 πρωτοπαπᾶς
3431 4152 3650 4206 ἵσταται

2074 4237 2259 4289 ἐπάνω
2295 4236 2405 4290 τῶν
2458 4237 2734 4307 decptule
2787 4238 2882 4292 τοῦ
2936 4241 3227 4312 εὐωνύμου
3288 4243 3476 4316 χοροῦ,
3518 4245 3653 4298 ὅταν

2073 4327 2377 4399 λειτουργεί
2401 4331 2428 4381 ὁ
2456 4329 2769 4400 ἀρχιερεύς.
2802 4332 3092 4386 Μεταδίδει
3130 4336 3295 4398 αὐτὸς
3340 4337 3441 4407 τὴν
3488 4336 3651 4402 ἁγίαν

2075 4419 2381 4488 μετάληψιν
2406 4418 2485 4489 τῷ
2512 4422 2784 4491 ἀρχιερεῖ,
2832 4423 3035 4491 ὁμοίως
3076 4426 3171 4477 καὶ
3191 4426 3221 4478 ὁ
3247 4427 3547 4496 ἀρχιερεὺς
3570 4427 3649 4495 τῷ

2078 4509 2237 4579 150
2290 4504 2679 4580 πρωτοπὰπᾷ,
2716 4511 2857 4581 ἔχων
2915 4513 2973 4565 δὲ
3032 4516 3093 4567 ιν
3146 4517 3212 4586 τῇ
3256 4516 3529 4587 ἐκκλησίᾳ
3580 4518 3650 4572 τὰ

2074 4604 2319 4669 πρωτεῖα
2369 4600 2571 4655 πάντα.
2598 4602 2667 4658 Ut
2699 4606 2885 4667 παπᾶς
2913 4606 3237 4660 sacerdotem
3266 4606 3497 4676 indicet,
3526 4609 3654 4665 vide

2075 4694 2467 4764 EuchOIOgica.
2490 4693 2696 4767 Gosn.]

2142 4785 2304 4841 Notio
2331 4797 2384 4843 et
2413 4787 2568 4858 origo
2600 4790 2841 4846 nominis
2866 4790 2999 4845 satis
3019 4800 3255 4847 constat.
3277 4793 3436 4862 Apud
3459 4792 3653 4849 Balsa-

2072 4894 2289 4933 monem
2318 4890 2451 4934 tom.
2482 4878 2671 4935 lJuris
2720 4880 2837 4935 GR.
2884 4882 3114 4951 legimus
3149 4889 3569 4954 protopapadas,
3592 4897 3653 4942 ut

2072 4985 2256 5027 rectus
2290 4973 2364 5026 sit
2402 4973 3151 5045 npmronarzaionqduterpres
3195 4978 3608 5047 primopapadas
3636 4999 3650 5033 :

2072 5066 2168 5120 sed
2229 5068 2404 5120 satius
2468 5068 2685 5121 videtur
2731 5068 2786 5121 in
2861 5069 2943 5123 his
2989 5081 3045 5123 et
3096 5071 3367 5128 similibus
3416 5074 3656 5128 retinere

2081 5153 2291 5209 Graeca.
2326 5156 2379 5209 In
2422 5155 2801 5225 Turcogrmcia
2863 5157 2955 5212 fol.
2984 5157 3091 5213 218
3125 5160 3329 5215 dicitur
3359 5178 3658 5232 πρωτοπα-

2069 5245 2179 5305 πᾶς
2199 5245 2227 5296 ὁ
2246 5244 2460 5311 πρῶτος
2489 5246 2592 5297 τῶν
2626 5247 2834 5315 ἱερέων.
2861 5245 2990 5301 Jura
3024 5249 3175 5303 illius
3201 5250 3255 5304 in
3286 5252 3475 5305 eadem
3506 5251 3653 5306 Tur-

2070 5337 2335 5403 cograrcia
2372 5336 2469 5391 fol.
2494 5336 2601 5392 258
2633 5340 3130 5407 πρωτοπαπαδίκια
3177 5342 3546 5411 appellantur.

2141 5426 2201 5482 P.
2226 5428 2277 5483 6.
2319 5426 2628 5496 Sequituro
2657 5430 2997 5501 δευτερεύων
3024 5432 3133 5486 τῶν
3165 5432 3373 5500 ἱερέων,
3392 5434 3657 5489 secundus

2068 5520 2423 5585 sacerdotum,
2458 5519 2744 5574 εἰσοδεύων
2766 5522 2894 5585 τοὺς
2929 5524 3096 5593 ἱερεῖς
3120 5564 3136 5589 ,
3156 5522 3267 5577 dux
3295 5533 3349 5578 et
3403 5533 3659 5581 anteces-

2070 5626 2166 5665 sor
2197 5611 2541 5665 sacerdotum
2570 5619 2626 5665 et
2648 5613 2934 5681 proximus
2968 5629 2999 5669 ιι
3021 5625 3339 5684 protopapa,
3370 5630 3530 5685 quem
3555 5615 3657 5670 Ju-

2071 5703 2196 5756 nius
2216 5718 2325 5758 non
2344 5705 2485 5759 male
2501 5704 2915 5773 Beotepommiv
2941 5706 3198 5776 appellat.
3218 5709 3283 5762 At
3309 5710 3453 5764 male
3472 5707 3606 5763 ιιιυά
3633 5722 3653 5762 :
