3992 6240
298 335 406 400 165

1431 330 1824 389 CRETSERI
1856 331 1952 392 ΕΤ
1992 330 2241 391 GOABI
2272 329 2516 390 NOT/E.

3448 337 3549 401 166

298 451 397 518 Qui
443 444 739 502 sacerdotes
782 441 1076 497 introducit
1102 480 1118 506 ,
1153 440 1436 495 εἰσοδεύων
1459 480 1473 504 ,
1506 443 1759 496 nimirum
1815 444 1871 496 in
1900 451 1939 507 Α
1975 441 2294 510 pulantibus
2324 442 2438 495 tlet.
2467 439 2591 496 llaec
2621 448 2799 497 autem
2829 442 2903 499 ita
2937 455 3060 499 esse
3082 444 3345 519 intelliget
3382 448 3553 507 lector

298 539 544 600 tribunal,
568 538 615 592 si
633 536 790 607 quam
823 551 1041 590 causam
1067 534 1325 605 agendam
1348 533 1651 589 habuerint.
1706 533 1867 591 Nullo

297 632 497 685 modo:
541 643 667 684 nam
698 626 988 680 εῑσοδεύειν
1016 634 1100 681 est
1141 639 1263 679 esse
1312 624 1546 679 aliorum
1590 625 1646 681 in
1692 627 1867 682 sacris

297 722 633 786 ministeriis,
664 718 1045 774 {unctionibus
1068 726 1121 771 et
1152 713 1650 787 supplicationibus
1670 718 1866 773 ducem

295 825 346 871 et
371 815 522 885 quasi
550 822 957 867 antecessorem
978 820 1027 865 et
1065 810 1351 865 ductorem
1381 825 1395 876 ;
1433 810 1575 881 quod
1611 812 1774 866 etiam
1799 824 1867 865 ex

295 906 652 977 descriptione
686 904 779 957 τοῦ
808 904 1221 973 δευτερεύοντος
1273 903 1515 967 diaconi,
1577 918 1699 973 qua:
1745 917 1871 972 pro.

298 1001 434 1055 xime
466 997 846 1067 subiungitur,
877 994 1225 1050 manifestum
1262 995 1468 1051 evadit.
1533 996 1868 1065 Deuteropa-

296 1106 371 1159 pie
407 1089 641 1153 nullum,
672 1087 721 1143 si
754 1096 901 1141 recte
950 1086 1199 1161 memini,
1243 1088 1579 1143 mentionem
1618 1085 1866 1143 lacitCi-

296 1185 446 1237 trius.
474 1181 681 1235 Gners.

365 1275 444 1345 [P.
490 1274 544 1329 6.
572 1273 843 1327 Allatiana
878 1288 892 1326 :
928 1271 989 1325 Ὀ
1023 1269 1360 1343 δευτερεύων
1388 1272 1707 1343 λειτουργεϊ
1769 1273 1868 1326 καὶ

295 1368 450 1430 αὐτὸς
484 1368 622 1436 μετὰ
644 1364 739 1418 τοῦ
766 1364 1110 1436 ἀρχιερέως(
1138 1365 1243 1420 hoc
1261 1372 1347 1420 est
1373 1380 1497 1420 cum
1528 1366 1864 1435 patriarcha,

294 1474 414 1519 cum
442 1474 549 1528 quo
571 1458 706 1511 alias
733 1457 834 1513 soli
859 1441 1131 1526 episcopi.
1162 1456 1464 1525 celebrant,
1498 1467 1558 1512 ut
1586 1473 1709 1513 cum
1752 1458 1868 1529 epi-

298 1551 475 1620 scopis
521 1548 906 1618 sacerdotes).
958 1548 1129 1611 Ὅταν
1158 1546 1339 1600 λείπει
1368 1546 1409 1602 θ
1464 1552 1865 1619 πρωτοπαπὸς,

299 1642 401 1712 ἔχει
418 1643 474 1694 ἐν
494 1644 562 1710 τῇ
586 1640 851 1710 ἐκκλησίᾳ
871 1640 939 1693 τὰ
961 1640 1202 1708 πρωτεῖα
1222 1638 1426 1695 πάντα.
1448 1638 1649 1712 Gostt.]

364 1735 420 1788 P.
453 1733 505 1785 6.
528 1732 764 1789 Ultimus
796 1733 1063 1787 ltacsexta
1095 1731 1329 1801 pentade
1362 1741 1447 1787 est
1478 1734 1506 1785 ὁ
1534 1732 1865 1803 δευτερεύων

298 1830 397 1883 τῶν
431 1830 723 1894 διακόνων,
754 1836 1015 1884 secundus
1048 1829 1332 1893 diaconus,
1360 1827 1579 1899 πρῶτος
1613 1826 1722 1881 τῶν
1754 1844 1867 1881 κοι-

298 1924 414 1988 νῶν,
443 1923 655 1992 primus
677 1938 744 1977 ex
760 1922 1142 1977 communibus
1165 1921 1438 1987 diaconis,
1462 1924 1557 1974 καὶ
1580 1919 1867 1974 εῑσοδεύων

294 2017 413 2077 τοὺς
443 2015 746 2077 διακόνους.
781 2012 977 2070 Junius
1007 2029 1021 2068 :
1049 2023 1098 2067 et
1124 2013 1379 2068 diaconos
1401 2013 1707 2067 intromittit
1730 2027 1749 2066 :
1773 2011 1869 2067 ad-

293 2106 473 2176 diique
489 2106 596 2161 hoc
610 2106 884 2161 scholium
916 2122 930 2159 :
958 2105 1013 2158 in
1034 2106 1331 2173 [unctiones
1359 2114 1408 2158 et
1433 2105 1689 2158 stationes
1720 2104 1866 2172 ipso.

295 2213 425 2251 runt.
456 2197 539 2252 Tu
562 2196 776 2267 corrige
816 2214 831 2250 :
860 2195 953 2266 qui
981 2195 1339 2251 diaconorum
1398 2195 1607 2263 ductor,
1669 2205 1862 2259 rector,

293 2289 517 2344 director
545 2297 599 2344 et
628 2299 688 2344 ut
722 2290 802 2343 sic
828 2286 1004 2342 dicam
1035 2288 1325 2358 dispositor
1344 2295 1425 2343 est
1452 2301 1471 2340 :
1493 2288 1598 2344 hoc
1615 2286 1759 2343 enim
1784 2298 1867 2343 est

293 2366 598 2444 εισοδεῦειν,
631 2380 776 2451 quod
807 2378 1083 2450 signiﬁcat
1109 2380 1408 2452 quemlibet
1437 2382 1493 2435 in
1520 2380 1663 2436 viam
1705 2395 1862 2437 suam

240 2517 245 2521 .
291 2473 439 2541 quasi
462 2472 837 2539 introducere,
872 2480 934 2525 ut
954 2472 1093 2527 sciat
1132 2487 1295 2542 quem
1340 2471 1589 2527 ordinem
1644 2482 1700 2529 et
1754 2482 1863 2529 sta-

292 2564 489 2618 tionem
516 2572 704 2635 tenere
724 2563 941 2619 debeat.
960 2560 1109 2619 Vidit
1132 2564 1352 2619 tandem
1386 2563 1584 2639 Junius
1601 2564 1741 2619 hanc
1761 2580 1860 2619 no-

295 2657 509 2720 tionem,
546 2655 644 2709 sed
675 2655 831 2724 quasi
850 2670 947 2725 per
968 2655 1320 2723 nebulam,ut
1342 2666 1572 2726 apparet
1605 2672 1668 2711 es
1697 2657 1863 2712 scho~

294 2748 361 2801 lio
382 2749 525 2817 quod
544 2761 655 2802 sua:
670 2747 1107 2815 interpretationi
1132 2747 1219 2816 adj
1229 2747 1405 2804 unxit.
1426 2745 1502 2800 Ex
1524 2762 1633 2818 quo
1656 2756 1859 2814 tamen,

291 2850 540 2909 tanquam
561 2839 615 2896 in
635 2843 802 2900 rebus
826 2842 1215 2899 ecclesiaSticis
1235 2840 1552 2897 Graecorum
1577 2840 1732 2895 valde
1753 2842 1863 2897 sci-

291 2933 406 2986 licet
427 2934 628 3003 perito,
660 2935 1011 3003 quaerendum
1042 2942 1181 3000 erat,
1201 2948 1373 3004 quare
1429 2933 1656 2989 verbum
1711 2933 1859 2987 sico-

288 3021 460 3077 δεύειν
490 3023 879 3093 interpretatus
922 3024 1014 3092 sit,
1046 3020 1276 3093 loquens
1324 3022 1391 3077 de
1438 3022 1724 3079 sacerdote
1767 3039 1857 3080 se-

1971 546 2096 586 cum
2127 547 2192 588 ex
2218 532 2342 586 aliis
2367 531 2681 587 Griecorum
2707 534 3014 601 ritualibus,
3037 536 3192 593 libris
3217 548 3331 594 tum
3354 556 3419 596 ex
3445 542 3555 597 Eu-

1973 625 2243 696 chologio.
2276 624 2462 679 Valeat
2493 626 2661 694 igitur
2692 624 3007 686 Boneildius
3037 644 3166 686 cum
3200 633 3317 687 suis
3348 650 3553 690 conne-

1969 717 2221 771 aionibus
2246 725 2295 770 et
2327 717 2745 785 repetitionibus.
2780 717 2988 784 Quarta
3021 732 3107 785 est
3127 723 3363 787 ἀπόντος
3386 725 3551 797 ἁρχι-

1969 807 2220 862 διακόνου
2248 807 2447 862 διδόναι
2478 825 2548 880 κη
2557 809 2685 879 ρους
2709 812 2826 873 τοῖς
2844 812 2901 864 ὲν
2922 811 2998 882 τῷ
3020 812 3232 882 ἄμϐωνι
3262 815 3557 884 δακόνοις,

1970 900 2180 955 absente
2208 900 2584 955 arcltidiaoorto
2605 901 2734 955 dare
2756 916 2933 957 cereos
2962 904 3198 958 diaconis
3220 908 3272 960 in
3305 909 3549 964 amboue.

1972 987 2074 1043 Ubi
2097 990 2336 1059 pessime
2364 990 2635 1061 interpres
2683 1006 2784 1060 pro
2830 994 3035 1064 κηρούς
3084 995 3268 1065 legens
3327 1001 3550 1069 καιρούς

1968 1084 2134 1136 vertit
2162 1099 2176 1137 :
2202 1091 2441 1152 tempora
2469 1082 2597 1137 dare
2625 1084 2892 1149 diacouis,
2920 1087 3010 1155 qui
3044 1089 3261 1142 umboni
3290 1091 3547 1145 seruiunt.

1969 1175 2137 1241 Quid,
2162 1189 2368 1244 quaso,
2408 1182 2495 1230 est
2537 1166 2776 1243 tempora
2832 1178 2960 1231 dare
3006 1178 3247 1235 diaconis
3299 1181 3326 1234 2
3368 1181 3553 1252 Neque

1968 1275 2307 1322 correctores
2351 1275 2447 1321 aut
2504 1267 2558 1320 in
2620 1267 2813 1324 Graeca
2875 1270 3157 1340 scriptura
3208 1282 3305 1327 aut
3343 1274 3399 1329 in
3449 1273 3555 1329 Bo-

1967 1358 2150 1413 nelidii
2208 1358 2656 1427 interpretatione
2715 1361 2863 1418 hunc
2914 1371 3023 1417 tam
3061 1372 3271 1435 turpem
3307 1381 3551 1423 errorem

1967 1449 2539 1515 animadverterunt;
2618 1461 2678 1505 ut
2745 1453 2831 1508 vel
2894 1454 3023 1511 hinc
3098 1456 3306 1528 liqueat
3387 1473 3550 1529 quam

1968 1542 2133 1596 rudes
2203 1558 2387 1597 rerum
2457 1543 2959 1600 ecclesiasticarum
3029 1547 3119 1603 isti
3186 1564 3218 1604 a
3278 1552 3551 1607 catholica

1968 1632 2232 1702 religione
2262 1634 2436 1689 aversi
2462 1634 2528 1689 ad
2570 1636 2707 1691 ritus
2765 1636 3183 1694 Ecclesiasticos
3211 1655 3305 1696 seu
3331 1642 3551 1697 Graecos

1970 1738 2068 1779 seu
2115 1722 2338 1779 Latinos
2398 1725 2752 1794 explicandus
2822 1729 3110 1784 accedant.
3167 1730 3310 1786 Dicit
3370 1742 3549 1788 autem

1973 1815 2183 1869 absente
2234 1816 2789 1887 archidiacono,lquia
2822 1829 2879 1874 ut
2911 1819 3153 1877 Codiuus
3175 1825 3343 1879 tradit
3374 1840 3430 1895 p.
3456 1827 3549 1895 94,

1972 1905 2101 1961 olim
2154 1906 2375 1977 quidem
2433 1906 2625 1979 Magna
2678 1908 2924 1967 Ecclesia
2989 1913 3222 1969 habebat
3275 1918 3553 1974 archidiao

1969 2013 2192 2065 conum,
2216 2000 2309 2055 sed
2344 2010 2533 2071 postea
2561 2001 2773 2057 nullout
2830 2004 3045 2073 habuit.
3070 2022 3241 2077 quare
3288 2011 3319 2063 δ
3366 2011 3552 2066 δευτε-⁹

1974 2090 2144 2159 ρεύων
2167 2102 2350 2161 partes
2376 2092 2494 2161 ejus
2526 2094 2820 2163 supplevit.
2854 2095 2994 2153 Hinc
3023 2098 3317 2155 aitCitrius
3334 2115 3540 2158 secun-

1968 2181 2021 2235 di
2052 2182 2269 2238 diaconi
2296 2184 2417 2240 περ
2434 2184 2597 2239 etiam
2615 2185 2671 2240 in
2702 2186 2824 2243 aliis
2848 2187 3219 2245 archidiaconi
3240 2176 3550 2249 munusex-

1950 2270 2116 2343 plere
2148 2290 2162 2341 ;
2189 2289 2255 2329 ex
2281 2274 2483 2345 quibus
2514 2275 2656 2332 forte
2688 2277 2795 2334 hoc
2817 2290 2923 2345 est,
2950 2280 3155 2352 ουμιᾷν
3179 2282 3273 2336 τὸν
3294 2285 3547 2354 βασιλέα,

1967 2365 2347 2443 imperatorem
2383 2381 2581 2423 recens
2611 2381 2938 2427 coronatum
2974 2374 3214 2442 incenso,
3260 2386 3321 2432 ut
3382 2391 3550 2436 vocat

1967 2458 2230 2527 Ecclesia,
2262 2461 2532 2526 venerari,
2559 2460 2722 2532 eique
2747 2462 2889 2519 bene
2919 2466 3224 2523 ominatum
3258 2469 3396 2527 illud
3422 2487 3548 2528 car-

1966 2566 2090 2607 men
2117 2554 2387 2620 accipere,
2413 2572 2433 2605 ι
2466 2553 2790 2608 Recordetur
2825 2556 3082 2611 Dominus
3105 2558 3241 2614 Deus
3267 2562 3369 2630 τῆς
3397 2563 3551 2633 βασι-

1964 2643 2113 2709 itala;
2138 2647 2259 2712 σᾶς,
2286 2647 2433 2716 regni
2461 2646 2559 2712 tui,
2595 2646 2652 2701 in
2676 2662 2832 2716 regno
2863 2663 2979 2713 suo,
3002 2665 3139 2704 nunc
3167 2661 3215 2705 et
3246 2668 3451 2722 semper
3495 2668 3546 2710 et

1965 2736 2019 2790 in
2047 2737 2241 2791 saecula
2266 2736 2600 2792 saeculorum.
2631 2739 2851 2792 Amen.»
2886 2737 2978 2794 Sic
3006 2738 3149 2795 idem
3175 2742 3353 2799 fausta
3372 2748 3548 2802 accla-

1964 2828 2205 2883 matione
2224 2828 2664 2898 prosequebatur
2684 2829 3052 2898 patriarcham
3074 2848 3092 2890 :
3118 2833 3404 2907 Μνησθείη
3432 2838 3547 2891 κύ-

1967 2935 2079 2990 ριος
2103 2921 2134 2973 ὁ
2164 2919 2299 2982 Θεὸς
2326 2919 2427 2989 τῆς
2457 2920 2871 2992 ἀρχιερωεύνης
2887 2939 3003 2989 σου,
3020 2923 3344 2982 Reoordetur
3366 2927 3546 2987 Docui-

1964 3028 2060 3065 nus
2084 3014 2425 3082 pontiﬁcatus
2450 3014 2527 3067 tui
2557 3015 2749 3084 ubique
2765 3030 2904 3071 nunc
2929 3028 2977 3072 et
3003 3032 3209 3089 semper
3224 3032 3273 3077 et
3293 3021 3346 3076 in
3373 3037 3545 3078 strau-

290 3113 491 3179 eundo,
525 3115 860 3170 introducens
881 3116 1001 3170 illos
1024 3116 1079 3169 in
1102 3113 1361 3178 tribunal,
1391 3114 1438 3169 si
1457 3130 1617 3183 quam
1647 3130 1863 3169 causam

1972 3102 2027 3157 la
2056 3104 2402 3159 sucularum.
2433 3103 2545 3159 Nec
2568 3104 2674 3161 hoc
2705 3105 2868 3161 ﬂebat
2900 3116 3114 3164 tantum
3162 3125 3230 3166 eo
3288 3111 3378 3168 die
3432 3128 3561 3184 quo

290 3205 541 3274 agendam
569 3204 874 3269 habuerint,
894 3205 1147 3275 idemque
1176 3204 1404 3258 verbum
1437 3203 1627 3257 eadem
1654 3203 1865 3271 signiﬁ-

288 3296 502 3352 catione
522 3312 628 3351 non
655 3297 1044 3366 interpretatus
1068 3288 1140 3352 sit
1167 3296 1220 3349 in
1244 3294 1616 3364 descriptione
1635 3293 1864 3350 secundi

288 3385 527 3454 diaconi,
564 3387 864 3456 praesertim
916 3401 1039 3441 cum
1090 3385 1321 3441 diversae
1366 3386 1607 3441 notionis
1654 3384 1862 3441 nullum

287 3493 514 3548 prorsus
544 3478 806 3533 indicium
831 3478 1160 3549 Curopalata
1183 3476 1419 3533 dederit.
1846 3526 1861 3533 ,

352 3569 555 3626 Verum
576 3583 633 3627 ut
649 3572 964 3628 accuratius
980 3571 1348 3643 intelligamus
1368 3580 1622 3626 naturam
1642 3578 1766 3627 etut
1785 3569 1865 3625 sic

286 3667 457 3721 dicam
481 3665 723 3721 indolem
751 3667 915 3736 hujus
928 3654 1160 3732 diaconi,
1180 3678 1362 3734 opera:
1380 3663 1616 3734 pretium
1640 3664 1747 3718 erit
1768 3678 1866 3717 au-

285 3760 673 3815 direJoannem
692 3757 942 3823 Citrium,
957 3756 1043 3813 cui
1057 3757 1170 3813 haec
1191 3756 1372 3828 ignota
1392 3769 1495 3811 non
1514 3754 1754 3821 fuerunt,
1768 3754 1862 3824 qui

286 3854 354 3907 ait
368 3854 663 3908 diaconum
680 3853 844 3907 istum
869 3866 976 3905 non
996 3848 1117 3919 eligi
1145 3858 1237 3903 aut
1262 3848 1439 3905 creari
1454 3846 1775 3917 simpliciter
1794 3845 1859 3899 ad

287 3948 446 4001 unius
458 3945 769 4005 arbitrium,
790 3941 885 3997 sed
906 3941 1024 3995 κατ’
1042 3942 1296 4013 ἐκλογήν,
1316 3958 1405 4009 per
1422 3942 1685 4013 suffragia
1704 3958 1724 3997 :
1742 3957 1864 3998 esse

283 4040 421 4093 enim
440 4036 714 4107 ejusmodi
750 4035 1010 4101 cilicium,
1033 4034 1175 4105 quod
1201 4034 1473 4090 desideret
1495 4037 1672 4091 virum
1728 4043 1860 4090 dex—

284 4140 423 4184 trum
442 4138 745 4199 aptumque
766 4129 831 4181 ad
854 4141 1047 4182 omnes
1065 4127 1227 4180 etiam
1260 4126 1487 4181 fortuito
1501 4137 1858 4182 occurrentes

287 4220 633 4284 functiones;
664 4234 897 4289 quarum
934 4218 1150 4286 aliquas
1164 4226 1428 4272 recenset.
1458 4216 1636 4272 Prima
1662 4226 1742 4272 est
1777 4219 1861 4273 in-

286 4310 489 4380 gressis
514 4311 565 4363 iu
579 4310 839 4379 templum
866 4304 1290 4377 imperatoribus
1311 4314 1364 4360 et
1386 4304 1710 4374 patriarchis
1732 4303 1857 4359 fau-

288 4405 381 4456 stis
407 4400 896 4457 acclamationibus
914 4400 1054 4454 bene
1074 4396 1306 4468 precari,
1334 4406 1388 4452 et
1411 4406 1470 4451 ut
1490 4395 1731 4451 Codinus
1759 4410 1861 4451 no-

1970 3195 2268 3262 imperator
2301 3194 2733 3264 inaugurabatur
2762 3204 2817 3249 et
2848 3197 3239 3262 coronabatur,
3273 3200 3369 3254 sed
3403 3216 3546 3270 quo-

1969 3284 2071 3340 ties
2100 3285 2153 3339 in
2176 3285 2467 3340 ecclesiam
2492 3285 2816 3340 ventitabat.
2838 3286 2911 3340 Ea
2931 3287 2996 3341 de
3010 3302 3179 3343 causa
3199 3290 3275 3344 ait
3292 3289 3494 3348 Citrius
3523 3309 3541 3348 :

1965 3372 2146 3429 Αὐτοῦ
2164 3375 2273 3446 γάρ
2301 3376 2452 3429 iactv
2473 3377 2506 3446 ἡ
2536 3378 2674 3445 μετὰ
2689 3379 2787 3449 τὴν
2816 3377 3024 3433 εἴσοδον
3043 3380 3287 3452 εὐφημία
3307 3383 3421 3438 τῶν
3444 3384 3543 3455 βα-

1970 3465 2169 3521 σιλέων
2208 3468 2302 3520 καὶ
2331 3467 2651 3538 ἀρχιερέων,
2677 3466 2854 3539 Ipsius
2886 3478 2978 3525 eest
3022 3472 3433 3540 imperatoribus
3487 3488 3538 3531 et

1964 3560 2285 3631 patriarcltis
2317 3562 2372 3613 in
2412 3560 2661 3628 templum
2683 3561 2933 3631 ingressis
2988 3563 3113 3619 bene
3162 3570 3375 3635 precari
3397 3570 3538 3635 ;nisi

1967 3652 2094 3722 quis
2125 3652 2256 3707 illud
2290 3653 2426 3721 μετὰ
2455 3652 2554 3722 τὴν
2582 3652 2784 3706 εἴσοδον
2817 3662 2933 3722 post
2982 3654 3275 3725 ingressum
3332 3660 3539 3714 referre

1966 3743 2095 3798 velit
2125 3742 2189 3797 ad
2218 3745 2527 3811 ingressum
2561 3742 2614 3797 in
2649 3742 3064 3799 tabernaculum
3106 3760 3202 3801 seu
3236 3746 3293 3800 in
3336 3745 3536 3803 Sancta

1966 3842 2303 3899 sanctorum,
2337 3833 2411 3887 ita
2447 3840 2505 3887 ut
2529 3833 2707 3887 fausta
2741 3835 2857 3889 haec
2903 3834 3223 3891 acclamatio
3270 3837 3413 3893 facta
3464 3839 3538 3894 sit

1963 3932 2087 3994 post
2108 3924 2414 3979 absolutam
2438 3922 2910 3993 supplicationem,
2954 3924 3010 3978 in
3040 3937 3148 3993 qua
3196 3927 3354 3995 panis
3393 3942 3545 3998 pra-»

1964 4014 2341 4071 sanctiﬁcatus
2389 4013 2455 4068 ad
2515 4012 2841 4073 sacriﬁcium
2913 4015 3405 4074 circumferebatur
3441 4036 3541 4092 per

1966 4110 2226 4180 templum
2250 4119 2303 4166 et
2328 4117 2514 4178 postea
2542 4110 2607 4163 ad
2637 4108 2810 4164 altare
2833 4106 3193 4168 inferebatur.
3241 4111 3363 4180 Quo
3385 4117 3445 4172 ﬁt
3479 4128 3539 4173 ut

1964 4203 2237 4259 secundus
2261 4201 2524 4256 diaconus
2547 4200 2820 4271 εὐφημίαν
2841 4201 2985 4258 hanc
3007 4204 3309 4261 instituerit
3328 4222 3538 4280 regres-

1964 4307 2027 4349 so
2054 4293 2167 4363 jam
2191 4291 2499 4361 patriarcha
2519 4290 2586 4344 ad
2600 4290 2771 4345 altare
2793 4299 2846 4346 et
2866 4296 3220 4362 processione
3241 4296 3495 4355 absoluta
3520 4318 3534 4366 ;

1963 4384 2107 4455 quod
2138 4397 2268 4440 vero
2291 4383 2517 4455 pr0pius
2543 4381 2778 4438 videtur.

287 4508 394 4551 ster
415 4495 688 4564 loquitur,
718 4492 871 4566 151
900 4494 991 4547 τὸν
1009 4458 1236 4563 pacilio
1267 4458 1674 4561 sto‘tuxpovlCetv
1695 4504 1789 4545 seu
1805 4489 1863 4544 τὸ

2044 4476 2342 4531 Dicebatur
2370 4473 2704 4545 δευτερεύων
2729 4475 2836 4528 τῶν
2857 4475 3143 4543 διακόνων,
3169 4494 3276 4535 non
3308 4485 3449 4552 quod
3482 4485 3539 4538 iu

287 4588 697 4657 πολυχρόνισμα
758 4587 1008 4640 accinere
1075 4600 1169 4639 seu
1227 4585 1579 4651 πολυχρόνιον
1662 4582 1857 4635 ποιεῖν.

285 4679 383 4742 Qui
413 4692 536 4731 mos
561 4691 625 4731 ex
659 4674 885 4743 antiquo
918 4688 1072 4729 more
1105 4673 1266 4727 hodie
1291 4687 1510 4741 quoque
1530 4668 1733 4726 Grarcis
1762 4670 1859 4723 ad-

289 4768 475 4822 lta‘t'el.
505 4767 754 4823 Secunda
776 4776 861 4821 est
901 4778 1116 4834 portare
1137 4762 1494 4830 Evangelium
1544 4761 1600 4816 in
1650 4761 1861 4831 supplic

287 4861 593 4914 catiouibus
626 4874 691 4913 ac
723 4857 951 4912 litaniis.
990 4856 1173 4909 Tertia
1201 4856 1299 4917 τὰς
1328 4856 1387 4907 ὲν
1446 4852 1646 4916 αὑταῖς
1692 4852 1860 4905 aovat-

288 4956 427 5013 πτας
452 4952 547 5003 καὶ
566 4952 809 5019 αἰτήσεις
834 4950 1026 5001 ποιεῖν.
1048 4947 1231 5016 Inepte
1259 4946 1528 5013 interpres
1556 4945 1865 4997 :connexio-

288 5058 375 5094 nes
399 5052 450 5095 et
484 5043 808 5110 repetitiones
848 5043 902 5094 in
932 5042 1004 5094 eis
1039 5040 1230 5108 facere.
1263 5035 1733 5091 Correxeruntalii
1758 5034 1865 5088 col-

286 5128 450 5181 lectas
474 5139 519 5181 et
542 5134 742 5197 preces.
782 5128 917 5183 Sunt
961 5125 1233 5179 συναπταί
1273 5126 1489 5193 proprie
1542 5138 1663 5190 qua:
1716 5125 1858 5192 apud

287 5238 389 5277 nos
416 5225 472 5277 in
512 5224 657 5277 horis
686 5222 968 5277 cauOuicis
1002 5230 1265 5273 vocantur
1290 5232 1493 5287 preces,
1546 5217 1737 5269 diebus
1780 5218 1864 5285 je-

281 5313 562 5380 juniorum
594 5313 936 5383 potissimum
969 5310 1201 5373 usitatae,
1230 5306 1515 5362 nonmodo
1542 5306 1594 5360 itt
1642 5306 1864 5359 matuti-
1894 5338 1895 5341 η

287 5404 397 5466 uis,
428 5405 518 5455 sed
542 5414 595 5457 et
617 5407 669 5456 in
696 5400 925 5470 singulis
953 5399 1122 5453 horis.
1148 5396 1208 5450 Et
1234 5412 1423 5467 preces
1452 5397 1555 5449 illa:
1578 5410 1714 5465 quas
1739 5402 1861 5462 post

289 5496 506 5549 litanias
535 5512 631 5565 pro
661 5495 809 5549 oumi
845 5492 1124 5546 hominum
1160 5501 1301 5569 statu
1333 5501 1387 5543 et
1436 5490 1629 5543 ordine
1676 5488 1859 5540 fundi-

289 5602 438 5644 mus,
479 5587 757 5655 ipsissimm
789 5597 915 5639 sunt
963 5586 1280 5639 Graecorum
1337 5580 1629 5643 συναπται,
1688 5594 1861 5648 quatt-

290 5693 459 5747 quam
504 5689 557 5731 et
600 5694 739 5746 quas
789 5694 889 5731 nos
922 5691 1206 5730 voramus
1233 5674 1481 5728 collectus
1507 5673 1608 5727 hoc
1636 5672 1859 5725 no:t.ine

293 5768 561 5837 appellare
586 5770 663 5823 nil
706 5777 870 5833 vetat,
902 5768 1028 5838 quia
1089 5768 1400 5823 Grmcormu
1454 5764 1690 5833 liturgiis
1732 5764 1861 5817 asti—

1964 4569 2155 4622 ordine
2180 4568 2537 4622 diaconorum
2562 4565 2769 4638 Magnas
2795 4568 3050 4624 Ecclesia
3078 4572 3353 4627 secundus
3370 4584 3539 4635 esset.

1966 4658 2077 4716 sed.
2104 4668 2359 4727 respectu
2381 4658 2449 4713 ad
2477 4658 2950 4722 archidiaconum,
2989 4658 3146 4728 152
3176 4662 3269 4731 qui
3296 4672 3536 4731 tempore

1963 4751 2153 4804 Codini
2185 4750 2365 4803 nullus
2390 4749 2607 4818 quidem
2623 4759 2761 4815 erat,
2788 4760 2844 4802 at
2874 4749 3168 4817 aliquando
3202 4750 3379 4813 fuerat
3402 4766 3531 4815 ;unr

1963 4844 2032 4898 de
2050 4853 2105 4898 et
2126 4842 2202 4912 τῷ
2239 4842 2608 4912 δευτερεύοντι
2634 4842 2741 4894 τῶν
2775 4841 3039 4895 διακόνων
3079 4852 3285 4893 nomen
3309 4842 3537 4905 mansit,
3597 4841 3605 4877 λ

1963 4935 2105 4989 sicut
2135 4946 2189 4988 et
2214 4933 2289 5004 τῷ
2321 4931 2690 5001 δευτερεύοντι
2732 4931 2841 4981 τῶν
2896 4929 3087 4998 ἱερέων
3129 4930 3271 4985 idem
3337 4946 3535 4985 nomen

1966 5027 2279 5087 mansisset,
2315 5025 2361 5076 si
2398 5033 2723 5092 protopapas
2758 5022 2815 5075 in
2845 5022 2993 5077 clero
3031 5020 3235 5091 Magna:
3278 5014 3540 5077 Ecclesiae
3612 5049 3617 5055 ~

1962 5116 2217 5180 desisset,
2250 5114 2379 5182 quia
2410 5126 2537 5165 cum
2567 5112 2875 5165 secundarii
2905 5115 3127 5167 nomine
3169 5114 3379 5182 primus
3395 5112 3533 5167 fuis-

1964 5213 2064 5257 set.
2105 5204 2314 5257 (iners.

2033 5294 2119 5365 [Ρ.
2150 5295 2204 5350 6.
2235 5293 2372 5359 Quid
2402 5294 2503 5346 hoc
2538 5294 2612 5346 rei
2633 5302 2735 5361 est,
2768 5295 2932 5349 uthic
2953 5293 3307 5348 diacouorum
3345 5306 3538 5347 secum

1964 5386 2067 5439 dus
2094 5383 2363 5438 scribatur
2388 5397 2449 5436 ac
2476 5383 2697 5437 insimul
2740 5384 2959 5456 πρῶτος
2989 5381 3098 5435 τῶν
3132 5380 3326 5435 κοινῶν
3357 5383 3541 5435 traxe.

1962 5494 2068 5529 νων
2103 5475 2425 5530 asseratur?
2466 5475 2666 5530 Paucis
2704 5478 2792 5531 hic
2847 5477 3001 5545 plura
3054 5475 3372 5540 evolvenda,
3429 5491 3540 5543 quo

1964 5569 2239 5639 proposita
2266 5567 2563 5624 difficultas
2588 5569 2762 5622 lucem
2795 5568 3041 5637 accipiat.
3072 5565 3435 5637 Temporibus
3462 5569 3542 5620 ul-

1967 5662 2111 5715 timis
2132 5660 2346 5713 diaconi
2368 5668 2575 5713 tantum
2598 5658 2662 5713 ad
2683 5659 2998 5729 ἀρχοντῐκια
3015 5659 3265 5728 ὀςρςτεκια,
3282 5659 3538 5713 nobiliora

1964 5754 2165 5821 r/iicia,
2198 5763 2325 5807 sunt
2361 5750 2606 5819 admissi,
2632 5752 2724 5820 qui
2758 5751 3029 5819 prioribus
3063 5751 3378 5808 sacerdotes
3410 5762 3537 5821 per-
