3992 6240
415 308 514 374 1οἹ

1552 308 1626 368 IN
1676 310 1979 370 LIBRUM
2014 309 2109 368 DE
2133 306 2459 365 OFFlCllS
2501 307 2609 364 (ΖΡ.

3548 302 3643 367 168

407 421 609 471 mistiui
642 428 699 472 et
727 417 938 470 diaconi
972 430 1093 469 esse
1124 423 1391 483 poterant,
1425 428 1767 478 meonnmus,
1799 416 1967 470 sacel-
1999 426 2040 476 Α
2076 416 2346 466 mesticum
2405 398 2695 466 cantarem.
2748 411 2884 477 Quid
2948 411 3019 466 sit
3079 412 3433 477 domesticus,
3507 415 3642 472 infra

404 512 598 573 larius,
619 508 1007 577 sceuophylax,
1025 515 1080 559 et
1110 505 1300 571 reliqui
1325 504 1633 572 quindecim
1666 507 1837 560 tribus
1863 506 1971 573 pri-

404 601 507 653 mis
563 597 858 651 oﬂiciorum
918 596 1241 664 pentadibns
1272 596 1672 662 comprehensi.
1743 595 1806 649 lli
1870 596 1968 664 τῆς

401 690 697 758 ἐκκλησίας
725 689 819 739 καὶ
878 686 1267 756 πατριαρχικοὶ
1320 686 1598 754 ἄρχοντες,
1661 686 1969 739 δεσποτικοὶ

401 786 677 852 ἄρχοντες,
706 779 1027 849 ἀρχοντίκια
1053 778 1304 847 ὀφφίκια,
1365 782 1680 850 ἀρχοντίκια
1737 781 1964 848 μεγάλα,

398 873 684 925 διακονικὰ
739 870 1047 939 ἀξιώματα,
1096 881 1149 926 et
1206 871 1352 941 (κατ’
1403 872 1966 943 ἐξοχὴν)-κληριιιὰτα

401 973 807 1033 nuncupantur.
872 965 1035 1016 Iidem
1101 979 1244 1024 vero,
1291 973 1347 1017 ut
1406 965 1648 1018 ecclesiae
1709 965 1969 1017 altarisve

400 1071 675 1125 proceres,
722 1055 1037 1123 patriarchae
1070 1055 1307 1108 assident
1334 1055 1384 1106 in
1426 1055 1648 1124 judiciis
1682 1056 1968 1123 eidemque

401 1146 696 1200 celebranti
728 1145 1010 1207 assistunt,
1046 1154 1099 1197 at
1131 1144 1430 1198 laboriosas
1472 1145 1587 1199 illas
1615 1160 1808 1213 operas
1857 1160 1965 1199 non

401 1248 661 1307 pra'stant
693 1252 829 1306 quas
861 1237 1245 1292 archidiacono
1296 1235 1515 1289 volucre
1544 1247 1844 1291 rescrvatas
1868 1254 1966 1291 ceu

400 1344 631 1397 operoso
700 1326 886 1382 altaris
956 1327 1226 1379 ministro.
1286 1326 1404 1390 Qua
1460 1328 1526 1380 de
1588 1341 1753 1381 causa
1820 1336 1968 1383 totus

399 1418 718 1473 ministeriis
783 1419 1026 1471 intentus
1087 1417 1508 1485 archidiaconus
1556 1419 1811 1485 ὀφφίκιόν
1850 1420 1964 1471 ἐστι

401 1509 582 1575 μόνον,
619 1516 676 1560 ut
710 1506 1078 1575 praemisimus
1106 1518 1232 1560 nota
1264 1506 1425 1571 huius
1452 1508 1647 1575 capitis
1687 1511 1738 1566 l:
1769 1525 1866 1562 nec
1886 1523 1968 1564 est

395 1599 762 1667 ἀρχοντίκιον,
826 1612 925 1650 nec
952 1599 1091 1652 inter
1132 1612 1386 1666 proceres
1414 1598 1671 1653 diaconos
1716 1615 1969 1654 numera-

374 1686 504 1744 ‘tur.
541 1690 901 1742 Diaconorum
929 1698 1130 1753 tamen,
1178 1697 1448 1756 quatenus
1473 1688 1840 1743 ministerium
1868 1689 1969 1742 ali-

394 1780 540 1850 quod
585 1779 831 1848 implent,
880 1786 1043 1848 caput
1084 1788 1163 1833 cst
1208 1788 1261 1833 et
1316 1780 1588 1848 princeps,
1649 1781 1966 1850 eisdemque

395 1874 753 1941 quantumvis
769 1872 1083 1940 proceribus
1102 1871 1154 1924 in
1175 1871 1474 1927 diaconieis
1498 1873 1815 1929 ministeriis
1832 1892 1967 1944 pra:-

396 1969 595 2021 ﬁeitur.
636 1965 807 2035 Hujus
852 1965 1134 2020 sententiae
1190 1974 1381 2020 auctor
1434 1966 1568 2020 mihi
1612 1976 1698 2023 est
1724 1967 1963 2025 Joannes

392 2062 527 2116 Citri
591 2061 884 2128 episcopus
934 2057 1075 2127 juris
1117 2056 1295 2113 GR.l.
1359 2075 1410 2113 ν.
1481 2059 1769 2129 Postquam
1818 2063 1961 2117 enim

392 2152 607 2221 quaesiit
676 2153 737 2204 τὸ
786 2152 1224 2221 ἁρχιδιακονικδν
1291 2152 1542 2221 ὁφφίκιον
1628 2153 1789 2215 ποίας
1846 2156 1965 2208 ἐστὶ

390 2246 597 2311 τάξεως
628 2245 721 2298 καὶ
758 2244 912 2297 ποίου
944 2242 1182 2311 βαθμοῦ,
1230 2242 1326 2296 καὶ
1383 2244 1432 2296 εί
1477 2245 1801 2315 προΐσταται
1852 2247 1962 2301 τῶν

392 2339 530 2395 ὅλων
578 2335 841 2389 διακόνων
876 2336 951 2396 ὡς
1003 2334 1402 2404 ἀρχιδιὰκονος,
1460 2335 1558 2388 καὶ
1615 2336 1798 2389 αὐτῶν
1853 2337 1963 2390 τῶν

391 2427 858 2498 ὲκκλψιαστικῶν
875 2426 1174 2496 ἀρχόντων,
1200 2427 1296 2480 καὶ
1318 2427 1366 2479 εί
1384 2428 1721 2495 προτιμᾶται
1746 2428 1961 2483 πάντων

390 2524 449 2571 ὲν
484 2524 548 2589 τῇ
590 2517 891 2589 μεταλήψει
943 2517 1049 2570 τῶν
1080 2517 1241 2572 Θείων
1294 2517 1632 2588 μυστηρίων,
1674 2521 1964 2589 respondet

389 2611 614 2665 Citrius:
677 2608 751 2660 Τδ
783 2607 1219 2677 ἀρχιδιακονικὺν
1254 2608 1508 2677 ὀφφίκιον
1554 2609 1653 2663 οὐκ
1683 2610 1961 2689 ἐπιννάρο

388 2702 680 2771 χοντίκιον,
726 2699 845 2754 οὐδὲ
895 2701 959 2752 ἐκ
1023 2699 1332 2767 φιλοτιμίας
1385 2701 1800 2770 ἀρχιερατικῆς,
1854 2702 1963 2755 ὥσ·

388 2810 496 2862 περ
525 2792 592 2844 τὰ
644 2789 986 2858 ἀχροντίκια,
1029 2791 1336 2858 περιφορᾶς
1394 2790 1451 2843 δὲ
1517 2792 1727 2843 πολλῶν
1794 2792 1961 2861 ἡλίων

394 2882 772 2951 συμπέρασμα
837 2879 961 2948 (hoc
990 2886 1077 2933 est
1144 2878 1571 2933 ministeriorum
1631 2895 1662 2934 a
1715 2880 1960 2936 diaconis

391 2969 802 3040 magistratibus
835 2966 1210 3022 obeundarum
1238 2969 1678 3039 compendium).
1741 2972 1832 3024 Διὸ
1862 2974 1955 3025 καὶ

2065 504 2430 573 explicabitur
2479 506 2544 557 ad
2601 518 2657 572 p.
2715 505 2769 557 7.
2844 503 2903 556 ln
2963 502 3205 571 palatino
3261 514 3440 559 tarnen
3499 508 3644 561 clero

2071 604 2188 649 erat
2245 594 2625 663 protopsahes,
2682 593 2918 646 utdocet
2977 591 3218 648 Codinus
3278 595 3399 650 loco
3457 597 3642 663 citato,

2070 687 2160 753 qui
2201 685 2365 739 simul
2404 693 2519 737 erat
2574 684 2834 736 exercitus
2867 682 2997 735 cleri
3038 684 3401 751 imperatorii.
3436 686 3640 742 (Iners.

2140 777 2203 827 P.
2240 778 2293 829 6.
2325 776 2632 829 Allaliana:
2680 773 2738 825 '0
2761 773 3157 842 πρωτοψάλτης
3204 774 3419 828 ἵσταται
3479 779 3643 845 μέσον

2069 867 2177 917 τῶν
2203 865 2295 917 δύο
2327 866 2523 934 χορῶν,
2557 863 2730 927 δεξιοῦ
2785 880 2841 915 τε
2872 867 2965 915 καὶ
3022 865 3327 932 εὐωνύμου.
3382 870 3642 937 ’Δρχετσιι

2069 958 2124 1008 δὲ
2160 958 2257 1010 καὶ
2281 957 2379 1025 τὴν
2405 955 2622 1023 ἕναρξιν
2650 954 2747 1019 τῆς
2780 952 3115 1023 ψαλμῳδίας,
3164 956 3319 1007 Μετὰ
3370 956 3425 1008 δὲ
3470 959 3643 1011 ταῦτα

2070 1053 2162 1104 καὶ
2194 1049 2393 1119 ψάλται
2427 1049 2558 1100 ὅλοι.
2601 1047 2821 1101 Addunt
2874 1046 3004 1109 alia,
3050 1049 3098 1098 oi
3142 1048 3451 1117 δομέστιχοι
3480 1052 3570 1111 καὶ
3592 1053 3641 1103 οἱ

2069 1143 2498 1214 πριμμικήριοι.
2529 1143 2691 1211 Φορεί
2744 1141 2930 1194 δὲκαὶ
2982 1141 3330 1211 σφικτούριον
3385 1144 3640 1212 (tunicam

2070 1238 2266 1291 brevem
2294 1246 2344 1290 ct
2375 1235 2657 1303 strictam).
2686 1233 2835 1288 Cosa
2862 1232 2880 1303 ]

2146 1327 2406 1396 Sequitur
2452 1329 2480 1378 ὁ
2536 1326 2989 1399 ἱδιοδομέστικοςς,
3042 1328 3331 1399 singularis
3396 1329 3645 1381 domesti-

2070 1432 2183 1477 cus,
2252 1422 2311 1467 ut
2368 1415 2754 1482 interpretatur
2813 1416 3032 1479 Junius,
3094 1420 3253 1483 primi
3320 1427 3368 1472 et
3426 1420 3644 1472 secundi

2069 1507 2234 1558 chori.
2269 1504 2373 1558 Sed
2402 1506 2903 1575 erratglegendum
2934 1510 2982 1561 oi.
3026 1508 3119 1561 δύο
3158 1510 3498 1576 δομέστικοι,
3536 1513 3640 1561 duo

2068 1596 2363 1660 domestici,
2388 1596 2525 1650 alter
2546 1596 2743 1662 dextri,
2777 1599 2912 1651 alter
2944 1602 3146 1653 sinistri
3175 1601 3340 1653 chori.
3370 1602 3525 1655 Clare
3554 1603 3644 1652 Ci-

2070 1688 2204 1741 trius
2223 1689 2361 1757 duos
2387 1689 2652 1753 nominat,
2676 1692 2703 1742 ὁ
2730 1690 3048 1758 δομέστικος
3083 1691 3175 1743 τοῦ
3201 1691 3376 1755 δεξιοῦ
3404 1692 3586 1759 χοροῦ,
3609 1695 3637 1743 ὁ

2071 1776 2388 1844 ὼμέστικος
2420 1780 2514 1831 τοῦ
2548 1780 2858 1850 ἀριστεροῦ.
2892 1782 2954 1834 Et
3009 1782 3184 1837 facilis
3230 1784 3314 1837 via
3368 1783 3467 1837 fuit
3502 1799 3634 1838 con-

2072 1868 2327 1921 trahendi
2361 1871 2618 1924 vocabula
2663 1872 2936 1941 disjuncta
2982 1873 3033 1924 οἱ
3069 1873 3160 1925 δύο
3210 1874 3525 1942 δομὲστικοι
3581 1874 3636 1927 in

2073 1970 2241 2008 unum
2275 1957 2682 2028 ίδιοδομέστικοι
2707 1978 2719 2014 :
2746 1966 2995 2015 cmeutiat
3019 1963 3111 2031 qui
3147 1964 3247 2017 hoc
3282 1980 3389 2017 non
3434 1966 3639 2017 videat.

2070 2046 2180 2101 Nec
2213 2048 2395 2102 obstat
2434 2052 2575 2117 quod
2604 2052 2704 2105 hac
2735 2053 2941 2106 ratione
2986 2069 3082 2108 sex
3114 2054 3284 2108 futuri
3316 2056 3425 2109 sint
3457 2054 3509 2109 in
3550 2071 3641 2109 sc-

2072 2141 2239 2208 ptima
2255 2142 2488 2209 pentadc
2522 2159 2535 2192 :
2566 2157 2689 2196 nam
2725 2153 2777 2196 et
2809 2144 2862 2196 in
2899 2144 3071 2212 prima
3108 2145 3339 2213 pentadc
3366 2160 3457 2199 sex
3484 2155 3637 2209 sunt,

2070 2241 2130 2285 ut
2151 2247 2313 2300 supra
2342 2232 2602 2297 diximus,
2635 2245 2688 2288 et
2715 2242 2894 2289 tamen
2918 2243 3145 2290 vocatur
3179 2247 3365 2306 peritas
3396 2224 3639 2305 seu'qui-

2070 2322 2277 2376 uarius.
2307 2319 2446 2386 Quid
2475 2326 2545 2377 sit
2574 2323 2887 2379 domesticus
2940 2327 2996 2379 in
3049 2327 3172 2394 jure
3194 2327 3342 2380 civili
3399 2335 3452 2380 et
3491 2328 3636 2395 apud

2070 2410 2206 2465 alios
2229 2411 2428 2479 passim
2464 2413 2762 2480 scriptores
2794 2413 3015 2470 Graecos
3050 2424 3103 2470 et
3128 2416 3371 2479 Latinos,
3404 2417 3643 2485 explicat

2067 2502 2326 2572 Cujaeius
2357 2502 2423 2555 ad
2470 2502 2567 2556 lib.
2588 2519 2666 2556 xu
2698 2503 2834 2557 Cod.
2868 2505 3213 2571 Justinianei,
3244 2506 3311 2559 ad
3343 2507 3424 2558 tit.
3456 2506 3541 2568 12,
3583 2516 3644 2559 et

2069 2591 2259 2646 Petrus
2313 2590 2605 2660 GregOrius
2655 2592 3021 2661 Syntagmatis
3041 2594 3362 2660 Vl,8.Quid
3408 2597 3506 2651 hoc
3538 2612 3643 2651 no-

2070 2684 2215 2736 mine
2249 2683 2613 2751 siguiliearint
2636 2682 2808 2737 (ἕτωοὶ
2835 2685 3163 2740 recentiores
3208 2685 3369 2741 docet
3406 2688 3638 2747 Citrius.

2067 2773 2152 2826 cui
2182 2788 2303 2827 cum
2328 2775 2439 2827 base
2467 2774 2694 2841 quaestio
2723 2773 3231 2845 fuissetproposita,
3254 2776 3419 2844 Cujus
3439 2779 3640 2847 lingua!

2066 2874 2147 2917 est
2174 2864 2447 2917 domestici
2476 2865 2842 2933 appellatio,et
2863 2868 3050 2935 quibus
3073 2868 3301 2921 ecclesia:
3327 2870 3638 2923 ministeriis

2067 2972 2251 3009 nomen
2272 2957 2367 3010 hoc
2394 2957 2696 3023 impositum
2726 2967 2802 3011 cst
2831 2960 2856 3012 7
2895 2961 3201 3029 respondit:
3230 2960 3512 3015 Domestici
3539 2977 3641 3031 ap-

390 3063 462 3121 ὡς
491 3064 684 3130 χρόνου
715 3062 807 3113 καὶ
846 3060 976 3111 ίδίου
1005 3059 1177 3112 κόπου
1218 3060 1597 3130 συμπέρασμα
1623 3064 1652 3114 ὁ
1712 3064 1959 3132 ἀρχιδιά-

2070 3048 2286 3119 pellatio
2304 3049 2602 3104 secundum
2639 3048 2863 3105 Latinos
2894 3050 3113 3117 ducem,
3140 3050 3457 3120 ὲξάρχοντα,
3485 3053 3642 3107 ince-

392 3170 545 3214 κονος
570 3152 681 3220 ἔχει
710 3152 805 3204 καὶ
834 3149 929 3219 τὴν
956 3150 1228 3220 ὑπεροχὴν
1265 3152 1357 3206 ἐπὶ
1382 3152 1600 3206 πάντων
1628 3153 1735 3206 τῶν
1777 3154 1966 3207 διακό-

397 3259 526 3307 νων,
582 3242 693 3293 εἴτε
729 3241 1088 3309 ἀρχοντικίοις
1111 3241 1417 3297 ὁποιοισοῦν
1466 3244 1783 3314 τετίμηνται
1846 3245 1961 3299 εἴτε

391 3337 485 3385 καὶ
514 3333 609 3401 μὴ,
641 3332 701 3385 ὲν
736 3331 816 3401 τῷ
850 3331 960 3401 ναῷ
995 3333 1090 3385 καὶ
1122 3334 1177 3384 ὲν
1197 3331 1273 3403 τῷ
1306 3333 1512 3403 βήματι
1543 3335 1640 3388 καὶ
1668 3336 1728 3388 ὲν
1758 3338 1827 3407 τῇ
1865 3354 1962 3405 με-

391 3422 618 3493 ταλήψει
651 3422 763 3476 τῶν
792 3422 965 3491 ἁγίων
1001 3422 1335 3492 μυστηρίων.
1408 3424 1526 3480 1.]ηο
1555 3425 1723 3480 verbo
1773 3441 1965 3495 super-

392 3515 635 3584 grc'ditur
658 3514 920 3569 diaconos
952 3528 1199 3583 proceres
1224 3531 1289 3569 ex
1315 3515 1637 3581 ministerio,
1666 3530 1769 3570 non
1788 3517 1967 3586 digni-

392 3616 524 3660 tate.
599 3604 870 3670 aliamque
923 3603 1154 3657 classem
1240 3604 1388 3659 solus
1451 3605 1749 3674 componit;
1813 3622 1965 3660 eum-

392 3709 498 3763 que
537 3694 783 3762 sequitur
834 3693 977 3747 vices
1022 3691 1144 3760 ejus
1207 3708 1400 3760 gerens
1435 3696 1464 3748 ὁ
1493 3695 1825 3764 δευτερεύων
1858 3698 1965 3763 τῶν

391 3787 676 3850 ἱιακόνων,
728 3784 823 3855 qui
876 3785 1048 3839 tertia
1071 3786 1263 3841 classis
1291 3788 1664 3860 communium
1710 3788 1968 3843 diacono-

394 3894 515 3932 rum
561 3878 768 3946 primus
795 3876 902 3930 dux
950 3885 1005 3931 et
1034 3885 1197 3945 caput
1241 3885 1514 3944 censetur;
1570 3886 1635 3933 et
1664 3878 1733 3933 ob
1778 3879 1969 3935 allatas

393 3970 630 4024 rationes
653 3968 873 4036 λέγεται
902 3967 1254 4035 δευτερεύων,
1286 3968 1363 4020 ait
1396 3969 1602 4023 Citrius
1629 3969 1770 4023 idem
1802 3986 1967 4039 supe-

396 4061 537 4112 riore
574 4074 853 4127 responso,
903 4058 1001 4126 οὐχ
1026 4060 1109 4110 ὅτι
1139 4058 1445 4128 δευτερεύει
1478 4060 1535 4111 ὲν
1561 4063 1626 4129 τῇ
1670 4059 1822 4124 τάξει
1858 4063 1967 4115 τῶν

394 4148 683 4200 διακόνων.
720 4148 893 4201 lnstas
952 4147 1334 4213 nihilominus,
1395 4150 1737 4205 etsollicitus
1792 4153 1962 4206 ratio—

398 4253 521 4290 nem
550 4238 749 4302 quzeris
792 4252 892 4290 cur
920 4251 984 4288 ex
1016 4236 1212 4290 ciliciis
1243 4238 1613 4293 archidiaconi
1667 4255 1863 4295 nomen
1898 4240 1969 4293 sit

393 4325 748 4390 expunctum?
770 4324 971 4392 ‘Aptius
1000 4324 1331 4377 illircddent
1354 4327 1443 4393 qui
1479 4327 1730 4396 palatinis
1783 4330 1967 4384 archi-

395 4417 682 4470 diaconum
735 4422 1153 4470 accensuerunt.

396 4524 445 4561 c.
478 4506 533 4560 2.
554 4504 750 4577 Gesn.)

996 4642 1226 4699 CAPUT
1280 4645 1367 4698 XI.

504 4755 575 4808 De
598 4757 820 4823 septima
848 4758 1072 4823 pentadc
1119 4758 1415 4825 ofﬁciorum
1449 4768 1494 4811 et
1522 4758 1854 4829 ofﬁcialium.

463 4866 522 4920 P.
551 4866 605 4921 6.
634 4866 691 4920 In
714 4868 943 4938 septima
968 4872 1198 4939 pentadc
1222 4873 1425 4942 primas
1447 4882 1591 4927 tenet
1610 4876 1959 4943 protopsalla,

393 4960 592 5023 primus
616 4959 818 5026 psaltes
849 4976 945 5013 seu
975 4972 1179 5017 cantor.
1204 4964 1407 5019 Citrius
1431 4975 1589 5019 vocat
1614 4966 1959 5019 domesticum

394 5050 708 5115 multarum,
739 5052 1051 5122 indicatque
1086 5056 1189 5108 hoc
1236 5070 1431 5110 nomen
1491 5057 1743 5111 usitatius
1793 5058 1961 5112 fuisse

393 5156 552 5206 quam
586 5142 713 5194 illud
738 5128 1296 5209 prolapsaltre.Mirum
1318 5149 1692 5215 estquomodo
1719 5149 1959 5204 Codinus

396 5233 445 5283 in
520 5231 623 5285 hac
678 5235 903 5298 septima
971 5236 1199 5301 pentadc
1263 5238 1491 5293 coltocet
1568 5242 1956 5309 protopsalten,

397 5321 551 5391 153
584 5338 704 5376 cum
736 5325 851 5392 ipse
892 5340 941 5380 c.
973 5325 1035 5378 l7
1088 5326 1285 5381 diserte
1331 5328 1471 5382 dicat
1501 5329 1793 5385 Ecclesium
1848 5330 1959 5385 Ma-

392 5429 551 5494 gnat"
581 5426 687 5464 non
720 5414 917 5467 habere
942 5415 1323 5491 protopralten,
1344 5418 1440 5473 sed
1460 5420 1952 5488 domesticum;nisi

391 5504 573 5554 dicere
597 5502 827 5556 velimus
847 5504 1087 5559 cilicium
1108 5521 1225 5561 esse
1250 5508 1411 5570 idem,
1432 5524 1626 5564 nomen
1653 5513 1954 5580 diversum,

396 5592 559 5655 inque
608 5591 852 5659 catalogo
882 5594 1185 5648 oll‘iciorum
1220 5598 1464 5653 ecnzlesize
1497 5616 1719 5656 vocasse
1779 5616 1956 5670 proto-

393 5679 616 5742 psatten,
636 5694 793 5748 quem
827 5684 1046 5750 proprio
1077 5683 1294 5738 nomine
1332 5700 1521 5740 vocare
1550 5687 1822 5741 debuisset
1855 5690 1951 5740 do-

2062 3148 2298 3209 ptorem,
2323 3139 2671 3210 praepositum
2717 3149 2769 3194 et
2802 3141 3113 3209 prtelectum
3167 3142 3455 3211 signiﬁcat,
3491 3144 3640 3198 sicut

2064 3231 2191 3287 etin
2214 3230 2587 3287 funetionibus
2620 3233 2989 3301 imperatoriis
3012 3233 3257 3289 invenire
3287 3244 3369 3291 est
3389 3234 3642 3290 domesti-

2064 3339 2182 3376 cum
2198 3306 2451 3391 Orientis,
2472 3322 2785 3390 Occidentis,
2806 3324 3123 3379 scholarum.
3140 3326 3252 3381 lmo
3275 3330 3436 3381 etiam
3460 3329 3640 3382 dome-

2061 3415 2252 3468 sticum
2282 3430 2498 3479 meum,
2513 3415 2853 3468 domesticum
2874 3415 3145 3479 manium,
3163 3416 3501 3471 domesticum
3523 3418 3640 3471 the-

2062 3512 2285 3558 matum.
2330 3504 2420 3559 Sic
2453 3514 2506 3559 ct
2535 3503 2589 3557 in
2620 3504 3007 3560 ecclesiasticis
3038 3504 3322 3561 ordinibus
3362 3508 3639 3561 domestici

2060 3613 2167 3653 vox
2188 3608 2499 3666 usurpatur.
2517 3597 2629 3651 Εἶτ’
2650 3597 2748 3651 οῦν
2772 3599 3011 3670 ἀρχῳεὺς
3035 3599 3126 3651 καὶ
3145 3602 3441 3671 ἐπιστάτης
3466 3601 3642 3672 μελῳ-

2063 3690 2193 3743 διῶν
2244 3691 2340 3742 καὶ
2377 3688 2487 3740 τῶν
2538 3687 2815 3758 μελῳδῶν,
2844 3684 2933 3741 οἷα
2980 3692 3061 3751 εἰς
3106 3689 3309 3760 ῥυθμὸν
3355 3689 3448 3742 καὶ
3480 3691 3639 3756 τάξιν

2065 3780 2340 3831 καθιστῶν
2368 3780 2566 3843 αὐτούς
2588 3797 2647 3831 τε
2670 3781 2763 3833 καὶ
2795 3776 2860 3833 τὰ
2886 3781 3273 3849 μελῳδήματα.
3304 3781 3637 3835 Domesticus

2063 3872 2227 3942 igitur
2256 3872 2575 3924 musicorum
2606 3888 2695 3925 seu
2720 3880 2997 3926 cantorum
3042 3872 3176 3925 nihil
3202 3873 3349 3926 aliud
3377 3883 3450 3925 est
3474 3890 3637 3941 quam

2062 3965 2365 4033 prtzfectus,
2389 3966 2479 4033 qui
2507 3981 2683 4018 omnes
2713 3966 2845 4034 regit
2872 3980 2932 4017 ac
2961 3965 3167 4033 dirigit,
3218 3966 3455 4033 ipsosque
3473 3965 3639 4018 simul

2061 4074 2124 4110 ac
2163 4058 2431 4110 cautiones
2460 4066 2674 4109 cunctas
2702 4056 2939 4124 disponit
2974 4073 3039 4109 ac
3070 4058 3122 4109 in
3154 4058 3390 4111 ordinem
3419 4056 3637 4126 redigit.

2068 4147 2162 4201 Est
2193 4156 2371 4201 autem
2406 4163 2608 4201 munus
2658 4147 2943 4202 domestici
2976 4157 3262 4202 cantorum
3322 4162 3413 4201 seu
3453 4157 3642 4216 proto-

2066 4238 2253 4306 psaltte
2271 4239 2321 4291 in
2346 4237 2545 4306 vigiliis
2567 4238 2949 4293 communibus
2966 4240 3112 4293 clara
3130 4254 3262 4293 voce
3280 4242 3639 4309 pronuntiare

2066 4329 2222 4391 illud,
2260 4328 2597 4398 Εὺλὸγησον,
2627 4330 2879 4395 δέσποτα,
2909 4331 3054 4399 quod
3087 4345 3186 4385 nos
3213 4331 3445 4386 dicimus
3474 4330 3636 4396 Jube,

1238 4412 1372 4470 Vide
1425 4427 1728 4486 postremas
1774 4430 1953 4475 .notas
1986 4416 2030 4470 D
2058 4422 2288 4482 domine,
2324 4420 2637 4475 benedicere.
2669 4420 2748 4475 Ex
2805 4423 3071 4477 sententia
3123 4423 3288 4492 igitur
3332 4421 3483 4477 Citrii
3539 4425 3639 4478 do—

2071 4508 2331 4565 mesticus
2364 4510 2437 4564 nil
2478 4511 2625 4565 aliud
2654 4520 2737 4565 est
2759 4526 2925 4580 quam
2968 4526 3187 4578 prazses,
3223 4513 3471 4577 antistes,
3502 4530 3643 4580 pra:-

2068 4602 2257 4671 Γαίας,
2290 4617 2399 4657 uno
2428 4604 2594 4657 verbo
2619 4604 2827 4673 primus
2859 4603 2913 4658 in
2951 4618 3051 4658 suo
3082 4618 3299 4673 genere.
3354 4602 3465 4658 Nec
3496 4604 3641 4657 male

2066 4694 2271 4748 Citrius
2311 4694 2592 4748 notionem
2644 4694 2810 4762 hujus
2862 4694 3113 4748 vocabuli
3147 4696 3438 4761 expressit,
3479 4705 3640 4763 prout

2068 4791 2414 4851 usurpatura
2440 4782 2647 4838 Graecis
2678 4783 3215 4847 recentioribus,etsi
3241 4782 3382 4836 haud
3417 4783 3535 4836 scio
3566 4799 3635 4837 an

2067 4888 2168 4925 vox
2190 4873 2459 4926 domestici
2488 4873 2539 4925 in
2580 4873 2682 4926 hac
2712 4873 2931 4928 notione
2962 4874 3161 4926 usitata
3182 4874 3255 4928 sit
3278 4870 3511 4936 Latinis,
3537 4888 3635 4927 seu

2066 4963 2221 5016 novis
2246 4980 2343 5016 seu
2386 4966 2648 5031 antiquis.
2692 4964 2748 5016 In
2779 4964 2905 5032 jure
2956 4964 3200 5032 profecto
3259 4964 3362 5016 alia
3414 4965 3642 5017 notione

2064 5065 2379 5122 usurpatur,
2416 5063 2473 5107 ut
2501 5063 2554 5106 et
2583 5054 2633 5106 in
2655 5039 2933 5107 communi
2958 5054 3294 5123 loquentium
3339 5063 3641 5106 consuetu“

2062 5147 2207 5199 dine.
2245 5144 2404 5215 154
2447 5146 2528 5198 Ab
2560 5146 2659 5199 hac
2696 5160 2829 5200 voce
2881 5144 3186 5198 formarunt
3236 5144 3410 5197 Latini
3457 5143 3639 5195 domc~

2062 5243 2337 5303 sticatum,
2373 5241 2516 5304 quod
2544 5242 2596 5294 in
2616 5240 2737 5305 jure
2762 5248 2957 5293 exstat.
2984 5238 3048 5292 Et
3075 5239 3218 5307 apud
3248 5237 3633 5290 Balsamonrm

2062 5335 2115 5386 in
2148 5346 2356 5385 canone
2386 5330 2834 5399 l7apostolorum
2862 5329 3225 5399 δομεστικάτα
3254 5328 3435 5397 ofﬁcia
3463 5328 3643 5381 dome—

2060 5425 2329 5486 sticorum,
2368 5433 2421 5475 et
2461 5422 2600 5489 apud
2645 5420 2909 5475 Codinum
2937 5436 2987 5474 c.
3017 5422 3047 5473 7
3067 5422 3114 5472 οἱ
3142 5420 3234 5473 τοῦ
3262 5420 3643 5490 δομεστικείου

2056 5516 2383 5584 δομέστικοι,
2415 5524 2466 5568 et
2492 5529 2537 5567 c.
2566 5514 2598 5567 5
2629 5512 2989 5582 δομεστῐκιον.
3036 5511 3241 5566 GnE'fS.

2130 5602 2188 5655 P.
2212 5604 2264 5657 6.
2306 5604 2669 5658 Domestieum
2704 5604 2951 5658 dicemus
2970 5605 3265 5672 aliquando
3287 5606 3637 5675 praepositum

2062 5693 2384 5762 signiﬁcare.
2411 5693 2853 5766 De‘istisduobus
2894 5697 3178 5764 utriusque
3210 5696 3357 5750 chori
3400 5696 3637 5750 ducibus
