3992 6240
268 315 375 389 ιω

1362 309 1749 374 GRETSERI
1784 309 1879 370 ET
1916 305 2154 369 GOARI
2188 307 2433 373 NOT/E.

3421 312 3525 377 ΠΟ

262 424 540 480 Allatiana
576 438 592 477 :
626 422 689 476 Oi.
725 419 821 475 δύο
860 419 1178 490 δομέστικοι
1218 421 1467 475 ἵστανται
1510 422 1568 474 ἑν
1598 423 1714 483 τοῖς
1748 418 1836 472 δύο

1946 426 2070 471 sent
2120 416 2527 486 πριμμικήριον
2590 415 2697 469 τῶν
2756 418 3174 490 πατριαρχικῶν
3231 424 3519 493 νυταρῖων.

262 518 445 587 χοροῖς
462 514 602 583 μετὰ
624 514 721 567 τοῦ
744 512 1163 583 πρωτοψάλτου,
1185 512 1277 565 καὶ
1305 512 1597 580 ψάλλοντες
1618 509 1848 581 φοροῦσι

262 607 618 676 σφικτούρια,
677 605 755 667 ὡς
797 605 1219 674 πρωτοψάλτης.
1277 603 1597 659 Domesticis
1651 604 1848 673 adjun-

265 707 409 768 gunt
446 696 539 751 δύο
568 698 1012 766 πριμμικηρὶους
1061 696 1381 763 ἱσταέένους
1426 697 1568 764 μετὰ
1622 695 1732 749 τῶν
1761 697 1847 747 ὅσα

264 787 547 859 parslme
578 803 598 820 ο
623 786 919 857 ψάλλοντες
948 788 1043 841 καὶ
1064 788 1235 841 aurei.
1268 786 1423 843 Gesn
1453 784 1474 859 ]
1718 790 1721 791 ⁷

348 877 493 932 Ibid.
530 876 795 946 Sequitur
845 876 1250 943 λαοσυνάκτης.
1306 878 1372 931 ad
1410 877 1634 931 verbum
1666 878 1845 946 populi

261 978 588 1023 commeator
630 977 678 1022 et
722 979 1090 1039 congregator,
1139 966 1303 1023 Junio
1353 969 1519 1033 cocio,
1558 969 1650 1023 sed
1692 970 1846 1023 nihili

264 1064 439 1116 cocio.
491 1062 748 1131 Ejusdem
793 1061 1044 1116 meminit
1093 1060 1323 1128 Citrius,
1380 1063 1573 1118 eodem
1624 1063 1868 1119 nomine”

266 1153 546 1222 interpres
564 1152 763 1218 reddit,
788 1153 970 1221 pepuli
997 1154 1247 1218 coactor;
1273 1163 1551 1208 corrector
1579 1155 1843 1217 correxit,

262 1246 521 1299 collector
559 1246 675 1300 sive
716 1256 1083 1315 congregatur.
1126 1245 1584 1315 Cujusollicium
1624 1247 1844 1317 publico

263 1337 425 1403 signo
456 1337 717 1405 populum
750 1338 814 1391 ad
845 1353 956 1391 retu
988 1337 1225 1391 divinam
1266 1354 1598 1395 convocare.
1630 1338 1840 1395 Gssrs.

344 1426 516 1498 [Duos
543 1428 790 1482 scribunt
813 1430 1177 1493 Allatiana,et
1194 1431 1572 1495 λαοσυνάπτας
1598 1442 1793 1487 rorant
1826 1448 1839 1484 :

261 1519 313 1569 οἱ
341 1520 438 1572 δύο
473 1517 844 1572 λαοσυνάπται
868 1521 1091 1587 (--κται
1132 1524 1209 1593 Μ)
1258 1524 1555 1592 συνάγουσι
1582 1527 1707 1589 τοὺς
1730 1526 1841 1579 btu-

263 1612 481 1675 κόνους,
510 1610 604 1664 καὶ
627 1611 1059 1683 ἀναγορεύουσιν
1080 1615 1166 1668 ἵνα
1193 1616 1269 1686 μὴ
1290 1615 1455 1688 λεὲπῃ
1477 1619 1683 1682 κανεις.
1710 1620 1844 1673 Συν-

265 1702 466 1768 ἀγουσι
491 1702 549 1755 δὲ
576 1703 703 1765 τοῦς
729 1703 994 1774 ἄρχοντας
1020 1709 1114 1762 καὶ
1137 1707 1228 1760 τὸν
1262 1708 1391 1762 λαὸν
1420 1710 1499 1772 εἰς
1518 1709 1618 1781 τὴν
1643 1712 1843 1784 ἔκκλη-

268 1795 416 1848 σῑαν.
439 1793 638 1867 Genu]

340 1883 399 1938 In
427 1882 636 1955 Typico
659 1886 718 1942 S.
746 1890 902 1944 Salue
923 1887 1135 1944 videtur
1155 1891 1414 1960 appellati
1434 1894 1840 1967 κανδηλάπτης.

266 1992 298 2028 a
322 1977 562 2030 candelis
585 1981 935 2034 accendendis
954 1995 974 2034 :
1010 1980 1175 2050 hujus
1200 1982 1345 2037 enim
1378 1985 1540 2040 etiam
1560 1996 1645 2041 est
1676 1990 1843 2058 κρού-

265 2082 350 2118 ειν
377 2067 478 2129 τὰς
514 2066 717 2139 βαρέας
743 2072 839 2124 καὶ
867 2073 931 2124 τὸ
957 2072 1234 2143 σιδηροῦν,
1261 2090 1384 2143 quae
1409 2076 1517 2132 illis
1548 2078 1669 2133 loro
1698 2096 1844 2134 cam-
1874 2116 1883 2123 -

267 2174 531 2223 panarum
592 2170 770 2225 erant,
807 2166 897 2214 καὶ
928 2165 1218 2231 σημαίνειν
1239 2166 1299 2218 τὸ
1326 2168 1473 2236 μέγα
1502 2170 1844 2241 σήμαντρον.

270 2244 430 2298 Varia
461 2247 604 2299 enim
630 2248 788 2316 signa
826 2249 1048 2315 dabant,
1101 2261 1159 2305 ut
1187 2263 1245 2307 et
1274 2255 1417 2325 apud
1460 2273 1560 2313 nos
1604 2259 1719 2314 lieri
1754 2275 1843 2317 as-

266 2337 423 2392 solet.
462 2325 596 2392 Vide
629 2338 1004 2397 Balsatuonetn
1057 2346 1111 2399 in
1148 2345 1531 2405 dissertatione
1571 2364 1673 2405 cur
1723 2368 1844 2409 mo-

271 2427 428 2481 nachi
458 2430 635 2485 tribus
669 2431 840 2499 signis
875 2449 1010 2491 suos
1037 2436 1103 2491 ad
1133 2453 1295 2494 sacra
1325 2450 1654 2507 couvocent,
1717 2460 1839 2501 cum

269 2518 361 2571 alii
421 2534 529 2572 uno
573 2523 731 2593 signo
760 2528 998 2582 contenti
1041 2530 1175 2584 sint.
1568 2602 1573 2607 η

340 2609 487 2665 Ibid.
520 2611 763 2678 Quartus
790 2617 844 2671 in
874 2618 979 2673 hac
1004 2623 1235 2689 peatadc
1259 2632 1346 2678 est
1373 2627 1399 2677 ὁ
1423 2630 1837 2699 πριμμικήριος

265 2704 377 2757 τῶν
398 2706 792 2777 ταοουλαριων.
815 2709 1011 2767 Junius
1032 2714 1423 2784 interpretatur
1440 2722 1727 2776 notarium.
1745 2724 1838 2779 Sic

261 2796 413 2851 enim
455 2798 611 2853 initio
642 2803 910 2857 nominari
948 2806 1165 2865 videtur
1188 2810 1260 2862 ab
1292 2808 1414 2878 ipso
1457 2809 1669 2867 Codino
1720 2829 1771 2882 ῃ.
1806 2817 1831 2870 1

260 2889 348 2939 ed.
386 2885 551 2945 Jun.:
578 2906 704 2945 cum
739 2893 884 2949 enim
907 2898 1182 2952 notarium
1222 2902 1492 2968 nominet,
1541 2916 1834 2974 acpostca

260 2978 472 3048 singula
527 2981 709 3038 oilicia
763 2986 816 3038 in
875 2989 1137 3055 pentadas
1192 2991 1449 3061 digerens
1496 2994 1562 3049 de
1620 2998 1835 3052 notario

264 3085 492 3136 prorsus
515 3071 696 3137 sileat,
744 3075 1002 3132 credibile
1028 3090 1111 3135 est
1138 3080 1408 3139 Codinum
1457 3086 1679 3142 nomine
1726 3091 1836 3158 pri-
1863 3119 1906 3178 ο

261 3152 461 3215 miccrii
489 3165 873 3220 Iabulariorum
934 3169 1271 3230 intellexisse
1324 3172 1617 3235 notarium.
1676 3179 1832 3246 Quod

259 3252 398 3305 forte
425 3268 615 3308 rerum
664 3267 769 3322 est,
804 3261 898 3313 sed
944 3264 1133 3319 nrscio
1185 3270 1461 3335 quomodo
1515 3285 1640 3326 cum
1686 3271 1834 3328 Junii

260 3345 529 3399 sententia
550 3350 861 3415 conveniat,
892 3353 984 3421 qui
1014 3358 1376 3421 primicerium
1435 3360 1486 3413 in
1530 3365 1725 3429 quovis
1752 3364 1837 3417 ol-

259 3436 381 3487 ticio
403 3436 554 3491 illum
586 3439 697 3494 dici
739 3452 887 3511 putet
914 3446 1005 3513 qui
1043 3448 1250 3514 primus
1282 3451 1564 3519 inscriptus
1599 3466 1669 3508 su
1715 3458 1833 3509 albo

256 3526 362 3577 sive
402 3528 604 3582 ordinis
628 3531 717 3585 sui
753 3534 1021 3604 catalogo,
1055 3551 1103 3591 et
1142 3541 1348 3607 primas
1407 3543 1462 3596 in
1501 3560 1598 3598 suo
1651 3547 1835 3603 ordine

258 3616 513 3683 obtineat,
543 3623 721 3688 prima
752 3641 900 3690 cera,
933 3628 987 3679 id
1014 3640 1091 3683 est
1116 3647 1350 3696 summa,
1370 3636 1685 3704 inscriptus.
1720 3639 1832 3696 Hoc

256 3708 298 3759 si
329 3724 522 3763 verum
552 3722 657 3778 est,
694 3716 835 3769 idem
872 3733 1001 3788 ergo
1028 3727 1131 3776 erit
1160 3725 1508 3791 primicerius
1531 3728 1830 3785 tabulario-

257 3811 373 3848 rum
408 3813 532 3850 cum
572 3806 978 3870 protonotario,
1010 3809 1128 3875 qui,
1158 3820 1216 3865 ut
1243 3811 1439 3870 Junius
1472 3817 1628 3883 dicit,
1643 3821 1830 3887 primi-

252 3876 662 3958 cerius'ptimus
695 3895 856 3949 estin
898 3912 1018 3951 cera
1041 3916 1137 3954 seu
1175 3901 1318 3965 albo.
1360 3906 1684 3963 r-ttabularii
1704 3920 1833 3964 sunt

251 3980 475 4044 notarii,
504 3982 756 4053 idemque
794 3988 956 4056 igitur
1003 3995 1416 4059 protouotarius
1475 4013 1572 4052 seu
1624 4001 1831 4068 primus

253 4073 505 4127 notarius
530 4082 583 4128 et
608 4078 940 4143 primicerius
969 4080 1379 4147 tributariorum.
1419 4087 1531 4157 Ego
1556 4091 1682 4145 nodi
1733 4093 1832 4147 bu~

242 4159 331 4227 jus
378 4164 710 4220 solutionem
764 4184 874 4223 non
923 4172 1104 4238 video,
1154 4176 1262 4231 nisi
1309 4180 1436 4248 quis
1479 4181 1663 4238 dicere
1702 4185 1831 4239 velit

1951 505 2208 563 Notarius
2232 521 2358 562 vero
2377 516 2431 561 et
2457 506 2757 563 tabularios
2780 523 2944 564 sensu
2965 511 3301 570 coincidunt.
3327 514 3523 589 Com]

2023 600 2193 653 Porro
2224 599 2292 653 de
2334 613 2462 653 voce
2492 599 2810 668 primicerii,
2837 603 3220 674 secundiccrii,
3268 610 3524 666 tertiaee-

1950 688 2041 755 rii,
2078 690 2408 758 qnartocerii
2444 689 2562 743 vide
2592 687 2876 757 Cujacium
2910 693 2977 747 ad
3037 694 3119 749 tit.
3149 712 3242 759 vn,
3296 697 3393 753 lib.
3445 716 3522 755 xu

1950 780 2075 834 cod.
2110 780 2453 844 Justiniauei,
2486 791 2539 834 et
2573 781 2915 849 Onupbrium
2959 784 3013 838 in
3044 786 3296 856 explicat.
3329 805 3522 845 vocum

1949 870 2306 926 obscurarum
2334 871 2856 938 ecclesiasticarum,
2914 885 2968 927 et
3030 876 3247 932 Petrum
3315 880 3522 951 Grego-

1950 962 2090 1014 rium
2134 961 2417 1032 Syntagm.
2471 963 2557 1027 15,
2597 962 2687 1027 22,
2760 966 2849 1035 qui
2880 966 2953 1020 ait
3022 972 3520 1036 pronuntiationem

1947 1050 2187 1105 nominis
2210 1053 2499 1121 primicerii
2524 1054 2741 1122 exigere
2774 1055 3131 1124 rdjcrtionetn
3165 1075 3227 1113 ex
3261 1062 3523 1117 relatione
3564 1082 3572 1131 ξ

1946 1139 2198 1211 alicujus.
2231 1142 2312 1197 vel
2337 1154 2484 1198 certe
2509 1146 2782 1212 postulare
2809 1156 2863 1199 ut
2894 1147 3447 1219 subintelligatur.Qu
3487 1157 3525 1207 ιι

1948 1234 1992 1286 si
2018 1250 2204 1288 verum
2232 1244 2334 1300 est,
2369 1244 2483 1289 tum
2520 1253 2740 1292 necesse
2761 1238 2863 1292 erit
2898 1247 2955 1293 ut
2985 1256 3105 1294 cum
3138 1243 3280 1295 inter
3332 1244 3525 1311 palati-

1952 1341 2048 1379 nas
2075 1327 2368 1397 dignitates
2420 1329 2447 1380 6
2502 1330 2678 1399 μέγας
2741 1334 3150 1403 πριμμικήριος
3181 1338 3522 1402 nominatur,

1946 1418 2183 1487 dignitas
2212 1419 2392 1488 aliqua
2450 1423 2907 1493 subiutelligatur,
2958 1427 3083 1494 quia
3177 1429 3522 1499 primicerius

1946 1524 2145 1565 nomen
2180 1510 2282 1565 hoc
2319 1512 2479 1567 habet
2505 1526 2749 1583 respectu
2783 1517 3011 1587 alicujus
3067 1517 3366 1578 {unctionis
3424 1539 3521 1578 seu

1946 1601 2256 1656 ministerii.
2297 1602 2430 1657 Hinc
2464 1606 2792 1672 primicerius
2841 1608 3113 1675 lectorum,
3191 1616 3521 1681 primicerius

1946 1693 2111 1755 aulw.
2141 1695 2472 1761 primicerius
2502 1708 2878 1765 protectorum,
2904 1703 3233 1769 primicerius
3265 1707 3520 1761 domesti-

1946 1802 2148 1839 corum.
2187 1787 2374 1842 Exstat
2410 1789 2463 1843 in
2495 1789 2861 1847 Decretalibus
2889 1794 3079 1849 titulus
3105 1796 3170 1850 de
3195 1800 3517 1864 primicerio,

1947 1876 2037 1930 ubi
2052 1877 2186 1931 nihil
2209 1880 2485 1947 adjicitur;
2509 1897 2684 1952 neque
2704 1884 2865 1937 etiam
2886 1888 3020 1939 satis
3038 1898 3260 1957 apparet
3276 1891 3405 1958 quid
3425 1900 3521 1945 aut

1943 1964 2309 2034 adjiciendum
2347 1980 2443 2025 aut
2487 1972 2926 2028 subaudiendum
2960 1978 3055 2042 sit,
3088 1979 3189 2034 nisi
3227 1982 3348 2050 quis
3372 1981 3521 2037 dicat

1944 2057 2273 2130 subintelligi
2307 2076 2493 2117 vocem
2527 2074 2823 2121 cantorum.
2862 2065 2937 2122 De
2984 2085 3094 2139 quo
3145 2073 3266 2128 vide
3298 2073 3517 2130 Petrum

1944 2147 2265 2221 Gregorium
2308 2154 2345 2209 Ι.
2370 2171 2418 2209 c.
2448 2155 2584 2213 lliuc
2615 2158 3003 2227 primiceriatus
3033 2161 3271 2233 dignitas
3325 2179 3377 2223 et
3404 2167 3518 2222 olli-

1943 2241 2088 2296 ciutu
2120 2244 2435 2313 primicerii.

2013 2338 2168 2402 Quod
2212 2339 2277 2392 ad
2310 2340 2484 2411 ipsum
2514 2343 2836 2400 vocabulum
2862 2346 3078 2411 attinet,
3102 2364 3211 2405 non
3241 2350 3518 2424 improba-

1942 2425 2124 2480 bilitcr
2169 2429 2467 2483 arbitratur
2486 2430 2744 2501 Cujacius
2772 2434 2902 2488 illud
2936 2439 3103 2492 cerius
3134 2454 3257 2509 esse
3306 2454 3512 2499 tantum

1944 2518 2353 2587 productionem
2411 2523 2581 2587 Verbi,
2617 2524 2736 2578 sine
2773 2525 3055 2582 ulla‘novze
3093 2531 3515 2600 signiﬁcationis

1941 2610 2238 2676 additione;
2278 2620 2333 2664 ut
2364 2612 2592 2681 proinde
2613 2615 2944 2682 primicerius
2975 2618 3118 2673 idem
3149 2623 3220 2675 sit
3250 2626 3343 2691 qui
3397 2629 3512 2695 pri-

1942 2718 2081 2769 mus,
2110 2698 2495 2760 secundiclrius
2521 2707 2661 2763 idem
2692 2711 2784 2779 qui
2810 2715 3104 2785 secundus,
3129 2717 3270 2772 sicut
3292 2729 3347 2774 et
3365 2722 3505 2789 apud

1940 2796 2269 2851 recentiores
2333 2796 2552 2853 Graecos
2610 2802 2968 2867 παιδόπουλος
3022 2804 3164 2859 idem
3220 2818 3303 2863 est
3363 2812 3505 2879 quod

1940 2882 2087 2946 παῖς,
2109 2884 2523 2954 Φραγκόπουλος
2547 2887 2689 2942 idem
2720 2891 2864 2957 quod
2896 2890 3172 2965 Francus;
3198 2898 3267 2949 ita
3298 2909 3355 2952 ut
3377 2900 3508 2956 illud

1940 2973 2135 3031 πουλοε
2166 2977 2525 3050 sitparagoge
2568 2982 2773 3052 absque
2816 2985 2922 3040 ulla
2974 3003 3111 3042 nova
3156 2992 3512 3060 signiﬁcatio-

1940 3081 2026 3120 ne.
2062 3068 2165 3122 Alii
2199 3081 2375 3124 tamen
2411 3089 2606 3128 nomen
2641 3076 2744 3130 hoc
2774 3090 2806 3130 a
2850 3080 3022 3146 primo
3048 3089 3100 3133 et
3124 3098 3242 3136 cera
3290 3082 3510 3139 deriva-

1940 3168 2050 3214 tum
2080 3163 2554 3235 compositumque
2582 3166 2786 3235 volunt,
2816 3170 3016 3240 quibus
3042 3176 3134 3242 qui
3187 3176 3349 3245 volet,
3410 3194 3508 3248 per

1937 3267 2022 3305 me
2048 3253 2355 3310 subscribat
2384 3256 2534 3312 licet.

2008 3345 2068 3400 P.
2088 3345 2140 3400 6.
2170 3345 2405 3402 Ultimus
2435 3349 2491 3403 in
2516 3354 2617 3405 hoc
2636 3352 2889 3421 quinario
2907 3364 2990 3411 est
3015 3357 3042 3409 ὁ
3063 3356 3247 3430 ἄρχων
3264 3362 3374 3416 τῶν
3389 3381 3511 3416 κον-

1934 3438 2156 3499 τακίων,
2174 3438 2464 3509 Praefectus
2486 3445 2733 3511 canticis,
2753 3449 2837 3502 ait
2849 3448 3068 3513 Junius.
3086 3452 3196 3507 lmo
3218 3459 3470 3513 contaciis
3488 3474 3509 3513 :

1938 3543 2062 3583 nam
2096 3532 2372 3586 canticum
2403 3536 2657 3604 generale
2685 3552 2881 3593 nomen
2914 3550 3003 3595 est
3030 3543 3099 3598 ad
3146 3548 3328 3602 omnia
3384 3565 3509 3619 qua:

1936 3621 2055 3672 caui
2086 3632 2175 3675 aut
2204 3622 2381 3677 solent
2406 3632 2505 3679 aut
2530 3638 2779 3695 possunt,
2810 3636 2865 3683 at
2922 3635 3233 3691 coutacium
3292 3652 3504 3696 eertum

1934 3712 2207 3780 quoddam
2234 3730 2405 3784 genus
2431 3725 2517 3772 est
2536 3717 2589 3771 in
2614 3718 2928 3776 Graicorum
2989 3724 3276 3782 ritualibus
3324 3728 3517 3793 libris,

1932 3802 2075 3856 sicut
2122 3813 2176 3858 et
2220 3809 2536 3874 troparium,
2564 3811 2779 3879 εῑρμός,
2804 3829 2995 3878 canon,
3014 3815 3279 3887 κάθισμα,
3306 3822 3505 3888 προσόο

1935 3911 2112 3963 μοιον,
2137 3899 2435 3967 τριαδικὸν,
2458 3899 2750 3967 θεοτόκιον,
2772 3906 3176 3976 παυρώσιμον,
3198 3910 3502 3966 ἀναστάσι-

1935 3999 2127 4053 μον,ρι
2158 3988 2300 4056 apud
2327 4003 2429 4043 nos
2451 4005 2650 4054 uersus,
2671 3995 2935 4059 versiculi,
2963 3998 3243 4066 graduale,
3273 4010 3498 4067 tractus,

1929 4078 2218 4146 sequentia,
2234 4082 2567 4146 responsoria
2584 4095 2636 4137 et
2659 4086 2818 4153 hujus
2836 4090 3053 4157 generis
3076 4090 3203 4155 alia,
3222 4108 3344 4162 qua:
3368 4096 3474 4149 alie
3498 4128 3505 4137 -

1932 4181 1998 4219 ua
2022 4166 2204 4237 lingua
2232 4179 2327 4221 aut
2345 4184 2572 4238 prorsus
2586 4174 2933 4242 esprimiaut
2959 4182 3243 4237 commode
3268 4187 3502 4256 exprimi

250 4253 416 4306 istum
440 4254 539 4309 dici
557 4257 915 4325 primicerium
933 4263 1319 4321 tabulariorum
1338 4282 1587 4339 respectu
1608 4274 1836 4331 illorum

1944 4274 2038 4312 non
2072 4272 2319 4327 possunt.
2348 4260 2515 4319 Miror
2542 4276 2726 4320 autem
2790 4270 2918 4339 quid
2954 4253 3358 4334 correctoribus
3402 4277 3504 4335 Bo-

249 4345 590 4401 uotariorutn
622 4363 763 4417 quos
783 4349 921 4405 inl'ra
956 4367 1016 4408 se
1048 4354 1231 4423 habet,
1263 4374 1370 4414 non
1404 4374 1657 4431 respectu
1711 4382 1827 4421 om-

1932 4350 2113 4404 nelidii
2172 4350 2225 4405 in
2257 4360 2493 4429 mentem
2552 4357 2790 4421 venerit,
2840 4368 2898 4413 ut
2944 4376 3106 4432 quem
3157 4366 3245 4422 ille
3285 4382 3504 4426 vocaret

248 4437 428 4501 nium,
453 4454 563 4508 quo
584 4452 746 4509 pacto
774 4444 802 4495 ὁ
832 4443 1168 4514 δευτερεύων
1197 4450 1306 4504 τῶν
1335 4453 1604 4510 διακόνων
1638 4460 1821 4512 vocari

1944 4441 2230 4510 "refectum
2276 4447 2660 4513 coutaciorum,
2690 4448 2793 4518 ipsi
2835 4451 3325 4523 interpretarentur
3346 4476 3503 4529 pra--

251 4544 435 4598 posset
464 4536 797 4602 primicerius
831 4537 1201 4607 diaconorum,
1260 4559 1367 4598 non
1422 4548 1690 4614 absolute,
1722 4550 1835 4611 sed,

248 4624 657 4690 comparatione
678 4626 786 4678 τῶν
817 4630 1035 4697 κοινῶν,
1062 4641 1121 4687 ιιι
1154 4634 1359 4690 Citrius
1389 4643 1443 4691 ct
1466 4637 1710 4696 Codinus
1736 4641 1817 4696 lo—

253 4726 514 4784 quuntur.

318 4808 525 4863 Addam
559 4820 615 4865 et
647 4810 934 4879 hoc.Quid
966 4813 1013 4869 si
1054 4830 1151 4883 per
1193 4832 1379 4873 vocem
1444 4819 1820 4893 ταὸουλαρίων

248 4894 337 4951 hic
366 4913 467 4952 non
489 4901 873 4970 intelliguntur
894 4903 1171 4969 tabularii,
1194 4922 1290 4962 seu
1309 4910 1530 4969 notarii.
1549 4912 1644 4969 sed
1669 4914 1821 4967 tabu-

242 4989 384 5041 laria
405 5003 497 5044 seu
517 4994 756 5058 archiva,
775 5004 832 5049 ct
861 4996 934 5050 ita
967 5007 1025 5050 ut
1049 5000 1401 5066 primicerius
1423 5004 1817 5060 tabulariorum

244 5083 337 5136 ille
366 5085 577 5140 dicatur
605 5090 703 5158 qui
736 5101 934 5157 praeest
957 5093 1223 5147 tabulario
1247 5110 1342 5151 seu
1375 5098 1608 5163 archiva,
1633 5101 1817 5158 socius

240 5173 293 5224 in
342 5174 448 5229 boo
486 5177 664 5233 olﬁcio
705 5190 759 5234 et
794 5182 1115 5239 administer
1159 5186 1643 5257 chartophylacis?
1682 5190 1814 5245 Nam

240 5264 726 5337 chartophylacium
747 5268 959 5326 Latinis
989 5282 1072 5328 est
1103 5274 1451 5343 tabularium,
1478 5288 1530 5331 et
1556 5294 1586 5333 a
1622 5279 1815 5336 Latino

238 5375 341 5413 usu
373 5365 532 5418 etiam
563 5365 790 5422 Graecis.
823 5369 976 5423 Sicut
995 5371 1138 5425 enim
1165 5387 1391 5442 magnus
1422 5377 1739 5434 sacellarius
1762 5387 1817 5434 et

239 5453 264 5503 ὁ
282 5449 385 5503 τοῦ
413 5458 692 5509 σακελλίου
717 5474 846 5512 suos
864 5459 1169 5516 habuerunt
1185 5464 1482 5534 adjutores,
1500 5467 1655 5538 155
1670 5469 1743 5524 ita
1763 5480 1818 5525 et

237 5543 624 5617 chartopbylax
663 5550 879 5604 videtur
923 5552 1180 5609 habuisse
1204 5558 1567 5627 ,pimicerium
1606 5562 1812 5616 tabula—

235 5631 466 5686 riorum.
504 5636 709 5692 (ἶιιετε.
1204 5626 1207 5629 ἢ

305 5722 401 5797 [Ρ.
420 5726 467 5780 6.
486 5726 647 5798 Regia
672 5734 927 5801 superius
949 5737 1213 5805 producta
1241 5736 1384 5795 inter
1406 5739 1591 5798 oilicia
1620 5759 1810 5801 recen-

528 5831 799 5888 ΡΑἰίιωι..
852 5832 968 5891 Gn.
1006 5833 1240 5892 CLVII.

1928 4532 2117 4598 fectum
2148 4536 2520 4603 pugillarium.
2584 4539 2698 4610 Ego
2724 4542 2852 4611 quid
2893 4544 2995 4598 sibi
3059 4547 3347 4617 pugillares
3398 4567 3496 4633 scu

1926 4622 2215 4692 pugillaria
2281 4628 2397 4682 inec
2430 4630 2617 4695 velint,
2674 4648 2884 4687 mecum
2943 4648 3205 4707 etputare
3257 4630 3496 4711 nequeo.

1892 4772 1901 4775 _
1931 4712 2025 4767 Est
2048 4724 2229 4768 autem
2257 4719 2537 4788 prefectus
2586 4724 2954 4778 contaeiorum
2984 4727 3075 4785 ille
3098 4728 3184 4782 cui
3236 4745 3363 4784 cura
3416 4732 3498 4785 in-

1928 4805 2158 4857 choandi
2193 4810 2440 4864 contacia
2469 4813 2783 4869 conuuissa.
2810 4812 2912 4869 Sed
2942 4817 3008 4870 de
3051 4819 3316 4874 contaciis
3338 4820 3495 4890 plura

1930 4895 2094 4950 habes
2121 4912 2284 4975 supra
2309 4915 2359 4953 c.
2392 4901 2443 4954 7.
2479 4900 2683 4970 Gusrs.

1998 4983 2322 5055 [Κοντάκιον
2352 4988 2440 5042 hic
2477 4989 2604 5058 (alia
2627 5006 2861 5059 namque
2882 5003 3142 5062 pra-terea
3172 4998 3358 5071 refert)
3385 5018 3495 5055 mo-

1924 5075 2079 5131 dulus
2100 5087 2183 5131 est
2202 5080 2439 5144 brevior,
2458 5080 2566 5133 ἀπδ
2588 5079 2679 5133 τοῦ
2707 5084 2964 5151 κοντοῦ,α
2990 5088 3237 5144 brevitate
3257 5126 3273 5154 ,
3296 5107 3491 5147 nomen

1924 5168 2194 5235 sortitus;
2230 5170 2574 5240 maximeque
2604 5185 2940 5245 sanctorum,
2971 5194 3202 5249 quorum
3249 5197 3357 5236 non
3410 5192 3495 5238 est

1925 5260 2195 5327 officium,
2224 5262 2502 5318 memoriis
2529 5264 2751 5322 brevius
2779 5270 3043 5325 iacit-udis
3068 5274 3304 5327 deservit
3329 5291 3342 5327 :
3375 5273 3493 5327 bre-

1923 5350 2147 5403 viculum
2169 5352 2297 5406 alibi
2329 5354 2870 5427 vocavisQniquehis
2888 5362 3169 5416 cantandis
3201 5363 3493 5431 pruﬁcitttr

1923 5450 1976 5495 ct
1994 5442 2244 5509 intendit,
2262 5452 2344 5497 cst
2362 5450 2571 5501 auctori
2592 5449 2778 5520 ἄρχων
2799 5453 2905 5505 τῶν
2932 5456 3255 5515 κοντακίων.
3290 5454 3492 5531 Ceam]

2404 5562 2563 5636 156
2614 5565 2843 5621 CAPUT
2892 5567 3010 5622 xu.

1998 5650 2077 5706 De
2128 5663 2311 5711 octava
2378 5657 2601 5727 pentade
2656 5661 2943 5729 olﬁciorum
2985 5672 3035 5715 et
3090 5664 3415 5732 οθῑεὶαιὶιιηι.

1990 5747 2051 5802 Ρ.
2090 5746 2142 5804 6.
2167 5748 2222 5804 lu
2245 5758 2439 5807 octavo
2465 5751 2716 5823 quinario
2736 5752 2941 5820 primas
2976 5765 3120 5811 tenet
3156 5758 3491 5825 primicerius

3097 5853 3136 5911 6
