3992 6240
438 312 532 376 171

1530 298 1613 361 IN
1654 301 1952 361 LIBRUM
1995 302 2091 362 DE
2134 298 2469 362 OFFlCllS
2504 302 2610 361 ΟΡ.

3602 282 3709 362 ιτΞ

431 426 713 487 lectorum.
779 419 870 487 qui
902 427 955 475 et
979 417 1118 487 apud
1145 416 1377 472 Citrium
1451 425 1753 486 comparet.
1816 414 2019 469 Gnms.
2054 425 2093 479 Α
2127 414 2394 468 meminit.
2448 413 2645 467 Junius
2671 412 2722 463 iu
2748 412 2919 463 schol.
2954 409 3345 473 canonarchus,
3375 411 3464 478 qui
3492 427 3709 465 canam-

509 518 674 591 [Ibid.
722 515 774 566 '0
799 510 1215 581 :zpqqumiptoc
1260 508 1380 563 τῶν
1413 508 1838 577 ἀναγνωστῶν.
1874 509 2018 561 Alla-

431 610 573 663 tiana
613 604 773 661 simul
803 619 925 657 cum
962 602 1135 656 Citrio
1160 611 1354 654 emit-ta
1392 599 1579 654 officia
1607 600 1661 653 in
1702 599 2014 664 διακονικὰ,

431 697 680 767 ἱερατικὰ
714 695 806 748 καὶ
855 696 964 745 τῶ]
1004 693 1373 761 ἀναγνωστῶν
1414 694 1600 746 volunt
1642 690 1771 747 esse
1824 693 2011 747 divisa.

430 789 750 854 Quindecim
787 787 961 855 prima
990 787 1232 840 diacouis
1264 786 1568 854 assignant,
1600 800 1803 853 eosque
1837 786 1899 837 ad
1930 800 2021 853 pa-

435 882 686 935 triarcha:
720 880 863 932 latus
901 880 952 930 in
990 878 1183 929 dextro
1228 877 1420 939 choro,
1460 876 1607 929 velut
1639 877 1758 944 ejus
1788 877 2019 940 curiam,

433 974 661 1025 locant:
698 970 986 1040 sequentia
1043 968 1197 1039 plura
1240 985 1402 1038 quam
1467 979 1593 1038 apte
1647 972 2021 1026 sacerdotibus

432 1065 786 1125 conveniant,
815 1078 1000 1131 mquus
1031 1061 1197 1115 lector
1249 1076 1311 1115 ex
1341 1062 1518 1130 primo
1570 1062 1763 1116 obtutu
1790 1063 2018 1132 judicat.

432 1154 789 1224 Protopsaltm
814 1154 893 1205 vel
924 1154 1089 1222 hujus
1124 1152 1409 1207 inferiores
1455 1170 1560 1207 non
1594 1154 1696 1209 nisi
1727 1156 2022 1209 lectoribus

432 1248 667 1301 conferri
697 1246 922 1310 Citrius,
953 1256 1173 1300 auctore
1205 1245 1305 1315 ipsi
1339 1246 1739 1313 consentiente,
1765 1249 2023 1303 determi-

434 1352 548 1396 nat.
583 1341 734 1395 Goan
765 1339 784 1412 ]

504 1432 584 1485 Ib.
619 1434 877 1499 Sequitur
907 1435 933 1485 ὁ
964 1435 1207 1499 νομικός,
1246 1432 1337 1501 qui
1375 1432 1518 1501 apud
1554 1431 1744 1486 Codin.
1780 1448 1833 1502 ι).
1870 1433 1888 1485 l
1930 1435 2017 1486 ed.

428 1524 1070 1591 «Ιιιη.05ῑὸνομοδότης,
1113 1522 1276 1576 .lunio
1332 1533 1641 1590 pra-ccptor,
1700 1526 1791 1591 qui
1857 1534 1907 1577 et
1966 1525 2019 1577 in

427 1616 653 1671 scholiis
679 1614 804 1667 ista:
825 1617 1130 1681 Prmccptor
1170 1624 1247 1666 cst
1278 1614 1599 1666 musicorum
1626 1617 1704 1669 vel
1774 1614 2018 1683 ψαλτῶν,

430 1707 892 1776 gymnasiarchus,
924 1708 1011 1775 qui
1039 1716 1221 1773 postea
1281 1714 1532 1775 corrupta
1597 1722 1715 1759 voce
1747 1710 2019 1775 μοιῖστιιιρ,

2123 508 2218 560 bus
2241 506 2584 575 synodalibus
2620 512 2668 557 et
2695 504 2820 556 aliis
2850 502 3081 570 legendis
3109 502 3391 570 pra'fectus
3421 511 3520 567 cst,-
3544 503 3708 571 cujus

2123 599 2196 650 rei
2224 595 2533 663 cxemplum
2575 593 2808 647 habetur
2830 606 2880 645 c.
2911 592 2943 643 ti
2966 606 3021 645 et
3048 593 3131 645 ιδ.
3174 590 3372 644 Verum
3420 593 3471 643 iu
3522 593 3710 659 priore

2125 691 2243 743 loco
2279 704 2383 740 non
2412 688 2470 740 lit
2500 686 2705 739 mentio
2747 682 3267 753 protocunonarclur,
3308 682 3399 736 sed
3432 698 3712 736 ‘canonar—

2122 780 2261 841 cbze,
2320 780 2412 847 qui
2441 782 2548 831 duo
2573 777 2798 839 diversi,
2851 777 2993 830 sicut
3039 771 3447 843 protonntarius
3470 784 3522 826 et
3554 784 3710 826 nota-

2124 874 2257 924 rius.
2303 870 2475 924 \‘exba
2516 869 2804 935 Codini,p.
2838 866 2938 928 46,
2967 867 3076 919 haec
3103 874 3231 917 sunt
3259 883 3272 916 ε
3301 864 3498 933 legitur
3531 879 3561 916 a
3612 880 3708 916 ca-

2125 962 2401 1016 nouarcba
2438 961 2606 1020 illud.
2637 960 3016 1027 Πολυχρόνιον,
3036 960 3344 1011 diuturnum
3371 956 3532 1022 faciat
3571 957 3714 1007 Deus

2123 1067 2361 1108 sanctum
2396 1056 2673 1122 imperium
2702 1063 2848 1106 tuum
2884 1054 2936 1105 in
2962 1053 3157 1103 multos
3183 1066 3348 1102 annos
3370 1065 3388 1102 :
3417 1051 3576 1117 idque
3599 1058 3713 1101 ter-

2125 1150 2197 1201 tio
2227 1150 2398 1215 repeti
2432 1148 2585 1199 dicit.
2640 1147 2804 1198 Estne
2835 1129 2923 1197 hic
2953 1157 3136 1195 sermo
3157 1142 3221 1193 de
3282 1149 3713 1207 protocauouaro

2121 1238 2218 1289 clm
2257 1252 2324 1289 an
2359 1238 2424 1288 de
2450 1236 2782 1287 canonarcha
2812 1235 2836 1287 ?
2867 1232 3146 1285 Diciturnc
3183 1230 3357 1307 ipsius
3387 1242 3506 1280 esse
3531 1227 3716 1292 legere

2124 1342 2245 1383 acta
2274 1330 2528 1398 synodica
2557 1337 2609 1380 et
2637 1328 2740 1380 alia
2771 1326 2936 1392 hujus
2992 1322 3253 1390 generis?
3317 1316 3483 1372 Estne
3527 1318 3713 1370 fausta

2122 1424 2212 1476 illa
2232 1420 2867 1491 apprccatiodiulurnum
2892 1416 3055 1482 faciat
3082 1413 3358 1481 imperium
3384 1422 3551 1474 tuum,
3575 1420 3659 1463 etc
3695 1450 3715 1474 ,

2122 1530 2299 1568 canon
2325 1512 2628 1583 synodatis,
2678 1520 2734 1562 nt
2773 1504 3250 1574 Junius-loquitur
3271 1503 3291 1553 ἲ
3314 1502 3480 1555 ΜιιΙιο
3527 1501 3715 1553 minus

2124 1606 2174 1658 id
2205 1604 2375 1658 altero
2417 1618 2445 1655 a
2485 1602 2648 1657 Junio
2685 1600 2852 1652 citato
2882 1599 3002 1651 loco
3041 1613 3094 1666 p.
3148 1596 3238 1657 89.,
3274 1594 3514 1661 reperire
3558 1593 3713 1654 licet,

2126 1697 2217 1752 ubi
2249 1697 2456 1751 nullum
2488 1697 2714 1749 verbum
2749 1709 2846 1747 nec
2875 1694 2941 1745 de
2966 1691 3312 1746 cauonarcha
3367 1702 3465 1740 nec
3496 1687 3560 1737 de
3586 1701 3714 1754 pro-

541 1811 618 1852 ρει
668 1768 945 1866 magister,
996 1768 1316 1867 appellatur,
1358 1813 1409 1866 p.
1442 1768 1525 1850 ’.Η
1560 1807 1613 1851 et
1649 1814 1699 1867 ι),
1741 1768 1828 1853 lio,
1883 1768 2020 1852 Nam
2057 1768 2093 1821 Β
2129 1790 2561 1844 tocanonarcba.
2620 1785 2724 1840 Sed
2768 1785 2967 1839 Junius
3014 1793 3272 1850 tauquam
3325 1795 3501 1833 circus
3537 1780 3588 1831 in
3624 1780 3714 1833 his

436 1893 551 1944 lucc
602 1906 727 1944 vera
776 1893 905 1954 sint,
942 1889 1069 1942 facit
1122 1897 1181 1941 ut
1231 1889 1472 1942 dubitem
1520 1888 1757 1943 Joannes
1795 1891 2021 1954 Citrius,

433 1984 574 2051 apud
609 1998 770 2051 quem
801 1991 885 2035 est
909 1981 1307 2049 νουμμοδῦτης,
1342 1981 1545 2033 nummi
1568 1980 1748 2042 dator,
1777 1990 1833 2034 ut
1862 1982 2025 2035 vertit

434 2075 731 2143 interpres.
761 2073 922 2127 Forte
953 2074 998 2127 is
1059 2082 1143 2125 est
1177 2087 1336 2141 quem
1397 2087 1495 2125 nos
1553 2072 2022 2141 elecmosynarium

435 2166 705 2232 appellare
738 2166 1000 2230 solemus;
1031 2164 1132 2217 nisi
1158 2163 1281 2231 quis
1344 2162 1638 2216 arbitretur
1703 2178 1827 2216 eum
1882 2164 2023 2230 apud

434 2257 656 2312 Cra-cos
699 2272 907 2310 morem
942 2254 1179 2324 viguisse
1206 2254 1299 2323 qui
1362 2255 1501 2319 apud
1566 2268 1663 2307 uos
1720 2253 1772 2307 in
1839 2254 2025 2307 multis

436 2351 705 2412 ecclesiis,
746 2350 837 2402 ubi
872 2347 1233 2416 prmsentil'tts
1256 2345 1469 2399 clericis
1514 2345 1715 2414 aliquid
1784 2346 2025 2414 pecuniae

435 2443 553 2497 dari
610 2444 769 2505 solet;
835 2456 996 2509 quam
1050 2448 1251 2492 vocant
1302 2446 1578 2505 prwsentz,
1610 2448 1662 2490 et
1722 2437 1872 2489 illum
1937 2437 2025 2489 cui

440 2550 638 2588 munus
690 2532 1049 2587 distribuendi
1113 2530 1492 2589 commissum,
1550 2539 1887 2597 pra’sentzcr.
1954 2531 2022 2583 At

436 2643 559 2681 cum
611 2626 856 2679 Codinus
907 2641 1018 2678 uno
1055 2626 1175 2678 loco
1243 2624 1437 2676 haheat
1496 2621 1815 2689 νομοδότην,
1858 2622 2027 2674 altero

437 2734 700 2789 expresse
716 2716 963 2787 νομικόν,
984 2731 1092 2768 non
1112 2716 1326 2768 videtur
1345 2713 1638 2767 verisimile
1660 2713 2027 2782 νουμμοδότην

438 2811 726 2876 lugendum
756 2824 879 2862 esse
901 2823 916 2872 ;
942 2807 1045 2860 nisi
1070 2805 1194 2874 quis
1227 2806 1390 2857 etiam
1428 2805 1610 2872 priore
1640 2805 1762 2856 loco
1792 2820 2029 2872 νουμμι-

439 2902 539 2954 κόν
575 2915 712 2953 nova
751 2898 924 2951 forma
967 2912 995 2950 a
1027 2911 1242 2948 nummo
1280 2893 1676 2948 restituendum
1714 2895 2023 2947 contendat.

440 2994 597 3046 Licet
627 2990 851 3058 νομικός
892 3002 1111 3057 quoque
1171 2986 1322 3058 παρὰ
1353 2985 1414 3037 τὸ
1470 2984 1662 3055 νόμος,
1697 2993 1753 3038 ut
1812 3000 2024 3037 mimum

440 3097 538 3136 seu
606 3094 880 3133 nummum
939 3078 1239 3144 signiﬁcat,
1301 3074 1495 3129 deduci
1561 3073 1756 3143 possit.
1816 3074 2021 3139 Quodsi
2058 3048 2099 3104 θ

441 3170 665 3241 νομικός
705 3171 770 3223 ad
803 3174 1052 3222 cantores
1100 3165 1358 3236 pertinet,
1398 3163 1556 3232 plane
1594 3162 1642 3216 is
1675 3160 1885 3215 videtur
1913 3176 2035 3216 esse

441 3265 531 3332 qui
555 3273 776 3315 cantum
801 3269 1165 3327 cantoresque
1198 3257 1357 3323 regit,
1392 3253 1705 3321 etutvulgo
1735 3254 2034 3323 loquimur,

440 3358 530 3426 qui
568 3364 765 3407 tactum
796 3354 1014 3423 prwbct,
1040 3358 1134 3404 iter
1163 3353 1262 3403 den
1293 3340 1423 3402 Tact
1453 3347 1590 3418 gicbt
1613 3362 1631 3409 ,°
1651 3346 1756 3400 nisi
1779 3348 1865 3400 cui
1899 3346 2035 3401 forte

446 3450 623 3518 magis
643 3447 885 3500 arrideat
926 3454 984 3498 ut
1020 3459 1114 3513 per
1142 3442 1367 3512 νομικόν
1420 3447 1475 3494 et
1508 3439 1802 3508 νομοδότην
1837 3438 2035 3493 intelli-

446 3552 532 3610 g'tl
556 3538 935 3610 jurisperitum
961 3552 1054 3591 seu
1080 3535 1219 3604 juris
1247 3535 1625 3603 interpretem:
1661 3531 1846 3586 forsan
1884 3531 2033 3584 enim

445 3637 501 3687 in
531 3634 679 3687 clero
713 3630 920 3700 Magum
953 3627 1209 3683 Ecclesia:
1239 3636 1483 3695 tempore
1507 3624 1703 3679 Codini
1734 3633 1851 3679 erat
1873 3623 1920 3677 is
1941 3624 2034 3692 qui

440 3732 633 3793 postea
658 3724 839 3776 dictus
865 3730 949 3775 est
977 3717 1315 3788 νομοφύλαξ,
1356 3716 1516 3784 cujus
1564 3715 1770 3769 mentio
1796 3715 1848 3768 in
1897 3713 2038 3769 Tur-

442 3831 595 3885 eogr.
621 3815 660 3868 l.
693 3830 792 3880 vn,
827 3813 921 3867 fol.
1118 3812 1226 3865 Nec
1246 3819 1328 3865 est
1358 3824 1386 3862 a
1426 3824 1552 3862 vero
1582 3806 1818 3862 alienum
1857 3806 2026 3861 fuisse

442 3906 585 3959 inter
611 3903 883 3959 officiales
936 3902 1342 3958 ecclesiasticos
1373 3900 1607 3968 aliquem
1642 3897 1735 3968 qui
1788 3898 1854 3951 de
1906 3896 2035 3966 jure

443 4012 707 4061 responsa
735 3997 913 4050 daret.
944 3994 1283 4050 GluSSariutn
1316 3992 1599 4061 Latinogr.
1623 3990 1858 4056 tabellio,
1882 4006 2036 4057 νομι-

443 4088 563 4149 κός.
599 4086 825 4139 Gne'rs.

516 4175 569 4249 [1
578 4178 688 4233 bid.
715 4175 771 4227 Ὀ
795 4174 1068 4243 νομικός.
1087 4170 1189 4237 Qui
1223 4169 1434 4239 typisct
1458 4166 1847 4222 ecclesiasticis
1868 4164 2043 4218 rubri-

444 4270 528 4323 eis
545 4267 792 4337 apprime
835 4264 1107 4325 eruditus,
1141 4261 1289 4329 quod
1323 4273 1543 4327 quoque
1601 4258 1688 4311 die
1747 4255 2033 4325 legendum

446 4359 696 4413 ofﬁcium
728 4356 811 4409 vel
841 4361 1098 4408 occurrat
1121 4349 1384 4403 memoria
1423 4348 1690 4411 facienda,
1746 4340 1925 4399 'sancit
1978 4356 2032 4398 et

448 4449 710 4517 publicat.
742 4446 815 4499 lta
848 4446 1112 4498 ntedocet
1170 4440 1441 4494 Antonius
1513 4436 1691 4493 (Iralis
1748 4436 1854 4491 ΟΡ.
1922 4438 2025 4491 ΑΙῘί

447 4556 572 4596 cum
600 4553 721 4593 esse
755 4537 941 4591 volunt
962 4537 1051 4603 qui
1078 4534 1249 4601 legem
1282 4531 1595 4586 cantoribus
1623 4530 1771 4597 ponit
1793 4540 1846 4583 et
1898 4529 2033 4584 cho-

448 4648 542 4688 rus
571 4631 733 4701 regit.
760 4628 950 4683 Solent
980 4634 1251 4681 nostrates
1311 4624 1504 4678 musici
1535 4624 1745 4677 elevata
1811 4624 2033 4692 depres-

448 4739 618 4795 saque
650 4737 813 4777 manu
845 4727 1043 4775 cantus
1094 4717 1315 4772 modum
1372 4724 1426 4770 et
1483 4714 1726 4769 ordinem
1754 4714 2037 4784 praeﬁgere

445 4817 791 4878 cauto:ibus,
820 4813 963 4884 quod
1032 4809 1238 4864 Griecis
1302 4808 1495 4862 deesse
1558 4806 1768 4875 nequit;
1835 4806 2034 4875 quibus

450 4922 711 4982 prazterea
764 4907 896 4961 illud
921 4914 1005 4960 est
1035 4904 1088 4958 in
1122 4918 1246 4963 usu,
1301 4911 1359 4955 ut
1389 4899 1548 4955 \ariis
1582 4913 1777 4952 manus
1828 4898 2034 4952 dextrae

423 5002 688 5071 .motibus
715 4997 1057 5064 diversisque
1085 4993 1376 5063 digitorum
1410 5001 1464 5043 et
1490 4991 1849 5044 articulorum
1907 5005 2037 5043 con-

450 5089 872 5144 formationibus
913 5087 1091 5140 varias
1118 5099 1310 5139 vocum
1345 5082 1664 5136 inﬂexioncs
1692 5081 1745 5133 in
1786 5079 2032 5134 omnium

452 5189 745 5250 conspectu
778 5178 975 5233 melius
998 5192 1162 5245 quam
1198 5175 1419 5229 musicae
1478 5175 1680 5227 notula
1718 5172 2032 5241 designent.

455 5283 617 5343 atque
656 5272 730 5325 ita
755 5285 861 5324 non
896 5267 1134 5336 scriptis,
1169 5265 1267 5320 sed
1327 5276 1524 5317 manus
1578 5263 1825 5325 nutibus,
1866 5277 2037 5331 quam

452 5366 799 5436 χειρονομίαν
826 5363 1036 5423 dicunt,
1063 5367 1257 5412 cantus
1291 5357 1436 5425 leges
1466 5355 1535 5408 ob
1565 5354 1754 5409 oculos
1803 5364 2030 5422 ponant.

456 5454 565 5510 llos
596 5471 719 5510 cum
748 5452 1053 5523 Theophila
1074 5449 1412 5520 χειρονομεῖν
1431 5446 1693 5502 scriberet
1727 5445 2033 5504 Cedrenus:

454 5556 649 5601 auctor
681 5526 937 5622 νομιιεούς
972 5536 1315 5610 nuncupabj'

528 5636 668 5693 Ibid.
704 5636 960 5705 Sequitur
990 5638 1017 5687 ὁ
1050 5630 1589 5702 πρωτοκανόναρχος,
1644 5630 1843 5698 primus
1877 5646 2033 5683 cano-

458 5726 908 5786 aarchus.in-iuit
960 5722 1111 5786 157
1143 5720 1361 5787 Junius,
1421 5722 1577 5786 cujus
1627 5726 1792 5780 etiam
1830 5720 2032 5778 (litt-ius

2125 1881 2624 1937 ecclesiasticarum
2667 1878 3012 1932 functionum
3063 1874 3344 1929 vocabulis
3394 1872 3714 1933 oberrabat,

2124 1981 2179 2021 et
2233 1968 2533 2024 dummodo
2561 1968 2764 2037 aliquid
2794 1966 2999 2020 diceret
3054 1965 3210 2019 facile
3242 1979 3301 2016 se
3359 1964 3712 2017 inventurum

2127 2060 2284 2112 tidem
2309 2058 2681 2113 arbitrabatur
2723 2059 2862 2126 apud
2902 2058 3024 2110 illos
3054 2058 3148 2125 qui
3179 2064 3373 2124 praeter
3407 2052 3717 2123 praedicano

2128 2160 2209 2221 tes
2241 2161 2291 2202 et
2326 2150 2611 2203 ministros
2656 2150 2804 2203 verbi
2861 2148 2993 2202 nihil
3042 2156 3262 2201 norunt.

2198 2242 2333 2309 Quis
2361 2244 2525 2313 igitur
2555 2244 3075 2311 protocanonarcha,
3096 2249 3148 2292 et
3177 2240 3318 2293 unde
3343 2240 3443 2292 hoc
3467 2254 3660 2292 nomen
3686 2238 3715 2290 ’ἒ

2125 2338 2367 2405 Erpouct
2386 2337 2666 2390 nobishoc
2691 2334 2953 2397 Zonaras,
2977 2334 3069 2403 qui
3103 2335 3153 2386 in
3176 2334 3580 2386 commentariis
3608 2348 3713 2385 su-

2127 2446 2220 2496 per
2240 2443 2479 2483 canonas
2495 2429 2851 2483 Anastasinos
2870 2428 3092 2481 Joannis
3120 2426 3439 2479 Damasccni
3467 2428 3535 2477 ita
3559 2440 3715 2480 com-

2130 2532 2434 2575 mentatur:
2461 2522 2643 2575 Cauou
2693 2522 2892 2573 dicitur
2929 2521 3053 2589 quia
3089 2522 3407 2587 prec/initam
3452 2534 3495 2570 et
3530 2535 3714 2571 norem

2128 2617 2240 2670 adis
2264 2618 2719 2685 circumscriptam
2743 2618 2894 2669 habet
2917 2617 3213 2683 periodum,
3242 2625 3301 2667 ut
3343 2616 3524 2668 videre
3549 2623 3629 2667 est
3652 2613 3712 2664 in

2129 2708 2441 2761 Graecorum
2467 2708 2758 2762 ritualibus
2783 2708 2959 2762 libris.
2992 2708 3075 2762 Ab
3113 2708 3199 2761 bis
3227 2707 3393 2776 igitur
3412 2706 3717 2760 canonilusa

2130 2797 2269 2865 apud
2311 2797 2532 2852 Grzecos
2592 2814 2803 2868 magna:
2861 2798 3201 2852 auctoritatis
3246 2806 3299 2849 et
3356 2796 3717 2851 existimatio-

2131 2891 2215 2943 nis
2238 2892 2756 2957 protocanonarcha,
2791 2899 2844 2945 et
2883 2892 2975 2961 qui
3019 2892 3119 2946 sub
3149 2892 3241 2946 illo
3273 2901 3411 2954 erat,
3456 2906 3714 2942 canonar-

2131 2981 2226 3033 cha
2260 2996 2457 3036 nomen
2486 2994 2801 3038 traxerunt:
2852 2984 3096 3051 ipsorum
3139 2982 3430 3037 enituerat
3477 2999 3721 3039 canonas

2139 3073 2293 3139 istos,
2320 3075 2537 3143 quando
2568 3075 2620 3128 in
2656 3076 2885 3130 ecclesia
2908 3076 3229 3131 decantandi
3254 3085 3430 3143 erant,
3456 3078 3718 3132 inchoare

2138 3175 2191 3218 et
2226 3166 2453 3234 reliquis
2471 3167 2627 3234 quasi
2681 3167 2889 3235 praeire.
2926 3166 3082 3231 Hinc,
3118 3178 3309 3223 etnon
3346 3169 3585 3234 aliunde,
3611 3170 3719 3225 hoc

2138 3271 2336 3311 nomen
2370 3258 2635 3324 originem
2677 3258 2851 3313 ducit.
2891 3258 3099 3314 Gna'rs.

2213 3348 2436 3421 [Κανών
2473 3351 2712 3421 hymnus
2739 3352 3144 3406 ecclesiasticus
3171 3361 3254 3407 est
3286 3352 3499 3422 longior
3515 3365 3567 3409 et
3593 3355 3721 3424 plu-

2139 3441 2292 3496 ribus
2325 3444 2580 3511 tropariis
2606 3452 2899 3498 constans:
2917 3445 3018 3509 Qui
3049 3460 3176 3499 vero
3204 3448 3506 3503 cauonibus
3532 3447 3718 3503 istius-

2140 3532 2283 3583 modi
2346 3534 2704 3587 concinendis
2771 3534 3076 3601 incumbit,
3134 3537 3467 3607 κανονάρχου
3535 3538 3719 3607 appel-

2141 3618 2341 3675 latione
2371 3622 2714 3678 bonestatur.
2751 3624 2866 3680 lloc
2928 3634 3111 3680 autem
3155 3638 3315 3697 pacto
3372 3630 3720 3697 κανοναρχεῖ.

2144 3713 2530 3771 Deficientibus
2563 3717 2719 3772 libris
2750 3728 2909 3785 prout
2946 3721 3088 3788 apud
3127 3736 3247 3782 nos,
3289 3720 3594 3783 uncialibus
3625 3721 3722 3773 lit-

2142 3806 2271 3857 teris
2297 3802 2536 3863 exaratis
2557 3816 2612 3862 et
2634 3809 2686 3861 in
2709 3810 2857 3864 chori
2888 3812 3066 3863 medio
3085 3811 3150 3865 ad
3178 3811 3419 3865 omnium
3467 3811 3725 3865 obtutum

2140 3898 2531 3964 expandendis,
2576 3902 2920 3953 cononarcba
2973 3902 3197 3969 troparii
3243 3903 3404 3956 unius
3450 3916 3724 3957 commata

2143 3989 2446 4042 successim
2480 3991 2589 4043 alta
2626 4006 2760 4045 voce
2793 3993 2985 4046 dextro
3013 3995 3183 4047 choro
3211 3996 3465 4061 primum,
3500 4003 3613 4048 tum
3642 3994 3722 4046 al-

2143 4078 2312 4133 terius
2353 4082 2580 4150 troparii
2626 4083 2707 4135 vel
2750 4087 3003 4153 strophes
3028 4096 3297 4139 commata
3340 4087 3505 4139 choro
3542 4088 3723 4150 alteri,

2143 4184 2247 4223 non
2282 4170 2588 4240 interrupto
2615 4181 2805 4237 cantu,
2840 4175 3117 4242 suggerit;
3143 4191 3206 4229 ac
3239 4178 3308 4229 ita
3334 4175 3577 4245 fungitur
3604 4177 3725 4231 olli-

2140 4262 2228 4316 cio
2253 4264 2398 4331 quod
2436 4272 2517 4317 est
2548 4268 2915 4334 κανοναρχεῖν,
2949 4282 3209 4320 canonum
3251 4268 3499 4321 videlicet
3527 4270 3729 4322 decan-

2066 4382 2107 4436 υ
2147 4352 2430 4406 tandorum
2466 4354 2676 4422 singula
2703 4355 2854 4408 verba
2888 4359 3290 4423 etperiodorum
3338 4358 3569 4412 membra
3593 4374 3725 4427 pru-

2135 4443 2327 4498 denter
2361 4446 2430 4498 ob
2462 4446 2722 4501 librorum
2754 4447 3025 4502 defectum
3048 4465 3343 4521 suggerere,
3369 4461 3415 4505 et
3462 4438 3562 4520 quo
3599 4460 3730 4504 tono

2138 4536 2241 4590 sint
2273 4537 2544 4589 cantanda
2576 4554 2805 4593 monere.
2833 4538 3038 4610 Geta]

2214 4625 2458 4690 Quartus
2490 4635 2575 4682 est
2605 4628 2851 4699 ἔξαρχος,
2892 4630 3169 4692 exarchus,
3212 4631 3324 4682 dua:
3372 4633 3601 4699 quidem,
3641 4631 3725 4684 in-

2137 4716 2254 4785 quit
2288 4716 2509 4782 Junius,
2541 4727 2590 4771 et
2624 4734 2819 4787 prietes
2854 4721 3214 4774 ministrorum
3244 4721 3474 4773 ccclesiw
3503 4722 3555 4774 in
3581 4724 3726 4773 ordi—

2139 4807 2319 4858 nanda
2346 4807 2677 4876 singulorum
2731 4810 2997 4876 [unctione
3027 4820 3076 4863 et
3112 4812 3429 4864 ministerio.
3473 4809 3723 4865 Fallitur.

2138 4894 2355 4951 Rectius
2378 4900 2428 4951 in
2450 4896 2715 4969 Turcogr.
2737 4900 2833 4953 fol.
2865 4901 2984 4963 192,
3006 4906 3280 4957 exarcbus
3310 4888 3510 4972 legatus
3541 4915 3635 4957 aut
3655 4904 3728 4955 vi-

2139 4989 2317 5041 carius
2341 4991 2666 5056 patriarcha!
2700 5001 2792 5044 aut
2814 4992 3180 5060 metropolita',
3201 4996 3336 5046 sicut
3379 5009 3471 5047 nos
3495 4996 3729 5063 legatum

2139 5082 2447 5149 apostolica:
2476 5083 2614 5136 sedis
2639 5085 2886 5137 dicimus.
2908 5086 2968 5139 Et
2997 5083 3089 5137 fol.
3111 5084 3217 5138 993
3240 5087 3439 5139 dicitur
3461 5087 3731 5137 exarchns

2143 5171 2862 5244 missosad'colligendum
2928 5175 3232 5229 subsidium
3294 5190 3389 5243 pro
3445 5175 3735 5243 peudeudo

2136 5260 2330 5317 Turcis
2362 5262 2571 5319 tributo
2593 5282 2608 5319 ι
2630 5266 2831 5320 habere
2859 5267 3022 5320 etiam
3053 5277 3374 5334 poteStatem
3414 5268 3506 5320 τοῦ
3529 5268 3735 5335 ἀργοὺς

2136 5358 2310 5418 ποιεῖν
2335 5356 2430 5409 καὶ
2453 5358 3021 5427 ἀφορίζειν,ριοὲυαηιίὲ
3070 5359 3234 5428 oﬂicio
3282 5359 3632 5413 ecclesiastico
3683 5368 3736 5410 et
3826 5368 3831 5371 '

2134 5448 2642 5515 excommunicaudi,
2670 5450 2738 5502 δι’
2764 5449 3019 5517 εὐλόγους
3060 5449 3259 5510 αἰτίας,
3291 5451 3355 5503 'ob
3382 5451 3563 5519 justas
3608 5466 3737 5503 cau-

2134 5553 2244 5591 sas.
2297 5537 2428 5592 Item
2477 5539 2567 5608 jus
2624 5539 2941 5613 absolvendi
2984 5543 3311 5611 poenitentes
3353 5559 3367 5596 ;
3405 5551 3456 5595 et
3516 5543 3581 5593 ad
3634 5544 3739 5596 hoc

2139 5631 2374 5700 propriis
2408 5631 2628 5696 litteris,
2667 5649 2803 5703 quas
2861 5636 3253 5703 συγχωρητικὰ
3294 5633 3599 5701 γράμματα
3636 5651 3737 5698 ειν-υ

2137 5726 2361 5789 pellant,
2386 5739 2413 5779 a
2442 5727 2748 5790 patriarcha
2788 5728 3155 5781 instruuntur.
3192 5725 3308 5781 Fol.
3349 5725 3473 5787 219,
3508 5727 3737 5780 duono.
