3992 6240
271 342 367 403 1'73

1337 351 1722 410 GRETSERI
1765 349 1857 407 ET
1892 349 2127 409 GOARI
2174 350 2413 410 ΝΟΤίΕ.

3320 376 3325 387 ν
3393 354 3493 415 174

268 459 539 512 minantur
591 450 982 526 patriarchales
1005 463 1225 517 exarchi
1259 481 1366 517 nun
1394 476 1448 519 et
1478 467 1669 520 eodem
1698 474 1834 534 tcm-
1862 470 1906 524 A
1938 467 2173 533 templis.
2210 465 2303 519 fol.
2335 466 2458 527 lOl,
2492 464 2842 532 proimlequr,
2881 465 2924 519 si
2955 479 3062 518 non
3093 480 3282 519 eot'ttm
3307 482 3500 521 mune-

267 564 411 617 pore,
444 550 536 617 qui
588 560 641 604 et
681 552 953 606 interdum
1006 558 1236 620 eparclii.
1281 559 1353 611 De
1406 561 1642 612 exarcho
1676 560 1831 625 nihil,

270 637 426 707 153
451 639 596 706 quod
627 643 821 706 sciam,
855 643 1077 697 Citrius.
1140 647 1368 700 lixarrhi
1418 648 1651 717 dignitas
1701 650 1829 701 olim

264 727 406 779 clara
433 725 710 782 fuitetiam
737 743 887 784 extra
917 732 1210 788 Ecclesium
1247 738 1389 790 inter
1418 739 1683 807 palatinas
1712 739 1835 793 fun-

265 817 466 874 ctiones
510 830 564 872 et
596 820 997 888 imperatorias.
1044 825 1178 881 Hinc
1212 830 1426 883 exarclii
1457 830 1530 885 illi
1565 833 1618 886 in
1654 833 1827 896 Italia,

265 922 488 973 quorum
524 924 920 977 uusquamnon
946 917 1165 969 mentio.
1206 916 1271 971 Et
1307 919 1619 975 Germadius
1660 939 1789 975 εστιν
1816 954 1828 962 ο

262 996 384 1050 chus
414 998 634 1066 African
660 1004 726 1056 ad
780 1021 940 1073 quem
960 1002 1161 1062 ‘scribit
1183 1012 1239 1064 S.
1272 1004 1565 1079 Gregorius
1605 1015 1828 1082 Magnus

262 1087 298 1141 l.
324 1088 365 1149 Ι.
389 1093 550 1159 epist.
580 1093 672 1147 '57.
702 1096 837 1149 Hinc
865 1100 1175 1152 CIUI'CIIGHU
1196 1110 1248 1154 et
1273 1105 1829 1175 exai'cliia.'l§napxo;

262 1181 492 1249 palatina
528 1185 762 1253 dignitas
795 1199 876 1241 cst
903 1192 1044 1257 apud
1075 1190 1336 1245 Codinnni
1374 1211 1493 1263 cap.
1519 1186 1581 1249 ἓξ
1622 1180 1826 1253 Gul-:75.

328 1274 387 1327 P.
411 1275 467 1329 6.
487 1276 754 1346 Ἔξαρχον
784 1296 906 1339 eum
939 1283 1097 1335 hodie
1121 1289 1433 1355 vocant,qui
1465 1291 1605 1341 velut
1639 1293 1828 1345 a'late~

263 1380 317 1418 re
344 1367 669 1433 patriarcha:
703 1372 912 1440 ieg;.ttts
959 1376 1266 1443 provincias
1296 1372 1346 1433 ei
1378 1381 1658 1449 'suhjectas
1695 1385 1826 1447 obit,

262 1472 321 1511 ac
346 1459 415 1513 de
447 1460 765 1514 clericorum
802 1468 1065 1535 moribus,
1102 1467 1169 1522 de
1194 1472 1376 1525 causis
1416 1474 1827 1539 ecclesiasticis,

196 1547 206 1555 ’
261 1547 325 1601 de
359 1550 507 1602 cultu
548 1550 757 1618 divino,
806 1555 849 1608 si
879 1570 983 1609 non
1017 1558 1343 1626 obsoleseat,
1388 1563 1451 1614 de
1475 1565 1742 1633 coniugiis
1772 1575 1827 1619 et

261 1652 447 1691 eorum
478 1640 754 1706 divortiis,
792 1643 860 1697 de
906 1647 1077 1713 plebis
1130 1652 1512 1721 pontificisque
1564 1655 1825 1719 dissidiis.

261 1723 325 1777 de
362 1741 632 1782 canonum
682 1733 1178 1790 ecclesiastieorum
1219 1742 1584 1806 observantia,
1632 1744 1697 1799 de
1742 1760 1829 1798 sa-

261 1820 573 1882 cramentis,
618 1824 977 1880 confessionis
1023 1829 1277 1889 maxime.
1327 1831 1707 1897 conferendis,
1758 1837 1824 1891 de

263 1909 644 1963 monachorum
680 1912 990 1983 disciplina,
1033 1917 1099 1972 de
1146 1919 1496 1975 ecclesiarum
1547 1941 1572 1976 a
1626 1926 1829 1981 direre-

262 2000 401 2053 sauis
430 2012 805 2071 exemptarum
843 2008 1071 2077 legibus,
1102 2022 1207 2066 etc.
1234 2015 1478 2085 inquirit,
1503 2027 1555 2072 et
1587 2020 1667 2072 his
1700 2037 1829 2075 cun-

258 2090 355 2144 etis
377 2106 442 2144 ex
475 2110 629 2161 atquo
664 2096 932 2167 bonoque,
958 2107 1106 2168 dum,
1155 2108 1299 2175 quod
1346 2109 1518 2175 aiunt,
1562 2112 1828 2167 visitatio-

262 2194 374 2233 nem
419 2187 649 2254 peragit,
701 2192 937 2246 consulit
969 2195 1021 2245 in
1055 2206 1333 2263 posterum
1361 2216 1376 2262 ;
1434 2216 1539 2267 pra:
1570 2205 1828 2257 omnibus

260 2284 382 2324 vero
410 2288 612 2329 census
638 2291 705 2331 ex
737 2293 1065 2351 unaquaque
1093 2286 1320 2340 ecclesia
1370 2292 1692 2355 patriarcha:
1722 2295 1821 2347 ob-

259 2361 538 2416 venientes
588 2372 642 2418 et
688 2378 884 2422 cuncta
918 2371 984 2423 ad
1017 2388 1139 2425 eum
1188 2381 1488 2444 spectantia
1535 2382 1659 2451 jura
1693 2384 1819 2436 diii-

258 2463 444 2518 genter
496 2456 809 2526 investigat,
849 2461 1020 2531 rigide
1063 2465 1291 2535 colligit,
1328 2478 1380 2523 et
1432 2487 1819 2539 nonnumquam

258 2546 451 2600 exinde
512 2552 789 2618 perample
836 2566 1052 2619 auctus,
1107 2559 1171 2611 ad
1228 2562 1591 2628 patriarcham
1626 2567 1819 2622 defert.

259 2634 363 2689 lloc
379 2638 500 2703 ejus
524 2656 723 2695 mnnus
752 2644 1117 2713 imperatoriis
1134 2652 1387 2705 exarchis
1404 2655 1455 2707 in
1480 2656 1627 2710 italia
1652 2675 1823 2724 quon-

256 2728 371 2779 dam
402 2731 769 2786 residentibus
798 2750 903 2787 non
933 2738 1187 2794 absimile
1220 2758 1237 2795 :
1270 2743 1346 2796 illi
1369 2746 1413 2798 si
1445 2750 1661 2816 quidem
1696 2751 1816 2805 ΙΜΙὶ

256 2817 512 2885 pacisque
543 2829 786 2891 tempore
829 2837 1021 2881 cuncta
1057 2830 1447 2899 imperatorum
1498 2839 1622 2904 jura
1670 2853 1814 2896 sarta

259 2916 390 2963 tecta
416 2914 747 2979 servabant;
777 2916 830 2970 hi
862 2920 1079 2987 pariter,
1119 2939 1216 2978 ceu
1257 2928 1577 2993 patriarchae
1629 2934 1815 2988 vicarii

256 3014 312 3051 ac
333 3001 453 3070 ejus
481 3019 765 3072 personam
814 3008 1132 3083 referentes,
1180 3028 1394 3070 omnem
1444 3034 1628 3075 eorum
1663 3037 1817 3077 exer-

254 3102 366 3145 cent
392 3104 739 3163 potestatem,
773 3108 826 3153 et
857 3115 1073 3157 omnem
1097 3103 1338 3162 debitum
1380 3125 1600 3164 censum
1624 3130 1812 3168 eorum
1844 3143 1885 3199 ε

255 3185 468 3237 nomine
514 3188 757 3256 exigunt.
814 3193 1130 3254 Allatiana:
1207 3198 1265 3249 Ὀ
1324 3199 1546 3273 ἔξαρχος
1602 3204 1813 3259 ἵσταται

256 3275 473 3345 πλησίον
494 3280 584 3333 τοῦ
610 3281 1015 3352 δευτερεύοντος
1062 3291 1118 3339 ἐν
1169 3291 1450 3361 ἐκκλησία,
1491 3300 1714 3365 γυρευει
1757 3299 1813 3351 δὲ

255 3367 339 3417 καὶ
369 3372 481 3420 πᾶν
519 3372 712 3433 σκεῦος
736 3374 827 3426 καλ¹
876 3377 1114 3445 ἀλλαγὰς
1150 3380 1246 3450 τῆς
1278 3388 1535 3453 περιοχῆς
1564 3389 1662 3455 τῆς
1695 3391 1813 3442 ὲπι-

254 3459 483 3527 σκοπῆς.
508 3458 839 3531 ’Δναοεωρεῖ
877 3467 1055 3521 δὲκαὶ
1085 3471 1179 3533 τὰς
1239 3473 1446 3539 κρίσεις
1500 3478 1597 3545 τῆς
1649 3481 1811 3547 ἁγίας

252 3545 564 3617 ἑχκλησὶας,
614 3552 662 3602 εἰ
717 3553 1011 3625 ἐκρίθησαν
1045 3558 1294 3622 δικαίως.
1342 3563 1447 3614 Καὶ
1501 3545 1707 3635 γράφει
1742 3571 1807 3619 τά

252 3636 576 3706 ἀντιμίνσια.
614 3640 965 3713 Ἀναγυρεύει
1016 3647 1071 3700 δὲ
1109 3651 1200 3701 καὶ
1233 3650 1343 3703 τῶν
1383 3654 1719 3723 ἀνδρογύνων
1747 3661 1813 3712 τὰ

251 3727 561 3796 κωλύματα.
600 3732 938 3787 Antimemiis
970 3737 1073 3790 dici
1092 3743 1339 3810 annique,
1372 3762 1473 3813 quo
1506 3761 1812 3805 consecrata

249 3832 385 3887 sunt,
417 3834 572 3879 notas
595 3831 846 3893 apponit;
882 3839 931 3883 et
962 3835 1413 3891 matrimoniorum
1447 3841 1813 3909 impedimenta

247 3922 532 3973 examinat.
566 3921 805 3979 Observa
828 3928 885 3978 τὸ
906 3928 1113 4007 ἀλλαγὴ
1148 3942 1331 3985 restem
1360 3951 1564 3990 sacrant
1590 3940 1811 4007 referre,

246 4010 569 4064 *εἰαλλάσσω
586 4030 714 4066 vero
746 3998 1081 4099 frequentius
1113 4040 1206 4089 per
1228 4034 1394 4076 totum
1428 4028 1527 4081 huc
1561 4044 1695 4098 opus
1719 4048 1812 4086 oc-

248 4115 488 4167 currens,
527 4117 684 4158 rcstcs
734 4124 914 4162 sacras
962 4112 1195 4167 induere.
1229 4115 1430 4188 601m]

312 4193 454 4247 Ibid.
483 4194 717 4253 Ultimus
746 4210 824 4254 est
852 4202 1220 4269 ecclesiam/ra,
1255 4211 1527 4279 pra'fectus
1561 4216 1810 4275 ccclesia’.

247 4282 445 4339 Citrius
471 4289 716 4342 nominat
747 4297 857 4344 tres
883 4294 1145 4361 ἄρχοντας
1170 4297 1276 4348 τῶν
1317 4302 1636 4371 ἐκκλησιῶν,
1672 4308 1813 4362 inter

246 4389 380 4438 quos
413 4374 550 4429 haud
588 4377 753 4431 dubie
785 4394 943 4444 unus,
985 4384 1077 4450 qui
1116 4400 1276 4452 snpra
1308 4388 1360 4441 iu
1408 4393 1594 4459 quinta
1631 4407 1813 4461 penta-

1933 570 1992 608 re
2015 554 2278 623 fungitur,
2307 572 2417 611 sua:
2441 558 2630 609 saltent
2662 557 3005 625 dispositioni
3045 567 3189 613 tcuct
3220 561 3496 629 subiectos

1933 647 2023 715 qni
2048 656 2352 716 sequuntur
2389 648 2441 701 in
2476 647 2853 702 Allatianis.'0
2879 649 3155 719 πρώξιμος
3182 651 3374 720 ὁρίζει,
3403 656 3495 706 καὶ

1934 737 2284 805 σημαίνουσιν
2313 740 2368 790 ἐν
2392 738 2467 806 τῷ
2493 738 2669 806 καιρῷ
2685 739 2783 807 τῆς
2799 739 3117 807 ψαλμῳδίας
3144 743 3201 792 ὲν
3231 745 3294 811 τῇ
3331 743 3494 795 καθο-

1932 826 2052 893 λικῇ
2086 824 2370 894 ἐκκλησῖᾳ.
2409 826 2467 880 Ὀ
2517 826 2922 895 καταγοριάρης
2955 829 3115 895 (alias
3161 834 3493 899 κατηγοριά-

1936 916 2053 985 ρης)
2090 918 2395 985 φιλοκαλῶν
2426 921 2523 988 τὴν
2554 920 2847 987 ἐκκλησίαν
2876 937 2888 950 ·
2921 920 3081 973 ἅπτει
3126 923 3181 974 δὲ
3241 924 3332 975 καὶ
3395 925 3494 986 τὰς

1932 1007 2217 1074 κανδήλας,
2272 1009 2425 1078 φέρει
2489 1010 2545 1061 δὲ
2591 1010 2684 1061 καὶ
2740 1010 3011 1079 λαμπρόν.
3073 1012 3314 1080 (Addunt
3339 1015 3489 1066 alia:

1942 1098 2257 1167 ’Υπομνίζει
2292 1103 2388 1163 τὰς
2418 1102 2715 1171 ἐπισήμους
2738 1103 2929 1172 ἑορτὰς
2948 1104 3041 1155 τοῦ
3072 1103 3218 1167 λαοῦ,
3248 1104 3336 1155 ἵνα
3364 1120 3491 1171 σχο-

1930 1189 2113 1261 λάσῃ.)
2167 1193 2228 1243 Οἱ
2278 1192 2645 1262 λαμπαδάριοι
2700 1195 2979 1258 καθίζουσι
3037 1195 3213 1262 (alia:
3268 1195 3493 1264 καθαρί-

1930 1280 2100 1348 ζουσι)
2124 1281 2219 1343 τὰς
2252 1282 2558 1351 λαμπάδας,
2600 1284 2860 1336 ἅπτουσιν
2911 1286 2968 1336 ὲν
2995 1288 3060 1354 τῇ
3096 1285 3382 1355 ἐκκλησίᾳ.
3434 1285 3492 1335 '0

1921 1368 2320 1440 βασταγάριος,
2354 1372 2441 1423 ἵνα
2473 1372 2641 1443 βαστᾷ
2663 1374 2752 1424 τὸν
2791 1375 2883 1442 τῆς
2910 1375 3195 1442 ἐκκλησίας
3234 1376 3386 1441 ἅγιον
3417 1376 3493 1435 εἰς

1929 1458 2075 1521 λιτὰς
2102 1461 2194 1512 καὶ
2228 1462 2416 1530 ἑορτὰς
2442 1465 2761 1531 ἐπισήμους.
2796 1466 2869 1532 (Μ
2904 1481 2919 1516 :
2944 1467 2990 1515 οἱ
3016 1465 3228 1533 Οειῦριοι
3260 1466 3325 1517 vi
3355 1465 3491 1516 Osw-

1933 1548 2056 1617 ροῦν
2108 1554 2200 1601 καὶ
2252 1551 2317 1602 vd:
2370 1552 2666 1605 σκοπεύουν
2704 1558 2827 1616 τοὺς
2888 1556 3169 1625 ἄρχοντας.
3209 1556 3367 1624 159
3404 1556 3490 1605 ἵνα

1928 1638 2251 1703 καθίξωνται
2287 1644 2378 1696 καὶ
2410 1648 2694 1713 εἱστήκουν
2728 1647 2983 1700 εὖτακτα.
3026 1648 3084 1698 Ὃ
3114 1650 3355 1710 δεκανὸς,
3400 1648 3488 1698 ἵνα

1929 1730 2063 1799 καλῇ
2121 1732 2243 1793 τοὺς
2304 1733 2466 1801 ἱερεῖς
2527 1736 2604 1795 εἰς
2662 1737 2753 1798 τὰς
2799 1737 2974 1787 αὐτῶν
3024 1737 3351 1803 δικαιώμασι
3400 1738 3490 1786 καὶ

1931 1821 2377 1890 προσφερώμασι.
2399 1815 2481 1875 ’Ὀ
2511 1826 2837 1895 κουεούκλης
2874 1828 2960 1879 ἵνα
2991 1827 3164 1897 βαστᾷ
3193 1828 3254 1879 τὸ
3288 1828 3490 1879 δίκανῇ

1930 1928 2045 1963 κιον
2080 1912 2171 1964 τοῦ
2207 1913 2525 1984 ἀρχιερέως,
2557 1917 2682 1968 ὅταν
2718 1923 3038 1989 περιπατῇ.)
3072 1919 3273 1990 Cum]

2523 2009 2751 2063 CAPUT
2788 2010 2925 2064 Xlll.

2080 2095 2154 2149 De
2196 2113 2334 2151 nona
2365 2100 2581 2166 pentade
2610 2103 2891 2170 ofﬁciorum
2925 2111 2973 2153 et
3011 2103 3331 2171 oﬂicialium.

1998 2184 2059 2239 P.
2085 2186 2137 2239 6.
2168 2188 2222 2241 in
2256 2204 2398 2241 nona
2438 2192 2663 2258 pentade
2693 2194 2895 2262 primas
2939 2203 3087 2248 tenet
3151 2196 3484 2249 dotuesticus

1925 2275 2033 2326 τῶν
2065 2275 2265 2344 θυρῶν,
2285 2280 2563 2347 prwfectus
2593 2281 2793 2345 ianum.
2823 2283 3014 2337 tertius
3038 2284 3293 2337 nimirum
3320 2288 3507 2337 ostia-.

1929 2371 2035 2421 rius
2060 2383 2078 2420 .'
2115 2386 2237 2423 nam
2270 2374 2319 2423 in
2355 2380 2510 2425 sexto
2538 2374 2791 2442 quinario
2822 2376 2963 2430 duos
2997 2380 3337 2432 cuumeravit
3360 2364 3495 2431 ‘Coe

1925 2460 2109 2524 diuus,
2138 2471 2191 2514 et
2216 2461 2422 2516 Citrius
2453 2473 2564 2519 tres
2584 2466 2845 2520 ostiarios
2876 2467 3019 2520 inter
3040 2469 3297 2522 ofﬁciales
3318 2472 3491 2523 eccle-

1925 2552 2177 2605 siasticos
2208 2555 2453 2607 nominat
2489 2573 2502 2618 ;
2537 2570 2769 2623 quorum
2797 2558 2990 2612 tertius
3016 2560 3103 2611 hic
3142 2560 3340 2613 forium
3386 2564 3485 2616 do-

1926 2642 2183 2694 mesticus
2207 2659 2301 2696 seu
2341 2660 2559 2711 prwscs,
2596 2661 2703 2700 uno
2737 2646 2901 2701 verbo
2921 2648 3149 2715 ianitor.
3203 2650 3414 2705 (ἔθετε.

1998 2728 2172 2800 [Sacri
2210 2734 2493 2788 tribunalis
2519 2734 2665 2790 fores
2706 2736 3054 2793 subdiaconis
3078 2743 3488 2795 commendatas

1924 2831 2154 2877 testatur
2181 2823 2447 2879 Maximus
2485 2827 2535 2880 in
2567 2828 2808 2897 Dionysii
2843 2831 2917 2884 De
2938 2832 3073 2885 eccl.
3110 2834 3311 2887 hierar.
3344 2849 3394 2887 c.
3420 2835 3482 2888 ὅτ

1921 2915 2259 2984 Σημείωσαι.
2310 2918 2507 2987 inquit,
2539 2921 2619 2972 ὅτι
2666 2924 2715 2974 οἱ
2746 2922 2981 2977 διάκονοι
3009 2925 3131 2977 τότε
3162 2926 3259 2987 τὰς
3311 2925 3484 2995 θύρας

1921 3002 2088 3076 εἶχον,
2118 3008 2213 3082 νῷν
2245 3010 2301 3061 δὲ
2335 3011 2383 3062 οἱ
2412 3011 2779 3067 ὑποδιάκονοι.
2805 3014 3145 3086 Suﬂ'ragatur
3182 3018 3479 3074 Thessalo-

1922 3100 2157 3155 nicensis
2182 3104 2376 3167 praesul
2436 3101 2659 3157 Simeou
2687 3119 2702 3156 :
2754 3106 3021 3159 Φυλάσσει
3056 3108 3155 3177 μὲν
3185 3110 3212 3162 ὁ
3246 3112 3477 3164 ὑποδια-

1923 3207 2076 3252 κονος
2104 3192 2200 3253 τὰς
2224 3192 2396 3255 πύλας
2424 3195 2520 3256 τὰς
2556 3194 2730 3265 ἱερὰς,
2763 3196 2850 3248 ἵνα
2884 3197 2958 3268 μή
2990 3215 3075 3262 τις
3105 3200 3212 3253 τῶν
3252 3202 3488 3266 ἀναξίων

1921 3283 2070 3337 ἔνδον
2094 3284 2328 3357 εἰσέλθῃ.
2362 3288 2492 3340 Eam
2515 3289 2585 3342 ob
2603 3304 2714 3343 rem
2745 3291 2947 3345 soleam
2979 3294 3154 3347 locum
3198 3296 3264 3350 ad
3299 3313 3486 3367 sacras

1922 3377 2111 3431 altaris
2142 3377 2286 3433 fores
2334 3380 2523 3441 situm.
2581 3383 2645 3434 de
2690 3397 2799 3450 quo
2857 3397 2980 3437 cum
3044 3397 3268 3442 auctore
3314 3392 3481 3457 c.17,

1923 3471 2273 3525 subdiaConis
2338 3460 2763 3543 lectoribusquo
2812 3492 2911 3531 ceu
2971 3482 3239 3548 propriam
3293 3483 3476 3537 sedem

1921 3561 2432 3619 Thessalonicensis
2461 3566 2600 3620 idem
2624 3567 2898 3634 assignat:
2936 3569 3360 3638 Ὑποδιακόνους
3389 3581 3483 3629 καὶ

1920 3655 2271 3723 ἀναγνώστας
2297 3655 2567 3727 καθῆσθαι
2596 3659 2701 3729 χρὴ
2735 3661 2934 3724 ἔξωθεν
2950 3663 3043 3714 τοῦ
3072 3658 3317 3733 βήματος
3351 3670 3480 3736 περὶ

1920 3747 2011 3798 τὸν
2043 3748 2271 3812 οωλέαν,
2299 3746 2357 3811 ὃς
2392 3749 2454 3817 δὴ
2483 3750 2631 3819 βῆμα
2662 3752 2909 3805 καλεῖται
2934 3754 3473 3821 ἀναγνωστῶνλιιιθι*

1921 3837 2286 3893 snbdiaconos
2318 3852 2496 3894 autem
2530 3843 2610 3895 vel
2644 3843 2877 3897 lectores
2918 3845 3309 3911 antesignanus
3363 3851 3470 3914 ille,

1920 3930 2005 3981 cui
2036 3946 2132 3984 ceu
2161 3932 2355 3999 potiori
2385 3948 2569 3984 earum
2607 3935 3024 3987 commendatur
3044 3939 3320 4004 custodia,
3348 3947 3471 4009 jure

1922 4020 2116 4074 merito
2176 4021 2309 4073 mihi
2366 4022 2681 4091 δομέστικος
2729 4024 2835 4075 τῶν
2882 4024 3062 4095 θυρῶν
3107 4042 3475 4100 nuncupetur.

1918 4108 2122 4179 GOAIL]
2548 4112 2555 4123 ’

1993 4199 2135 4254 Ibid.
2168 4200 2429 4271 Sequitur
2451 4203 2833 4271 chartularius,
2872 4210 2963 4278 qui
3010 4210 3165 4279 longe
3219 4215 3469 4273 diversus

1920 4294 2418 4365 achartophylaee;
2472 4304 2525 4349 et
2565 4297 2747 4367 inepte
2797 4312 3022 4355 vocatur
3070 4305 3465 4379 cltartopliylax

1921 4386 2293 4449 rhartularius.
2319 4400 2376 4442 ut
2407 4403 2566 4457 supra
2598 4390 2801 4446 dictum
2846 4394 2989 4464 (cap.
3018 4397 3093 4465 4).
3118 4398 3320 4457 Citrins
3367 4420 3472 4459 non

245 4464 308 4514 dc
334 4464 508 4519 dictus
538 4468 696 4545 est,'6
728 4468 908 4536 ἄρχων
935 4470 1041 4523 τῶν
1078 4476 1382 4543 ἐκκλησιῶν
1408 4486 1541 4547 μετὰ
1579 4484 1671 4536 τοῦ
1721 4505 1813 4541 σα-

1924 4495 2109 4542 unum,
2134 4480 2225 4533 sed
2268 4479 2449 4547 plures
2484 4482 2633 4549 ponit
2669 4500 2681 4536 :
2721 4499 2843 4537 nam
2876 4486 3106 4541 lectores
3153 4507 3480 4549 enumerans

248 4555 471 4609 κελλίου.
501 4556 812 4613 Bouelidius
865 4564 1044 4627 vertit,
1090 4570 1274 4621 nescio
1303 4588 1463 4639 quam
1516 4574 1650 4628 bona
1686 4578 1810 4646 ﬁde,

248 4655 343 4697 tres
372 4648 708 4716 magistratus
730 4653 1087 4709 ecclesiarum.
1124 4657 1327 4714 Gnm‘s.

315 4734 407 4807 ['0
429 4740 855 4811 ἐκκλησιάρίης.
875 4743 974 4809 Qui
1002 4764 1110 4800 sua:
1144 4766 1285 4803 cura:
1320 4752 1697 4809 demandatam
1726 4772 1814 4812 ec-

248 4827 421 4882 clesia:
448 4847 637 4886 curam
672 4842 840 4896 tenet,
874 4837 940 4889 ad
967 4838 1198 4892 otlicium
1236 4843 1476 4897 divinum
1511 4847 1601 4900 dat
1638 4852 1813 4917 signa,

251 4919 445 4975 lumina
468 4924 711 4993 diSponit
735 4937 788 4979 et
806 4929 1071 4990 accendit,
1092 4933 1281 4985 sedilia
1311 4940 1607 5004 cornpoait,
1629 4956 1813 4997 sacras

246 5010 498 5080 imagines
521 5016 728 5083 profert
753 5017 830 5068 vel
860 5021 1124 5086 recondit,
1148 5037 1210 5075 ac
1238 5023 1468 5091 denique
1496 5029 1811 5084 munditiem

247 5100 439 5169 ubique
472 5106 761 5172 splendere
782 5109 1046 5175 providet,
1069 5127 1175 5166 uno
1198 5118 1362 5170 verbo
1386 5121 1484 5171 sub
1514 5124 1815 5191 sccuopby-

245 5206 355 5260 lace
374 5208 452 5244 ma
465 5210 570 5261 gno
592 5211 846 5250 vasorum
868 5204 1090 5256 custode
1105 5207 1387 5260 sacristam
1423 5212 1551 5278 agit.
1576 5211 1703 5279 Ejus
1734 5214 1816 5265 iu-

242 5284 486 5337 stituendi
508 5287 739 5340 formam
764 5289 818 5341 iu
846 5289 1222 5365 Euchologicis
1247 5300 1439 5366 protuli
1464 5302 1555 5355 fol.
1575 5302 1698 5356 489.
1718 5306 1815 5358 So-

242 5372 381 5426 cium
395 5393 456 5430 ex
475 5377 789 5433 Graecorum
804 5383 1087 5437 relatuth
1101 5388 1415 5459 διαϐαστήν,
1438 5394 1683 5446 lectorem
1704 5413 1816 5450 ser-

241 5478 443 5519 monum
469 5480 517 5522 et
548 5471 914 5537 homiliarum,
934 5483 989 5528 et
1016 5478 1415 5550 κανδηλάπτην,
1449 5487 1609 5539 cereis
1646 5486 1816 5539 lucer-

242 5560 770 5628 nisqueaccrndcndis
806 5568 1129 5636 pra’tectum,
1159 5574 1399 5642 adiunxi.
1421 5576 1573 5640 Huic.
1605 5580 1740 5633 sicut
1762 5567 1818 5633 θι

239 5647 317 5715 τῷ
357 5650 718 5725 λαιισυνὰπτῃ,
742 5656 1019 5725 signorum
1065 5662 1116 5715 in
1167 5665 1395 5718 ecclesia
1442 5666 1810 5723 faciendorum

246 5740 472 5797 Studium
489 5748 780 5800 committit
796 5749 1023 5805 Allatius
1041 5752 1107 5806 de
1124 5757 1484 5810 recentiorum
1504 5758 1812 5814 Graecorum

1914 4572 2147 4625 collocat
2179 4574 2318 4625 inter
2351 4572 2474 4626 illos
2505 4574 2928 4646 χαρτουλαρίους
2950 4580 3046 4647 τῆς
3078 4585 3327 4653 μεγάλης
3379 4603 3476 4637 σα-

1915 4664 2110 4730 κέλλης
2151 4664 2243 4715 καὶ
2278 4663 2367 4716 τοῦ
2398 4666 2847 4733 σκευοφυλακίου.
2886 4671 3239 4727 cltartularios
3273 4693 3477 4745 magna:

1914 4756 2120 4811 sacella
2141 4766 2189 4809 et
2221 4758 2604 4826 sceaoplrylarii
2632 4776 2727 4815 seu
2752 4764 2971 4815 armat-ii
3012 4780 3276 4829 vasorum,
3307 4768 3480 4835 inquit

1917 4848 2248 4902 Buncﬁdius.
2288 4848 2581 4902 Doeuitnus
2610 4851 2721 4918 jam
2754 4867 2916 4918 supra
2943 4853 3086 4921 (cap.
3115 4855 3173 4922 2)
3196 4872 3258 4909 ex
3290 4857 3474 4911 Balsa-

1918 4954 2079 4992 mone
2107 4954 2202 4993 eos
2233 4942 2322 5007 qui
2350 4941 2782 5009 charmphylaci,
2818 4944 3194 5015 sceuophylaci
3220 4987 3235 5009 .
3272 4964 3487 5019 magno

1916 5030 2205 5083 sacellario
2295 5030 2714 5083 subserviebant
2792 5041 3049 5101 tanquam
3142 5037 3472 5103 administri,

1918 5120 2215 5187 appellatos
2261 5134 2380 5173 esse
2412 5119 2793 5187 cliartularios,
2828 5125 2899 5178 ita
2934 5136 2989 5179 ut
3012 5127 3329 5183 chartularii
3382 5132 3475 5187 isti

1919 5211 2050 5263 nihil
2082 5211 2223 5263 aliud
2258 5208 2464 5263 iuerint
2521 5227 2684 5279 quam
2738 5221 3109 5287 συμμερισταὶ
3156 5220 3250 5272 τοῦ
3282 5222 3474 5287 κόπου,

1917 5300 2114 5351 laboris
2172 5309 2459 5361 consortes.
2508 5311 2565 5355 ut
2588 5300 2880 5359 Balsatnon
2928 5308 3192 5377 loquitur.
3222 5309 3333 5368 Nec
3362 5316 3477 5372 scio

1918 5407 2078 5459 quam
2101 5403 2224 5460 apte
2268 5392 2375 5445 huc
2399 5395 2630 5461 quadret
2659 5400 2971 5466 registrator
3002 5400 3176 5457 Junii.

1988 5481 2097 5537 Nec
2126 5483 2334 5539 Latinis
2363 5487 2732 5544 chartularius
2770 5490 2992 5558 ignotus
3019 5496 3118 5550 fuit
3157 5514 3172 5550 :
3227 5516 3351 5554 nam
3413 5504 3472 5556 S.

1918 5576 2209 5645 Gregorius
2266 5576 2300 5630 Ι.
2352 5581 2558 5648 tepist.
2614 5582 2681 5635 75
2761 5585 2824 5636 ad
2877 5587 3162 5655 episcopos
3206 5591 3475 5648 Numidhc

1921 5668 2166 5721 scribens
2220 5671 2465 5725 nominat
2527 5672 2788 5727 Hilarium
2839 5676 3230 5735 chartularium
3301 5702 3475 5748 suum.

1922 5760 2012 5829 qui
2052 5764 2105 5814 in
2123 5762 2358 5816 Africam
2401 5779 2427 5817 a
2461 5767 2863 5833 praedecessore
2889 5766 3217 5842 S.Gregorii
3275 5777 3474 5833 missus

2824 6002 2869 6009 ...-
