3992 6240
487 305 586 371 17-:
1360 260 1363 261 ί
1562 309 1644 371 IN
1682 310 1977 371 unum
2021 311 2118 373 DE
2159 311 2491 374 OFFIClIS
2514 311 2628 376 cr.

3624 316 3722 383 176

474 424 624 478 sedis
682 421 994 492 apostolica!
1048 421 1167 477 loco
1222 437 1421 478 causas
1483 423 1886 480 ecclesiasticas
1951 441 2019 479 co
2081 435 2122 490 Α
2154 435 2266 481 vat.
2303 441 2376 490 tv,
2410 426 2463 482 5.
2498 426 2633 480 Vide
2670 427 2922 483 eumdem
2947 428 3013 484 de
3061 427 3413 485 cliartulariis
3466 430 3535 486 ab
3559 430 3652 486 lib.
3690 449 3723 487 ι

472 516 771 585 gnosct'bat
821 524 874 568 et
920 523 1180 581 tanquam
1232 516 1399 583 judex
1449 516 1741 569 dirimebat
1794 526 1849 570 et
1894 518 2044 586 judi-

471 610 672 672 cabat;
733 609 1044 676 mansitque
1129 609 1182 662 in
1236 609 1429 665 eodem
1484 609 1664 663 ollirio
1733 609 1788 663 in
1861 609 2044 663 Africa

467 702 631 753 etiam
662 701 764 755 sub
804 698 1052 770 Gregotii
1085 701 1260 771 Magni
1312 702 1659 771 pontiﬁcatu,
1714 703 1873 773 cujus
1929 705 2047 772 ipse

469 792 584 845 suis
638 790 691 844 in
735 793 986 861 epistulis
1017 794 1213 847 crebro
1247 795 1513 849 tneminit.
1553 793 1757 849 Verum
1809 795 2038 849 chartu~

470 884 639 937 larius
664 884 856 938 Codini
886 886 1353 955 longeinl'erioris
1406 887 1615 941 ordinis
1666 898 1720 942 et
1763 888 2048 957 dignitatis

466 987 606 1037 erat,
645 976 789 1030 imcr
814 977 1048 1030 lectores
1098 980 1356 1032 nimirum
1386 981 1745 1042 constitutus.
1785 990 1840 1035 et
1893 992 2047 1036 ante-

467 1070 802 1135 penultimus
834 1070 885 1121 in
924 1070 1118 1123 ultima
1148 1072 1405 1140 pentadc.

542 1185 718 1237 Porro
751 1199 876 1237 cum
913 1185 1096 1253 plures
1123 1184 1325 1239 fuerint
1354 1188 1698 1251 eltartularii,
1736 1201 1792 1244 ut
1839 1190 2044 1246 Citrins

465 1286 729 1340 erpressc
769 1274 983 1333 scribit.
1010 1275 1168 1344 160
1191 1293 1287 1329 cur
1309 1273 1553 1331 Codinus
1587 1295 1755 1333 unum
1778 1282 2046 1337 duntaxat

466 1362 757 1416 nominat?
787 1380 854 1417 an
894 1381 1060 1417 ιιιιιιιιι
1095 1366 1433 1421 nominando
1464 1370 1704 1439 reliquos
1733 1373 2043 1429 subintelli-

463 1456 593 1525 git?
652 1457 845 1510 aniste
906 1459 1279 1513 chartularius
1330 1460 1420 1529 qui
1477 1461 1529 1514 in
1589 1477 1735 1517 nona
1784 1467 2042 1533 pentade,

462 1544 821 1603 diversitsest
851 1565 877 1600 a
911 1548 1262 1604 cliartulariis
1308 1566 1517 1619 magna:
1563 1553 1800 1618 sacellm,
1853 1570 2045 1609 sceno-

463 1639 698 1709 pitylacii
752 1638 883 1692 etc‘l
925 1638 1029 1692 Sed
1061 1640 1207 1708 quod
1233 1640 1464 1692 ol'licintn
1499 1638 1738 1707 {Junius
1766 1644 2042 1713 expedite:

464 1731 672 1801 utinam
705 1744 852 1781 vere.
891 1728 948 1780 Ὀ
1005 1729 1407 1799 καρτουλάριος
1436 1732 1527 1799 qui
1558 1732 1784 1801 publicis
1817 1733 2041 1801 litteris,

465 1822 663 1875 tubulis
713 1822 1180 1891 instrumentisque
1242 1824 1497 1876 curandis
1559 1834 1605 1877 et
1676 1828 2039 1881 retractandis

464 1915 785 1967 constitutus
816 1924 913 1966 est.
943 1914 1011 1965 At
1044 1913 1148 1967 hoc
1182 1912 1429 1968 ofllciunt
1489 1918 1725 1985 pertinet
1748 1917 1814 1971 ad
1871 1921 2039 1973 citar-

466 2008 809 2076 tnpltylacmn
840 2004 1072 2074 ejusque
1100 2006 1469 2061 chartularios
1506 2024 1613 2063 .scn
1648 2010 2040 2075 administros,

468 2098 594 2150 item
628 2097 692 2149 al
724 2098 1166 2165 prolnttotnrittm
1203 2105 1255 2151 et
1287 2098 1517 2154 similes.
1549 2101 1631 2153 An
1673 2102 2045 2158 cliartularius

473 2190 577 2241 istc
625 2187 765 2240 inter
816 2185 1051 2242 lectores
1103 2188 1378 2255 peculiare
1426 2189 1689 2259 quiddam
1742 2192 2050 2251 obtinebat.

468 2276 681 2331 ratione
713 2274 867 2345 cujus
894 2278 1219 2332 cliartnlarii
1251 2294 1447 2334 nomen
1466 2289 1753 2352 acceperat
1782 2282 1807 2336 ἲ
1834 2282 2045 2337 Gusrs.

541 2414 970 2486 iliegtslrorttm,
1008 2415 1377 2487 'chartarum,
1441 2418 1819 2473 codicillorum
1901 2435 2043 2474 onus

467 2510 571 2563 sibi
613 2509 931 2577 impositum
957 2507 1036 2561 vel
1070 2506 1189 2560 solo
1219 2508 1444 2562 nomine
1489 2511 1858 2567 cbartnlarius
1905 2512 2049 2567 indi-

464 2614 552 2657 θυι
584 2622 597 2659 Ξ
640 2619 876 2673 (μιοιίιιη
912 2619 1041 2657 vero
1073 2607 1592 2659 commentariorum
1620 2622 1810 2662 curam
1851 2624 2046 2664 susce-

465 2696 601 2765 perit
633 2697 718 2749 hic
754 2696 1035 2765 privatim,
1064 2711 1130 2750 ex
1152 2698 1404 2766 geneiicn
1448 2700 1840 2770 connuunique
1911 2718 2044 2757 voce

470 2808 577 2842 non
641 2790 799 2841 lat-ile
854 2790 1252 2856 assignaveris.
1313 2791 1613 2843 Sarellarin
1651 2801 1706 2846 et
1757 2808 2048 2849 (nconomo

468 2879 933 2947 pzn-iterlegimns
965 2881 1019 2932 in
1067 2882 1451 2947 superioribus
1499 2884 1897 2941 cltartularium
1945 2890 2045 2941 ad-

452 2966 731 3034 iunctum,
763 2964 979 3031 laboris,
1011 2974 1069 3018 ut
1090 2968 1165 3019 ait
1186 2967 1495 3032 Balsamon,
1517 2978 1932 3043 συμμεριστήνι
1959 2976 2048 3029 bic

465 3072 594 3109 vero
627 3057 863 3111 lectores
894 3042 1040 3111 inter
1065 3067 1118 3111 et
1138 3066 1396 3115 cantores
1431 3042 1738 3118 recensitos
1761 3078 2043 3119 commen-

2148 517 2280 570 Cod.
2312 515 2515 571 Justin.
2551 518 2635 572 tit.
2670 518 2742 573 23
2769 517 2983 572 etvinfra
3019 519 3113 574 lib.
3150 535 3211 584 lt,
3240 536 3290 576 c.
3325 516 3381 575 3.

2222 608 2285 664 P.
2310 610 2631 665 6.'fertium
2664 612 2843 666 locum
2875 612 3085 666 obtinet
3112 613 3142 664 δ
3170 612 3490 675 διποτάτος.
3515 613 3728 668 Citrius
3806 600 3815 613 '

2150 718 2378 757 numero
2413 704 2781 757 multitudinis
2802 704 3115 759 δεποτάτοι.
3170 702 3448 769 Quantum
3474 720 3723 759 errorem

2146 791 2343 848 Junius
2387 795 2724 850 commiserit
2781 795 2875 851 fol.
2919 796 3043 860 194,
3087 796 3349 865 ὀοουριυε
3389 797 3599 851 scilicet
3640 798 3727 852 le-

2147 885 2328 940 ctione
2347 886 2509 953 falsa,
2527 903 2687 957 quam
2707 887 2869 941 facile
2891 888 3181 942 emendare
3205 898 3437 959 poterat,
3458 888 3569 959 jam
3593 891 3724 942 alibi

2146 979 2352 1032 dictum
2392 988 2475 1033 est
2525 981 2614 1042 (ad
2670 994 2793 1049 pag.
2830 980 2943 1049 95).
2991 979 3047 1033 In
3104 981 3329 1035 scltoliis
3372 995 3477 1033 non
3536 982 3725 1033 minus

2148 1069 2362 1138 ineptit.
2405 1070 2465 1122 '0
2492 1071 2800 1134 διποτὼος,
2828 1072 3072 1132 barbare.
3092 1072 3421 1124 chartulario
3440 1069 3724 1138 adjunctus

2146 1164 2540 1232 ἀντιγραφεὺς,
2608 1179 2760 1233 quem
2819 1163 3003 1232 uulgo,
3061 1172 3117 1215 ut
3180 1162 3408 1216 Budteus
3462 1163 3724 1231 loquitur,

2145 1255 2680 1308 contrarotulatorem
2730 1264 2939 1313 vocant.
2982 1251 3271 1308 Prmclare.
3328 1253 3548 1307 Interim
3616 1269 3723 1306 nos

2145 1347 2439 1400 credamus
2487 1345 2684 1411 Citrio,
2749 1345 2844 1414 qui
2880 1346 3114 1414 deputati
3149 1359 3348 1399 munus
3381 1358 3490 1398 non
3526 1359 3723 1398 nnme-
3791 1334 3796 1338 ’

2145 1446 2232 1491 rat
2262 1438 2401 1492 inter
2423 1437 2626 1500 ot‘licia.
2650 1444 2840 1507 tn—quo
2857 1453 2888 1491 a
2921 1436 3134 1492 Codino
3164 1438 3437 1495 dissentit.
3457 1436 3550 1493 sed
3573 1437 3724 1507 inter

2143 1528 2422 1593 διακονίας
2452 1543 2548 1584 seu
2581 1504 2910 1583 tttinisteria.
2948 1527 3051 1583 Sed
3084 1527 3346 1597 quidquid
3380 1531 3451 1582 sit
3481 1526 3546 1580 de
3587 1504 3720 1593 hoc,

2146 1623 2292 1695 quod
2325 1624 2711 1695 deputatorum
2742 1640 2942 1679 munus
2976 1633 3146 1689 esset,
3174 1622 3259 1678 liis
3282 1621 3461 1677 verbis
3502 1621 3657 1676 docet
3701 1638 3717 1674 :

2147 1719 2211 1770 Ol
2261 1717 2549 1772 δεποτάτοι
2599 1717 2657 1770 δὲ
2691 1714 3198 1788 μανδυοφοροῦντες
3251 1714 3390 1784 μετὰ
3416 1712 3725 1782 λαμπάδων

2144 1812 2585 1882 προποριύονται
2606 1809 2702 1864 τοῦ
2733 1827 2790 1864 τε
2818 1810 2977 1879 ἁγίου
3012 1808 3370 1875 Εὐαγγελίου,
3400 1806 3559 1858 ὁπότε
3583 1807 3719 1856 ἀνα·

2146 1902 2374 1970 φέρεται
2404 1903 2482 1964 sl;
2504 1900 2595 1955 τὸν
2645 1899 2875 1969 ἄμϐωνα
2900 1901 3053 1970 161
3077 1900 3211 1968 πρὸς
3236 1898 3559 1965 ἀνάγνωσιν,
3593 1897 3695 1948 καὶ

2156 1995 2270 2047 ’σῶν
2313 1994 2487 2062 ἁγίων
2503 1991 2697 2063 δώρων
2733 1994 2794 2047 ἐν
2840 2008 2901 2044 τε
2936 1994 3002 2062 τῇ
3036 1991 3115 2053 εἰς
3141 1993 3240 2060 τὴν
3258 1991 3421 2058 ἁγίαν
3438 1986 3723 2054 τράπεζαν

2146 2085 2339 2155 εἰσόδῳ
2395 2084 2491 2139 καὶ
2534 2086 2591 2138 ὲν
2623 2086 2692 2155 τῇ
2726 2084 2806 2148 εἰς
2859 2084 2960 2155 τὴν
3018 2082 3277 2154 πρόθεσιν
3334 2078 3573 2147 ιπανόδῳ
3610 2076 3726 2143 ,αὗ-

2147 2178 2275 2232 τῶν.
2326 2176 2528 2233 Gens.

2220 2289 2310 2363 [P.
2337 2290 2391 2346 ϐ.
2422 2290 2478 2345 '0
2503 2289 2853 2357 δεποτάτος.
2888 2290 3159 2345 Allatiana
3185 2288 3278 2346 :‘O
3307 2288 3601 2349 δεποτάτος
3619 2301 3726 2339 πε-

2149 2382 2397 2454 ριπατῶν
2446 2382 2762 2454 ἔμπροσθεν
2798 2382 2896 2437 τοῦ
2952 2382 3258 2453 ἁρχιερέως
3290 2380 3580 2452 καθαρίζει
3628 2378 3731 2433 τὸν

2146 2474 2275 2527 λαὸν
2305 2475 2413 2527 ἀπὸ
2435 2475 2538 2541 τὴν
2579 2474 2845 2543 στράταν,
2899 2475 3038 2527 viam
3099 2472 3293 2542 populo
3334 2472 3583 2525 mundam
3628 2485 3729 2522 rae

2146 2577 2400 2628 tuamque
2427 2561 2625 2615 reddit.
2648 2562 2765 2615 Alia
2787 2577 2802 2615 :
2822 2560 2881 2614 '0
2901 2561 3193 2623 δεποτάτος
3224 2562 3290 2615 νὰ
3313 2556 3451 2629 nuli)
3476 2559 3599 2620 τοὺς
3620 2556 3730 2627 ἄρ-

2145 2666 2339 2717 χοντας
2364 2649 2443 2712 εις
2472 2649 2568 2702 τὸν
2592 2648 2861 2719 ἀρχιερέα
2893 2650 2991 2703 καὶ
3030 2649 3097 2704 νὰ
3143 2648 3421 2720 καθαρίζει
3457 2647 3550 2700 τὸν
3595 2644 3732 2699 λαὸν

2145 2742 2254 2796 ἀπὸ
2282 2741 2381 2812 τὴν
2415 2742 2681 2812 στράταν.
2706 2740 2913 2813 Goam]

2222 2856 2652 2913 Fueruntetiam
2684 2858 2924 2926 deputati
2951 2856 3093 2910 inter
3151 2854 3333 2910 oflicia
3388 2852 3615 2917 militiae,
3650 2852 3728 2906 de

2146 2948 2345 3018 quibus
2377 2947 2549 3000 multa
2576 2963 2639 3002 ex
2719 2947 2887 3001 variis
2935 2946 3327 3014 imperatorum
3379 2943 3731 2997 constitutio-

2150 3041 2313 3095 nibus
2358 3037 2628 3109 Rigaltins
2682 3039 2736 3094 in
2797 3054 2898 3093 suo
2958 3040 3154 3105 lexico,
3204 3039 3369 3092 verbo
3416 3035 3732 3099 δεποτάτυι,

469 3150 627 3201 tat-iis
652 3159 702 3202 et
744 3149 1031 3203 memoriis
1067 3166 1173 3204 non
1215 3151 1464 3222 invigilat
1516 3154 1640 3210 aliis
1694 3171 1856 3225 quam
1914 3174 2037 3227 (ιιιεὲ

2154 3146 2305 3199 quem
2339 3131 2508 3185 vide:
2542 3129 2679 3184 nihil
2718 3129 2862 3183 enim
2888 3128 2964 3183 illi
3021 3128 3087 3182 ad
3140 3142 3266 3192 nos,
3314 3127 3407 3197 qni
3463 3124 3733 3181 ecclesia-

466 3245 699 3297 It'ClOl‘CS
738 3254 789 3296 et
822 3253 1078 3298 cantores
1115 3245 1334 3308 decent,
1369 3246 1763 3302 ecclesiasticis
1788 3246 2041 3306 videlicet

466 3335 624 3387 libris
644 3333 1011 3403 proferendis,
1043 3348 1278 3403 quorum
1326 3335 1485 3404 copia
1532 3351 1657 3390 cum
1700 3339 2041 3393 tricesimum

463 3437 688 3495 superet
726 3440 1043 3492 numerum,
1073 3426 1356 3480 custodem
1387 3430 1659 3496 privatum
1695 3446 1804 3504 non
1836 3432 2040 3487 imme-

468 3520 575 3571 rito
643 3518 745 3572 sibi
794 3520 1041 3587 exposcit
1099 3520 1513 3589 assignandum.
1586 3523 1712 3577 llaec
1772 3524 2043 3581 Antonius

462 3613 638 3666 Cralis
671 3610 777 3666 ΟΡ.
809 3612 981 3665 lector
1025 3612 1242 3676 retulit;
1271 3614 1359 3666 cui
1389 3629 1494 3667 non
1530 3615 1784 3684 displicet
1826 3631 2034 3671 memo-

466 3716 644 3756 ratum
675 3702 743 3755 ab
776 3701 1063 3755 Allatianis
1090 3703 1357 3755 decanum
1378 3717 1501 3755 cum
1532 3702 1875 3758 cltartulario
1906 3719 2041 3759 ron-

464 3797 711 3849 fundere.
747 3795 807 3845 '0
842 3794 1088 3857 δεκανὸς,
1138 3792 1396 3863 inquiunt
1420 3795 1533 3858 illa,
1564 3795 1758 3848 τάσσει
1810 3797 1938 3859 τοὺς
1972 3797 2045 3850 ἱε-

465 3892 579 3956 psi;
603 3889 661 3941 ἐν
684 3889 799 3949 τοῖς
822 3887 1143 3958 ἐρχομένοις
1174 3885 1354 3939 αὐτῶν
1383 3886 1739 3958 δικαιώμασι.
1768 3886 2005 3943 Rursum
2028 3908 2042 3944 :

394 4026 397 4029 ,
476 3980 537 4032 ’0
563 3979 790 4042 isnave;
825 3980 909 4031 ἴνα
958 3978 1097 4048 καλῇ
1129 3978 1254 4042 τοὺς
1312 3980 1480 4049 ἱερεῖς
1525 3981 1606 4041 εἰς
1651 3980 1721 4034 τὰ
1750 3981 1931 4034 αὐτῶν
1968 3982 2047 4035 δι-

467 4073 761 4139 καιώμχτα
796 4071 889 4122 καὶ
915 4070 1368 4140 προσφερέματα.
1397 4070 1626 4137 Quantis
1667 4087 1795 4126 vero
1821 4073 2045 4137 tabulis,

466 4162 705 4225 chartis,
741 4160 1018 4214 codicillis
1074 4169 1129 4213 et
1159 4161 1384 4230 scriptis
1451 4163 1784 4227 ratiociniis,
1840 4165 2044 4234 quibus

466 4252 752 4306 attendere
768 4252 903 4305 solet
929 4251 1324 4315 cbartularius,
1363 4267 1507 4320 opus
1530 4254 1622 4319 sit,
1656 4258 1821 4310 etiam
1849 4258 1933 4310 vir
1960 4259 2013 4312 in
2034 4287 2046 4295 ε

468 4343 773 4411 tegerrimze
847 4342 1205 4415 conscientia:
1261 4342 1705 4415 fidelissinneqne
1762 4350 2045 4405 memoria:

466 4436 684 4501 lqtetur.
719 4414 920 4503 Comi.)

543 4548 694 4600 Inter
711 4545 1006 4615 dignitates
1025 4546 1289 4614 palatinas
1311 4557 1393 4603 est
1415 4549 1442 4601 ὁ
1461 4548 1634 4619 μέγας
1659 4550 2042 4613 chartularius.

465 4641 600 4707 Quis
662 4641 854 4705 fuerit,
907 4641 1067 4694 docet
1134 4639 1377 4697 Zonaras
1417 4643 1468 4696 in
1529 4641 1711 4699 Leone
1772 4645 2043 4702 Isaurico:

476 4737 539 4786 Ὀ
570 4734 680 4787 τῶν
706 4734 1008 4804 βασιλικῶν
1037 4734 1371 4803 ἱπποκόμων
1404 4736 1733 4803 ἐπιστατῶν,
1766 4739 2046 4808 prafertus

472 4818 833 4896 imperatoriis
898 4828 1258 4897 equisonibus.
1319 4824 1659 4884 Pertinuisse
1721 4831 2044 4900 dignitatem

466 4922 606 4974 bane
634 4921 700 4973 ad
734 4934 921 4974 curam
958 4920 1160 4975 stabuli
1221 4922 1354 4990 regii
1387 4921 1549 4975 docet
1605 4925 1721 4991 ipse
1775 4922 2043 4989 (lodinus,

464 5026 663 5068 munus
694 5012 873 5077 magni
905 5011 1221 5064 cltartnlarii
1252 5011 1536 5081 evplicans
1568 5028 1619 5067 c.
1653 5013 1724 5080 5;
1768 5012 1872 5068 fuit
1902 5016 2047 5069 inter

465 5104 723 5157 militaria
792 5103 975 5157 oflicia
1046 5105 1432 5159 cltartularius.
1503 5105 1556 5160 Id
1638 5105 1906 5176 liquidum
1975 5122 2041 5161 ex

464 5197 647 5251 Leone
680 5197 1031 5266 imperatore,
1072 5197 1164 5265 qui
1211 5196 1421 5250 diataxi
1480 5197 1637 5251 tertia
1678 5213 1803 5251 cum
1860 5207 2047 5268 proto-

462 5288 682 5342 nntario
715 5288 973 5342 thematis
1005 5296 1063 5341 et
1114 5302 1237 5340 cum
1286 5297 1520 5355 praetore
1538 5290 1656 5344 sive
1694 5289 1880 5359 judice
1918 5290 2042 5345 the-

468 5382 632 5433 matis
701 5387 957 5433 numerat
1010 5394 1233 5447 quoque
1297 5378 1692 5434 cltartularium
1759 5382 2041 5447 thematis,

462 5489 625 5544 quem
652 5474 1009 5527 constitutum
1036 5471 1168 5524 dicit
1194 5469 1331 5538 πρὸς
1364 5470 1461 5541 τὴν
1483 5473 1833 5544 τοῦστρατοῦ
1865 5491 2042 5527 κατα-

463 5564 683 5635 γραφὴν
716 5566 811 5616 καὶ
838 5563 1201 5633 ἀναζήτησιν,
1238 5563 1581 5618 describenda
1632 5578 1683 5620 et
1719 5570 2038 5622 recensendo

463 5658 739 5710 exercitui.
763 5655 893 5710 Vide
930 5654 1224 5725 Rigaltinm
1259 5656 1425 5710 verbo
1476 5662 1895 5726 protonotarins.
1931 5660 2036 5724 Qui

463 5750 574 5803 sint
605 5749 836 5802 homines
866 5747 1205 5813 clturtularii,
1245 5748 1425 5803 disces
1456 5766 1519 5804 ex
1556 5750 1782 5817 tlujacio
1831 5750 2034 5807 Obser-

2143 3220 2279 3274 stica
2315 3219 2497 3274 ofﬁcia
2549 3229 2865 3275 tractamus.

2221 3333 2363 3390 Ibid.
2389 3332 2653 3405 Sequitur
2678 3337 2706 3387 ὁ
2728 3336 2823 3388 ἐπὶ
2849 3335 2949 3406 τῆς
2975 3334 3191 3397 ποὸέας.
3223 3332 3418 3389 Junius
3444 3334 3727 3404 praefectus

2146 3428 2494 3480 instrumento
2530 3443 2705 3481 sacro.
2727 3424 2802 3480 De
2828 3442 2935 3495 quo
2955 3429 3063 3480 duo
3082 3429 3265 3497 potius
3289 3430 3538 3497 suspicor
3555 3443 3727 3496 quam

2147 3518 2286 3572 scio.
2329 3516 2470 3581 Quid
2504 3516 2551 3570 si
2583 3517 2611 3567 ὁ
2634 3516 2730 3567 ἐπὶ
2749 3514 2847 3585 τῆς
2884 3515 3081 3578 ποδέας
3099 3517 3171 3571 sit
3203 3516 3290 3570 ille
3308 3515 3403 3586 qui
3436 3516 3726 3585 pavimen-

2147 3611 2190 3662 ti
2220 3610 2273 3662 in
2298 3609 2489 3678 Magna
2532 3608 2766 3663 ecclesia
2799 3622 2989 3662 curam
3049 3608 3320 3679 gerebat?
3362 3605 3496 3661 Nam
3552 3608 3727 3661 ποδέα.

2145 3713 2228 3757 est
2255 3705 2447 3766 solum.
2472 3703 2865 3773 pavimentum;
2893 3701 3037 3756 unde
3070 3701 3363 3757 Germanis
3393 3702 3487 3754 der
3519 3698 3728 3754 Baden.

2148 3797 2217 3852 Et
2263 3805 2414 3865 patet
2450 3796 2553 3849 hoc
2576 3811 2640 3849 ex
2667 3793 2985 3865 Originibus
3014 3792 3139 3864 Cp.,
3167 3794 3259 3848 ubi
3320 3793 3563 3847 ambitus
3618 3792 3728 3849 fori

2146 3888 2346 3942 dicitur
2363 3886 2532 3940 fuisse
2558 3886 2786 3954 aequalis
2820 3885 2916 3953 τῆς
2947 3883 3144 3946 ποδέας
3163 3885 3259 3953 τῆς
3282 3882 3485 3954 κόρτης
3511 3885 3603 3937 τοῦ
3627 3903 3731 3955 με-

2148 3979 2320 4047 γάλου
2375 3977 2820 4031 Κωνσταντινου.
2882 3976 2945 4029 Et
2984 3977 3013 4030 ὁ
3066 3975 3161 4028 ἐπὶ
3210 3976 3312 4046 τῆς
3363 3976 3557 4038 ποδέας
3594 3976 3721 4030 ideo

2148 4072 2311 4125 etiam
2331 4070 2439 4125 dici
2480 4069 2671 4139 nequit
2701 4052 2981 4137 praefectus
3038 4068 3377 4121 instrumenti
3426 4071 3566 4121 sacri
3621 4083 3725 4123 seu

2149 4163 2516 4233 supellectilis,
2547 4161 2676 4231 quia
2711 4160 3035 4215 distinctum
3061 4168 3114 4213 et
3144 4161 3419 4229 prOprium
3480 4160 3727 4214 ofﬁcium

2149 4265 2231 4309 est
2264 4258 2292 4309 ὁ
2317 4256 2491 4325 μέγας
2518 4252 2862 4321 σκευοφύλαξ
2907 4252 3128 4324 κρατῶν
3174 4254 3245 4305 τὰ
3286 4252 3460 4324 σκεύη
3500 4254 3599 4323 τῆς
3626 4256 3729 4307 ἑκ-

2149 4347 2383 4416 κλησιας
2405 4385 2419 4400 .
2448 4344 2589 4412 Quid
2607 4346 2652 4400 si
2688 4344 2761 4399 sit
2790 4360 2934 4400 unus
2960 4360 3026 4398 ex
3061 4344 3307 4415 Θεωροῖς,
3363 4361 3430 4401 es
3476 4347 3732 4404 custodi-

2153 4440 2256 4494 bus
2282 4438 2397 4508 qui,
2422 4446 2482 4491 ut
2499 4438 2572 4491 ait
2602 4437 2826 4500 Citrius,
2862 4436 2961 4506 τὴν
2989 4435 3237 4507 φυλακὴν
3261 4438 3355 4490 καὶ
3382 4437 3613 4510 τήρησιν
3634 4455 3732 4492 πι-

2157 4528 2437 4584 στεύονται
2464 4531 2576 4583 τῶν
2630 4530 2793 4600 ιερῶν
2827 4530 3041 4584 σκευῶν
3083 4532 3178 4583 καὶ
3207 4529 3318 4583 τῶν
3346 4531 3729 4599 καλυμμάτων

2150 4623 2353 4690 αὐτῶν,
2382 4622 2432 4675 ει
2455 4621 2693 4692 μάλιστα
2716 4621 3064 4693 εὑρίσκονται
3083 4621 3258 4676 ταῦτα
3278 4622 3445 4685 λίθοις
3467 4624 3561 4676 καὶ
3585 4639 3731 4693 μαρ-

2149 4717 2341 4789 γάροις
2371 4716 2747 4788 κοσμούμενα.
2781 4716 2932 4770 Adde
2989 4718 3134 4785 quod
3199 4716 3254 4770 in
3322 4718 3592 4793 Turcogr.
3613 4757 3631 4782 ,
3666 4732 3726 4786 p.

2151 4810 2277 4874 181,
2319 4811 2508 4871 ποδαῖς
2542 4826 2641 4881 pro
2699 4808 2924 4862 vestibus
2978 4822 3071 4862 sou
3128 4810 3439 4877 tegumentis
3475 4809 3669 4875 legttur
3708 4826 3726 4862 :

2151 4902 2289 4970 μετὰ
2318 4900 2756 4972 εὐμορφοτάταις
2782 4900 2997 4962 ποδαϊς.
3029 4899 3297 4967 lnterpres
3324 4917 3338 4952 :
3368 4901 3573 4953 ornavit
3595 4909 3731 4953 tem-

2145 4993 2294 5062 plum
2322 4993 2640 5063 imaginibus
2686 4992 3043 5062 pulcherrime
3072 4992 3271 5046 vestitis
3305 5007 3325 5055 ;
3384 4991 3438 5044 in
3476 4994 3727 5061 margine

2147 5086 2370 5140 additur
2449 5085 2591 5155 μετὰ
2657 5085 3010 5154 ὡραιοτάτων
3074 5084 3498 5153 ὲφαπλωμάτων
3528 5122 3545 5146 ,
3602 5100 3727 5136 cum

2146 5179 2526 5235 venustissimis
2577 5178 2973 5248 integumentis.
3012 5175 3156 5244 Quid
3181 5178 3226 5232 si
3259 5180 3454 5231 borum
3484 5186 3538 5232 et
3571 5178 3732 5231 simi-

2146 5272 2282 5327 lium
2323 5285 2456 5328 cura
2516 5271 2582 5325 ad
2617 5274 2781 5326 istum
2822 5270 3154 5339 spectabat?
3183 5268 3391 5323 (iners.

2217 5384 2385 5458 [fbid.
2406 5368 2613 5439 Ποδέαν
2636 5382 2906 5439 Meursius
2935 5382 3323 5451 interpretatur
3357 5381 3733 5446 ministerium;

2143 5478 2413 5532 utensilia.
2462 5474 2575 5531 Nisi
2618 5490 2739 5543 quas
2778 5474 2890 5529 sint
2947 5473 3037 5527 illa
3102 5473 3369 5543 proferes,
3421 5473 3738 5528 ministerio

2150 5579 2246 5625 tuo
2279 5586 2386 5626 non
2433 5578 2580 5636 utar,
2618 5568 2845 5622 Meursi.
2902 5566 3137 5620 Prosunt
3180 5566 3416 5633 amplius
3469 5562 3740 5618 Graecula:

2148 5663 2434 5724 mulieres,
2504 5675 2625 5730 quae
2685 5658 2886 5712 ποδέαν
2937 5668 3146 5726 partem
3201 5657 3370 5711 vestis
3414 5655 3736 5711 inferiorem

2146 5766 2306 5805 crura
2352 5751 2625 5813 pedesnnc
2693 5764 2822 5804 suos
2871 5748 3141 5801 velantcm
3208 5745 3484 5799 vocitant:
3541 5744 3739 5799 utilius
