3952 6222
397 257 500 326 1ἷ9

395 469 491 521 τοῦ
544 468 891 539 πατριάρχου
959 468 1145 536 λέγειν
1208 471 1287 534 εἰς
1346 471 1517 523 πολλὰ
1559 471 1651 541 ἔτη
1709 472 1967 524 δέσποτα.

395 558 511 624 Qua
586 559 981 613 acclamatione
1040 561 1242 613 mirum
1276 577 1442 629 quam
1481 560 1653 615 Graeci
1718 544 1971 614 delectati

396 653 623 706 iuerint.
666 650 803 706 [line
827 650 963 705 nihil
996 653 1247 707 crebrius
1274 653 1414 718 apud
1471 654 1595 708 illos
1649 667 1816 722 quam
1880 652 1971 704 illa

395 743 865 813 πολυχρονιάζειν,
894 743 1327 814 πολυχρόνισμα,
1350 744 1724 813 πολυχρόνιον.

467 836 624 901 Quod
678 837 869 888 attinet
927 834 995 888 ad
1074 832 1295 887 Graecos
1362 836 1720 898 recentiores,
1777 843 1975 902 praeter

394 927 565 980 multa
602 926 1103 979 ecclesiasticarum
1140 927 1441 981 oﬁiciorum
1503 938 1686 982 vetera
1721 927 1973 989 nomina,

398 1016 602 1069 habent
635 1030 734 1068 sua
767 1024 822 1069 et
882 1017 1128 1086 propria,
1179 1033 1301 1084 qua:
1331 1034 1428 1072 nec
1460 1020 1510 1072 in
1560 1018 1734 1073 Citrio
1793 1032 1890 1072 nec
1920 1017 1974 1075 in

399 1107 612 1161 Codino
634 1116 930 1176 apparent;
964 1123 1082 1177 qua:
1104 1125 1167 1162 ex
1205 1109 1620 1165 Turcoocreecia
1639 1109 1820 1178 colligi
1849 1123 1977 1179 pos-

402 1210 550 1262 sunt,
586 1210 645 1255 ut
686 1210 770 1255 est
797 1203 823 1253 ὁ
864 1201 1171 1271 νομοφύλαξ
1223 1202 1321 1270 τῆς
1370 1202 1613 1271 μεγάλης
1655 1201 1974 1269 ἐκκλησίας,

400 1293 855 1360 πρωτοσύγγελος
887 1296 984 1363 τῆς
1020 1293 1267 1363 μεγάλης
1306 1294 1626 1360 ἐκκλησίας,
1678 1294 1978 1360 ἐφημέριος

399 1386 497 1453 τῆς
532 1384 780 1453 μεγάλης
797 1385 1115 1453 ἐκκλησίας,
1141 1385 1508 1451 lampadarins
1532 1401 1736 1453 magna:
1749 1384 1980 1439 ecclesia:

401 1472 549 1539 (nam
575 1474 602 1524 ὁ
632 1471 817 1540 ἄρχων
846 1470 955 1523 τῶν
982 1470 1181 1538 φώτων
1209 1471 1427 1526 videtur
1452 1473 1628 1527 fuisse
1654 1472 1798 1526 alius
1836 1473 1979 1541 apud

400 1560 719 1629 Codinum),
784 1578 1007 1629 magnus
1069 1562 1336 1631 logotheta
1396 1579 1600 1631 magna:
1653 1562 1904 1625 ecclesiae,
1953 1562 1983 1616 ὀ

402 1655 577 1724 μέγας
624 1656 831 1723 ῥήτωρ.
860 1654 1109 1709 Meminit
1151 1655 1374 1723 quidem
1434 1655 1678 1710 Codinus
1712 1654 1978 1715 rhetoris,

400 1748 494 1797 sed
524 1744 731 1814 absque
759 1744 853 1798 τοῦ
882 1745 1121 1815 μεγάλου
1155 1746 1453 1800 additione.

1034 1856 1260 1913 CAPUT
1286 1856 1401 1914 XV.

403 1950 478 2003 De
503 1950 692 2021 ofﬁciis
724 1950 1091 2005 ecclesiasticis
1147 1951 1287 2004 aula:
1310 1948 1623 2017 Cpolitante,
1648 1947 1978 2015 potissimum

936 2025 997 2076 de
1052 2023 1442 2074 archidiacono.

474 2114 552 2169 Ex
608 2115 825 2169 clericis
874 2117 1012 2168 aula:
1057 2111 1376 2166 nominatim
1424 2110 1682 2176 exurimit
1729 2124 1851 2179 cap.
1885 2109 1977 2171 17,

404 2208 648 2264 Codinus
683 2226 695 2261 :
736 2207 785 2274 1)
822 2206 1209 2277 protopsalten.
1242 2219 1402 2272 quem
1425 2202 1589 2256 simul
1615 2202 1693 2254 ait
1723 2216 1845 2256 esse
1877 2201 1982 2253 im-

406 2302 667 2370 peratorii
701 2301 832 2354 cieri
865 2301 1187 2354 exarchnm.
1214 2298 1268 2368 2)
1308 2298 1675 2359 domesticum,
1707 2309 1869 2361 quem
1906 2294 1984 2346 ait

406 2410 526 2449 esse
584 2394 882 2448 cxarcbum
941 2392 1072 2447 cieri
1123 2394 1407 2460 Augustae,
1460 2392 1826 2456 eamdemque
1880 2386 1985 2439 ali-

406 2484 626 2554 quando
666 2484 827 2540 simul
851 2499 970 2538 esse
992 2484 1352 2538 domesticum
1379 2483 1660 2542 ecclesiae;
1685 2479 1982 2546 aliquando

408 2592 538 2631 vero
560 2579 846 2631 ecclesiam
879 2574 1038 2646 164
1060 2576 1339 2643 praprium
1364 2573 1733 2628 domesticum
1758 2570 1982 2623 habere.

408 2667 540 2724 Erat
570 2677 749 2723 autem
770 2667 1111 2723 domesticus
1137 2681 1279 2720 unus
1308 2681 1371 2717 ex
1407 2665 1602 2734 psaltis
1639 2679 1734 2718 seu
1791 2671 1980 2716 canto-

408 2759 586 2833 ribus,
613 2767 667 2813 et
698 2772 727 2810 a
779 2758 1120 2826 protopsalta
1170 2756 1472 2824 proximus,
1525 2753 1629 2809 sub
1676 2768 1735 2806 se
1772 2752 1981 2804 habens

411 2852 550 2906 alios
578 2850 783 2918 psaltas
801 2865 896 2901 seu
922 2859 1196 2913 cantores,
1232 2862 1361 2915 quos
1392 2846 1552 2899 veteri
1583 2846 1984 2909 consuetudine,

414 2940 590 3009 inquit
622 2937 818 2991 Codin.
850 2951 899 2990 c.
933 2936 1019 2999 17,
1058 2937 1329 2989 nominant
1356 2945 1587 2999 cractas,
1626 2935 1728 2988 hoc
1783 2944 1892 2997 est,
1927 2943 1985 2987 ιιι

415 3029 675 3083 Germani
703 3028 884 3082 dicere
906 3027 1105 3090 solent,
1147 3028 1456 3096 scltrailing.
1487 3027 1539 3096 5)
1603 3024 1982 3096 Protopapaut,
2012 3057 2055 3115 (ἶ

415 3121 506 3191 qui
531 3132 581 3176 et
611 3122 724 3190 ipse
760 3119 1055 3189 aliquando
1084 3135 1224 3173 unus
1258 3128 1312 3173 et
1342 3119 1481 3172 idem
1507 3129 1624 3171 erat
1650 3119 1700 3171 in
1754 3118 1987 3171 ecclesia

415 3224 472 3268 et
539 3213 690 3278 aula,
754 3212 1051 3281 aliquando
1122 3211 1393 3275 diversus,
1439 3219 1498 3264 ut
1548 3210 1681 3263 dicit
1750 3210 1992 3265 Codinus

417 3306 551 3359 ibid.
581 3305 636 3373 4)
666 3304 953 3373 μαϊστωρα
978 3303 1314 3372 magistrum,
1345 3301 1437 3371 qui
1468 3312 1521 3355 ct
1551 3302 1666 3371 ipse
1711 3309 1987 3362 cantor,c.

417 3396 470 3457 6.
509 3395 564 3463 5)
613 3397 1009 3448 Canonarchas.
1048 3394 1101 3461 6)
1155 3393 1607 3461 Lampadarium,
1658 3392 1815 3461 cujus
1873 3400 1992 3445 erat

416 3488 734 3557 imperatori
758 3487 1064 3559 lampadem
1099 3485 1377 3555 prtelerre.
1406 3486 1460 3553 7)
1494 3485 1952 3538 Archidiaconum
1981 3501 1995 3537 :

420 3583 569 3636 hunc
599 3583 744 3635 enim
780 3598 886 3635 non
917 3580 1146 3634 habebat
1182 3580 1436 3642 ecclesia,
1465 3577 1558 3631 sed
1586 3577 1730 3641 aula,
1763 3585 1822 3628 ut
1868 3576 2000 3630 dicit

417 3673 661 3729 Codintts
714 3672 847 3727 ibid.
888 3671 961 3725 De
1008 3671 1197 3724 eodem
1234 3670 1404 3721 multa
1437 3682 1557 3736 cap.
1593 3665 1644 3730 8,
1675 3667 1728 3729 9,
1778 3678 1829 3719 et
1869 3665 1996 3717 alibi

418 3765 624 3834 passim
659 3780 673 3829 ;
708 3773 763 3817 ut
801 3773 855 3817 et
878 3764 943 3815 de
968 3771 1287 3831 protopapa,
1316 3757 1654 3827 lampadario
1706 3764 1760 3809 ct
1787 3756 1998 3809 caeteris

418 3857 742 3913 ministeriis
770 3854 1157 3910 ecclesiaSticis
1201 3854 1254 3906 in
1279 3853 1426 3907 aula.

418 3989 424 3995 -
489 3955 649 4025 Apud
685 3954 915 4008 (Sittium
940 3961 1324 4023 proponuntur
1359 3951 1541 4003 multa:
1575 3932 1905 4017 quaestiones
1937 3947 2002 4000 de

421 4047 812 4102 arcltidiacono
849 4064 861 4099 :
900 4044 975 4098 Τὸ
1025 4043 1465 4112 ἁρχιδιακονικδν
1520 4040 1775 4108 ὀφφεκιον
1838 4039 1996 4100 ποέις

420 4140 761 4202 ὲστὶτὰξεως
782 4139 875 4189 καὶ
903 4140 1057 4189 ποίου
1086 4136 1321 4205 βαθμοῦ,
1352 4136 1445 4188 καὶ
1467 4137 1516 4187 εἰ
1544 4135 1870 4203 προΐσταται
1897 4132 1999 4182 τιῖιν

425 4233 563 4285 ὅλων
586 4229 849 4283 διακόνων
886 4228 963 4290 ὡς
1000 4227 1402 4296 ἀρχιδιάκονος.
1435 4224 1751 4292 Respondet
1795 4221 2000 4276 Citrius

423 4320 909 4375 archidiaconicum
944 4319 1179 4386 officium
1219 4334 1322 4370 non
1357 4333 1466 4370 esse
1500 4315 1845 4385 ἀρλοντικὸν,
1882 4311 2001 4364 οὐδὲ

1486 257 1569 317 ΙΝ
1599 258 1897 319 LIBRUM
1942 259 2040 321 DE
2075 260 2401 320 OFFICIIS
2430 260 2544 320 ΟΡ.

398 376 542 429 στῶν
579 376 719 430 ἐστι.
760 375 993 430 Functio
1025 375 1190 445 hujus
1236 386 1319 432 est
1351 379 1412 431 τὸ
1442 380 1498 431 ὲν
1528 381 1645 440 ταῖς
1686 376 1970 444 προσόδοις

2100 378 2328 431 praestita:
2351 379 2508 445 quasi
2541 382 3034 436 remunerationem

3549 258 3647 326 180

3072 400 3087 434 :
3141 382 3231 434 Διὸ
3264 382 3357 435 καὶ
3405 381 3481 444 ὡς
3522 382 3648 451 χρέ-

2073 484 2165 519 νου
2201 467 2295 519 καὶ
2329 468 2459 520 ἰδίου
2493 470 2658 522 τόπου
2683 471 2914 541 δώρημα
2945 476 2973 525 ὁ
3002 472 3383 541 ἀρχιδιάκονος
3416 473 3525 541 ἔχει
3555 474 3646 526 καὶ

2072 558 2170 627 τὴν
2198 559 2473 630 ὑπεροχὴν
2498 562 2587 613 ἐπὶ
2617 561 2835 615 πάντων
2861 562 2970 613 τῶν
2996 562 3284 624 διακόνων,
3311 563 3422 615 εἴτε
3457 565 3650 633 ἄρχον-

2073 651 2267 714 τικίοις
2297 653 2606 705 ὁποιοισοῦν
2639 654 2965 723 τετίμηνται
2993 652 3105 705 εἴτε
3139 654 3234 707 καὶ
3271 654 3365 723 μὴ,
3400 654 3455 705 ἐν
3483 672 3541 707 τε
3573 654 3650 724 τῷ

2078 744 2206 810 ναῷ,
2240 745 2300 795 ἐν
2331 744 2421 814 τῷ
2439 746 2580 815 ἁγίῳ
2611 745 2838 815 βήματι,
2869 746 2963 799 καὶ
2990 747 3145 821 ὲνιτῇ
3190 746 3493 817 μεταλήψει
3543 747 3651 799 τῶν

2080 833 2240 887 θείων
2275 836 2613 905 μυστηρίων.

2150 925 2446 989 Quaesitum
2482 943 2703 994 quoque
2743 927 2923 982 fuerat
2955 943 3086 982 nam
3132 928 3444 997 patriarcha
3470 938 3655 997 posset

2078 1028 2172 1082 per
2193 1015 2306 1068 sola
2329 1016 2570 1082 pittacia,
2601 1025 2653 1068 et
2675 1016 2869 1081 brevia,
2888 1027 2942 1071 et
2966 1018 3221 1071 mandato
3246 1014 3369 1080 suo,
3398 1017 3655 1086 praeferre

2079 1105 2291 1173 aliquos
2326 1106 2474 1158 nullo
2498 1104 2680 1159 oftleio
2716 1107 3008 1175 insignitos
3040 1108 3147 1161 illis
3170 1109 3261 1174 qui
3288 1110 3497 1176 priores
3533 1110 3654 1163 l'ue-

2080 1207 2223 1262 rant,
2258 1198 2407 1251 nullo
2472 1208 2650 1252 tamen
2707 1200 2807 1267 ipsi
2855 1198 3018 1253 etiam
3044 1199 3225 1254 ofﬁcio
3248 1201 3519 1256 decorati.
3549 1203 3654 1257 Re-

2081 1291 2307 1356 spondet
2352 1289 2560 1345 Citrius
2611 1292 2712 1345 hoc
2749 1291 2908 1360 plane
2953 1308 3077 1347 esse
3132 1294 3560 1357 intolerandum,
3596 1304 3655 1349 ut

2083 1381 2444 1451 praeferantur
2476 1382 2645 1451 aliqui
2680 1382 2954 1451 prioribus
3002 1398 3096 1452 per
3132 1387 3378 1450 pittacia,
3412 1386 3652 1448 etiamsi,

2083 1474 2176 1541 qui
2219 1471 2605 1542 praeferantur,
2644 1475 2882 1529 habeant
2907 1474 3090 1529 ofﬁcia
3114 1492 3129 1540 ;
3156 1476 3247 1529 sed
3276 1476 3573 1545 quemlibet
3599 1477 3653 1529 in

2087 1567 2210 1621 loco
2265 1575 2319 1621 et
2355 1568 2593 1621 statione
2646 1583 2767 1631 sua,
2810 1583 2973 1637 quam
3035 1576 3280 1636 tempore
3334 1570 3652 1635 acquisivit,

2092 1658 2507 1726 relinquendum
2549 1673 2707 1713 esse:
2743 1658 2809 1711 Ἦ
2851 1659 2959 1728 γὰρ
3004 1657 3155 1721 τάξις
3183 1661 3277 1711 καὶ
3329 1660 3515 1723 στάσις
3544 1660 3655 1713 τῶν

2087 1748 2349 1801 διανόκων
2370 1749 2451 1817 τῷ
2489 1748 2668 1819 χρόνῳ
2708 1750 3032 1818 ῥυθμίζεται
3062 1752 3158 1802 nati:
3196 1750 3527 1820 στηρίζεται,
3558 1752 3655 1802 καὶ

2091 1837 2239 1890 ἐστιν
2271 1836 2691 1907 ἀμετακίνητος,
2714 1839 2887 1908 inquit
2917 1838 3123 1893 Citrius
3150 1840 3281 1904 ;qtti
3305 1850 3360 1895 et
3404 1842 3553 1894 addit
3604 1840 3656 1894 ei

2089 1931 2181 1999 qui
2210 1930 2548 1985 arehonticiis
2576 1945 2671 1985 seu
2701 1931 2942 1985 brevibus
2983 1931 3302 1999 huiusmodi
3355 1934 3657 1987 honoratus

2089 2031 2197 2083 est,
2222 2022 2359 2077 satis
2384 2037 2505 2077 esse
2538 2032 2598 2075 ut
2640 2023 2864 2090 quando
2919 2023 3229 2090 patriarcha
3284 2039 3377 2079 seu
3412 2024 3656 2092 pontilea

2090 2131 2203 2169 rem
2230 2115 2468 2168 divinam
2500 2112 2650 2178 facit,
2691 2114 2760 2167 sit
2787 2115 2901 2183 ipse
2926 2115 3135 2184 pritnus
3168 2116 3225 2167 ὲν
3247 2117 3313 2185 τῇ
3352 2115 3563 2181 εἰσόδῳ,
3599 2115 3659 2167 in

2087 2210 2329 2277 ingressu
2386 2206 2453 2260 ad
2515 2206 2706 2269 altare,
2772 2221 2868 2260 seu
2905 2208 2956 2259 in
3015 2207 3092 2261 itu
3118 2218 3174 2261 et
3225 2207 3279 2260 in
3310 2206 3664 2275 perceptione

2089 2301 2398 2356 divinorum
2430 2299 2833 2369 mysteriorum.
2869 2299 2923 2353 In
2957 2299 3171 2353 caeteris
3202 2300 3451 2368 quemvis
3494 2312 3660 2352 snuut

2089 2394 2269 2447 locum
2304 2400 2489 2446 tenere
2517 2391 2714 2445 debere
2748 2406 2762 2455 ;
2796 2397 2850 2444 et
2881 2391 3130 2459 iniquum
3161 2405 3284 2445 esse
3315 2398 3374 2443 ut
3397 2391 3668 2458 ὁπροεισ-

2090 2485 2340 2547 οδεύσας,
2372 2485 2461 2549 qui
2494 2482 2694 2551 primas
2724 2482 2911 2546 tenuit,
2944 2496 3038 2535 seu
3072 2486 3129 2533 ιιι
3165 2480 3328 2547 vulgo
3364 2480 3666 2549 loquimur,

2090 2578 2175 2646 qui
2203 2573 2604 2638 prter-edendam
2647 2572 2856 2636 habuit,
2902 2572 2971 2625 de
2999 2574 3118 2625 loco
3168 2587 3271 2625 suo
3332 2571 3661 2626 deturbatus

2097 2668 2251 2721 altezi
2281 2666 2473 2721 cedere
2500 2676 2747 2733 cogatur.
2777 2665 2851 2717 Ex
2886 2664 3087 2732 quibus
3113 2662 3268 2733 165
3289 2672 3431 2717 recte
3453 2664 3667 2718 intelle-

2093 2760 2198 2813 etis
2224 2758 2488 2827 judicium
2531 2756 2712 2809 facere
2748 2756 2933 2809 licebit
2963 2756 3030 2809 de
3081 2754 3533 2824 interpretatione
3558 2751 3668 2806 Bo-

2095 2852 2274 2904 netidii
2333 2862 2388 2904 et
2443 2860 2822 2904 correctorum
2881 2849 3021 2918 ejus.
3100 2846 3510 2901 Promotiouum
3562 2862 3668 2915 per

2096 2944 2317 3007 pittacia
2357 2940 2610 2995 meminit
2639 2940 2806 2995 etiam
2845 2940 3134 2993 Balsamon
3168 2938 3234 2991 ad
3280 2938 3345 2991 Π
3398 2951 3673 2992 canonem

2089 3034 2480 3100 apostolorum.

2168 3124 2304 3188 Quia
2370 3139 2498 3174 vero
2542 3121 2593 3173 in
2643 3122 2729 3176 his
2785 3121 2986 3178 ofﬁciis
3037 3122 3432 3176 ecclesiasticis
3493 3118 3670 3173 multa

2099 3229 2247 3268 occc:
2268 3224 2394 3268 runt
2421 3217 2720 3280 composita
2754 3229 2818 3266 ex
2850 3213 3135 3269 vocabulis
3168 3215 3309 3283 ἀρχή
3341 3223 3397 3267 et
3453 3214 3665 3281 ἄρχων,

2099 3305 2300 3372 aliquid
2328 3321 2493 3373 sopor
2523 3305 2610 3358 bis
2642 3316 2832 3358 notare
2876 3306 3050 3365 lubet.
3109 3314 3238 3359 ante
3292 3304 3477 3358 omnia
3529 3303 3669 3356 illud

2097 3397 2239 3467 quod
2274 3396 2565 3466 dupliciter
2612 3411 2736 3448 cum
2774 3396 2897 3449 aliis
2932 3395 3273 3461 coalescant,
3305 3395 3483 3463 primo
3533 3394 3668 3461 qui-

2097 3491 2217 3544 dem
2280 3489 2436 3542 iuitio
2487 3488 2657 3553 vocis,
2693 3486 3231 3556 ιιιάρίιεπίσκοπος,
3292 3485 3660 3555 ἀρχιποεμην,

2102 3581 2531 3642 archidiaconus,
2584 3579 3023 3646 archistrategus,
3078 3576 3363 3637 arehidux,
3417 3577 3677 3628 architri-

2100 3672 2290 3730 clinus,
2371 3669 2694 3733 archietrus,
2799 3667 3141 3729 architectus,
3195 3668 3610 3735 archipresbyter
3650 3682 3675 3730 ;

2101 3762 2339 3818 secundo
2368 3760 2421 3813 in
2462 3760 2565 3813 line
2583 3759 2752 3823 vocis,
2787 3768 2845 3812 ut
2907 3761 3238 3826 patriarcha.
3290 3757 3675 3821 ecclesiarcha,

2102 3852 2457 3917 canonarcha,
2492 3850 2801 3911 monarcha,
2836 3853 3111 3919 toparcha,
3138 3852 3422 3911 tetrarchae,
3454 3850 3679 3903 ethaar-

2103 3945 2219 4008 cha,
2262 3944 2576 3997 trierarcha.
2610 3943 2737 3997 Inde
2767 3943 3046 3997 etiatnest
3077 3943 3332 4011 ἔξαρχος,
3361 3941 3599 4010 ἔπαρχος
3619 3950 3679 3993 et

2105 4039 2154 4091 id
2174 4053 2343 4107 genus
2363 4038 2493 4098 alia,
2520 4046 2625 4090 tam
2647 4035 2701 4088 in
2730 4035 2955 4090 ecclesia
2976 4051 3139 4105 quant
3164 4044 3319 4090 extra
3339 4045 3597 4103 usurpata
3618 4043 3677 4084 et

2107 4130 2324 4183 usitata.

2180 4221 2426 4276 [heretici
2463 4220 2633 4275 nostri
2672 4220 2959 4289 temporis,
3016 4230 3076 4273 ut
3146 4220 3271 4283 alia,
3331 4219 3405 4272 ita
3455 4227 3510 4272 et
3558 4219 3683 4286 ipsa

2109 4313 2283 4380 prisca
2315 4312 2574 4365 vocabula
2599 4312 2961 4376 sustulerunt,
3016 4311 3359 4377 potissimum
3391 4310 3498 4372 illa,
3554 4324 3684 4377 qua:

423 4416 484 4466 ὲκ
511 4412 821 4480 φιλοτιμίας
854 4410 1267 4479 ἀρχιερατικῆς,
1320 4409 1509 4476 ὥσπερ
1555 4407 1623 4458 τὰ
1654 4404 1991 4474 ἀρχοντίκια.

2104 4420 2166 4457 ex
2229 4405 2369 4471 ἀρχή
2418 4414 2473 4457 et
2527 4403 2710 4473 ἄρχων
2771 4412 3073 4471 compacta.
3126 4400 3259 4453 liiuc
3308 4402 3686 4467 archiepiseoiii

426 4505 753 4558 Banrlidius
803 4506 1013 4557 vertit:
1071 4502 1190 4555 Non
1243 4512 1316 4554 est
1357 4500 1686 4569 magistrate.
1724 4513 1884 4565 neque
1940 4512 2003 4548 ea:

426 4581 749 4648 liberalitate
776 4590 1094 4661 pontiﬁcali,
1121 4598 1177 4641 ut
1208 4587 1617 4658 magisterialia.
1645 4585 2004 4640 Correctores

429 4696 835 4741 correxerunt:
877 4683 1377 4737 Archidiaconicum
1404 4680 1641 4748 ofﬁciunt
1678 4694 1775 4729 non
1811 4688 1887 4728 est
1940 4689 2004 4727 ex

426 4775 733 4845 a/ﬁcialium
781 4773 1154 4841 dignitatibus,
1182 4786 1272 4824 nec
1298 4755 1553 4823 tribuitur
1583 4782 1647 4819 ea:
1692 4764 2005 4818 liberalitate

426 4868 822 4937 poutilicali,ut
868 4867 1181 4936 ofﬁcia/ium
1227 4850 1538 4934 dignitates.
1586 4860 1764 4912 Prima
1826 4858 2005 4912 νει-εἰσ

428 4961 562 5015 satis
605 4970 693 5015 est
745 4961 1120 5029 magisterialis
1176 4973 1270 5011 seu
1350 4953 1705 5023 magistralis,
1762 4950 2005 5004 secunda

434 5054 600 5121 paulo
636 5055 863 5121 propius
918 5066 1147 5118 scopum
1189 5048 1384 5117 tangit.
1436 5042 1788 5098 Archontieia
1818 5040 1999 5094 ollicia

432 5156 486 5198 et
517 5147 811 5215 ἀξιώματα
842 5147 984 5213 apud
1018 5144 1249 5198 Citrium
1278 5149 1409 5195 sunt
1448 5140 1536 5192 illa
1570 5135 1830 5208 qumqnis
1864 5134 2007 5186 obti-

436 5248 525 5293 net
552 5242 638 5291 διὰ
671 5240 779 5291 τῶν
815 5238 1194 5308 ἀρχοντικίων,
1232 5237 1336 5289 hoc
1378 5243 1461 5287 est
1528 5249 1619 5299 per
1681 5232 1890 5283 litteras
1955 5232 2006 5278 el

432 5330 705 5383 codicillos
729 5331 836 5382 τῶν
863 5329 1160 5397 ἀρχόντων,
1216 5325 1535 5392 principttm',
1585 5323 1698 5376 sive
1738 5321 1772 5374 ii
1826 5325 2011 5372 essent

435 5424 797 5489 imperatores
826 5422 941 5475 sive
972 5419 1319 5488 patriarchae.
1360 5414 1679 5483 Respondet
1730 5425 1860 5479 ergo
1917 5408 2009 5462 Ci-

436 5514 576 5566 trius
603 5513 971 5567 archidiaconi
1007 5511 1251 5565 ofﬁcium
1282 5523 1388 5562 non
1423 5522 1545 5561 esse
1566 5504 1836 5575 ejusmodi
1862 5502 2009 5571 qttod

438 5620 539 5673 per
568 5606 894 5658 archonticia
923 5602 1257 5667 conferatur,
1294 5617 1390 5655 seu
1426 5600 1496 5652 ab
1524 5601 1855 5667 imperatore
1914 5609 2007 5648 seu

445 5698 825 5764 apatriarcba,
865 5701 960 5754 sed
996 5710 1117 5753 esse
1140 5695 1291 5761 longi
1320 5691 1581 5759 temporis
1605 5701 1663 5744 et
1702 5701 1880 5756 aperte
1913 5686 2007 5740 ditt

2108 4512 2303 4549 nutncn
2334 4495 2718 4557 exterminant,
2759 4506 2811 4546 ιιι
2847 4494 3262 4562 etpatriarclue,
3297 4492 3679 4545 archidiaconi

2107 4599 2161 4643 et
2199 4589 2248 4640 id
2286 4603 2456 4657 genus
2493 4587 2621 4649 alia,
2649 4597 2911 4652 tanquam
2932 4587 3173 4651 superba,
3208 4586 3449 4654 fustuosa
3476 4592 3523 4635 et
3547 4584 3684 4635 sim-

2107 4676 2338 4751 plicitati
2376 4679 2678 4747 apostolica:
2708 4678 3074 4737 adversantia,
3108 4679 3292 4744 quippe
3345 4692 3462 4743 qua
3520 4677 3686 4739 impe-

2109 4776 2245 4827 rium
2276 4783 2324 4825 et
2340 4781 2641 4839 potestatem
2661 4771 2714 4822 in
2743 4770 2983 4822 subditos
3007 4770 3276 4833 denotant,
3330 4784 3431 4820 non
3448 4769 3684 4835 primum

2109 4868 2159 4917 in
2203 4864 2385 4928 aliqua
2454 4861 2719 4927 [unctione
2769 4874 2859 4911 seu
2924 4858 3239 4920 ministerio,
3305 4872 3397 4909 seu
3454 4856 3684 4921 primum

2112 4954 2292 5007 ordine
2315 4956 2366 5005 in
2400 4952 2577 5019 aliqua
2601 4961 2757 5012 coetu,
2791 4953 2982 5017 absque
3014 4956 3186 5000 tamen
3221 4948 3442 5014 imperia
3500 4955 3548 4999 et
3584 4960 3684 5010 po-

2110 5053 2295 5098 testate
2328 5044 2385 5094 in
2450 5052 2689 5094 σωιενυδ.
2749 5038 2883 5091 “llic
2932 5038 3031 5105 ipsi
3073 5037 3313 5105 gaudent
3362 5035 3685 5105 apostolicis

2112 5134 2217 5187 illis
2248 5145 2320 5199 et,
2352 5141 2411 5185 ut
2441 5131 2757 5199 loquuntur,
2782 5125 3673 5199 trimestissiniisappellationibus

2112 5223 2520 5296 πρεσϐυτέρων,
2568 5223 2862 5286 ποιμένων,
2920 5217 3257 5277 ἐπισκόπων,
3321 5214 3682 5282 λειτουργῶν,

2112 5314 2391 5368 διακόνων,
2425 5310 2642 5363 δούλων.
2668 5308 2861 5360 Verum
2882 5306 3105 5358 nomina
3123 5306 3236 5360 hac
3262 5320 3384 5360 esse
3401 5304 3690 5357 retinenda

2117 5405 2207 5459 ubi
2242 5406 2509 5456 hactenus
2542 5402 2860 5468 viguerunt,
2892 5405 2945 5449 et
2989 5398 3291 5449 revocanda
3325 5397 3411 5449 ubi
3435 5394 3693 5447 exulare-

2114 5507 2262 5559 runt,
2303 5496 2420 5550 l‘use
2447 5495 2782 5547 demonstrat
2812 5492 3083 5549 Adrianus
3109 5490 3333 5544 Saravia
3357 5478 3686 5552 Calvinista,

2116 5593 2168 5647 in
2202 5590 2339 5644 libro
2364 5603 2525 5656 quem
2561 5586 2628 5642 de
2685 5583 2921 5638 diversis
2993 5586 3253 5652 gradibus
3306 5583 3687 5638 ministrorum

2117 5679 2553 5751 evangelicorum
2588 5675 2881 5746 evulgavit-,
2914 5689 2967 5730 e.
3002 5676 3090 5739 ‘25,
3135 5678 3212 5731 sic
3263 5688 3442 5730 tamen
3493 5682 3554 5730 ut
3580 5674 3689 5740 ,bis
