3952 6222
308 203 409 266 liii

1443 212 1825 272 GRETSEBI
1855 215 1952 273 ET
1987 216 2234 275 GOARI
2267 217 2504 299 NOTJS.

3436 223 3537 287 18?.

297 317 762 384 appellationibus
782 318 991 371 nullum
1016 319 1068 371 in
1090 319 1528 388 aliosimperium
1546 322 1879 390 designetur,
1909 331 1954 385 Α
1983 331 2411 377 consentaneum
2432 334 2502 377 sit
2525 325 2579 377 in
2622 325 2906 402 purpureis
2955 326 3351 393 pontiﬁcalibus
3384 334 3543 386 vesti-

296 409 397 463 δεδι
433 408 543 461 sola
572 408 781 461 ordinis
815 408 1053 475 dignitas
1076 416 1131 463 ct
1171 419 1229 463 ut
1263 410 1348 463 sic
1378 410 1575 476 dicam,
1619 413 1862 480 primitus

274 512 401 551 seu
428 499 494 550 τὰ
526 502 788 564 πρωτεῖα.
818 498 955 552 ΗυΞο
982 499 1294 554 Calvinistae
1323 503 1573 569 opposuit
1602 518 1660 556 se
1685 503 1865 557 Calvi-

298 590 569 642 nismrum
605 591 1002 657 antesignanus
1028 590 1163 643 Bcza
1225 591 1446 660 proprio
1493 592 1632 647 libro
1677 593 1868 647 adver-

298 692 403 733 sus
457 676 740 731 Saraviam
805 681 1104 747 publicato,
1164 681 1254 735 ubi
1306 683 1589 737 contendit
1641 684 1864 738 nomina

299 768 420 820 haec
460 784 684 835 prorsus
723 786 826 823 non
856 787 968 824 esse
994 772 1291 834 toleranda,
1344 773 1437 828 sed
1498 790 1575 827 ex
1622 775 1871 831 ecclesiis

299 858 645 922 explodenda
678 868 939 925 tanquam
977 859 1321 927 simplicitati
1352 860 1666 928 apostolicae
1722 876 1871 929 proro

300 962 407 1000 sus
467 948 850 1016 repugnantia.
908 946 1035 1001 Mihi
1085 948 1370 1003 conﬂictus
1412 949 1514 1013 iste
1575 950 1716 1004 inter
1771 951 1871 1007 hos

298 1038 449 1091 duos
475 1038 735 1107 Lapithas
768 1041 905 1093 mire
930 1040 1104 1108 placet
1133 1055 1148 1092 :
1176 1056 1301 1093 nam
1322 1041 1373 1093 in
1394 1040 1617 1095 Saravia
1640 1041 1871 1097 observo

298 1128 613 1180 lisertticam
638 1129 1026 1193 arrogantiam,
1063 1144 1185 1196 quae
1222 1144 1345 1182 cum
1381 1130 1562 1183 omnia
1608 1130 1869 1186 confudeo

296 1222 378 1271 rit
399 1229 457 1272 et
488 1220 887 1287 permiscuerit,
914 1235 1058 1274 nunc
1080 1222 1240 1289 quasi
1263 1222 1578 1290 pmuitentia
1636 1219 1864 1278 ducere-

295 1317 414 1371 tur,
442 1309 739 1377 honoriﬁca
765 1310 854 1363 illa
877 1313 1222 1380 patriarchas,
1245 1294 1669 1381 archiepiscopi,
1690 1315 1874 1368 archi-

295 1401 525 1454 diaconi
550 1410 603 1456 ct
631 1402 832 1457 similia
864 1405 1225 1473 cognomenta
1250 1404 1421 1458 ambit
1478 1406 1656 1474 iisque
1712 1407 1875 1461 deco-

292 1492 413 1545 rari
434 1493 616 1561 gestit,
646 1494 716 1545 ita
742 1502 921 1547 tamen
940 1507 1001 1548 ut
1043 1497 1267 1564 antiqua
1295 1497 1517 1550 notione
1535 1498 1688 1566 quasi
1711 1508 1874 1553 exuta

297 1595 501 1633 noram
536 1583 782 1646 induant,
826 1584 1137 1651 nullamque
1184 1591 1508 1652 potestatem
1539 1595 1592 1638 et
1661 1585 1870 1639 nullum

295 1672 591 1741 imperium
626 1674 949 1741 signiﬁcent.
976 1675 1032 1727 lu
1063 1674 1202 1727 Bcza
1232 1684 1412 1728 autem
1438 1675 1489 1728 id
1536 1690 1643 1742 prae
1663 1677 1873 1731 czeteris

291 1765 840 1819 animadtertendum
874 1774 1024 1831 puto,
1079 1768 1221 1832 quod
1282 1782 1390 1818 non
1447 1766 1683 1821 obscure
1738 1782 1870 1822 suos

288 1855 635 1923 Calvinistas
663 1857 889 1925 Anglos,
920 1865 973 1910 et
1004 1857 1348 1910 Lutheranos
1400 1858 1451 1920 in
1500 1856 1787 1911 Germania
1818 1866 1873 1911 et

291 1948 519 2014 Suecia,
538 1948 875 2018 perstringit,
897 1948 1023 2016 quia
1046 1947 1213 2015 aliqui
1265 1948 1481 2003 illorum
1519 1962 1641 2003 sese
1667 1948 1872 2001 archie—

288 2040 537 2106 piscopos
565 2030 619 2090 et
644 2040 898 2107 primates
931 2047 987 2093 et
1017 2038 1419 2092 archidiaconos
1451 2038 1756 2102 nominant,
1817 2049 1870 2093 et

290 2132 375 2185 ita
400 2131 875 2185 etiamrnominari
915 2141 967 2185 et
987 2129 1211 2185 salutari
1256 2130 1459 2192 volunt,
1517 2129 1868 2197 pulchrisque

291 2226 405 2279 sub
437 2223 757 2278 nominibus
782 2231 988 2290 turpem
1019 2222 1251 2275 haeresin
1284 2221 1485 2274 celant.
1515 2219 1724 2274 Csars.

760 2313 919 2382 166
962 2310 1187 2366 CAPUT
1240 2311 1378 2366 xw.

443 2407 520 2460 De
578 2407 750 2459 sacris
812 2404 1039 2469 vestibus
1071 2405 1431 2458 ministrorum
1477 2403 1723 2456 ecclesite.

368 2498 547 2552 Variis
582 2496 637 2550 iu
687 2495 825 2550 locis
875 2509 1157 2548 sacrarum
1200 2494 1431 2548 vestium
1488 2493 1863 2547 ministrorum

289 2587 547 2644 ecclesiae
598 2588 933 2640 mentionem
997 2583 1130 2639 facit
1185 2584 1472 2649 Codinus;
1541 2598 1607 2638 ex
1662 2583 1864 2651 quibus

294 2682 578 2737 nonnullae
610 2680 742 2734 solis
768 2679 1058 2747 episcopis,
1089 2676 1207 2731 alia:
1268 2676 1432 2730 etiam
1487 2675 1862 2730 sacerdotibus

290 2782 357 2827 et
390 2770 633 2824 diacouis
663 2776 1001 2837 competunt.
1039 2764 1250 2819 Primas
1315 2771 1498 2818 teneat
1558 2763 1860 2837 στιχάριον,

295 2862 469 2913 lucidi
497 2862 707 2913 vestitus
737 2836 1042 2925 angelorum
1065 2854 1361 2916 imitamen,
1422 2836 1601 2920 inquit
1638 2850 1859 2904 Simeon

293 2950 816 3009 Tltcssaloniccncis
856 2950 948 3001 lib.
976 2945 1048 3002 De
1081 2944 1301 3014 templo.
1362 2942 1566 3011 Sirpius
1614 2943 1749 2995 enim
1806 2941 1862 2994 in
1894 2974 1940 3035 ο

266 3058 436 3117 reste
489 3044 714 3114 fulgenti
783 3040 991 3108 angelos
1031 3038 1334 3116 apparuisse
1391 3034 1651 3098 novimus,
1712 3042 1767 3086 ut
1816 3042 1865 3087 et

288 3139 452 3189 illum
475 3137 528 3188 in
568 3142 896 3187 manuniento
919 3131 1217 3184 Saluatoris
1250 3137 1542 3194 coopertum
1574 3125 1709 3178 stola
1739 3142 1867 3199 cano

290 3232 449 3283 dido.
487 3230 749 3282 Praterea
781 3239 964 3291 purum
996 3222 1129 3291 etab
1158 3220 1299 3271 omni
1328 3218 1721 3286 inquinamento
1746 3216 1870 3269 libe-v

294 3336 422 3375 rum
443 3316 817 3371 sacerdotalem
840 3323 1035 3367 statum
1059 3327 1165 3364 esse
1193 3319 1428 3378 oportere
1455 3304 1634 3371 docet;
1659 3316 1872 3375 prepter

293 3430 462 3483 quant
492 3412 771 3478 puritatem
810 3407 965 3459 etiam
993 3403 1234 3455 sacerdos
1290 3405 1386 3453 hac
1456 3401 1631 3468 gratia
1679 3402 1868 3467 dignus

285 3503 610 3571 judicatur;
644 3497 781 3566 quod
808 3497 974 3564 ipsum
998 3504 1240 3554 testamr,
1273 3505 1392 3543 cum
1424 3504 1475 3542 se
1515 3489 1738 3542 induens
1762 3495 1869 3541 haec

292 3591 451 3644 verba
476 3588 807 3657 pronuntiat.
834 3582 1166 3634 «Exsultubit
1198 3580 1377 3632 anima
1400 3592 1523 3640 mea,
1543 3577 1596 3628 in
1623 3575 1870 3638 Domino,

289 3684 425 3752 quia
459 3679 629 3732 induit
667 3694 746 3729 me
779 3677 1078 3729 vestimento
1111 3672 1325 3731 salutis,
1363 3688 1379 3718 ι
1415 3678 1463 3721 et
1496 3684 1613 3734 qua:
1644 3683 1873 3736 sequuti-

291 3782 411 3824 tur.
434 3769 677 3837 Episcopi
726 3776 900 3819 autem
950 3765 1223 3834 στιχᾶριον
1254 3764 1475 3830 drsupcr
1497 3760 1867 3813 descendentia

289 3865 455 3916 habet
510 3863 766 3930 (lautitia;
817 3868 890 3911 est
946 3857 1080 3923 enim
1140 3854 1478 3914 undulatum,
1541 3865 1586 3905 et
1644 3852 1872 3919 gratiam

284 3954 524 4013 ducendi
561 3954 613 4003 iu
638 3952 749 4018 ipso
780 3956 1173 4017 reprtescntant.
1226 3944 1361 3996 Nam
1414 3953 1461 3995 et
1504 3943 1637 3995 inter
1664 3941 1872 4009 angelos

288 4063 405 4100 non
439 4045 674 4095 nntnibus
708 4041 841 4092 idem
863 4048 938 4093 est
972 4038 1096 4091 ordo
1128 4047 1174 4089 et
1210 4036 1427 4104 gradus,
1456 4033 1543 4085 sed
1590 4035 1658 4085 ibi
1679 4048 1875 4099 quoque

288 4141 397 4192 a'ii
435 4120 1016 4204 inferiorum’magistri
1054 4140 1193 4181 sunt.
1243 4127 1511 4182 Vocantur
1540 4136 1712 4179 autent
1772 4125 1875 4192 ﬂu-

290 4231 447 4282 mina
473 4238 685 4295 propter
716 4239 889 4277 vocem
921 4221 1216 4275 Saluatoris
1272 4221 1322 4271 in
1356 4218 1637 4284 Evangelia
1698 4216 1874 4268 dicen-

1968 415 2184 479 mcntis,
2202 416 2653 483 quemadmodum
2672 426 2723 470 ct
2742 418 2793 471 iu
2810 417 2966 483 albis,
2985 420 3036 471 in
3056 419 3545 489 sticharioquidcm

1967 506 2209 572 ﬂumina,
2234 506 2283 557 in
2300 506 2566 574 phaenolio
2580 518 2759 560 autem
2775 524 2967 562 cruces
2985 519 3211 579 gestare.
3233 510 3546 580 Respondet

1972 595 2272 651 Demetrius
2303 615 2316 649 :
2350 597 2681 652 Consuetudo
2703 599 2947 654 Ecclesia'
2980 618 3241 669 purpurea
3258 606 3547 671 ponti/ica;

1974 678 2045 731 lia
2073 680 2378 734 indumenta
2401 685 2662 751 simplicia
2696 686 2805 739 rnlt
2831 703 2942 740 esse
3001 698 3048 740 et
3094 690 3205 742 sine
3259 692 3545 756 pru'dicto-

1972 783 2086 822 rum
2154 770 2430 837 ﬂuminum
2483 775 3197 845 cruciumqueiadjectione.
3277 780 3546 836 Meursius

1970 857 2287 912 sticharium
2324 861 2714 930 interpretatur
2734 866 2921 917 sticam
2949 881 2968 918 :
3031 881 3155 919 nam
3200 866 3415 924 G’lossis
3448 869 3546 925 lsi-

1971 948 2247 1005 doristica
2284 962 2368 1006 est
2401 953 2603 1007 tunica.
2644 951 2748 1007 Sed
2807 955 2940 1007 nihil
2997 956 3188 1010 melius
3242 968 3329 1010 est
3374 974 3540 1027 quam

1974 1038 2026 1091 in
2056 1040 2141 1094 his
2171 1050 2225 1093 et
2260 1041 2310 1094 id
2335 1057 2505 1109 genus
2537 1043 2661 1095 aliis
2717 1044 2949 1098 retinere
3013 1043 3203 1101 Graeca
3253 1048 3541 1112 vocabula,

1974 1130 2101 1197 quia
2143 1132 2285 1184 nulla
2308 1143 2600 1201 Sttppr'lttttl
2627 1133 2814 1187 Latina
2853 1150 2979 1203 quae
3010 1135 3120 1188 vim
3151 1145 3206 1188 et
3252 1139 3537 1206 energiam

1973 1218 2283 1274 Graecorum
2326 1224 2566 1290 perfecte
2589 1225 2915 1293 exprimant.
2944 1223 3113 1280 Erant
3136 1235 3319 1280 autem
3345 1227 3547 1279 stic/m-

1976 1314 2057 1365 ria
2093 1314 2349 1379 duplicia,
2410 1331 2604 1384 nempe
2644 1317 3035 1386 patriarchalia
3088 1328 3143 1372 et
3188 1319 3544 1388 episcopalla,

1974 1402 2229 1471 insignita
2267 1403 2455 1472 figuris
2494 1406 2664 1458 instar
2696 1422 2924 1476 gamth
2952 1408 3142 1461 litterae
3194 1409 3259 1473 I‘,
3291 1416 3350 1461 ut
3401 1412 3542 1477 apud

1977 1494 2350 1549 Balsamonem
2378 1495 2650 1563 legimus;
2712 1496 3023 1562 cuiusmodi
3074 1508 3255 1552 restes
3303 1488 3544 1566 appetita

1978 1584 2175 1639 bantur
2220 1585 2534 1654 gammadia
2584 1571 2682 1640 seu
2730 1588 3044 1655 gammatia.
3096 1588 3427 1641 Anastasius
3488 1591 3541 1641 in

1907 1655 1948 1711 Β
1978 1673 2157 1727 Leone
2192 1673 2258 1728 III
2290 1690 2305 1728 :
2342 1674 2629 1730 Columnas
2651 1687 2926 1746 argenteas
2971 1688 3089 1731 octo
3160 1689 3208 1730 et
3239 1680 3543 1744 ganimadia

1977 1766 2106 1818 duo.
2144 1763 2310 1818 Paulo
2346 1776 2469 1836 post
2513 1767 2653 1834 apud
2684 1767 2956 1820 eumdem'
3000 1768 3321 1837 scriptorem
3380 1770 3546 1821 habes

1973 1858 2312 1923 gammadias
2376 1858 2765 1928 chrysoclubas.
2815 1858 2969 1924 Quod
3030 1872 3210 1912 autem
3258 1848 3539 1912 Meursius

1971 1949 2246 2003 existimat
2274 1950 2532 2019 trigouia,
2580 1966 2703 2020 qua:
2747 1961 2874 2005 sunt
2929 1952 2982 2003 in
3035 1950 3345 2019 pltasnoliis,
3419 1964 3543 2003 esse

1972 2039 2145 2109 ipsam
2191 2040 2427 2095 litteram
2495 2043 2556 2106 Γ,
2617 2042 2669 2095 id
2735 2041 3134 2097 mathematicis
3188 2040 3542 2093 Lcidcnsihus

1968 2133 2316 2200 persuadeat,
2347 2134 2396 2188 si
2433 2143 2611 2203 potest
2640 2150 2656 2198 ;
2690 2150 2792 2189 nos
2816 2144 2967 2189 certe
3019 2144 3132 2188 tres
3173 2134 3405 2203 angulos
3468 2150 3537 2189 ex

1969 2224 2145 2278 littera
2184 2225 2546 2282 I‘extundere
2580 2242 2687 2281 non
2740 2223 3051 2296 possumus.

2034 2354 2090 2422 2)
2118 2355 2331 2426 Φελώνη
2361 2371 2454 2412 seu
2484 2356 2701 2425 φελόνη,
2726 2358 2835 2410 imo
2852 2359 3015 2411 etiam
3037 2357 3330 2424 φαινὸλιον,
3359 2358 3540 2424 (par/6—

1964 2442 2083 2509 λης,
2106 2443 2370 2511 φελόνιον.
2442 2446 2599 2516 167
2652 2445 2912 2500 Peuulam
2997 2445 3087 2499 llic
3149 2446 3244 2514 qui
3297 2454 3543 2509 vortunt,

1966 2533 2002 2586 ii
2057 2533 2257 2588 frustra
2284 2524 2433 2588 sunt.
2475 2536 2618 2588 Nulli
2656 2536 2865 2603 penula:
2925 2535 3068 2588 inter
3118 2544 3301 2589 vestes
3354 2550 3544 2589 sacras

1964 2625 2254 2691 locusest,
2319 2626 2534 2680 tametsi
2582 2640 2689 2677 non
2748 2626 2940 2693 ignoro
3004 2624 3136 2693 quid
3200 2624 3268 2679 de
3338 2626 3545 2693 penula

1964 2716 2106 2785 apud
2142 2717 2199 2771 S.
2240 2717 2467 2771 Paulum
2522 2718 2685 2786 epist.
2714 2716 2756 2770 ll
2788 2715 2853 2770 ad
2912 2714 3153 2770 Timoth.
3188 2730 3241 2769 iv
3289 2708 3539 2769 nonnulli

1964 2809 2431 2878 p‘niIOSOphentur.
2464 2808 2593 2874 Quae
2628 2823 2755 2861 vero
2780 2808 2899 2873 ejus
2916 2806 3279 2876 signiﬁcatio?
3312 2805 3536 2860 Sacrum

1964 2900 2242 2967 φελώνιον,
2262 2900 2436 2969 inquit
2467 2901 2685 2954 Simeon
2705 2897 3234 2960 Thessalonicensis,
3260 2896 3535 2949 sublimio-

1970 3006 2075 3044 rem
2108 3001 2158 3043 et
2197 3007 2409 3059 superne
2439 2991 2685 3061 collatam
2744 2992 2960 3059 spiritus
2995 2992 3237 3043 virtutem
3258 2988 3352 3041 sub
3404 2988 3537 3057 qua-'-

1968 3082 2091 3133 dam
2136 3081 2308 3149 efﬁgie
2368 3092 2651 3143 monstrat,
2694 3081 2749 3133 in
2786 3080 2974 3148 primis
3032 3094 3238 3133 saccum
3294 3092 3395 3146 quo
3443 3092 3531 3143 per.

1970 3166 2254 3225 ludibrium
2284 3171 2532 3227 Salvator
2553 3173 2767 3225 indutus
2797 3172 3132 3237 est;idcirco
3170 3180 3217 3223 et
3259 3172 3397 3222 sacci
3427 3169 3539 3237 for-

1969 3278 2107 3314 mant
2133 3262 2287 3316 habet
2317 3278 2334 3316 :
2360 3280 2449 3316 nec
2473 3265 2610 3317 enim
2639 3265 2693 3316 in
2738 3280 2796 3316 eo
2852 3271 2973 3316 sunt
3033 3278 3149 3331 qua:
3198 3250 3539 3330 appellantur

1975 3353 2197 3423 μανικια
2230 3371 2316 3407 seu
2346 3342 2863 3409 ιηαηίσὰῑ.Φαινόλια
2896 3355 3260 3422 patriarchica
3324 3363 3377 3406 ct
3414 3353 3535 3421 cpi-

1971 3445 2210 3515 scopulis
2230 3444 2386 3515 plena
2408 3454 2563 3498 erant
2585 3446 2836 3499 crucibus
2856 3447 3022 3504 (urile
3047 3438 3174 3510 ipsis
3200 3443 3539 3513 pulystuurii,

1971 3526 2125 3606 quasi
2158 3537 2311 3592 dicas
2345 3538 2689 3599 multicrucii,
2732 3538 3068 3607 appellatio),
3127 3544 3178 3590 cl
3233 3548 3534 3604 repraesen-

1971 3639 2087 3682 tant
2118 3638 2404 3700 pcrtolum
2448 3630 2634 3684 orbem
2680 3629 2930 3683 diﬂ'usam
2984 3628 3307 3681 veneranda:
3354 3626 3536 3679 crucis

1971 3723 2219 3791 gloriam,
2295 3722 2553 3790 utinquit
2606 3721 2896 3799 Balsapion
2949 3720 3001 3772 in
3043 3718 3314 3773 dlsscrtati
3340 3731 3422 3767 me
3468 3714 3536 3768 de

1974 3809 2408 3876 patriarcharum
2436 3810 2755 3877 privilegiis.
2784 3809 2990 3860 Formae
3018 3814 3195 3858 autem
3228 3804 3532 3872 triangulus,

1972 3916 2094 3967 quae
2119 3902 2170 3952 in
2207 3900 2397 3953 iisdem
2428 3900 2713 3967 pliaanoliis
2750 3900 3024 3958 visuntur,
3058 3895 3334 3949 declarant
3367 3909 3540 3961 angu-

1973 3991 2141 4041 larem
2173 3987 2401 4055 lapidem
2428 3987 2710 4041 Christum
2746 3985 2910 4039 Deum
2949 3995 3221 4046 nostrum,
3282 3981 3377 4048 qui
3422 3982 3537 4037 dis-

1970 4081 2157 4149 juucta
2186 4079 2490 4149 conjunxit,
2526 4087 2584 4131 ut
2612 4077 2789 4144 inquit
2840 4076 2981 4128 idem
3008 4074 3316 4128 Balsamon.

2047 4215 2573 4287 5)Epitrachelium.
2643 4183 2975 4268 ilelcrodoxi
3035 4201 3359 4280 interpritcs
3421 4224 3543 4262 ver-

292 4325 393 4374 lis;
432 4339 448 4369 ι
488 4321 588 4384 Qui
613 4319 777 4370 credit
816 4317 867 4367 in
902 4329 999 4371 me.
1032 4312 1255 4381 ﬂumina
1283 4311 1344 4362 de
1372 4320 1545 4362 ventre
1576 4310 1688 4376 ejus
1710 4308 1874 4375 [luerit
1911 4315 1951 4368 υ
1982 4316 2102 4361 tunt
2132 4304 2324 4359 collare
2346 4320 2441 4360 seu
2470 4304 2782 4358 cellarium:
2816 4302 2910 4358 sed
2952 4302 3002 4355 id
3034 4301 3197 4354 nimis
3250 4298 3543 4368 profanum

293 4429 457 4482 aqua:
487 4412 629 4466 victe.
669 4428 687 4460 ι
726 4408 859 4475 Hoc,
897 4406 1032 4457 idem
1077 4402 1239 4469 pallio
1299 4399 1585 4468 episcopali
1640 4408 1872 4450 notatur.

300 4505 561 4557 Flumina
593 4501 803 4571 quidem
856 4498 1003 4549 habet
1066 4502 1280 4562 propter
1331 4508 1391 4544 ea
1448 4507 1560 4559 qua:
1618 4491 1872 4551 diximus,

298 4596 500 4665 pocula
529 4610 644 4647 vero
672 4609 767 4658 pro
796 4601 916 4660 typo
956 4586 1137 4640 veteris
1170 4594 1219 4638 et
1281 4600 1425 4637 novre
1473 4583 1682 4652 gratia}.
1746 4582 1876 4643 Qua:

298 4691 468 4743 etiam
497 4683 801 4751 ﬂuminibus
849 4680 998 4748 quasi
1030 4679 1323 4740 innatant;
1387 4675 1523 4743 quod
1573 4689 1674 4725 non
1730 4673 1876 4723 aliud

299 4778 411 4831 sibi
451 4777 555 4829 rult
582 4790 739 4843 quam
774 4773 1025 4841 niagistro
1060 4770 1163 4823 sive
1187 4768 1385 4820 doctori
1414 4754 1499 4818 ex.
1529 4764 1731 4818 duobus
1783 4764 1880 4818 Teo

302 4871 586 4924 stantentis
654 4866 724 4918 ad
786 4865 1070 4916 docendum
1119 4860 1464 4913 hauriendum
1510 4874 1640 4913 esse.
1714 4857 1880 4910 Erant

306 4969 500 5014 autem
526 4958 787 5018 sticliaria
826 4970 931 5007 ncu
964 4954 1137 5007 solum
1198 4950 1453 5012 candida,
1483 4951 1574 5002 sed
1615 4946 1876 5001 nonnulla

307 5054 484 5106 etiam
523 5064 817 5120 purpurea,
859 5063 982 5116 qua:
1012 5062 1040 5097 a
1097 5043 1475 5097 sacerdotibus
1533 5051 1585 5093 ct
1634 5037 1881 5092 diaeonis

309 5153 436 5196 tota
470 5141 884 5210 quadragesima
926 5136 1126 5206 gestari
1177 5144 1405 5189 testatur
1451 5133 1686 5185 Codiuus
1728 5147 1778 5185 c.
1822 5131 1876 5192 9,

307 5246 542 5301 excepto
573 5233 712 5286 lcle
753 5227 1223 5292 Annuntiationis,
1258 5225 1565 5279 Palmarum
1596 5235 1649 5277 et
1681 5238 1877 5293 magno

312 5324 566 5379 Sabbato
607 5325 850 5379 Paschze.

392 5418 533 5471 inter
564 5431 790 5471 caeteras
822 5415 1151 5485 qumstioncs
1185 5428 1321 5482 quas
1366 5411 1631 5476 Bulgarize
1675 5406 1886 5459 archie-

313 5509 549 5579 piscopo
586 5504 860 5560 Demetrio
886 5505 1248 5560 Chomatiauo
1272 5500 1453 5569 posuit
1488 5496 1884 5551 Constantinus

311 5598 605 5654 Cabasilas
642 5598 1087 5660 archiepiscopus
1140 5594 1440 5657 Dyrrachii,
1492 5592 1593 5645 luit
1622 5590 1744 5652 ista,
1817 5604 1883 5643 au

1984 4399 2217 4450 vidrtur.
2262 4396 2580 4450 Rctinemus
2607 4408 2736 4463 ergo
2777 4408 2974 4446 nomen
3012 4392 3282 4446 Grtecuzn.
3320 4390 3542 4458 lipara.

1984 4489 2230 4550 chetium,
2265 4484 2718 4555 inquitSimeon,
2755 4500 2781 4535 e
2807 4482 2931 4535 caelo
2989 4482 3384 4534 descendentem
3432 4482 3543 4548 spi—

1986 4584 2119 4633 ritus
2155 4581 2383 4648 gratiam
2430 4578 2590 4631 menti
2618 4570 2855 4642 subjicit.
2914 4574 2988 4626 0b
3024 4576 3119 4625 hoc
3167 4574 3305 4625 enim
3332 4583 3380 4624 et
3435 4572 3548 4639 epi-

1984 4688 2168 4740 scopus
2199 4680 2246 4723 et
2299 4669 2541 4722 sacerdos
2588 4684 2620 4719 a
2669 4667 2836 4732 capite
2886 4663 3016 4715 illud
3064 4664 3323 4714 inducas:
3378 4678 3398 4710 ι
3443 4659 3548 4712 Be-

1987 4762 2421 4827 nedictusﬂeus,
2478 4759 2667 4826 inquit,
2703 4758 2791 4824 qui
2841 4754 3062 4821 effundit
3109 4752 3339 4819 gratiam
3389 4765 3546 4815 super

1986 4855 2281 4910 sacerdotes
2316 4870 2459 4906 suos.
2521 4870 2539 4900 ι
2580 4848 2723 4901 Unde
2747 4862 2805 4899 eo
2828 4843 3038 4913 quilibet
3077 4842 3321 4894 sacerdos
3354 4841 3541 4902 utitur,

1985 4947 2388 5015 quotiescunque
2444 4939 2733 5005 sacriﬁcat.
2787 4934 3092 5014 Germanus
3125 4918 3187 4986 in.
3236 4947 3335 4986 sua
3395 4933 3545 4984 theo-

1989 5039 2065 5089 ria
2090 5051 2266 5088 rerum
2287 5029 2775 5085 ecclesiasticarum
2802 5042 2817 5078 :
2846 5024 3096 5077 Dextram
3123 5033 3322 5093 partem
3347 5022 3542 5089 epitra-

1988 5128 2140 5179 chelii
2163 5125 2423 5194 signiﬁcat
2454 5119 2656 5172 arundo
2684 5117 2904 5170 ludibrii
2932 5118 3101 5185 gratia
3129 5114 3353 5166 dextera:
3389 5110 3541 5162 Chri-
3624 5126 3634 5178 λ

1988 5220 2055 5271 sti
2087 5217 2246 5279 data;
2271 5214 2544 5267 sinistram
2569 5219 2772 5278 partem
2796 5211 2998 5264 indicat
3026 5207 3196 5260 crucis
3233 5204 3284 5257 in
3317 5202 3544 5271 prapriis
3628 5238 3639 5255 .

1991 5309 2219 5361 humeris
2250 5306 2494 5377 gestatio.
2548 5303 2991 5373 Epitrachelium,
3029 5298 3205 5368 inquit
3235 5296 3542 5357 Balsamon,

1992 5402 2255 5470 signiﬁcat
2286 5401 2456 5453 lorum
2487 5398 2616 5451 illud
2649 5414 2749 5467 quo
2777 5398 2883 5451 vita
2908 5398 2973 5448 ad
3002 5402 3218 5445 mortem
3246 5398 3415 5441 tracta
3446 5395 3545 5440 est.

1994 5494 2148 5557 Quod
2181 5500 2361 5545 autem
2394 5488 2665 5541 Meursius
2698 5489 2958 5556 opinatur
2990 5485 3049 5537 τὸ
3081 5480 3392 5549 ὲπωμάδιον
3420 5491 3547 5529 esse

1993 5586 2054 5638 τὸ
2106 5581 2514 5649 ὲπιτραχήὶιον,
2578 5579 2630 5632 id
2667 5578 2884 5633 dillicile
2920 5572 3126 5629 creditu
3161 5568 3279 5661 'erit
3316 5566 3423 5622 illis
3454 5563 3550 5633 qui
