3952 6222
391 193 494 259 183

1538 193 1622 254 ΙΝ
1668 192 2106 256 ιιΒΗυΜῡΕ
2131 194 2461 282 OFFICUS
2501 195 2611 256 CP.

3544 197 3645 261 184

380 307 443 360 τ’)
470 306 785 375 intonabit»:
813 304 1075 385 proprius
1096 304 1160 359 ad
1188 302 1506 376 ὼμοφόριον
1531 318 1695 375 quam
1725 303 1791 358 ad
1840 304 1963 357 ἑπι-

2084 312 2307 360 utuutur
2371 307 2516 359 inter
2569 305 3011 369 sacrificandum.
3076 315 3212 361 utet
3261 304 3530 361 diaconus
3589 316 3642 360 et

381 394 682 465 τραχήλων
713 396 977 450 accedere
1019 405 1240 450 norunt.
1707 446 1716 455 ,

455 483 509 549 4)
546 482 815 536 Orarium.
845 482 1112 536 Diaconus
1134 483 1433 553 angelicum
1460 487 1679 541 sortitus
1702 487 1961 553 ordinem,

383 574 562 643 inquit
610 571 856 637 Simeon.
890 575 995 643 fert
1048 578 1102 628 in
1136 576 1370 630 humeris
1404 578 1546 646 quod
1585 579 1827 650 ὠράριον
1869 597 1964 634 no-

383 667 614 730 minant,
647 667 789 733 quod
814 666 967 733 quasi
992 665 1108 720 alas
1134 667 1307 733 habet,
1336 677 1394 721 ut
1421 669 1637 723 illorum
1659 671 1963 739 spirituum.

382 766 488 825 qua
532 768 813 825 prwsltml,
842 759 1211 830 intelligentia:
1245 761 1568 815 celeritatem
1617 763 1963 817 demonstret.

387 850 566 915 Quare
593 863 640 904 et
677 848 963 905 Clterubim
998 851 1160 920 {acies
1215 852 1512 906 obvelantia
1565 854 1808 918 imitans,
1855 855 1968 923 ipse

384 958 610 1011 quoque,
642 943 769 995 dum
806 943 1059 1012 cingitur.
1094 944 1482 1010 quodammodo
1540 952 1598 997 ut
1652 946 1729 998 rei
1775 944 1967 999 dirinte

387 1033 655 1099 particeps
695 1042 744 1085 et
806 1033 1122 1087 administer
1179 1033 1414 1102 futurus,
1459 1036 1710 1104 operitur.
1752 1035 1817 1089 In
1853 1038 1966 1107 ipso

390 1125 512 1177 item
538 1125 714 1177 orario
736 1124 997 1187 Sanctus.
1018 1123 1278 1191 Sanctus,
1303 1125 1560 1191 Sanctus.
1584 1127 1840 1195 scriptum
1867 1134 1963 1190 est,

389 1232 493 1284 quo
530 1217 949 1269 ministratorius
997 1226 1305 1271 sanctorum
1359 1216 1667 1285 angelorum
1703 1218 1833 1272 ordo
1872 1233 1967 1272 ex-

388 1310 659 1377 primitur.
688 1308 1017 1364 Gestabatur
1046 1309 1279 1380 orarium
1338 1308 1390 1360 in
1448 1309 1675 1361 sinistro
1710 1309 1965 1363 humero.

390 1399 448 1454 S.
484 1400 916 1469 Cbrysostomus
948 1399 999 1452 iu
1040 1398 1281 1468 Liturgia
1309 1417 1323 1453 :
1362 1398 1437 1452 Τὸ
1465 1399 1577 1467 μὲν’
1607 1398 1846 1468 ὠράριον
1876 1400 1971 1451 ἁσ-

388 1490 709 1553 πασάμενος
739 1490 1026 1560 ἐπιτίθησι
1056 1490 1134 1560 τῷ
1163 1491 1442 1561 aptasset?)
1492 1489 1650 1561 ὤμῳ.
1709 1490 1964 1560 Figuratn

386 1580 606 1635 diaconi
645 1582 885 1634 orarium
917 1568 1190 1649 portantis
1251 1581 1419 1635 babes
1455 1580 1609 1634 initio
1646 1578 1903 1649 Gregorii:
1938 1596 1965 1633 a

2073 397 2445 453 subdiaconus
2476 398 2618 453 inter
2664 398 3111 454 ministrandum.
3166 399 3369 454 Sudori
3429 399 3641 453 abster-

2068 493 2245 561 geudo
2282 490 2549 546 serviebat
2587 490 2889 554 sudarium,
2921 490 3059 555 quod
3094 494 3165 543 ad
3216 491 3522 560 tergeudum
3554 506 3645 545 su-

2067 586 2246 638 dorem
2294 584 2347 637 in
2379 598 2541 636 manu
2597 582 2791 652 gestari
2821 599 2935 636 mos
2989 591 3107 648 est;
3134 582 3275 653 quod
3310 582 3510 636 usitato
3546 596 3642 635 no-

2067 676 2205 728 mine
2260 673 2513 728 lanonem
2575 689 2866 737 vocamus,
2927 673 3105 743 inquit
3173 673 3459 728 Alcuinus.
3509 671 3644 727 Vide

2068 765 2405 835 Glossarium
2438 765 2503 817 ad
2538 764 2785 819 codicem
2819 762 3024 834 Legum
3052 763 3425 834 antiquarum.

2138 857 2217 921 5).
2269 855 2590 923 Ὠμοφόριον
2625 854 2898 910 humerale
2937 854 3087 909 dicas
3119 854 3320 916 licebit.
3360 852 3580 908 tametsi
3612 867 3643 905 a

2070 954 2260 1011 nostra
2291 944 2555 997 humerali
2605 944 2686 995 vel
2746 943 3182 1012 superhamerali
3210 957 3435 1015 prorsus
3456 943 3643 997 diver-

2069 1052 2212 1092 sum.
2248 1035 2532 1104 Pt-Oprium
2588 1036 2971 1105 episcoporum
3023 1044 3324 1103 gestamen,
3384 1035 3531 1105 quod
3580 1049 3646 1088 ea:

2068 1126 2194 1181 lana
2234 1129 2553 1197 confectum.
2585 1126 2763 1199 inquit
2787 1127 3033 1190 Simeon.
3067 1127 3122 1180 in
3170 1126 3345 1181 orbem
3390 1130 3646 1181 .Itumeros

2071 1230 2196 1275 ante
2221 1230 2271 1274 et
2328 1228 2467 1274 retro
2522 1220 2803 1287 convestit.
2831 1221 2946 1273 Hoc
2977 1234 3140 1288 genus
3198 1218 3494 1272 indumenti
3535 1219 3648 1271 sine

2068 1312 2401 1366 dubitatione
2457 1328 2490 1363 a
2518 1310 2674 1365 verbo
2713 1307 2923 1364 carnein
2954 1325 3020 1364 ea:
3062 1309 3279 1379 Virgine
3307 1318 3522 1377 propter
3553 1325 3648 1362 nos

2070 1414 2368 1472 susceptam
2396 1402 2746 1472 humanaque
2781 1410 2991 1457 natura
3022 1402 3437 1470 assumptionem
3466 1400 3646 1454 decla-

2071 1505 2178 1549 rat.
2212 1493 2338 1548 ldco
2372 1495 2509 1548 enim
2542 1511 2606 1548 ex
2632 1495 2756 1548 lana
2792 1510 2996 1564 quoque
3025 1494 3241 1551 texitur.
3267 1492 3520 1561 quoniam
3557 1507 3650 1546 er-

2071 1585 2296 1637 raticam
2328 1600 2492 1648 ovem,
2534 1584 2629 1637 hoc
2668 1594 2744 1637 est
2781 1578 3033 1636 naturam
3069 1591 3331 1647 nostram,
3367 1583 3563 1652 signat.
3597 1593 3648 1634 et

387 1671 591 1726 Wollio
630 1672 784 1726 editi.
826 1672 1008 1742 Apage
1047 1671 1170 1727 illos
1201 1672 1294 1741 qui
1339 1673 1443 1726 hoc
1495 1674 1737 1727 orarium
1779 1672 1968 1724 volunt
2001 1687 2041 1746 Β
2072 1677 2325 1741 quoniam
2351 1677 2460 1744 ipse
2493 1692 2696 1746 quoque
2724 1693 2891 1745 agnus
2921 1692 3017 1744 pro
3036 1675 3185 1730 nobis
3206 1676 3407 1728 occisus
3438 1687 3652 1741 vocatus

386 1781 512 1820 esse
561 1766 857 1833 ἐκμαγεῖον
906 1760 1001 1816 τοῦ
1064 1764 1382 1832 προσώπου,
1438 1764 1715 1818 sudarium
1776 1761 1963 1816 sudori

389 1856 774 1925 abstergendo,
808 1856 898 1908 καὶ
919 1855 1347 1926 χειρόμακτρον,
1376 1857 1633 1911 manibus
1660 1854 1964 1926 purgandis

388 1960 441 2002 et
469 1948 867 2019 abstergendis.
903 1948 1025 2002 Sint
1050 1948 1197 2002 enim
1234 1932 1422 2003 araria
1449 1948 1699 2019 profanis
1730 1947 1965 2015 scripto-

390 2043 545 2096 ribus
572 2056 635 2094 ea
692 2056 813 2110 quae
867 2041 1145 2096 Arnobius
1183 2051 1344 2095 vocat
1396 2041 1708 2104 muccinia.’
1741 2039 1846 2093 hoc
1881 2048 1965 2094 est

386 2135 553 2189 lintea
582 2134 810 2197 minuta,
841 2134 1046 2202 quibus
1098 2142 1152 2187 et
1190 2148 1389 2187 mucus
1445 2132 1660 2185 narium
1712 2141 1766 2185 et
1797 2132 1966 2185 sudor

388 2241 457 2280 ex
495 2225 644 2278 vultu
676 2239 904 2278 manans
943 2224 1296 2293 abstergitnr,
1334 2233 1498 2291 prout
1537 2221 1756 2291 capiose
1781 2230 1967 2275 osten-

388 2318 471 2371 dit
497 2314 855 2370 Casaubonus
910 2315 964 2368 in
1024 2315 1169 2368 notis
1203 2314 1267 2368 ad
1330 2312 1581 2367 Flavium
1626 2310 1961 2379 Vopiscum:

390 2407 447 2461 in
487 2407 722 2462 ecclesia
762 2416 940 2462 tamen
995 2407 1239 2461 orarium
1302 2421 1457 2462 sacra
1500 2405 1641 2459 stola
1703 2414 1845 2469 erat,
1909 2409 1966 2458 et

391 2500 546 2554 mdlo
607 2500 768 2555 modo
824 2513 852 2551 a
893 2499 1125 2554 diacono
1184 2488 1457 2553 induenda
1513 2498 1597 2551 vel
1633 2496 1851 2551 ferenda
1908 2505 1968 2550 ut

392 2592 599 2648 Sltdarii
671 2593 867 2647 vicem-
922 2595 1153 2648 subiret.
1214 2591 1350 2658 Quis
1420 2607 1551 2662 ergo
1620 2591 1738 2659 ejus
1794 2589 1969 2644 usus?

393 2681 514 2739 Non
586 2687 833 2741 omnium
907 2688 1145 2741 vestium
1218 2700 1503 2740 sacrarum
1574 2699 1708 2739 usus
1775 2682 1968 2751 exqui-

393 2777 600 2833 rendas
654 2786 784 2832 est:
868 2776 1067 2832 stillicit
1121 2788 1313 2831 omnes
1377 2776 1632 2829 inventas
1690 2784 1745 2828 et
1798 2776 1970 2827 intro-

394 2870 590 2925 ductas
628 2881 751 2922 esse
798 2866 865 2920 ad
897 2874 1153 2921 ornatum
1193 2865 1357 2936 168
1407 2865 1678 2920 incruenti
1711 2865 1967 2920 sacriﬁcii

394 2974 492 3014 seu
528 2958 784 3028 liturgiae.
807 2972 901 3013 seu
940 2968 997 3011 ut
1036 2972 1137 3013 nos
1188 2972 1473 3022 vocamus.
1533 2958 1734 3011 missae.
1795 2955 1965 3011 Usum

2067 1780 2167 1823 est.
2213 1768 2338 1836 Ipsa
2395 1769 2520 1822 item
2554 1768 2707 1822 verba
2741 1783 2859 1835 qute
2884 1768 3118 1821 humeris
3149 1782 3210 1821 eo
3245 1768 3484 1836 tegendis
3521 1782 3657 1833 pro-

2069 1858 2192 1927 fert.
2214 1859 2483 1912 sententite
2500 1858 2619 1911 huic
2635 1856 3045 1926 suﬁ‘ragantur;
3072 1856 3305 1909 aitenim
3331 1870 3351 1909 :
3379 1873 3397 1907 ι
3429 1853 3659 1910 Sublata

2066 1954 2120 2006 in
2140 1951 2406 2014 humeros,
2426 1948 2655 2013 Christe,
2677 1960 2876 2003 natura
2895 1963 3014 2016 qua:
3030 1956 3325 2012 erraverat,
3349 1958 3660 2018 assumptus

2068 2042 2172 2097 Deo
2209 2051 2257 2096 et
2299 2041 2452 2096 Patri
2487 2041 2637 2095 illdtn
2673 2039 2938 2094 obtulisti.
2983 2056 3001 2090 ι

2136 2132 2191 2199 6)
2210 2131 2466 2201 Maudyas
2512 2130 2793 2201 proprium
2840 2131 3222 2200 episcoporum
3248 2131 3663 2195 vestimentum;

2066 2224 2134 2279 de
2181 2223 2415 2294 quoiam
2465 2236 2608 2291 sepe
2630 2237 2793 2290 supra
2819 2237 2870 2277 c.
2897 2223 2962 2277 i5
2986 2240 3000 2287 ;
3028 2233 3079 2278 et
3104 2222 3138 2277 Ι.
3161 2238 3242 2287 Ill,
3261 2204 3403 2277 com.
3425 2238 3472 2277 c.
3504 2221 3566 2277 ιι
3585 2221 3659 2276 ad

2066 2331 2190 2387 pag.
2217 2315 2336 2370 105.
2364 2314 2633 2370 Scribitur
2653 2314 2815 2369 etiam
2842 2314 3075 2385 μανδῦον
3107 2323 3161 2370 et
3191 2314 3423 2386 μανδύη.

2140 2407 2193 2475 7)
2246 2405 2649 2477 Epigonatium,
2689 2406 3093 2477 supergenuale.
3176 2408 3323 2477 quod
3378 2407 3662 2462 victoriam

2068 2500 2320 2553 adversus
2360 2509 2579 2551 mor'em
2616 2497 2805 2564 (verba
2839 2507 2967 2553 sunt
3009 2497 3310 2568 Simeouis)
3361 2510 3663 2568 nostraque

2070 2603 2274 2645 natura:
2296 2590 2750 2643 immortalitatem
2773 2597 2823 2642 et
2852 2591 2983 2643 vires
3008 2587 3304 2642 Saluatoris
3327 2601 3510 2645 contra
3536 2606 3663 2642 ma-

2070 2684 2202 2755 ligni
2260 2684 2514 2737 dtemonis
2569 2683 2902 2752 tyrannidem
2957 2680 3358 2734 robustissimos
3410 2683 3661 2734 ostendit.

2072 2776 2422 2843 Quamobrem
2451 2784 2500 2828 et
2533 2773 2851 2842 rltomplm'a:
2895 2773 3067 2827 simile
3102 2782 3200 2837 est.
3229 2782 3281 2826 et
3318 2773 3505 2826 lumbis
3535 2772 3665 2825 alli-

2070 2876 2247 2937 gatur.
2276 2866 2362 2919 ubi
2416 2864 2644 2917 hominis
2696 2862 2858 2933 169
2917 2862 3079 2916 robur
3134 2863 3296 2919 situm
3343 2863 3663 2931 prtedicant.

2078 2955 2190 3009 Hoc
2214 2957 2381 3022 ipsum
2408 2956 2562 3008 verba
2612 2971 2728 3025 qua:
2767 2956 2819 3008 iu
2860 2954 3035 3008 cinctu
3098 2953 3417 3007 adhibentur
3468 2954 3669 3021 confir-

398 3050 566 3104 alium
598 3050 643 3104 si
681 3050 882 3105 habere
933 3050 1108 3118 cupis.
1158 3064 1223 3103 en
1280 3048 1376 3103 tibi
1436 3048 1582 3103 hunc
1614 3066 1678 3104 ex
1713 3049 1967 3105 Mattlueo
1995 3021 2040 3079 ο
2077 3021 2244 3113 mant.
2276 3067 2294 3100 ‹
2319 3021 2951 3116 Λεοὶιιερτέτιιοηιιιιιίεα
2980 3054 3072 3099 tua
3098 3059 3263 3114 super
3285 3043 3460 3099 femur
3476 3050 3663 3109 'luum.

400 3138 643 3196 Blastare
674 3141 728 3195 in
758 3140 990 3210 Syuopsi
1013 3140 1396 3196 conciliorum.
1436 3140 1560 3201 Τοῖς
1591 3140 1861 3203 διακόνοις
1885 3141 1973 3193 δέ-

398 3231 543 3281 δοται
573 3229 668 3282 καὶ
696 3228 876 3296 μόνοις
910 3228 987 3298 τῷ
1014 3228 1149 3299 λαῖῷ
1179 3228 1287 3282 τῶν
1315 3228 1479 3298 ὤμων
1505 3227 1663 3281 τοῦτο
1699 3228 1972 3296 περιτιθέ-

402 3333 525 3372 ναι’
557 3318 759 3391 ὲκλήβη
788 3317 841 3370 δὲ
871 3320 1109 3389 ὠράριον
1135 3318 1199 3372 ἐκ
1226 3318 1319 3371 τοῦ
1354 3318 1481 3388 ὠρῶ
1503 3318 1561 3370 τὸ
1595 3317 1852 3385 φυλάσσω
1882 3320 1975 3371 καὶ

400 3409 649 3479 ἐπιτηρῶ
675 3424 691 3440 ·
724 3409 774 3462 οἱ
811 3413 920 3480 γὰρ
972 3408 1304 3480 ὲξαρτῶντες
1348 3412 1504 3465 τοῦτο
1548 3410 1805 3474 διάκονοι,
1864 3413 1975 3473 τοῖς

401 3499 743 3568 ἱερουργοῦςι
782 3502 1176 3572 παριστάμεναι
1207 3504 1300 3556 καὶ
1323 3503 1419 3566 τὰς
1442 3504 1535 3569 τῆς
1569 3502 1725 3571 laci;
1752 3502 1975 3571 τελετῆς

403 3592 787 3662 ἐπιτηροῦντες
818 3594 1004 3664 εὐχὰς,
1046 3593 1121 3662 τῷ
1147 3593 1372 3665 ὼραρίῳ
1413 3597 1522 3656 τοῖς
1553 3595 1611 3646 ἐν
1639 3593 1717 3663 τῷ
1762 3592 1975 3663 ἇμὸωνι

404 3685 731 3751 σημαίνθυσι
754 3674 1022 3748 διακόνοις
1050 3685 1141 3738 τὸν
1170 3687 1360 3757 καιρὸν
1386 3687 1484 3757 τῆς
1515 3686 1840 3755 ὀφειλούσης
1893 3686 1977 3754 γε·

401 3775 973 3846 νεσθαιὲκνρωνήσεως
996 3778 1108 3830 τῶν
1149 3793 1208 3830 τε
1251 3778 1676 3847 κατηχουμένων
1729 3778 1825 3831 καὶ
1867 3780 1976 3832 τῶν

402 3867 626 3922 πιστῶν.
669 3866 864 3923 Orario
911 3868 1238 3939 significant,
1286 3870 1625 3940 quandouam
1674 3879 1876 3939 tempus
1908 3871 1977 3924 sit

402 3948 688 4027 separandi
747 3977 865 4015 uoce
918 3960 1131 4026 publica
1171 3952 1571 4017 catechumenos
1615 3977 1649 4014 a
1707 3961 1974 4031 fidelibus.

404 4050 567 4105 Lecto
587 4052 730 4103 enim
750 4054 1040 4120 Evangelia
1059 4054 1323 4109 diaconus
1340 4055 1682 4110 exclamabat
1703 4071 1719 4110 :
1747 4055 1976 4120 ls'xeant,

403 4141 493 4207 qui
523 4156 625 4193 non
651 4143 1059 4194 communicant.
1088 4141 1209 4207 Quo
1242 4145 1624 4199 catechnmeui
1653 4145 1802 4199 exire
1823 4145 1979 4214 jube-

406 4232 644 4294 bantur.
707 4229 957 4285 fide-libus
1016 4234 1451 4288 remanentibus.
1511 4234 1663 4285 Hunc
1720 4235 1977 4289 Blastarte

2078 3140 2474 3210 pOIentissimc.
2517 3158 2537 3191 ι

2146 3230 2201 3300 8)
2234 3230 2638 3301 Ἐπιμανικιον.
2690 3231 2834 3286 Idem
2885 3230 3151 3286 Simicon:
3210 3231 3292 3285 Τὰ
3332 3226 3664 3297 ἒπιμανίκια

2076 3328 2299 3379 actionis
2330 3326 2521 3380 divina:
2558 3326 2737 3379 omnia
2760 3324 3037 3394 efﬁcientis
3089 3323 3451 3395 signiﬁcamia
3505 3330 3659 3383 sunt,

2075 3430 2123 3471 et
2143 3415 2324 3472 Iesum
2345 3419 2456 3472 suis
2481 3419 2719 3472 manibus
2748 3418 3077 3483 sacriﬁcium
3098 3418 3333 3484 corporis
3362 3425 3411 3467 et
3434 3414 3660 3481 sangui-

2075 3511 2155 3563 nis
2186 3511 2268 3563 sui
2297 3526 2390 3579 per
2419 3527 2473 3564 se
2499 3509 2782 3572 obtulisse;
2832 3510 2919 3563 cui
2946 3508 3256 3562 conveniunt
3302 3521 3419 3576 qua:
3463 3506 3526 3558 iis
3575 3504 3668 3556 in-

2074 3602 2293 3667 duendis
2321 3605 2618 3657 recitantur
2633 3619 2652 3657 :
2676 3621 2696 3653 ι
2712 3601 2936 3656 Dextera
2959 3609 3073 3665 tua.
3095 3599 3341 3665 Domine,
3361 3595 3667 3668 glorilicnta

2073 3702 2159 3748 est
2188 3694 2240 3746 iu
2268 3693 2470 3747 virtute
2497 3712 2511 3758 ;
2540 3712 2558 3743 ι
2589 3702 2637 3749 et
2668 3693 2889 3749 «Manus
2915 3703 3021 3748 tua:
3050 3692 3294 3746 fecerunt
3322 3705 3405 3742 me
3436 3699 3488 3742 et
3517 3687 3670 3757 plas-

2078 3795 2359 3839 mavorunt
2382 3801 2520 3841 me.»
2547 3786 2687 3850 Quin
2707 3786 2869 3839 etiam
2897 3784 3106 3839 vincula
3132 3798 3381 3836 manuum
3409 3777 3672 3855 Salvato-

2076 3877 2172 3943 ris,
2206 3877 2258 3931 iu
2290 3874 2476 3943 quibus
2505 3876 2573 3928 ad
2602 3874 2839 3928 Pilatum
2872 3874 3133 3928 deductus
3157 3880 3262 3938 est,
3291 3872 3508 3941 quidam
3559 3882 3663 3936 per

2078 3966 2401 4036 ὲπιμανίκια
2437 3981 2685 4034 expressa
2715 3968 2915 4020 volunt.

2145 4060 2200 4130 9)
2248 4060 2489 4124 Saccus;
2538 4058 2606 4112 de
2652 4073 2761 4128 quo
2798 4058 2912 4128 jam
2965 4058 3091 4134 alibi
3150 4058 3355 4129 (supra
3414 4072 3471 4110 n.
3525 4054 3560 4109 5
3607 4062 3669 4107 et

2076 4150 2269 4205 Codiu.
2297 4165 2350 4218 p.
2376 4149 2486 4219 15).
2518 4148 2808 4214 Ωιιειετριηιι
2837 4147 3118 4202 Cabasilas
3154 4144 3569 4218 Dyrrachiensis
3593 4159 3666 4196 et

2080 4242 2350 4296 Demetrio
2394 4241 2779 4319 Cltomatiano.
2837 4254 2904 4294 an
2971 4239 3052 4294 l‘as
3115 4247 3259 4293 esset
3323 4250 3665 4307 purpureum

405 4323 587 4376 lacum
633 4323 995 4378 Casaubonus
1056 4323 1305 4391 profecto
1347 4340 1604 4391 perquam
1660 4324 1970 4379 Caltiniauc

2084 4349 2302 4388 saccqu
2347 4331 2523 4386 facere
2560 4340 2616 4385 et
2673 4340 2909 4402 gestare.
2970 4329 3274 4401 Respondit
3312 4330 3617 4385 Demetrius
3645 4344 3667 4381 :

406 4416 648 4485 explicat
679 4416 763 4471 his
800 4417 1025 4471 Verbis:
1064 4416 1353 4479 Diaconus,
1402 4417 1491 4481 qui
1539 4416 1776 4468 orarium
1805 4425 1977 4485 gesta.

407 4507 517 4571 bal,
556 4525 672 4560 eum
705 4509 793 4574 qui
821 4510 873 4561 itt
902 4509 1121 4563 amboue
1149 4524 1357 4562 sacram
1389 4506 1721 4575 Scripturam
1753 4507 1971 4574 legebat,

408 4599 745 4664 admonebat,
778 4599 989 4671 quando
1019 4600 1097 4655 vel
1120 4601 1190 4653 ad
1211 4600 1390 4669 ﬁdeles
1420 4598 1495 4653 vel
1527 4600 1595 4650 ad
1624 4598 1859 4665 inﬁdeles
1890 4599 1977 4652 de-

408 4694 547 4748 beret
581 4694 869 4746 orationem
896 4694 1125 4763 ﬂectere.
1155 4692 1347 4748 Glossa
1376 4692 1487 4744 lucc
1516 4688 1821 4745 Calviniani
1866 4690 1977 4758 spi-

407 4789 545 4843 ritus
579 4797 680 4851 est,
711 4788 939 4856 Iliturgim
971 4802 1140 4841 sacra:
1178 4787 1309 4840 ritus
1343 4793 1398 4840 et
1430 4783 1791 4840 ctercmonias
1820 4783 1974 4853 igno-

410 4881 603 4936 rantis.
638 4880 842 4946 Quodsi
888 4883 1010 4949 quis
1041 4880 1366 4935 vocabulum
1395 4881 1565 4933 orarii
1614 4879 1842 4933 nimium
1882 4892 1977 4931 ur—

408 4990 543 5043 gens
602 4976 826 5028 linteum
891 4974 1148 5044 tergendo
1179 4976 1259 5028 ori
1295 4974 1605 5039 signiﬁcare
1655 4970 1974 5033 contendat.

408 5080 474 5119 eo
499 5065 639 5131 quod
665 5065 734 5120 ab
765 5080 858 5119 ore
883 5063 1105 5119 formari
1145 5065 1410 5128 videatur,
1445 5065 1488 5115 is
1538 5062 1726 5117 eadem
1756 5063 1976 5116 solertia

410 5157 593 5213 dicere
626 5157 825 5225 poterit
857 5156 1083 5209 vetbum
1116 5172 1207 5208 ora
1239 5156 1379 5209 idem
1414 5170 1556 5219 esse,
1589 5152 1732 5222 quod
1760 5153 1880 5219 edo,
1913 5166 1981 5205 co

411 5247 554 5316 quod
593 5249 660 5300 ab
692 5264 783 5301 ore
811 5248 1135 5306 deducatur.
1176 5246 1317 5301 sicut
1356 5254 1409 5301 et
1449 5250 1636 5300 adoro.
1690 5244 1977 5309 Alcuiuus,

411 5337 487 5394 De
520 5339 722 5393 divinis
753 5340 963 5400 «illiciis,
998 5356 1046 5392 c.
1074 5340 1163 5403 39,
1190 5354 1519 5393 enumerans
1551 5354 1704 5392 sacra
1730 5337 1979 5392 ecclesia:

410 5432 756 5491 vestimenta.
816 5433 1074 5495 orarium,
1107 5431 1161 5484 id
1193 5441 1277 5485 est
1316 5429 1477 5493 stola.
1509 5420 1713 5483 dicitur
1742 5446 1800 5483 eo
1831 5431 1972 5500 quod

413 5523 733 5589 oratmibus,
762 5526 855 5577 hoc
885 5535 960 5577 est
995 5523 1457 5592 praedicatoribus,
1490 5524 1827 5575 concedatur.
1860 5520 1975 5575 Etsi

415 5630 522 5671 non
564 5615 647 5671 bis
692 5626 920 5684 tantum,
977 5615 1072 5672 sed
1134 5623 1186 5672 ct
1240 5613 1635 5678 sanerdonibus,
1700 5612 1791 5681 qui
1844 5614 1977 5667 stola

2090 4424 2317 4478 Saccum
2340 4438 2663 4492 purpureum
2693 4438 3019 4489 nequaquam
3045 4423 3186 4475 novit
3218 4420 3472 4479 Ecclesia.
3492 4434 3667 4488 quan-

2085 4515 2362 4585 doquidem
2393 4530 2576 4567 saccus
2602 4515 2658 4567 in
2679 4514 2845 4566 tribus
2901 4516 3161 4567 duntaxat
3207 4514 3335 4565 anui
3382 4511 3666 4564 celebribus

2094 4606 2383 4660 Dominicis
2424 4605 2568 4674 festis
2597 4622 2752 4657 suum
2779 4621 2934 4658 usum
2964 4604 3181 4672 prarbet.
3240 4604 3493 4657 nimirum
3549 4618 3673 4654 ma—

2085 4716 2190 4769 gno
2218 4699 2491 4753 Pascltatis
2511 4698 2805 4760 Dominico,
2828 4695 3130 4750 Pentecoste
3153 4704 3200 4749 et
3237 4692 3429 4747 Natali
3446 4693 3664 4749 Christi.

2094 4792 2209 4844 Hoc
2234 4793 2394 4860 igitur
2426 4792 2558 4844 satis
2585 4790 2794 4857 plenam
2842 4789 3001 4859 ﬁdem
3047 4788 3197 4856 facit.
3253 4803 3438 4841 saccus
3465 4797 3522 4839 ut
3594 4786 3670 4838 sit

2087 4899 2378 4952 purpureus
2398 4898 2596 4935 nesetse
2625 4896 2727 4933 non
2751 4896 2884 4942 esse.
2917 4897 3035 4933 cum
3057 4880 3217 4933 etiam
3251 4879 3359 4931 sint
3389 4876 3562 4931 luctus
3580 4875 3667 4930 in-

2089 4973 2233 5040 sique
2254 4981 2519 5039 purpurea
2549 4970 2854 5037 hujusmodi
2882 4970 3186 5022 vestimenta
3206 4983 3225 5020 :
3275 4968 3331 5021 in
3358 4967 3487 5021 solis
3516 4968 3663 5020 enim

2081 5060 2279 5129 jejunii
2305 5058 2486 5111 diebus
2520 5067 2568 5111 et
2633 5068 2959 5111 mtrtuorum
3025 5059 3291 5111 memoriis
3354 5068 3663 5123 usurpatur.

2166 5152 2248 5223 l0)
2290 5152 2441 5205 Mitra
2489 5166 2582 5205 seu
2607 5152 2779 5204 infula
2812 5166 2915 5203 non
2950 5160 3171 5204 utuntur
3204 5150 3442 5219 episcopi
3487 5149 3665 5205 Graeci

2090 5244 2142 5296 in
2170 5243 2457 5308 sacrificio,
2476 5244 2569 5296 sed
2598 5253 2784 5312 aperto
2811 5242 2983 5312 capite
3016 5252 3178 5297 totam
3208 5242 3479 5309 liturgiatu
3508 5242 3668 5311 perli-

2088 5335 2262 5388 triuut.
2299 5334 2501 5404 Aperta
2533 5336 2730 5404 capite,
2769 5334 2949 5403 inquit
3004 5333 3253 5397 Simeon,
3320 5334 3551 5401 episcopi
3616 5342 3666 5386 et

2094 5427 2393 5480 sacerdotes
2424 5426 2651 5499 Qrientis
2680 5442 2879 5492 omnes,
2922 5436 3134 5495 excepto
3164 5425 3529 5479 Alexandrino
3564 5442 3634 5493 pa
3654 5455 3668 5463 -

2090 5519 2347 5583 triarclta,
2384 5520 2553 5573 sacris
2584 5520 2896 5595 funguntur,
2929 5534 3030 5571 non
3063 5518 3123 5571 ob
3181 5516 3537 5569 humilitatem
3564 5515 3667 5567 alt-

2085 5626 2262 5679 quam,
2302 5611 2389 5662 sed
2414 5610 2471 5662 ob
2507 5626 2718 5663 causam
2782 5609 3019 5663 altiorem
3069 5618 3114 5661 ct
3151 5607 3298 5669 longe
3353 5604 3665 5659 diriuiorem
