3952 6222
257 270 353 329 185

1334 270 1723 332 GRE’FSERI
1765 269 1859 329 ET
1898 270 2137 331 GOARI
2179 269 2422 332 NOTAE-

3387 267 3491 331 156

248 382 498 449 sideﬁcct,
528 397 686 453 quam
703 382 911 439 divinus
945 383 1149 439 Paulus
1173 385 1317 452 ponit
1344 401 1407 438 ac
1458 385 1629 445 docet,
1662 383 1818 439 Citri-
1849 390 1893 444 Α
1926 394 2101 440 tamen
2125 401 2285 439 nemo
2311 386 2452 440 alius
2487 384 2588 438 lori
2618 397 2814 439 nomen
2834 384 2934 439 hoc
2972 384 3277 451 significatu
3332 400 3475 438 usur-

248 488 376 533 stunt
404 486 567 545 caput
594 477 895 541 nominans,
926 493 1020 531 nos
1046 488 1221 531 autent
1273 478 1505 531 membra
1552 479 1741 545 ipsius,
1772 488 1822 532 et

250 579 474 636 oportere
496 584 591 620 nos
625 561 895 621 Christum
927 578 1084 634 caput
1114 578 1354 621 nostrum
1386 570 1701 622 honorantes
1737 585 1827 623 ca-

248 667 328 727 pttl
344 659 481 710 inter
496 660 756 712 orandum
773 660 1030 712 nudatum
1044 658 1254 715 habere.
1279 658 1329 712 Ν
1334 676 1389 713 ec
1408 660 1468 712 ob
1484 660 1579 712 ltoc
1596 669 1821 724 tantum,

249 749 327 801 sed
364 748 488 816 quia
521 749 680 801 etiam
706 748 846 801 nudo
864 750 1052 811 capite,
1072 752 1163 819 qui
1179 754 1823 815 cansecratur,consecra-

252 840 430 892 tionem
458 839 672 904 accipit,
705 848 864 909 atque
882 842 962 893 ita
987 842 1431 910 quemadmodum
1467 858 1585 895 cum
1604 842 1823 894 ordina-

250 938 342 1008 tur,
364 927 606 994 precibus
637 937 688 981 et
723 930 891 982 sacris
928 934 1136 995 operari
1153 930 1319 984 debet.
1345 929 1413 983 Et
1434 932 1709 985 liierarclto
1729 947 1823 998 po-

252 1017 523 1080 tissimum,
541 1017 790 1085 quoniam
810 1026 862 1070 et
883 1021 1009 1070 dum
1046 1028 1406 1082 consecratur,
1428 1035 1460 1071 a
1485 1019 1591 1072 Deo
1623 1021 1822 1073 tradita

246 1107 444 1173 eloquia
472 1110 577 1159 sive
599 1124 811 1160 sacrum
835 1107 1176 1177 Evangelium
1198 1123 1361 1176 supra
1378 1119 1535 1178 caput
1571 1110 1746 1171 liabet,
1766 1111 1824 1163 in

247 1197 503 1264 sacriﬁcio
521 1196 853 1250 divinissimo
881 1199 1178 1268 peragenda
1201 1198 1374 1253 relato
1396 1200 1567 1268 capite
1585 1200 1820 1267 conspici

246 1302 337 1340 non
380 1286 551 1341 debet.
591 1288 823 1354 Objiciat
874 1288 1106 1357 fortasse
1162 1290 1428 1359 quispiam
1479 1290 1599 1343 hinc
1647 1290 1817 1358 sequi,

243 1377 651 1432 Alexandrinum
677 1379 976 1447 episcopum
1024 1388 1075 1432 et
1109 1380 1245 1433 alios
1300 1380 1719 1449 quamplurimas
1754 1397 1819 1434 ea:

246 1469 394 1522 reteri
425 1469 867 1524 traditioneteeto
899 1472 1071 1540 capite
1100 1473 1267 1526 sacris
1293 1483 1569 1540 operantes
1595 1488 1696 1525 non
1720 1474 1818 1524 rite

246 1577 301 1614 ac
320 1569 501 1613 sancte
524 1562 716 1630 facere.
744 1561 894 1616 Istuc
920 1579 1022 1617 non
1046 1565 1180 1617 dico.
1202 1562 1345 1618 Nam
1366 1565 1451 1618 illi
1466 1566 1684 1635 antiqua
1703 1567 1816 1619 nixi

246 1649 544 1713 traditione,
570 1668 687 1719 qua:
713 1654 879 1721 magis
906 1652 1010 1722 legi
1037 1655 1276 1724 antiqure
1300 1656 1599 1724 respondet,
1627 1656 1705 1710 ita
1725 1656 1809 1725 fa-

248 1742 401 1802 ciunt,
437 1741 649 1808 quando
667 1752 717 1794 et
751 1743 877 1812 legis
902 1745 1146 1797 sacerdos
1169 1744 1417 1809 cidarint,
1443 1762 1599 1816 quam
1621 1760 1669 1800 et
1704 1748 1804 1800 mi-

248 1839 371 1883 tram
407 1832 692 1897 vocabant,
726 1833 781 1884 in
809 1834 977 1901 capite
1000 1834 1254 1901 gerebat;
1283 1851 1386 1903 quo
1418 1837 1599 1889 eodem
1633 1836 1805 1888 nami-

244 1935 302 1974 ηε
318 1920 610 1974 bierarclue
630 1937 718 1975 eas
744 1931 1008 1991 gestantes
1024 1923 1293 1992 appellare
1316 1935 1717 1979 consueverunt.
1734 1924 1807 1978 Ac

246 2008 349 2072 ﬁeri
370 2018 543 2075 potest
574 2021 634 2063 stt
667 2026 728 2064 co
755 2012 947 2081 capitis
973 2022 1268 2081 tegumenta
1298 2029 1393 2070 aut
1435 2017 1673 2087 spineam
1705 2017 1808 2072 Do-

246 2098 635 2152 minicaronant
669 2110 764 2153 aut
799 2102 1098 2169 sudarium,
1128 2106 1268 2174 quod
1305 2106 1408 2173 fuit
1456 2123 1616 2177 super
1653 2118 1811 2176 caput

243 2188 368 2256 ejus,
407 2188 464 2242 in
501 2200 723 2245 mentem
745 2194 894 2247 nobis
925 2206 1181 2250 revocent.
1224 2196 1345 2251 Haec
1376 2199 1483 2251 ille.
1546 2198 1600 2253 Si
1634 2200 1808 2254 Graeci

245 2293 341 2331 non
377 2293 667 2348 parcerent
697 2298 799 2337 suo
848 2285 1237 2348 Alexandrino,
1300 2289 1709 2357 proculdubio,
1753 2302 1813 2347 ut

245 2368 340 2423 alia
364 2370 534 2425 multa
571 2373 892 2441 adiztpbora,
924 2378 1005 2431 sic
1054 2387 1110 2432 et
1174 2394 1381 2434 morem
1445 2381 1610 2435 istum
1674 2393 1813 2438 lecto

245 2459 417 2526 capite
453 2460 646 2515 litandi
695 2469 921 2533 praecise
972 2481 1036 2522 ac
1088 2469 1412 2538 simpliciter
1461 2473 1816 2541 repudiarent

244 2549 668 2622 damnarentque
692 2574 707 2610 :
734 2557 867 2611 illud
898 2559 1043 2613 enim
1076 2560 1683 2633 sobisinatisiugenium
1709 2572 1812 2625 est,

246 2651 299 2696 ut
318 2653 513 2712 pmter
541 2646 591 2701 id
621 2648 766 2717 quod
801 2649 902 2703 sibi
952 2652 1164 2720 placet,
1189 2653 1287 2707 vix-
1312 2654 1609 2724 quidquam
1670 2656 1817 2711 aliud

246 2734 467 2803 placeat.
536 2736 778 2795 Vocatur
830 2742 1001 2797 infula
1080 2743 1328 2813 praesulis
1374 2745 1730 2800 Alexandrini
1788 2761 1818 2799 a

244 2827 600 2897 scriptoribus
633 2831 937 2902 phrygium.
967 2836 1111 2905 quod
1148 2837 1209 2891 S.
1236 2838 1446 2909 Cyrillo
1495 2853 1819 2895 concessum

246 2913 358 2977 fuit.
388 2920 615 2987 quando
669 2924 724 2977 in
755 2925 990 2981 concilio
1044 2927 1314 2996 Ephesino
1357 2928 1637 2986 Ccelestini
1669 2946 1823 3001 papae

1928 487 2037 543 pet.
2072 476 2212 531 Sunt
2242 477 2334 545 qui
2367 478 2718 547 suspicentur
2767 477 3142 531 Balsamonem
3190 477 3496 547 respexisse

1924 562 1990 617 ad
2021 563 2235 618 laurum
2265 579 2360 618 seu
2385 564 2650 627 lauream,
2674 565 3097 619 usitatiSsimum
3122 564 3250 617 olim
3280 579 3497 618 coronae

1925 668 2130 720 genus:
2166 669 2230 708 ex
2268 655 2423 708 lauro
2457 656 2603 708 enim
2641 653 2853 708 facilem
2912 672 3034 710 esse
3109 656 3398 710 transitum
3441 655 3495 707 iu

1924 743 2118 798 lorum.
2152 743 2439 815 Utcunque
2473 746 2562 811 sit,
2599 746 2666 800 de
2686 761 2846 799 sensu
2867 762 2934 800 au
2965 747 3121 815 lapsu
3159 745 3498 801 Balsamonis

1924 838 2067 891 satis
2120 846 2352 892 constat.
2410 838 2545 892 Illud
2592 838 2835 907 ejusdem
2866 839 3027 893 edicti
3058 841 3111 894 in
3146 840 3334 894 Latius
3374 856 3498 894 ver-

1923 927 2094 984 sione.
2119 929 2258 980 sicut
2290 938 2468 981 noster
2501 939 2711 982 senatus
2756 930 3122 985 calceamentis
3154 934 3323 986 utitur
3376 952 3498 990 cum

1922 1013 2280 1075 udonibus,id
2330 1026 2406 1067 est
2435 1015 2661 1067 candido
2684 1016 2988 1069 linteamine
3045 1018 3355 1085 illustratis,
3421 1024 3498 1076 sic

1923 1114 2143 1156 utantur
2174 1114 2223 1156 et
2260 1104 2460 1166 clerici,
2490 1113 2545 1157 ut
2610 1114 2758 1160 recte
2818 1107 3079 1175 accipias,
3147 1109 3261 1177 ipse
3320 1120 3501 1165 textus

1922 1191 2150 1249 Latinus
2207 1193 2358 1260 facit,
2422 1196 2554 1249 dum
2608 1197 2740 1250 illud
2778 1212 2897 1250 cum
2953 1198 3209 1253 udonibus
3263 1201 3499 1269 explicat

1920 1276 2037 1339 cum
2076 1287 2305 1339 candido
2343 1286 2670 1351 linteamine,
2734 1298 2969 1351 retento,
3030 1289 3238 1343 defleto
3305 1301 3488 1346 tamen

1920 1376 2166 1429 nonnihil
2194 1366 2384 1430 Graeco
2426 1378 2715 1439 vocabulo,
2762 1377 2920 1447 ὀθόνη
2958 1394 3052 1432 seu
3089 1381 3313 1445 ὀϐὁνιον,
3353 1383 3498 1451 quod

1919 1480 1998 1522 εει
2025 1468 2274 1524 linteum.
2316 1467 2516 1522 Eodem
2543 1468 2724 1521 edicto
2760 1479 2986 1523 vocatur
3016 1485 3217 1525 corona
3243 1473 3501 1526 sacerdo-

1919 1560 2063 1623 talis,
2095 1575 2203 1627 qua
2234 1560 2509 1631 Sylvester
2568 1560 2620 1613 in
2678 1561 2857 1629 capite
2898 1561 3190 1630 insignitus
3221 1572 3358 1628 erat,
3391 1583 3499 1617 πα-

1919 1650 2199 1719 παλήορπ.

1984 1738 2154 1795 Lubet
2205 1739 2295 1794 hic
2344 1738 2546 1793 referre
2595 1739 2739 1808 quod
2802 1740 3089 1793 adnotavit
3155 1740 3485 1797 Sirmondus

1912 1820 2189 1888 noster’ad
2217 1831 2374 1900 epist.
2394 1831 2447 1893 3,
2467 1831 2503 1883 I.
2530 1847 2579 1883 vn
2614 1831 2981 1899 Epistolarum
3020 1831 3229 1885 Sidonii
3256 1851 3269 1887 :
3293 1831 3501 1886 Tansn-
3549 1850 3555 1861 ι

1911 1940 1971 1977 ra
2001 1921 2261 1977 clericalis
2290 1924 2368 1976 ita
2398 1923 2526 1976 olim
2583 1923 2746 1991 ﬁebat
2771 1932 2827 1974 ut
2856 1922 3088 1975 circulus
3127 1926 3497 1978 tantummodo

1911 2015 2228 2081 capillorum
2261 2015 2531 2077 emineret,
2572 2012 2744 2067 instar
2774 2030 3002 2069 coronat.
3072 2013 3162 2068 Sic
3211 2016 3347 2068 enim
3395 2017 3490 2070 de-

1912 2106 2098 2162 scribit
2129 2106 2413 2175 Gregorius
2450 2105 2651 2159 Turon.
2691 2103 2756 2157 de
2786 2103 2996 2159 Nicetio
3031 2104 3364 2161 Trevirorum
3394 2107 3503 2175 epi-
3560 2134 3561 2137 η

1915 2217 2068 2271 scapo
2114 2200 2215 2256 :S.
2253 2200 2513 2266 Nicetius,
2557 2200 2743 2270 inquit,
2776 2199 2839 2253 ab
2877 2210 2994 2253 ortu
3023 2216 3116 2252 suo
3166 2200 3388 2252 clericus
3424 2208 3503 2269 est

1915 2294 2276 2363 designatus;
2326 2310 2445 2347 nam
2474 2310 2590 2345 cum
2633 2301 2792 2362 partu
2839 2292 3025 2361 fuisset
3074 2292 3295 2359 e/I‘usus,
3352 2307 3505 2345 omne

1917 2401 2074 2461 caput
2110 2391 2247 2459 ejus,
2282 2400 2338 2444 ut
2376 2402 2448 2444 est
2478 2389 2802 2443 consuetudo
2856 2404 3165 2457 puerorum,
3232 2405 3263 2441 a
3290 2387 3501 2455 capillis

1920 2482 2117 2534 nudum
2144 2481 2352 2550 quidem
2385 2481 2717 2545 cernebatur,
2747 2480 2799 2531 in
2830 2479 3056 2531 circuitu
3072 2494 3190 2530 vero
3212 2478 3503 2529 mediorum

1920 2572 2230 2639 capillorum
2257 2570 2385 2623 ordo
2417 2570 2689 2637 apparuit,
2717 2577 2771 2620 ut
2807 2579 3028 2636 putares
3051 2568 3112 2619 ab
3140 2568 3325 2620 iisdem
3348 2584 3470 2619 coro

1921 2679 2043 2716 nam
2066 2663 2243 2716 clerici
2267 2662 2430 2730 fuisse
2448 2664 2733 2729 signatam.
2758 2658 2927 2713 Hodie
2953 2659 3091 2728 apud
3117 2675 3209 2711 nos
3231 2660 3505 2726 antiquam

1921 2769 2130 2807 corona:
2170 2753 2397 2821 formam
2426 2754 2524 2805 soli
2557 2752 2667 2821 fere
2692 2750 2933 2804 monac/ti
2966 2750 3207 2809 retinent,
3244 2758 3292 2800 et
3347 2749 3501 2815 pueri

1925 2843 2126 2897 vocales
2145 2844 2527 2912 sympltoniaci.
2552 2840 2694 2895 Nam
2724 2841 2890 2895 brevis
2924 2840 3014 2894 ille
3056 2840 3196 2894 orbis
3220 2844 3272 2892 in
3292 2838 3506 2902 vertice,

1922 2951 2025 3002 quo
2056 2935 2183 2988 cleri
2217 2953 2337 3001 pars
2372 2951 2563 3003 magna
2600 2933 2790 2994 utitur,
2852 2931 3080 2986 insolens
3151 2931 3278 2984 olim
3342 2940 3501 3000 atque

244 3006 470 3063 Bouiani
500 3012 738 3069 vicarius
791 3026 943 3071 erat-
994 3019 1036 3071 A
1072 3017 1275 3089 Cyrillo
1327 3022 1393 3075 ad
1463 3037 1813 3077 successores
1841 3039 1887 3097 C
1917 3029 2205 3083 inusitatu;
2237 3030 2291 3082 in
2325 3029 2569 3085 Ecclesia
2600 3028 2723 3097 fuit,
2762 3037 2817 3083 ut
2848 3028 2999 3081 docet
3051 3041 3219 3079 canon
3278 3024 3347 3079 40
3381 3041 3508 3079 con-

244 3110 458 3169 quoque
474 3103 751 3172 phrygium
763 3119 856 3159 seu
879 3107 1035 3161 mitra
1056 3109 1231 3175 venit;
1253 3109 1643 3179 dicebaturque
1664 3112 1822 3182 170

248 3189 350 3246 haec
386 3195 525 3247 tiara
547 3194 846 3264 phrygium,
870 3200 1013 3266 quoi
1046 3197 1283 3270 Phrygio
1328 3215 1493 3271 opere
1519 3213 1815 3257 constaret.

245 3281 465 3354 Phrygii
526 3288 732 3342 utentia
789 3287 847 3343 ﬁt
893 3290 947 3344 in
1005 3292 1297 3360 diplomate
1355 3293 1820 3348 Constantinianum

247 3377 573 3444 donationis,
606 3380 699 3435 ubi
748 3383 819 3436 ita
847 3382 1238 3439 Constantinus
1266 3402 1281 3440 :
1320 3384 1523 3438 Deinde
1548 3386 1817 3452 diadema,

245 3473 477 3525 videlicet
510 3490 759 3527 coronant
783 3476 973 3543 capitis
1010 3478 1197 3539 nostri,
1220 3478 1479 3546 simulque
1519 3477 1816 3546 phrygium,

249 3578 331 3615 nec
352 3580 457 3617 non
489 3567 938 3634 superhunterale,
994 3568 1235 3623 videlicet
1280 3568 1455 3621 larunt
1481 3573 1619 3634 quod
1652 3570 1820 3635 impe-

248 3657 371 3710 riale
388 3657 725 3711 circumdare
747 3659 941 3713 assolet
962 3660 1177 3722 collum.
1211 3677 1389 3716 verum
1410 3661 1573 3715 etiam
1599 3672 1648 3715 et
1676 3660 1820 3715 chla-

248 3746 446 3815 mydem
470 3764 797 3815 purpuream
830 3763 988 3818 atque
1016 3751 1248 3803 tunicam
1282 3751 1580 3804 coccineam
1605 3761 1652 3805 et
1689 3767 1801 3805 om-

246 3839 331 3892 nia
354 3840 661 3902 imperialia
700 3842 1030 3907 indumenta,
1096 3852 1202 3897 etc.
1231 3842 1364 3909 Quae
1393 3842 1618 3896 totidem
1691 3856 1816 3895 ver-

244 3929 327 3985 bis
361 3933 621 4001 leguntur
650 3949 870 4002 quiaque
922 3934 1063 4003 apud
1136 3933 1371 3989 Leon'em
1404 3932 1476 3989 IX
1507 3933 1815 4002 pontiﬁcem

245 4021 299 4075 in
320 4024 464 4093 epist
507 4035 696 4078 contra
757 4023 1071 4080 Micltaelem
1104 4025 1449 4096 Cpolitauum
1490 4036 1542 4079 et
1576 4025 1812 4080 Leonem

245 4113 638 4169 Achridenum.
676 4116 961 4170 Balsamou
990 4118 1046 4171 in
1092 4116 1287 4195 .Grteca
1336 4118 1588 4173 versione
1653 4117 1817 4185 hujus

244 4208 401 4263 edicti
430 4209 631 4278 ubique
658 4224 753 4278 per
777 4210 952 4263 lorum
982 4209 1230 4281 intelligit
1256 4211 1472 4263 mitram
1506 4226 1600 4265 seu
1623 4211 1817 4264 tiaram

247 4298 357 4353 sive
384 4302 689 4371 phrygium,
738 4310 799 4356 ut
828 4313 882 4359 et
911 4302 966 4356 in
1030 4303 1225 4358 meleta
1277 4303 1342 4357 de
1378 4304 1816 4373 patriarcharum

1923 3120 2032 3174 eilii
2064 3120 2096 3172 4
2134 3118 2397 3172 Toletani.
2427 3118 2551 3172 Haec
2583 3116 2699 3172 ille.

1994 3210 2243 3264 Diximus
2275 3208 2494 3265 Graecos
2560 3224 2668 3263 non
2723 3207 3003 3264 celebrare
3059 3217 3248 3278 operto
3300 3196 3505 3279 capite,

1920 3300 2460 3370 exceptopatriarcba
2485 3299 2848 3356 Menandrino
2868 3309 2921 3355 et
2946 3300 3191 3369 pauculis
3211 3299 3356 3365 aliis,
3382 3315 3507 3355 cum

1923 3393 2195 3447 Ecclesiae
2228 3392 2435 3446 Latium
2465 3391 2705 3461 episcopi
2773 3392 2909 3446 tiara
2964 3408 3063 3448 seu
3110 3392 3286 3447 infula
3343 3403 3512 3461 caput

1922 3478 2049 3532 tecti
2077 3478 2416 3547 potissimam
2454 3476 2693 3547 liturgia:
2724 3486 2932 3547 partem
2982 3494 3240 3549 peragere
3274 3479 3509 3534 soleant.

1921 3570 2024 3625 Sed
2053 3570 2182 3639 quid
2213 3569 2441 3624 Alcuino
2471 3571 2805 3624 contrarium
2847 3570 3147 3626 afﬁrzn’anti
3206 3572 3273 3625 de
3304 3570 3509 3625 divinis

1918 3661 2114 3717 oltlciis
2140 3676 2190 3715 c.
2230 3662 2316 3724 58,
2347 3661 2851 3731 respondebimus?
2915 3660 3056 3715 Audi
3118 3663 3239 3729 elus
3300 3660 3507 3713 verba:

1924 3752 2247 3821 Hujusmodi
2287 3755 2441 3807 vestis
2474 3754 2722 3821 (t-idaris)
2755 3769 2856 3806 non
2914 3751 3133 3804 habetur
3155 3753 3208 3803 in
3268 3750 3511 3803 Romana

1924 3841 2162 3896 Ecclesia
2193 3844 2271 3898 vel
2300 3845 2353 3896 in
2382 3845 2577 3896 nostris
2631 3843 2927 3912 regionibus
2954 3856 2972 3894 :
3006 3856 3112 3893 non
3146 3841 3281 3893 enim
3346 3840 3507 3892 maris

1917 3947 1994 3988 est
2025 3945 2080 3986 ut
2110 3935 2292 4002 pileati
2313 3934 2495 3986 divina
2523 3942 2775 4002 mysteria
2801 3932 3096 3994 celebrent;
3127 3932 3265 3998 apud
3293 3930 3508 3984 (ἔνατος

1874 4038 1877 4041 ·
1918 4034 2092 4078 autent
2106 4026 2206 4077 ‘ltoc
2218 4025 2431 4085 dicitur,
2445 4026 2534 4092 qui
2549 4022 2734 4091 pileos,
2752 4022 2848 4075 hoc
2864 4028 2940 4075 est
2951 4023 3165 4088 cuphias
3184 4022 3508 4092 tscuphias),

1920 4128 2120 4189 gestant
2140 4117 2191 4169 in
2211 4117 2402 4181 capite,
2423 4117 2551 4168 dum
2574 4118 2831 4169 assistunt
2861 4113 3142 4169 altaribus.
3166 4115 3246 4168 An
3264 4114 3511 4169 dicemus

1921 4221 2162 4278 tempore
2185 4207 2398 4263 Alcuini
2427 4208 2666 4277 viguisse
2700 4207 2866 4261 alium
2900 4222 3107 4262 morem
3140 4223 3303 4277 quam
3331 4215 3513 4277 poste-

1922 4302 2159 4357 rioribus
2181 4301 2417 4364 smrulis,
2450 4298 2657 4355 Graecis
2690 4315 2847 4355 suam
2872 4302 3322 4355 consuetudinem
3357 4300 3513 4353 dese-

245 4394 530 4464 privilegiis
554 4404 608 4448 et
639 4397 693 4449 in
727 4395 923 4450 melcta
961 4394 1035 4448 De
1078 4396 1244 4466 oﬂicio
1300 4397 1643 4460 cltartularii,
1689 4410 1815 4451 cum
1846 4393 1898 4453 Ι)
1926 4395 2173 4450 rentibus
2232 4392 2552 4460 Latinisque
2580 4405 2697 4446 eam
2732 4393 3270 4463 complectentibus‘l
3307 4392 3512 4452 CRETS.

271 4523 3501 4551 mw

2980 4551 3007 4568 ο

1232 4698 1385 4768 171
1431 4689 1784 4778 LIBER
1862 4619 2533 4817 SECUNDUS.

923 4980 1152 5040 CAPUT
1207 4983 1254 5038 l.

246 5097 327 5156 De
358 5100 702 5172 inscriptione
732 5099 891 5168 hujus
916 5103 1084 5167 partis
1111 5116 1131 5162 ;
1162 5102 1227 5154 de
1263 5100 1484 5171 despota
1522 5100 1688 5170 deque
1743 5115 1829 5155 se-

838 5172 1226 5253 bastocratore.

320 5262 459 5318 Post
484 5263 725 5320 indicem
754 5263 1069 5319 ofﬁciorum
1105 5274 1161 5318 et
1216 5263 1538 5318 ofﬁcialiqu
1619 5263 1828 5334 Magna:

247 5353 533 5410 Ecclesiae
577 5356 806 5426 subiicit
851 5356 1093 5411 Codiuus
1146 5356 1454 5425 catalogum
1521 5355 1827 5411 ciliciorum

245 5456 299 5499 et
329 5446 647 5503 oﬂ‘scialium
682 5449 822 5503 aulae
875 5448 1192 5518 Cpolitante,
1249 5456 1304 5502 et
1359 5447 1579 5525 quidem
1638 5448 1798 5518 longe

244 5539 647 5593 accuratiorem
690 5555 854 5608 quam
895 5541 967 5596 sit
996 5542 1144 5609 prior
1167 5540 1277 5595 ille.
1706 5580 1729 5607 .

316 5624 484 5683 Circa
517 5630 927 5709 inscriptionem
956 5632 1255 5709 crtitulum
1298 5631 1461 5703 hujus
1505 5632 1672 5704 partis
1696 5647 1824 5690 mss.

1931 4986 2151 5043 codices
2176 5001 2286 5042 non
2315 4985 2649 5042 conveniunt
2677 5002 2693 5041 :
2725 4999 2851 5039 nam
2884 4982 3130 5038 Bavarici
3168 4983 3238 5037 ita
3277 4982 3503 5037 habent:

1932 5077 2014 5131 Τὰ
2043 5077 2272 5147 ὀτρφίκια
2300 5075 2393 5130 τοῦ
2433 5075 2757 5129 «allusion.
2787 5076 2911 5129 Ἔτι
2934 5075 2992 5129 δὲ
3032 5074 3128 5128 καὶ
3184 5072 3281 5137 τὰς
3330 5075 3510 5141 τάξεις

1932 5170 2035 5233 τὰς
2064 5172 2363 5241 γενομένας
2401 5170 2457 5222 ὲν
2482 5172 2602 5233 ταῖς
2635 5170 2849 5240 ἑορταῖς
2872 5170 2955 5233 εἰς
2976 5172 3038 5222 τὸ
3067 5168 3381 5229 παλλάτιον,
3418 5169 3514 5222 καὶ

1934 5262 2052 5325 πῶς
2071 5260 2162 5316 τὸν
2195 5261 2418 5331 βασιλέα
2444 5260 2737 5330 στέφεσθαι
2762 5261 2862 5326 δεῖ,
2892 5262 2985 5315 καὶ
3008 5259 3137 5330 περὶ
3159 5259 3512 5328 προϐλήσεως

1931 5353 2190 5407 δεσπότην
2226 5354 2320 5406 καὶ
2340 5352 2704 5423 πατριάρχου,
2740 5353 2835 5406 καὶ
2857 5352 2995 5405 ἐθῶν
3025 5351 3325 5421 γινομένων
3355 5351 3411 5402 ὲν
3437 5349 3515 5419 τῷ

1932 5444 2232 5516 παλλατξῳ.
2269 5442 2454 5514 Ofﬁcia
2483 5445 2671 5512 palatii
2699 5460 2719 5498 .'
2745 5444 2815 5497 ad
2848 5444 2959 5497 Ita'c
3007 5445 3141 5497 ritus
3174 5453 3221 5497 et
3250 5444 3376 5498 ordo
3423 5443 3515 5514 qui

1935 5551 2177 5593 servatur
2209 5539 2262 5592 in
2306 5538 2533 5607 palatio,
2565 5539 2618 5591 in
2655 5538 2825 5605 festis,
2856 5550 2906 5591 et
2961 5538 3219 5607 quomodo
3275 5547 3511 5607 oporteat

1936 5633 2301 5702 imperatorem
2340 5631 2629 5695 coronari;
2665 5629 2728 5683 de
2763 5629 3257 5699 inaugurationt'bus
3285 5637 3513 5700 dcspota:
