3952 6222
406 210 501 275 191

1500 218 1581 278 ΙΝ
1623 218 1924 284 LIBRUM
1964 225 2063 287 ΒΕ
2106 224 2445 290 OFFICIIS
2488 231 2598 292 ΕΡ.

3474 184 3479 187 “
3555 224 3661 289 192

406 324 1001 393 os6aatozpatoptxai;
1039 324 1538 396 ύπεξῆρεντιμαϊς.
1566 330 1799 388 Joannis
1824 334 1978 389 lilius

2091 339 2309 404 πόλεως,
2344 339 2407 394 ού
2464 342 2632 409 μόνον
2660 342 2775 404 τοῖς
2835 341 2930 395 τοῦ
2973 339 3256 409 Καίσαρος
3298 337 3659 409 παρασήμοις

405 413 614 467 Manuel
642 423 794 483 patre
817 427 1034 470 mortuo
1059 418 1366 473 vocatusad
1394 430 1673 490 sceptrum
1700 422 1972 478 Isaacium

404 516 661 574 patruum
709 507 873 562 etiam
922 509 1426 568 sebastocratorem
1482 524 1761 579 vocatum,
1794 517 1977 572 missis

402 611 456 649 tu
507 595 698 650 urbem
751 599 964 663 amicis,
1021 614 1089 653 ne
1148 607 1262 653 tum
1296 602 1874 672 sanguinisjuretum
1902 605 1976 659 ob

403 689 728 758 dignitatem
778 692 1149 759 imperatoriae
1205 694 1510 761 proximam
1565 697 1851 751 moliretur
1889 712 1978 753 res

404 794 596 839 novas.
625 783 985 850 compescuit.
1029 782 1409 838 Nicetasidem
1454 785 1507 839 in
1543 784 1816 852 Manuele,
1852 790 1888 843 l.
1922 804 1974 842 t:

404 869 496 937 Μή
527 886 644 932 πως
676 870 919 940 περὶτοῦ
945 871 1054 924 τῶν
1093 873 1229 927 ὅλων
1267 875 1430 939 αύτδς
1463 873 1604 930 εἶναι
1636 878 1830 949 κύριος
1861 878 1977 932 δια-

407 960 641 1031 μιλληθῇ
673 960 767 1013 ἅτε
791 963 897 1015 ἀπ’)
923 965 1190 1030 γενέσεως
1217 968 1297 1029 εἰς
1332 968 1433 1038 τὴν
1456 968 1711 1039 διαδοχὴν
1741 973 1842 1040 τῆς
1883 973 1981 1043 βα-

404 1051 613 1113 σιλείας
648 1052 1006 1122 καλούμενος.
1048 1055 1120 1109 Ut
1148 1066 1420 1125 potestate
1450 1068 1504 1112 et
1532 1060 1870 1129 insignibus,
1906 1064 1978 1117 ita

403 1141 601 1208 (usque
624 1144 690 1194 ad
711 1143 995 1213 despotam
1026 1147 1299 1218 creatum)
1330 1151 1599 1219 sanguine
1648 1157 1979 1218 conjunctus

404 1233 506 1286 fuit
570 1234 887 1302 imperatori
938 1236 1359 1294 sebastorrator.
1411 1240 1653 1298 lsaacitts
1713 1245 1977 1315 Angelus,

405 1338 550 1376 anno
573 1313 709 1377 1184
728 1325 1016 1394 imperium
1039 1327 1295 1394 sortitus,
1318 1329 1539 1384 fratrem
1557 1313 1979 1404 Alexium‘regni

406 1429 808 1483 successorem,
836 1432 899 1470 ac
929 1427 1185 1486 patruum
1223 1435 1446 1490 quoque
1468 1418 1979 1493 Joanueniducem,

402 1505 872 1562 sebastocratores
902 1508 1201 1564 declaravit
1240 1527 1255 1575 ;
1298 1513 1527 1568 Alexius
1581 1515 1671 1571 hic
1714 1516 1980 1572 lsaacium

404 1594 530 1649 lilia:
563 1598 820 1651 maritum
851 1600 1091 1668 priorem
1110 1603 1226 1671 pari
1264 1604 1758 1677 titulo’insignivit.
1789 1606 1982 1667 Plures

2078 431 2483 501 κοσμούμενον,
2510 433 2647 485 ἀλλὰ
2676 424 2815 502 πρὸς
2850 433 3061 495 τούτοις
3088 433 3185 486 καὶ
3216 430 3471 500 στεφάνῳ
3494 430 3657 483 mlu-

2076 521 2224 574 τελεῖ
2251 524 2344 575 καὶ
2377 522 2575 593 μικροῦ
2598 523 2701 577 δέω
2723 523 2903 591 λέγειν
2936 521 3221 593 βασιλικῷ.
3263 523 3331 574 ⁸0
3354 520 3421 589 δὴ
3450 520 3546 573 καὶ
3566 518 3659 587 γέ-

2078 630 2223 682 γονε.
2261 614 2656 685 Προσετετάχει
2684 617 2731 669 δ’
2783 616 2877 669 ἐπὶ
2911 615 3125 678 τούτοις
3181 614 3211 667 ὀ
3261 612 3517 685 βασιλεὺς
3570 613 3660 667 διὰ

2081 704 2306 774 μνήμης
2333 705 2393 756 τὸ
2419 706 2515 758 τοῦ
2553 705 2853 775 Καίσαρος
2895 705 3071 772 ὄνομα
3107 703 3342 771 ἄγεσθαι
3377 701 3516 770 ὁμοῦ
3546 703 3661 763 τοῖς

2079 793 2189 846 τῶν
2249 794 2522 863 βασιλέων
2576 797 2637 849 ιν
2681 797 2796 859 τοῖς
2843 794 3205 866 ὑμνητηρίοις
3237 794 3335 847 καὶ
3387 792 3661 863 εὐφήμοις

2080 884 2277 949 ἅπασι,
2300 887 2553 956 πανταχῆ
2587 878 2691 955 τῆς
2713 887 2825 941 τῶν
2854 885 3150 956 Ῥωμαίων
3179 885 3538 956 ἐπικρατείας
3565 882 3661 952 ἄχ-

2082 992 2166 1046 ρις
2222 977 2499 1034 ἐνιαυτοῦ.
2562 980 2673 1033 Καὶ
2709 978 2801 1033 τὰρ
2818 978 2922 1049 μὲν
2952 977 3047 1052 τοῦ
3108 977 3391 1039 Καίσαρος
3428 974 3663 1044 εὐτυχή-

2084 1080 2230 1133 ματα
2255 1066 2504 1138 τοιαῦτα.
2536 1066 2734 1139 Gustu]

2154 1154 2238 1210 Ib.
2270 1154 2494 1227 Magnus
2557 1158 2898 1213 domesticus
2948 1157 3036 1213 hic
3082 1157 3274 1211 ordine
3306 1155 3501 1211 tertius
3554 1164 3663 1210 est.

2082 1245 2288 1302 Gra'cis
2324 1250 2661 1305 domesticus
2717 1250 2853 1304 nihil
2881 1250 3143 1305 aliudest
3172 1263 3336 1319 quam
3386 1248 3666 1318 προηγούο

2086 1356 2247 1408 μενος
2271 1340 2367 1393 καὶ
2392 1343 2732 1412 ἐπιστάτης,
2760 1354 2817 1398 et
2845 1344 2896 1397 iu
2927 1343 3323 1399 ecclesiasticis
3345 1342 3665 1396 domesticus

2084 1434 2384 1504 appellatur
2425 1436 2674 1505 ἀρχῳδδς
2701 1438 2796 1489 καὶ
2828 1437 3127 1505 ἐπιστάτης
3170 1434 3443 1503 μελῳδιῶν
3481 1450 3538 1485 τε
3569 1434 3665 1485 καὶ

2089 1525 2367 1596 μελῳδῶν,
2401 1534 2460 1581 ιιι
2499 1537 2583 1582 est
2629 1528 2767 1597 apud
2818 1528 3050 1582 Citrium
3086 1526 3144 1583 in
3208 1524 3547 1595 fiespottsis;
3594 1525 3663 1578 de

2087 1630 2197 1684 quo
2231 1615 2343 1683 jam
2403 1616 2498 1670 lib.
2524 1632 2564 1681 ι,
2609 1617 2751 1683 cui.
2792 1617 2860 1671 lit
2910 1631 3093 1672 autem
3153 1613 3436 1669 domestici
3462 1627 3661 1665 nomen

406 1685 634 1756 insuper
668 1707 734 1743 eo
766 1694 986 1747 nomine
1017 1696 1424 1755 simulornatos
1452 1700 1618 1755 refert
1645 1712 1983 1760 memoratus

2091 1707 2377 1760 sonantius
2429 1715 2595 1773 esset,
2650 1709 2844 1763 vocula
2896 1711 3071 1777 μέγας
3135 1706 3470 1777 appingenda
3538 1705 3662 1757 fuit.

408 1779 650 1847 Nicetas,
705 1800 769 1836 ex
822 1801 931 1854 quo
962 1786 1078 1841 haec
1119 1789 1467 1861 deprompta,
1521 1794 1694 1863 quiet
1747 1797 1987 1864 pratfatis

406 1873 626 1925 tertium
662 1876 832 1939 addit,
884 1875 1141 1932 Alexium
1191 1896 1385 1951 nempe
1439 1884 1671 1938 alterum
1716 1885 1987 1945 Manuelis

407 1964 656 2031 nothum,
693 1967 985 2023 Annalium
1013 1971 1229 2036 lsaacii,
1264 1972 1300 2026 l.
1343 1989 1430 2029 ιιι.
1467 1973 1666 2045 Com]

480 2054 718 2112 Observa
767 2057 992 2116 Juuium
1058 2054 1217 2118 verba
1273 2064 1360 2119 illa
1386 2082 1437 2133 p.
1472 2067 1545 2124 7:
1583 2067 1808 2137 Πρῶτος
1848 2071 1989 2124 κατὰ

409 2145 500 2197 τὸν
526 2149 718 2217 χρόνον
747 2160 961 2206 vertere
986 2162 1035 2206 et
1074 2154 1233 2223 facile
1248 2157 1453 2225 primus
1484 2174 1577 2227 per
1610 2159 1745 2214 illud
1760 2170 1984 2231 tentpus.

409 2237 613 2307 Inepte.
658 2240 805 2296 Natu
839 2244 1093 2314 majorem
1136 2258 1306 2311 verte.
1362 2251 1446 2307 vel
1497 2252 1653 2312 Anna
1708 2254 1985 2310 Comuena

408 2332 447 2384 Ι.
488 2348 547 2387 ιιι
570 2334 775 2404 judice,
814 2353 936 2407 quae
965 2339 1032 2392 de
1061 2339 1247 2396 lsaaco
1280 2341 1449 2400 fratre
1478 2343 1655 2401 Alexii
1694 2346 1985 2414 Cnmneni,

404 2428 625 2497 πρῶτον
656 2430 766 2485 τῶν
789 2431 1037 2504 ἀδελφῶν
1066 2436 1209 2491 κατὰ
1238 2438 1432 2508 χρόνον
1461 2439 1597 2495 ὄντα
1622 2442 1794 2513 ἐχρῆν
1820 2460 1987 2513 τιμη-

404 2521 566 2591 θῆναι
595 2522 893 2594 ἀξιώματι.

957 2621 1119 2693 176
1148 2620 1381 2677 CAPUT
1405 2622 1469 2678 tt.

400 2728 611 2795 Cwsar,
641 2732 1230 2809 magnusdomesticus.
1266 2738 1802 2809 panhypersebastus,
1864 2757 1986 2809 pro-

693 2804 1030 2857 tooestiarius
1053 2813 1101 2857 et
1123 2805 1301 2873 plures
1331 2808 1489 2872 hujus
1546 2810 1770 2876 generis.

479 2891 541 2945 Ρ.
566 2893 621 2946 7.
640 2891 824 2948 Cassar
841 2895 971 2948 olim
991 2896 1279 2964 prosimus
1300 2898 1367 2949 ab
1388 2898 1738 2966 imperatore,
1757 2917 1905 2958 nunc
1928 2903 1982 2958 in

2089 1796 2222 1863 Quze
2252 1799 2362 1853 duo
2402 1798 2581 1855 Latini
2617 1802 2892 1855 interdum
2930 1790 3299 1871 conjungttnt,
3350 1811 3409 1854 ut
3442 1798 3659 1869 Tyrius,

2092 1888 2166 1941 De
2198 1889 2334 1943 bello
2367 1908 2521 1946 sacro
2584 1906 2646 1956 tt,
2686 1892 2718 1947 5
2751 1910 2765 1947 :
2803 1891 2937 1949 Cum
2961 1903 3097 1947 esset
3130 1894 3185 1946 in
3214 1892 3477 1960 imperiali
3507 1890 3663 1957 pala-

2089 1981 2163 2033 tio
2200 1981 2486 2050 plurimum
2509 1984 2818 2049 honoratus,
2848 1993 2898 2038 et
2931 1984 3358 2053 megadomestici
3380 1983 3661 2051 dignitate.

2088 2088 2240 2141 quem
2271 2089 2364 2126 nos
2392 2075 2646 2141 majorem
2667 2077 3054 2130 senescltallum
3091 2077 3369 2129 nominare
3392 2074 3665 2129 consueri-

2090 2180 2226 2228 mus,
2279 2166 2614 2237 fungeretur.
2669 2168 2734 2221 ab
2784 2169 3103 2238 imperatore
3174 2168 3465 2221 secundus.
3521 2163 3665 2219 Hinc

2088 2256 2485 2327 δομεστικὰτον
2542 2259 2781 2330 dignitas
2851 2275 2945 2315 seu
3029 2258 3274 2314 officium
3352 2256 3662 2311 domestici.

2086 2351 2241 2405 Anna
2267 2350 2568 2419 Conmena,
2595 2353 2634 2407 l.
2668 2368 2763 2407 vttt
2793 2368 2808 2406 :
2841 2352 2950 2406 Καὶ
2975 2352 3036 2406 τὸ
3060 2352 3454 2420 δομεστικάτον
3480 2349 3669 2402 αἰτού-

2089 2461 2253 2515 μενος
2280 2447 2379 2515 τῆς
2409 2445 2710 2515 Ἀνατολῆς
2732 2447 2834 2500 οὐκ
2858 2447 3016 2516 ῑτυχε
3038 2445 3137 2514 τῆς
3154 2444 3447 2513 αἰτήσεως.
3482 2440 3667 2497 Utitur

2085 2536 2275 2590 eadem
2334 2538 2525 2592 vocula
2560 2537 2921 2601 Turonensis,
2975 2552 3036 2597 tt.
3067 2536 3139 2591 8:
3182 2533 3513 2590 Gaudentius
3566 2547 3669 2597 pa-

2085 2639 2165 2682 ter
2213 2628 2445 2700 Scythia:
2514 2630 2796 2699 prouincia:
2867 2629 3120 2697 primoris
3175 2627 3300 2689 loci.
3355 2643 3386 2679 α
3449 2628 3673 2679 domes-

2089 2721 2257 2775 ticam
2323 2736 2546 2777 exorsus
2627 2723 2900 2785 militiam,
2945 2721 3017 2773 ad
3070 2716 3366 2789 magisterii
3429 2717 3670 2786 equitum

2088 2814 2294 2867 culmen
2338 2822 2609 2882 provectus
2638 2821 2736 2867 est.
2776 2810 2982 2864 Verum
3027 2820 3139 2863 tam
3175 2809 3345 2875 μέγας
3399 2807 3676 2859 domesti-

2086 2904 2185 2958 cus
2213 2921 2377 2972 quam
2408 2904 2496 2957 alii
2526 2902 2815 2957 domestici
2871 2903 3069 2965 smpius
3117 2901 3298 2955 adhuc
3327 2898 3487 2952 nobis
3536 2911 3675 2951 sese

406 2987 517 3040 hoc
555 3000 725 3040 censu
782 2987 923 3055 apud
985 2987 1374 3051 Curopalatam
1410 2990 1625 3055 tertius,
1660 2995 1753 3063 qui
1794 2994 1978 3051 forsan
2006 3005 2052 3066 ο
2085 2996 2408 3064 spectandos
2438 2994 2793 3048 exhibebunt.
2818 2994 3024 3047 Gners.

407 3080 570 3147 paulo
589 3089 712 3150 post
739 3080 915 3149 major
943 3080 1027 3137 vel
1060 3081 1241 3136 minor
1269 3091 1396 3145 erit.
1429 3095 1591 3152 prout
1621 3085 1983 3144 Favonius’ex

408 3172 608 3241 palatio
645 3172 939 3242 Cpolitano
965 3174 1336 3244 aspiraverit;
1383 3175 1543 3246 cujus
1608 3178 1987 3250 inauguratio-

410 3278 536 3319 nem
566 3262 737 3317 habes
770 3261 909 3317 infra
944 3279 995 3321 c.
1028 3264 1116 3319 l9.
1138 3264 1348 3321 Gnsrs.
1999 3258 2002 3262 Α

486 3350 593 3425 [Ab
624 3355 855 3423 imperio
875 3356 1159 3426 potiunda,
1188 3359 1348 3430 cujus
1366 3374 1462 3430 spe
1492 3362 1741 3430 pristinis
1771 3366 1985 3420 sarculis

411 3446 728 3512 fovebatur,
791 3449 1061 3506 Casarem
1116 3451 1278 3523 longe
1329 3454 1601 3523 ablegavit
1649 3457 1898 3523 Alesins,
1932 3469 1986 3514 ct

408 3541 836 3597 sebastoeratori
892 3545 1211 3613 supposuit.
1262 3544 1504 3616 Longius
1575 3551 1782 3604 amovit
1851 3552 1988 3607 alter

408 3632 900 3703 Alexius,tlespota:
927 3635 1191 3706 dignitate
1217 3636 1394 3693 eidem
1411 3641 1741 3710 anteposita.
1770 3642 1988 3699 Tertius

407 3724 600 3793 itaque
630 3726 699 3780 ab
731 3727 1063 3796 imperatore
1092 3731 1431 3799 temporibus
1465 3734 1677 3788 ultimis
1739 3751 1988 3791 mum-ra-

413 3816 576 3869 batur
600 3816 808 3884 Caesar,
847 3826 906 3872 ut
933 3818 1207 3891 Gregoras
1255 3821 1343 3877 bis
1374 3837 1445 3886 ιν,
1486 3823 1538 3888 i,
1580 3823 1759 3881 verbis
1811 3828 1988 3881 matu-

412 3903 577 3960 fcstat
608 3923 621 3959 :
671 3907 728 3960 '0
749 3907 851 3977 μὲν
876 3908 984 3978 γὰρ
1018 3910 1479 3982 σεδαστοκράτωρ
1509 3914 1566 3978 ις
1587 3915 1648 3968 τὸ
1668 3916 1989 3973 δεσποτικὸν

412 3998 672 4064 ἀνάγεται
706 3999 860 4067 παρὰ
900 4000 996 4053 τοῦ
1031 4001 1299 4070 βασιλέως
1342 4004 1597 4077 ἀξίωμα,
1628 4009 1657 4061 ὀ
1701 4009 1759 4063 δὲ
1816 4012 1990 4081 μέγας

409 4087 732 4157 δομέστικος
755 4091 809 4153 ις
844 4090 1017 4146 τὸτοῦ
1040 4095 1341 4163 Καίσαρος,
1375 4098 1404 4150 δ
1432 4099 1489 4151 δὲ
1522 4099 1741 4171 Καῖσαρ
1768 4103 1885 4173 ἅμα
1912 4103 1991 4175 τῷ

412 4176 663 4249 πενθερῷ
690 4179 785 4232 τοῦ
812 4180 1080 4236 δεσπότου
1117 4185 1176 4249 ἐς
1226 4186 1286 4240 τὸ
1320 4187 1418 4240 τοῦ
1465 4190 1987 4265 σεϐαστοκράτορος.

424 4268 632 4325 Ἐποίει
658 4272 705 4325 δ’
736 4274 1009 4344 ἐπίσημον
1037 4276 1136 4344 τὴν
1167 4278 1233 4331 ἐκ
1249 4279 1342 4331 τοῦ
1368 4280 1638 4354 πενθεροῦ
1697 4285 1986 4356 διαφορὰν,

2156 3083 2299 3156 [Non
2353 3100 2516 3151 unus,
2550 3084 2645 3140 sed
2679 3085 2859 3153 plures
2917 3082 3227 3145 domestici,
3254 3079 3669 3166 .ccrlesiastici,

2086 3174 2374 3239 militares,
2428 3174 2640 3229 civiles.
2703 3172 2802 3228 Hic
2835 3190 2972 3228 unus
3002 3174 3095 3242 qtti
3146 3171 3343 3239 μέγας,
3382 3170 3451 3224 de
3502 3168 3668 3238 cujus

2085 3266 2307 3322 nomine
2336 3278 2391 3321 et
2429 3266 2606 3322 oiiicio
2629 3282 2802 3337 pauca
2830 3277 2885 3321 et
2920 3266 3048 3319 huic
3077 3264 3234 3333 177
3274 3273 3482 3318 tantum
3538 3262 3668 3313 loco

2084 3374 2327 3430 congrua
2361 3359 2615 3415 dicenda.
2646 3358 2995 3414 Domesticos
3049 3357 3189 3411 idem
3240 3356 3370 3409 olim
3399 3354 3490 3422 qui
3535 3367 3665 3422 pro—

2086 3461 2331 3518 curator,
2383 3467 2447 3507 ac
2485 3466 2798 3507 numerosae
2856 3449 3078 3506 familiae
3136 3450 3419 3513 totiusque
3456 3446 3659 3500 domus

2086 3562 2273 3602 curam
2318 3561 2535 3616 gerens.
2583 3544 2912 3606 Simocatta,
2954 3542 3178 3609 vnt,,l5
3213 3557 3229 3597 :
3271 3541 3594 3609 ’Δναιρεῖται
3626 3538 3663 3589 δ

2088 3639 2464 3708 πραισενττνος
2479 3638 2507 3688 ὁ
2524 3636 2621 3700 τὰς
2642 3636 2736 3688 τοῦ
2756 3637 2959 3704 Πέτρου
2981 3631 3335 3703 (στρατηγοῦ)
3366 3644 3661 3682 treat-assu-

2091 3732 2252 3802 μένος
2294 3730 2603 3801 φρδντίδας,
2653 3728 2713 3781 δν
2754 3728 3076 3796 δομέστικον
3126 3724 3355 3778 εἰώθασι
3399 3723 3662 3790 Ῥωμαῖοι

2089 3824 2403 3877 ἀποκαλεῖν.
2443 3820 2541 3876 llic
2588 3821 2640 3874 in
2677 3818 2833 3873 fidem
2877 3834 3032 3873 suam
3078 3815 3394 3877 communia
3441 3814 3663 3868 familia:

2091 3917 2230 3970 bona
2258 3914 2475 3984 recipit,
2509 3928 2575 3968 ac
2626 3914 2932 3966 etiamnum
2985 3909 3147 3963 hodie
3214 3908 3267 3961 itt
3315 3903 3667 3960 moatasteriis

2090 4006 2343 4068 πιστικός
2371 4006 2543 4060 audit.
2576 4002 2946 4058 Artabasdum
2984 4000 3322 4055 Artabasdus
3357 3998 3501 4051 alius
3555 3994 3666 4047 Co-

2090 4098 2339 4171 pronymi
2365 4113 2532 4167 gener
2552 4095 2916 4151 domesticum
2942 4094 2960 4155 <
2967 4103 3372 4164 procuratorem
3403 4088 3663 4157 intellige)

2090 4192 2234 4263 apud
2281 4190 2667 4260 Tbe0phauem
2721 4188 2906 4243 eliicit.
2961 4186 3100 4271 illnc
3140 4185 3436 4254 cujuslibet
3466 4183 3538 4234 rei
3578 4179 3664 4233 vel

2090 4284 2302 4340 ordinis
2332 4281 2627 4353 praefectus
2666 4296 2733 4336 ac
2764 4280 3097 4350 praepositus
3126 4287 3353 4332 vocatur
3407 4274 3666 4331 domesti-

411 4364 495 4417 ὅτι
530 4365 590 4418 ὲν
625 4368 739 4429 τοῖς
774 4369 993 4433 κυανοῖς
1043 4369 1284 4435 πεδίλοις
1325 4372 1418 4426 καὶ
1458 4380 1793 4447 χρυσοϋφεῖς
1839 4380 1986 4451 αύτῷ

2094 4394 2195 4433 cus
2220 4392 2251 4432 a
2308 4375 2518 4432 Graecis
2547 4392 2564 4443 ;
2596 4375 2665 4430 de
2709 4389 2820 4445 quo
2871 4371 3112 4428 Joannes
3156 4370 3289 4425 Citri
3329 4369 3663 4438 episcopus:

413 4456 784 4528 ὲνηρμόζοντο
810 4460 981 4517 ἀετοί.
1021 4462 1494 4522 Sebastocratoris
1517 4476 1776 4537 praeterea
1807 4472 1991 4541 publi-

415 4549 496 4604 ris
520 4550 573 4605 in
610 4552 1103 4611 acclamationibus
1135 4555 1298 4611 simul
1321 4572 1448 4613 cum
1477 4558 1830 4630 imperatoris
1856 4580 1989 4634 pro-

418 4646 734 4698 nuntiatum
806 4662 1008 4702 nomen
1086 4648 1431 4717 audiebatur,
1520 4653 1667 4721 quod
1732 4656 1991 4724 superior

416 4739 729 4792 observatio
779 4756 849 4794 ex
885 4742 1041 4796 Anna
1101 4741 1384 4798 Comuena
1444 4745 1704 4812 declarat,
1753 4748 1991 4804 Caesaris

422 4850 697 4903 nusquam
724 4852 737 4887 :
782 4832 835 4889 id
871 4834 1017 4889 enim
1046 4852 1141 4906 per
1173 4838 1334 4891 unius
1356 4845 1568 4891 tantum
1587 4839 1720 4892 anni
1753 4840 1991 4909 spatium

416 4926 611 4983 Alexio
648 4928 801 4983 fratri
841 4929 1117 4985 concessit
1168 4928 1399 4985 Michael
1434 4930 1797 5000 Palaaologus,
1835 4946 1898 4987 ac
1935 4941 1995 4987 ut

419 5021 622 5085 pariter
657 5021 1006 5089 imperatoris
1065 5037 1203 5091 pene
1255 5036 1406 5076 more
1462 5031 1781 5093 recuperata
1836 5024 1989 5093 Cpnli

418 5111 761 5181 triumphans
786 5112 1067 5167 incederet
1109 5122 1428 5178 coronatus,
1456 5114 1524 5169 de
1551 5128 1661 5183 quo
1721 5114 1993 5186 Gregoras

417 5203 619 5256 lnulati
653 5203 776 5258 libri
826 5213 981 5258 sect.
1016 5203 1086 5257 5:
1141 5204 1422 5271 ’Λντάξιον
1477 5206 1763 5260 ἀπέδωκεν
1819 5209 1996 5279 γέρας

430 5293 655 5363 Ἀλεξίῳ
690 5294 769 5364 τῷ
802 5297 1067 5365 Καίσαρι,
1116 5294 1198 5348 ὅτι
1231 5294 1299 5348 δι’
1346 5294 1513 5349 αὐτοῦ
1544 5299 1658 5358 τοῖς
1702 5296 1997 5367 Ῥωμαίοις

419 5387 522 5452 τὴν
544 5387 658 5438 τῶν
693 5386 902 5441 πύῗιεων
936 5386 1328 5458 βασιλεύουσαν
1369 5389 1396 5438 ὁ
1420 5387 1552 5450 Θεὸς
1589 5388 1903 5457 ἐχαρίσατο.
1925 5390 1997 5441 Τὸ

424 5481 484 5534 δὲ
534 5477 599 5553 ἦν
633 5482 900 5554 θρίαμϐον
944 5481 1385 5550 συγκροτηθῆναι
1420 5478 1999 5549 πολυανθρωπότατον

348 5618 359 5627 .
425 5574 523 5626 καὶ
554 5577 1018 5644 περιφανέστατον
1042 5572 1290 5629 κελεύσει
1315 5569 1410 5625 τοῦ
1439 5569 1869 5640 αὐτοκράτορος,
1904 5571 1999 5623 καὶ

427 5665 522 5719 ἐπὶ
553 5665 725 5737 τούτῳ
764 5668 853 5721 τὸν
911 5667 1165 5735 Καίσαρα
1206 5663 1524 5732 πομπεῦσαι
1556 5663 1649 5717 ἐπὶ
1681 5663 1858 5731 πάσης
1902 5661 1999 5728 τῆς

2103 4467 2170 4521 Ἦ
2189 4468 2285 4521 τού
2317 4467 2642 4536 δομεστίκου
2676 4464 3022 4535 προσηγορία
3081 4462 3219 4515 κατὰ
3256 4461 3518 4522 Λατίνους
3576 4459 3667 4512 τὸν

2093 4560 2421 4630 ὲξάρχοντα,
2452 4558 2546 4613 τὸν
2578 4556 3019 4630 προηγούμενον,
3043 4555 3135 4609 τὸν
3168 4556 3474 4622 ἐπιστάτην
3492 4552 3664 4622 δηλοῖ.

2090 4654 2138 4707 Α
2169 4668 2228 4708 re
2278 4652 2460 4723 itaque
2514 4651 2771 4707 familiari
2829 4650 2897 4705 ad
2943 4648 3195 4704 militiam
3256 4647 3514 4700 trarslata
3561 4662 3662 4700 vos

2093 4745 2287 4799 ducem
2326 4744 2603 4799 exercitus
2624 4757 2967 4814 supremum,
3022 4752 3076 4796 et
3110 4748 3169 4793 ut
3200 4739 3447 4808 loquitur
3499 4736 3667 4791 Com-

2094 4852 2233 4892 uena
2253 4836 2545 4892 Alexiados
2567 4852 2605 4901 ι,
2633 4838 2939 4904 στρατηγὸν
2956 4833 3355 4903 αὐτοκράτορα,
3377 4834 3460 4885 vel
3482 4824 3551 4886 ut
3572 4830 3663 4884 alii

2094 4931 2408 5001 praefectum
2447 4930 2727 5000 pratorio,
2777 4928 2926 4997 quod
2990 4926 3275 4981 militares.
3312 4926 3503 4995 copias
3563 4924 3667 4979 sub

2098 5025 2429 5093 imperatore
2464 5022 2689 5076 duceret
2718 5017 3212 5095 communiumque
3260 5033 3444 5072 rerum
3495 5015 3669 5069 admi-

2096 5114 2480 5171 nistrationem
2525 5113 2595 5165 ab
2649 5127 2716 5165 eo
2756 5111 2863 5164 sibi
2941 5110 3382 5164 commendatam
3432 5116 3665 5168 teneret,

2096 5206 2388 5276 siguilirat.
2416 5202 2613 5256 Eadem
2640 5202 2885 5256 occurrit
2907 5200 3145 5269 primum
3177 5201 3318 5269 apud
3362 5199 3666 5257 Cedreuum

2100 5299 2152 5351 in
2185 5296 2513 5365 Theophilo,
2569 5295 2674 5349 sub
2720 5308 2831 5362 quo
2884 5292 3100 5346 Mauuel
3129 5291 3669 5358 Romanaslegiones

2097 5388 2268 5450 ducit,
2295 5385 2659 5456 Tlteophobus
2692 5385 2970 5442 Persicam
2998 5404 3012 5439 :
3063 5386 3153 5439 ille
3176 5399 3306 5437 vero
3339 5382 3674 5437 domesticus

2103 5498 2224 5537 mox
2277 5481 2609 5536 declaratur.
2645 5480 2872 5547 Legitur
2931 5493 3152 5548 quoque
3229 5477 3464 5545 primum
3527 5474 3674 5543 apud

2101 5569 2490 5639 Theophanem
2532 5568 2585 5622 in
2617 5566 2877 5621 Micltaele
2909 5566 3166 5621 liaucahe
3199 5565 3373 5634 μέγας
3420 5561 3675 5631 δομέστι-

2103 5680 2203 5725 κος
2244 5659 2557 5726 Theophilo
2639 5659 2940 5722 antiquior.
2982 5657 3040 5713 in
3100 5657 3255 5713 lrcuc
3286 5664 3342 5711 et
3405 5656 3675 5713 Constan-
