3952 6222
310 298 418 368 I93

1410 290 1805 353 GRETSERI
1830 290 1927 352 ET
1962 289 2203 354 GOARI
2244 292 2487 358 ΝΟΤΣΕ.

3448 305 3555 369 Ῑ9ῑ

289 416 415 466 tino
445 407 690 465 cernitur
753 401 1038 490 Antonius
1091 400 1316 472 quidam
1365 400 1707 456 domesticus
1757 414 1882 455 cum
1914 402 1960 458 Δ
1991 407 2297 471 metuebat,
2352 407 2753 477 promeriturus
2806 408 2994 465 senior
3063 409 3414 470 Andronicus
3483 415 3553 469 ad

288 499 628 554 militaribus
661 495 838 565 copiis
871 495 937 549 ad
967 493 1173 547 bellum
1205 492 1410 549 missus
1441 506 1457 543 :
1500 490 1884 560 Ἠκβασίλισσα
1977 495 2209 552 Caesaris
2237 498 2553 567 dignitatem
2584 499 2781 554 evexit.
2800 498 3091 570 Gregoras,
3119 518 3237 569 nn,
3256 503 3327 559 20
3350 522 3364 558 ε
3391 504 3556 560 Ὅθεν

289 590 620 645 ἀπέστειλεν
678 590 772 640 τὸν
849 586 1137 640 ’Λντώνιον
1214 585 1314 638 σὺν
1390 586 1504 647 τοῖς
1572 585 1873 653 τάγμασιν.

296 682 579 733 Antonius
635 678 781 731 idem
851 675 1147 745 πατρίκιος
1203 674 1300 728 καὶ
1357 675 1680 744 δομέστικος
1765 672 1878 725 τῶν

276 770 509 842 σχολῶν
554 769 821 823 scribitur
873 767 928 820 in
981 766 1351 835 Copronymo.
1418 763 1574 819 Unde
1634 765 1873 833 conjicio

296 874 622 930 supremum
652 856 933 911 exercitus
967 856 1202 909 Romani
1226 855 1423 910 ducem
1476 855 1623 909 circa
1672 854 1883 923 Copro-

297 951 452 1021 nytni
494 959 710 1003 aetatem
769 947 1162 1007 domesticum.
1202 961 1268 1000 ac
1319 945 1485 1016 paulo
1516 954 1643 1016 post
1704 945 1885 1032 πηροὶ

301 1046 518 1098 honore
579 1040 842 1109 adjuncto
896 1046 1178 1101 vocatum,
1204 1038 1299 1103 qui
1362 1036 1517 1107 prius
1580 1036 1883 1106 στρατηγός

298 1136 510 1204 ubique
565 1132 822 1186 audiebat
887 1129 1115 1185 :l’atear
1173 1131 1302 1185 licet
1351 1130 1457 1184 alia
1511 1130 1712 1185 iterum
1763 1132 1884 1185 vice

294 1225 662 1281 domesticum
689 1232 907 1278 exstare
945 1216 1000 1277 in
1050 1219 1363 1276 Justiniano
1390 1219 1456 1287 ll,
1497 1232 1550 1275 at
1581 1236 1689 1275 non
1722 1235 1885 1275 exer-

296 1319 472 1383 citus,
524 1318 618 1371 sed
678 1316 997 1385 στρατόρων
1051 1315 1357 1384 equisonum
1409 1314 1694 1369 celebrari.
1755 1313 1884 1380 Ejus

298 1410 478 1474 igitur
514 1417 596 1461 est
615 1410 919 1460 exercitum
957 1407 1210 1469 educere,
1258 1413 1313 1459 et
1349 1406 1470 1458 belli
1528 1420 1618 1459 res
1654 1416 1873 1457 curare.

298 1502 613 1571 Eaproplet’
635 1498 863 1552 Michael
892 1496 1236 1561 Palmologus
1276 1493 1510 1549 Joannis
1541 1494 1734 1562 Angeli
1779 1492 1888 1545 fra-

298 1602 444 1647 trem
473 1591 644 1659 μὲγαν
684 1589 1074 1657 γειροτονήσας
1107 1587 1452 1655 δομέστικον,
1493 1585 1683 1638 καὶτὰ
1717 1600 1884 1652 στρα-

298 1684 556 1751 τεύματα
588 1680 864 1749 παραδοὺς
892 1677 1065 1746 αὐτῷ.
1095 1679 1173 1737 είς
1196 1676 1359 1729 Δύσιν
1388 1678 1711 1744 ὲκπέπομφε
1742 1675 1885 1729 κατὰ

1979 589 2007 637 ὁ
2036 587 2268 655 γηραιὶς
2314 587 2571 656 βασιλεὺς
2597 588 2686 641 διὰ
2719 588 2838 652 δέος
2885 593 3150 659 μειζόνων
3205 594 3391 648 κακῶν
3419 597 3556 648 ἀπέ-

1984 675 2160 728 στειλε
2192 675 2487 747 πρεσϐείαν
2516 679 2651 748 πρὸς
2672 679 2835 731 αὐτὸν
2862 680 3425 753 (πανυπερσέσαστον)
3460 683 3556 736 καὶ

1982 764 2098 835 ἃμα
2123 768 2187 838 τῇ
2212 766 2478 838 πρεσϐείᾳ
2511 769 2605 820 καὶ
2636 769 2705 821 τὰ
2733 769 2825 821 τοῦ
2852 770 3188 838 Καισαρικοῦ
3240 770 3554 840 ἀξιώματος

1983 857 2253 926 σύμϐολα.
2286 858 2642 913 lllustriorem
2679 870 2858 913 tamen
2907 874 2935 913 a
2969 861 3145 930 prima
3180 877 3279 915 sua
3336 861 3557 916 institu-

1982 946 2134 1001 tione
2159 945 2470 1001 reddiderat
2490 947 2630 1000 idem
2657 948 2976 1016 imperator,
3006 957 3064 1001 ut
3093 949 3230 1015 apud
3261 948 3554 1019 Gregoraut

1982 1037 2159 1104 ipsum
2189 1036 2430 1106 reperies
2452 1037 2577 1092 libri
2605 1037 2965 1107 prmcedeutis
2988 1048 3126 1091 sect.
3149 1038 3241 1103 28,
3268 1047 3322 1091 et
3345 1050 3405 1092 ut
3428 1040 3556 1092 illu-

1938 1134 1942 1139 ’
1979 1116 2145 1184 strem
2176 1128 2330 1181 valde
2354 1128 2539 1183 laudat
2569 1128 2780 1183 Nicetas
2811 1129 2865 1182 in
2897 1129 3210 1182 Andronico
3231 1129 3268 1183 l.
3296 1128 3557 1200 1.6mm]
3652 1126 3655 1131 ’

2062 1216 2119 1270 Ρ.
2158 1217 2211 1271 8.
2249 1215 2712 1272 Protovestiarius.
2742 1218 2957 1272 Primus
2983 1217 3272 1286 praefectus
3296 1218 3556 1280 vestiarii,

1986 1305 2146 1374 cujus
2180 1321 2319 1359 uxor
2349 1308 2754 1374 protovestiaria
2789 1306 3156 1369 salutabatur,
3209 1316 3268 1359 ut
3297 1316 3381 1361 est
3410 1307 3557 1374 apud

1987 1397 2200 1450 Annam
2245 1396 2601 1458 Coumenam.
2636 1396 2673 1450 ι.
2705 1411 2756 1449 vr
2790 1395 3038 1448 Alexiad.
3093 1396 3165 1448 De
3200 1398 3560 1463 protovestia-

1987 1487 2072 1541 rio
2106 1485 2307 1553 saepius
2360 1485 2580 1539 dabitur
2607 1484 2820 1539 dicendi
2860 1484 3035 1537 locus.
3071 1484 3277 1537 Gne'rs.

2062 1575 2149 1648 [Ρ.
2182 1576 2233 1630 8.
2274 1573 2606 1629 Vestiarium
2660 1573 2828 1627 adibit
2864 1573 2958 1640 qui
3019 1572 3086 1626 de
3140 1573 3560 1641 protevestiario

1989 1665 2258 1720 sollicitus
2286 1671 2387 1717 est.
2434 1662 2754 1716 Vestiarium
2787 1676 3179 1728 nonnunquam
3206 1663 3419 1717 uestitus
3450 1672 3557 1725 est,

300 1750 416 1825 1703
442 1770 748 1824 ἀποστάτου
773 1770 1016 1839 Μιχαὴλ.
1042 1767 1375 1836 Φροντιστής
1399 1766 1563 1820 etiam
1597 1775 1653 1820 et
1688 1768 1883 1835 ἐπιμε-

1999 1768 2067 1806 res
2095 1751 2368 1814 vestiario,
2400 1759 2654 1818 quantum
2684 1752 2815 1804 satis
2847 1761 2922 1805 est
2957 1751 3200 1812 uestium,
3257 1750 3399 1805 sicut
3448 1751 3563 1804 cal-

298 1862 473 1933 λητὴς
505 1861 783 1928 δημοσίων
801 1862 1147 1929 πραγμάτων
1168 1857 1239 1911 ab
1258 1866 1488 1911 auctore
1513 1863 1875 1923 memoratur;

299 1956 465 2023 cujus
495 1950 714 2021 quidem
750 1965 813 2003 ac
846 1949 1130 2017 amplioris
1174 1949 1339 2001 etiam
1378 1946 1623 2000 muneris
1666 1946 1880 2001 descri-

296 2046 546 2115 ptiunem
583 2040 834 2096 exhibuit
866 2040 1306 2105 Cantacuzenus,
1351 2039 1467 2108 ipse
1517 2052 1749 2108 magnus
1779 2042 1880 2093 do-

298 2136 592 2199 mesticus,
617 2150 677 2198 ιι,
710 2134 761 2193 5.
790 2129 986 2204 Coum]

380 2223 443 2278 Ρ.
476 2223 530 2277 ’1.
562 2220 1107 2290 Parthypersebastas.
1141 2219 1321 2275 Etiam
1368 2218 1473 2274 hoc
1515 2218 1734 2288 ἀξίωμα
1784 2220 1882 2274 καὶ

296 2318 481 2384 ὄνομα
530 2324 612 2369 est
678 2313 853 2367 Alesii
922 2311 1187 2366 Comneni
1237 2310 1471 2380 ποίημα,
1529 2311 1623 2381 qui
1678 2311 1735 2366 in
1794 2311 1881 2365 bis

298 2406 675 2477 excogitandis
727 2404 995 2459 fecundus
1023 2411 1080 2459 et
1112 2402 1382 2457 facundus
1428 2401 1549 2457 fuit.
1608 2400 1738 2457 Vide
1770 2401 1884 2455 Zo-

301 2515 498 2554 naram
548 2500 603 2553 in
652 2496 842 2552 Alexio
886 2494 1190 2549 Comneno.
1243 2491 1348 2547 Sed
1401 2501 1458 2547 ut
1510 2492 1600 2549 hic
1656 2492 1881 2558 dicitur,

302 2595 414 2646 iste
459 2591 1023 2661 pauhypersehastus,
1078 2585 1216 2639 ultra
1263 2600 1426 2653 quem
1481 2585 1707 2638 ambitio
1753 2599 1883 2654 pro-

300 2684 459 2755 gredi
493 2698 599 2736 non
636 2695 793 2749 posse
826 2679 1132 2741 videbatur,
1161 2677 1370 2730 invenit
1404 2675 1759 2745 sequentibus
1787 2688 1887 2727 au-

304 2776 399 2827 nis
426 2787 609 2842 parem
656 2769 921 2823 Joannem
953 2770 1418 2827 Cantaruzenum,
1478 2780 1733 2839 magnum
1784 2762 1883 2816 do-

300 2866 627 2925 mesticum,
663 2869 720 2915 et
748 2859 908 2929 paulo
937 2866 1057 2927 post
1086 2857 1345 2927 majorem
1400 2869 1465 2909 ac
1523 2853 1884 2923 superiorem,

304 2970 373 3014 nt
406 2968 461 3013 et
492 2954 994 3028 protovestiarium.
1029 2955 1104 3006 lta
1149 2968 1247 3007 ceu
1281 2951 1388 3021 piis
1415 2950 1675 3005 ludebant
1698 2949 1789 3003 isti
1833 2954 1890 3002 et

298 3055 480 3109 rebus
536 3064 588 3105 et
620 3050 940 3104 nominibus
1001 3048 1163 3100 modo
1201 3046 1254 3099 in
1303 3045 1475 3099 altum
1537 3042 1695 3097 elatis
1724 3040 1886 3095 modo

301 3147 570 3201 deorsum
643 3141 873 3213 pressis.
931 3137 1283 3192 Andronicus
1354 3136 1541 3189 senior
1593 3136 1887 3202 imperator

300 3239 577 3294 Joannem
608 3245 863 3305 nepotem
903 3246 1061 3287 suum
1098 3225 1586 3298 panhypersebasti
1630 3224 1891 3294 dignitate

304 3332 583 3383 decoratis
612 3342 731 3380 eum
760 3324 912 3395 longe
939 3321 1296 3391 augustiorem
1327 3318 1497 3386 etfacit
1528 3331 1687 3385 quam
1729 3322 1892 3366 antea

305 3420 504 3488 fuerit,
558 3415 816 3468 concessis
874 3406 1216 3472 oestimen’tis,
1255 3406 1449 3460 calceis
1494 3412 1542 3456 et
1570 3402 1688 3470 equi
1735 3414 1893 3452 orna-

307 3510 509 3567 mentis
531 3508 661 3561 lutei
688 3505 904 3567 coloris,
939 3514 996 3556 ut
1029 3509 1168 3554 inter
1206 3497 1605 3566 imperatoriam
1644 3492 1894 3545 nobilita-

307 3616 421 3660 tem
445 3602 674 3655 maxime
704 3596 933 3651 illustris
963 3602 1119 3652 esset.
1145 3603 1206 3644 ut
1234 3589 1310 3642 ait
1331 3587 1601 3666 Gregoras
1626 3584 1662 3637 l.
1688 3598 1787 3638 vn.
1822 3578 1893 3635 Ut

305 3709 501 3752 autem
542 3709 680 3746 uxor
714 3692 955 3757 despotic
981 3687 1249 3751 despama,
1284 3679 1521 3734 C:esaris
1570 3675 1889 3738 (ἔωσαν-ἰείη,

306 3783 773 3843 scbastocratoris
804 3775 1308 3833 sebastocralorissa
1338 3771 1484 3825 dicta
1532 3777 1617 3822 est
1665 3767 1809 3836 (vide
1838 3779 1889 3819 c.

305 3882 419 3935 ult.
455 3876 676 3944 Codini)
702 3914 718 3937 ,
761 3875 834 3926 ita
888 3885 1025 3923 uxor
1061 3860 1549 3938 panhypersebasti
1576 3859 1883 3927 panhyper-

306 3975 532 4025 sebasta
581 3965 795 4030 audiit;
847 3960 1028 4030 qualis
1083 3955 1227 4025 apud
1264 3952 1560 4023 Gregoram
1595 3950 1729 4005 l..tn
1787 3945 1893 4000 lilia

306 4058 593 4116 Theodori
644 4053 970 4110 Metochitae.
1005 4045 1360 4101 matrimonio
1384 4044 1573 4113 juncta
1632 4038 1893 4110 praedicto

304 4154 335 4210 J
367 4153 518 4205 ranni
554 4144 1084 4218 panhypersehasto.
1239 4146 1242 4150 ’

387 4243 493 4316 [Ὀ
522 4217 1125 4302 κανυπερσέὄαστος.
1159 4227 1234 4281 De
1293 4225 1451 4296 cujus
1503 4222 1769 4292 dignitate
1822 4217 1893 4274 ab

305 4312 511 4393 Alexio
570 4330 853 4385 Cnmneno
912 4324 1133 4377 inventa
1202 4327 1398 4390 praeter
1456 4315 1725 4369 Zonaratu
1781 4312 1898 4366 haec

306 4432 473 4495 Anna
508 4424 658 4477 lilia:
687 4420 823 4474 Κατ’
855 4420 1029 4472 ἐκεῖνο
1081 4416 1138 4468 δὲ
1172 4410 1367 4484 καιροῦ
1408 4410 1696 4479 τετίμηται

307 4519 668 4589 Ταρωνεὶτιτς
715 4515 811 4566 καὶ
865 4509 1114 4579 γαμϐρὸς
1144 4504 1229 4558 ἐπ’
1275 4502 1475 4572 ἀδελφῇ
1509 4499 1602 4553 τοῦ
1638 4495 1901 4589 βασιλέως

310 4586 769 4681 πᾴυτοσέσαττός
809 4619 868 4655 τε
927 4603 1021 4654 καὶ
1064 4593 1583 4667 πρωτοϐεστιάριος.
1631 4588 1768 4643 Μετ’
1834 4586 1897 4639 οὗ

313 4708 458 4759 πολὺ
500 4702 558 4755 δὲ
598 4700 695 4753 καὶ
741 4691 1257 4765 πανυπερσῶαστος
1310 4686 1474 4756 178
1522 4681 1900 4738 ἀναδείκνυται

317 4796 419 4848 καὶ
443 4792 738 4860 σύντροφος
769 4789 862 4837 τοῦ
888 4783 1162 4850 Καίσαρος
1195 4778 1426 4846 γίνεται.
1450 4772 1670 4827 Τούτων
1695 4770 1755 4823 δι
1792 4767 1902 4822 ⁶εἰίδν

318 4884 655 4953 ἀξιωμάτων
676 4880 778 4949 τὴν
803 4871 1153 4941 καινοτομίαν
1186 4872 1215 4923 ὁ
1243 4868 1372 4938 sub;
1400 4866 1584 4934 πατὴρ
1610 4859 1905 4953 προσεξευ-

321 4951 724 5047 ρατονξυνθεὶς,
763 4969 871 5029 τοῖς
898 4966 954 5019 δὲ
986 4965 1079 5018 καὶ
1111 4958 1613 5031 παραχρησάμενος
1636 4970 1651 4986 ·
1685 4953 1747 5007 τὸ
1805 4951 1905 5022 μὲν

317 5044 435 5137 ξαρ
462 5059 979 5131 πανυπερσῶαστος
1008 5055 1103 5108 καὶ
1129 5052 1608 5122 σεϐαστοκράτωρ,
1642 5046 1737 5099 καὶ
1801 5044 1903 5097 ὅσα

318 5157 589 5219 τοιαῦτα,
621 5150 1024 5205 συντεθεικὲναι
1066 5144 1569 5215 παραχρησάμενοςμ
1616 5137 1902 5207 φαίνεται’

322 5245 584 5301 σεδαστοὶ
614 5242 727 5311 γὰρ
748 5240 798 5293 oi
831 5237 1069 5308 βασιλεῖς
1114 5231 1384 5287 ἀνέκαθεν
1447 5228 1640 5289 κοινῶς
1679 5221 1905 5292 ὠνομά-

323 5343 507 5403 ζοντο,
540 5336 633 5388 καὶ
670 5329 740 5402 ἧν
771 5328 1082 5394 ἰδιαζόντως
1112 5328 1190 5388 εἰς
1221 5323 1447 5394 βασιλέα
1492 5319 1786 5388 λεγόμενον
1844 5313 1907 5365 τὸ

320 5428 423 5484 τοῦ
442 5424 709 5478 σεϐαστοῦ
730 5423 901 5492 ὄνομα
927 5437 942 5453 ο
976 5416 1137 5479 αὐτὸς
1159 5416 1216 5469 δὲ
1246 5417 1323 5477 είς
1346 5414 1409 5466 τὸ
1432 5411 1739 5479 κοινότερον
1773 5404 1906 5472 πρό·-

325 5537 488 5590 τερον
512 5518 818 5586 κατήνεγκε
840 5512 939 5581 τὴν
964 5507 1225 5577 τοιαύτην
1251 5505 1428 5569 ἀξίαν,
1459 5503 1584 5555 Erat
1606 5500 1777 5560 enim.
1800 5512 1906 5549 non

326 5612 553 5668 Cresare
587 5609 775 5671 modo,
814 5606 909 5661 sed
940 5611 994 5659 et
1021 5598 1346 5661 domestico,
1375 5590 1909 5666 panhypersebastus

304 5703 623 5797 Ιδοιιιὶιὶοι,
654 5699 799 5756 unde
854 5706 908 5750 et
947 5688 1532 5765 panhypersebastutn,
1571 5700 1600 5739 a
1635 5699 1744 5752 quo
1801 5679 1906 5734 sibi

1986 1842 2212 1896 ciarium
2239 1852 2502 1909 quantum
2530 1843 3021 1897 calceamentorum
3051 1854 3278 1895 necesse
3324 1850 3428 1895 est.
3456 1838 3561 1894 Ve-

1984 1935 2234 1990 stiarium
2289 1935 2342 1988 in
2380 1934 2666 2002 postremis
2721 1932 2876 1987 libris
2907 1931 3122 1987 Codicis
3159 1940 3214 1986 et
3268 1931 3321 1985 in
3357 1929 3559 1984 Notitia

1987 2026 2200 2095 imperii
2230 2026 2415 2095 accipe
2437 2064 2452 2090 ,
2494 2026 2547 2079 in
2589 2040 2699 2092 quo
2735 2033 2913 2080 vestes
2946 2024 3213 2094 principis
3243 2022 3560 2078 conduntur

1986 2125 2041 2173 et
2075 2127 2431 2186 reponuntur.
2460 2116 2869 2185 Mosehopnlus.
2897 2116 2989 2170 lib.
3018 2117 3106 2170 cui
3140 2116 3337 2169 titulus
3364 2112 3563 2166 Συλλο-

1986 2207 2058 2275 γὴ
2103 2206 2363 2261 ’Δττικῶν
2403 2206 2682 2275 ὀνομάτων
2715 2219 2759 2269 θ,
2784 2204 3183 2275 βεστιοπράτης
3231 2204 3258 2255 ὁ
3301 2203 3513 2273 ράπτης
3540 2217 3557 2234 υ

1991 2296 2178 2366 βεστία
2207 2297 2315 2367 γὰρ
2350 2296 2502 2367 παρὰ
2540 2294 2836 2364 Ῥωμαίοις
2890 2294 2960 2348 τὰ
2994 2295 3206 2363 ἱμάτια,
3262 2291 3324 2357 ἐξ
3355 2284 3418 2344 οὗ
3467 2292 3565 2345 καὶ

1991 2387 2294 2459 βεστιάριον
2323 2385 2549 2455 κυρίως,
2581 2386 2639 2438 ὲν
2665 2378 2709 2452 ᾧ
2734 2384 2804 2437 τὰ
2857 2383 3111 2453 βασιλικὰ
3159 2382 3428 2452 ἐνδύματα
3458 2401 3563 2451 cpu-

1988 2482 2295 2536 λάσσονται.
2326 2480 2647 2537 Guillelmus
2676 2477 2893 2547 Tyrius,
2926 2477 2970 2530 Ι.
3007 2493 3045 2531 ιι
3072 2476 3147 2530 De
3204 2477 3338 2531 bello
3369 2492 3560 2532 sacro:

1992 2560 2108 2639 Quo
2169 2571 2310 2642 facto
2363 2586 2428 2625 ea:
2481 2568 2843 2637 imperialibus
2904 2568 3171 2620 vestiariis
3210 2568 3388 2621 oblata
3438 2577 3564 2622 sunt

1989 2648 2245 2736 prédicto
2279 2663 2388 2717 uiro
2423 2662 2475 2715 in
2512 2676 2645 2714 auro
2673 2658 2919 2721 vestibus,
2946 2656 3084 2711 vasis
3115 2665 3165 2710 et
3215 2658 3457 2726 pretiosis
3486 2659 3567 2714 la-

1990 2757 2227 2827 pidibus.
2258 2752 2428 2809 Vides
2465 2753 2521 2807 in
2557 2749 2819 2806 vestiario
2851 2763 2957 2803 non
2989 2758 3157 2802 vestes
3183 2748 3483 2812 modo,sed
3513 2759 3568 2803 et

1994 2863 2214 2911 aurum,
2244 2861 2396 2909 vasa,
2435 2843 2642 2914 lapides
2673 2842 2949 2911 pretiosos
2979 2838 3194 2909 reponi,
3245 2839 3389 2893 unde
3426 2840 3565 2894 non-

1996 2941 2130 2996 nulli
2170 2938 2413 2993 vestiarii
2447 2934 2798 3001 thesaurique
2832 2947 2994 2987 unam
3033 2931 3405 2999 acceptionem
3432 2944 3566 2985 con-

1995 3032 2248 3087 tendunt.
2280 3026 2584 3084 Vestiarius
2617 3025 2803 3092 itaque
2831 3023 2923 3091 qui
2975 3020 3349 3090 hujuscemodi
3386 3028 3570 3082 curat.

1994 3121 2222 3191 profert,
2261 3117 2527 3178 recondit,
2585 3120 2849 3168 asservat.
2900 3110 2950 3165 Is
2981 3110 3284 3180 βεστιάριος
3335 3110 3563 3177 Graecis,

1994 3222 2055 3268 ut
2082 3212 2311 3266 Zonaras
2346 3210 2399 3263 in
2435 3206 2694 3264 Eudocia.
2739 3202 2938 3256 Joanni
2998 3202 3337 3255 Damasceno
3371 3215 3567 3254 mona-
3608 3186 3613 3189 ⁷

1993 3304 2099 3357 eho
2132 3312 2187 3357 et
2219 3300 2363 3355 aliis.
2420 3298 2684 3365 Princeps
2743 3293 2987 3349 omnium
3047 3290 3565 3362 πρωτοδεστιάριος,

1995 3393 2065 3449 de
2090 3408 2201 3462 quo
2234 3392 2288 3446 in
2325 3388 2609 3460 praesenti,
2638 3387 2798 3455 cujus
2837 3398 3036 3438 nomen
3058 3383 3173 3452 jam
3206 3399 3237 3437 a
3274 3383 3567 3453 Theophili

1998 3482 2335 3553 temporibus
2369 3480 2613 3549 agnitum
2645 3477 2785 3545 apud
2816 3474 3228 3543 Theophanem.
3283 3486 3314 3527 a
3358 3473 3571 3528 caeteris

1994 3574 2196 3631 deinde
2231 3572 2512 3627 historicis
2542 3579 2889 3638 usurpatum.
2921 3581 2951 3620 ι
3008 3566 3222 3634 magnis
3282 3565 3418 3621 viris
3452 3579 3570 3618 snt-

1995 3666 2193 3721 bitum.
2250 3660 2764 3732 Panbypersebasto
2801 3656 3045 3711 nondum
3112 3646 3419 3709 institutoa
3474 3656 3574 3707 do-

1995 3741 2221 3811 mestico
2248 3753 2514 3823 dignitate
2553 3748 2829 3805 secundus
2860 3746 2984 3808 luit,
3040 3754 3270 3800 auctore
3326 3744 3574 3798 Cedreno

1994 3850 2052 3905 in
2103 3845 2470 3903 Constantino
2523 3840 2757 3896 Romani
2812 3839 2967 3892 lilio:
3028 3836 3297 3889 Νικόλαον
3345 3836 3452 3903 γὰρ
3477 3835 3573 3886 τδν

1995 3938 2214 4010 πρῶτον
2248 3933 2417 3988 αὐτοῦ
2449 3929 2850 4001 θαλαμηπόλων
2866 3925 3192 3994 ὼμὲστικον
3235 3923 3571 3993 προεϐάλετο

1994 4032 2104 4085 τῶν
2128 4027 2335 4099 σχολῶν
2369 4024 2461 4078 καὶ
2493 4020 3013 4091 παρακοιμώμενον,
3048 4014 3364 4083 Νικηφόρον
3388 4014 3446 4067 δὲ
3477 4014 3571 4068 τὸν
3644 4040 3651 4049 ι

2002 4121 2119 4191 μετ’
2147 4121 2353 4173 ἐκεῖνον
2389 4115 2456 4168 τὰ
2481 4113 2764 4182 δευτερεῖα
2791 4110 3026 4178 φέροντα
3052 4105 3572 4177 πρωτοσεστιάριον.

1999 4211 2071 4271 Ut
2095 4210 2398 4266 domestico
2428 4208 2729 4276 proximus,
2759 4216 2819 4253 ac
2844 4213 2958 4252 rem
2986 4196 3305 4253 vestiariam
3331 4205 3575 4250 tractans

2000 4316 2187 4360 sacras
2219 4300 2427 4356 Christi
2462 4297 2664 4351 fascias
2725 4294 2780 4347 in
2821 4289 3196 4345 ecclesiastica
3227 4290 3578 4358 processione

1746 4407 1842 4460 καὶ
1870 4405 1898 4457 ὁ
1928 4422 1976 4478 υ
1996 4403 2219 4464 gestare
2240 4389 2498 4446 manibus
2539 4385 2703 4439 audet
2737 4383 2877 4449 apud
2901 4380 3208 4478 Cedrenum
3235 4378 3286 4431 iu
3316 4377 3579 4432 Michaele

2007 4482 2377 4555 Paphlagone.
2437 4477 2516 4532 Illi
2567 4475 2634 4530 ad
2697 4472 3018 4529 cubiculum
3071 4470 3426 4537 imperatoris
3480 4483 3581 4523 nec

2008 4590 2116 4630 non
2149 4576 2203 4629 in
2242 4573 2364 4643 ipso
2398 4581 2556 4626 sacro
2588 4564 2844 4620 cubiculo
2877 4564 3123 4615 dormire
3166 4560 3250 4613 fas
3300 4567 3439 4613 erat.
3472 4557 3582 4612 Leo

2006 4666 2415 4722 Grammaticus
2446 4660 2500 4714 in
2534 4656 2798 4712 Michaele
2816 4650 3105 4721 Theophili
3141 4650 3296 4704 tilio:
3330 4648 3584 4701 Ἔνδιιθεν

2004 4761 2061 4814 δὲ
2084 4759 2177 4812 τοῦ
2208 4757 2467 4817 κοιτῶνος
2499 4746 2570 4823 ἦν
2617 4743 3032 4805 Βασιλισκιανδς
3081 4743 3149 4810 τῇ
3187 4738 3440 4809 βουλήσει
3487 4737 3583 4789 τοῦ

2009 4851 2278 4920 βασιλέως
2301 4844 2555 4906 ὑπνώσας
2584 4843 2642 4894 ιν
2672 4841 2739 4907 τῇ
2787 4836 2946 4903 κλίνῃ
2973 4830 3067 4884 τοῦ
3107 4827 3419 4882 Ῥεντακίου
3445 4827 3584 4895 πρὸς

2006 4918 2256 5013 ιρυλακὴν
2285 4936 2473 4991 αὐτοῦ.
2506 4931 2637 4985 Erat
2663 4925 2962 4980 Rentacius
2987 4921 3077 4976 ille
3104 4918 3583 4990 protovestiarius.

2006 5010 2164 5109 prius
2195 5033 2379 5101 aliquo
2406 5036 2656 5093 tempore
2696 5034 2725 5072 a
2760 5015 3028 5101 Michaele
3056 5013 3125 5069 ad
3157 5010 3491 5096 monendum
3524 5013 3588 5064 de

2009 5124 2213 5182 BaSilio
2270 5116 2588 5176 coronando
2619 5110 2993 5180 patriarcham
3028 5108 3250 5171 missus,
3304 5113 3358 5158 et
3406 5111 3589 5157 vestes

2008 5215 2323 5284 regiumque
2350 5216 2670 5277 apparatum
2697 5215 2916 5255 omnem
2948 5198 3280 5267 prolsturus.
3314 5191 3519 5265 Cosa]

2079 5306 2140 5361 P.
2163 5306 2219 5360 9.
2253 5304 2309 5356 '0
2327 5300 2515 5373 μέγας
2548 5296 2721 5361 δούε.
2744 5295 2943 5351 Notum
2966 5300 3050 5346 est
3070 5289 3212 5345 unde
3233 5287 3406 5343 Graeci
3434 5286 3590 5341 ducis

2008 5414 2211 5456 nomen
2240 5393 2573 5463 acceperint.
2603 5389 2737 5444 Inde
2788 5386 3044 5440 δούκαινα
3080 5381 3239 5435 ducis
3285 5395 3448 5438 uxor.
3483 5377 3582 5431 Ni-

2010 5502 2145 5549 celze
2206 5489 2260 5543 in
2326 5484 2523 5541 Alexio
2583 5474 3256 5540 Comnenol.t,60uxa;,
3313 5469 3590 5533 δουκάὸος,

2009 5577 2245 5639 ὼυκάδι,
2273 5572 2528 5629 δουκὰδα.
2555 5570 2810 5642 Synodus
2845 5563 3159 5621 Florentino
3189 5580 3204 5615 :
3254 5559 3364 5614 Καὶ
3411 5560 3461 5610 οἱ
3493 5571 3590 5626 με-

2011 5667 2441 5741 γάλοιαὺθέντες
2466 5664 2559 5719 καί
2605 5659 2840 5734 ρηγὰδες
2892 5656 2985 5708 καὶ
3030 5653 3307 5716 δουκάδες.
3339 5648 3597 5719 Legimus
