3952 6222
273 219 377 285 197

1363 227 1749 289 euersam
1790 208 1886 290 ET
1927 234 2171 297 GOARl
2200 238 2448 301 NOT/E.

260 346 583 391 auctoritate
610 336 853 406 pra'fecti
904 339 1165 392 exercitus
1204 355 1234 392 α
1290 338 1497 392 tribuno
1563 341 1848 407 deputatur

1956 351 2203 413 peratorii
2228 354 2510 406 comitatus
2532 369 2622 406 seu
2654 356 2937 410 ministerii
2983 357 3263 427 princeps;
3297 358 3389 427 qui
3419 360 3539 413 vul-

261 434 331 485 nd
360 447 591 500 paruam.
626 429 791 483 Arma
832 432 1084 495 militum,
1119 441 1302 498 restes,
1334 433 1471 502 equi,
1532 450 1744 487 annona
1781 435 1851 488 ad

260 514 442 576 curam
477 524 595 589 ejus
643 524 927 587 pertinent.
992 522 1296 591 Disciplina-
1350 525 1443 591 jus
1491 534 1538 577 et
1596 528 1849 579 severitas

259 614 544 676 exercitus,
602 630 705 666 non
769 614 937 667 solum
996 616 1253 681 perlitum,
1291 617 1381 667 sed
1415 616 1572 667 etiam
1616 620 1848 684 equitum

261 706 696 774 legiondriorum,
729 714 989 773 pra-cepto
1043 706 1157 773 ejus
1215 706 1446 773 quotidie
1471 716 1709 761 curatur:
1742 710 1850 775 ipse

259 809 435 850 autem
470 806 647 850 custos
721 808 770 849 et
812 797 1031 864 diligens
1076 809 1122 848 et
1150 797 1359 850 sobrius
1423 798 1677 867 legionem
1750 801 1850 853 sibi

259 892 517 944 creditam
554 890 791 951 assiduis
844 890 1085 956 aperibus
1147 891 1216 942 ad
1264 906 1465 943 onmem
1525 884 1885 945 deeotioneml

258 985 516 1048 reformat
574 991 619 1032 et
652 979 991 1041 industriam,
1044 978 1210 1031 sciens
1253 980 1321 1031 ad
1351 979 1590 1047 praefecti
1635 981 1846 1034 laudem

260 1074 618 1139 subjectorum
673 1068 970 1123 redundare
1032 1072 1295 1123 virtutem.
1354 1070 1846 1140 Στρατοπεδάρχην

259 1178 392 1215 vero
422 1162 721 1215 tribunum
762 1174 885 1214 esse
915 1159 1159 1213 declarat
1193 1159 1558 1231 Theophanes
1581 1164 1635 1217 in
1666 1165 1850 1219 Jovia—

260 1271 354 1318 no,
397 1270 566 1323 quem
599 1255 848 1307 eumdem
882 1251 1185 1322 τριεοῦνον,
1216 1251 1410 1306 deinde
1444 1256 1846 1326 στρατοπεδάρ-

257 1364 385 1415 χην,
426 1362 548 1398 mox
584 1344 868 1414 χιλίαρχον
926 1344 1161 1412 appellat
1203 1343 1427 1398 .Ultima
1464 1361 1681 1413 quoque
1712 1364 1845 1403 voce

261 1439 364 1492 hoc
391 1436 631 1490 oﬂicium
661 1435 778 1501 ejus
803 1435 1035 1504 explicat
1063 1434 1363 1499 Gedrenus;
1396 1453 1557 1506 quem
1587 1440 1845 1493 domesti—

259 1545 449 1583 corum
482 1509 801 1597 prmiectum
836 1512 1206 1589 Marcellinus,
1242 1529 1559 1581 eorumdem
1584 1531 1841 1596 primice-

260 1616 341 1674 riu
352 1638 401 1673 ιιι
420 1600 996 1687 scribitilierooymus
1016 1618 1068 1670 in
1088 1617 1379 1673 Chronico.
1432 1621 1841 1693 Στρατοπεδάρ-

1955 456 2020 509 go
2049 441 2211 497 aulici
2244 444 2531 499 ministerii
2565 461 2687 501 cum
2728 459 2986 515 potestate
3015 463 3254 514 curator,
3290 452 3336 504 le
3364 454 3538 519 grand

1953 535 2192 587 maistre.
2211 535 2377 590 Favet
2395 538 2512 591 voci
2547 539 2668 593 data
2693 555 2722 593 a
2748 539 2988 609 Gregora
3015 544 3412 613 interpretatio,
3439 562 3536 609 νιι,

1952 624 2019 677 8:
2049 627 2408 693 primicerium
2448 630 2591 683 enim
2648 633 2803 699 quasi
2846 634 3079 701 primum
3117 637 3326 705 κύριον.
3357 650 3410 692 et
3442 655 3539 707 ap-

1955 715 2064 768 tius
2096 717 2270 785 μέγαν
2303 719 2495 789 κύριον
2524 723 2705 776 vertit.
2757 725 2863 776 Καὶ
2912 726 3011 793 μὲν
3056 728 3118 795 δὴ
3158 728 3306 781 ἔστιν
3354 730 3388 783 ἃ
3430 731 3539 784 τῶν

1951 806 2210 859 τοιούτων
2234 812 2599 882 παραφθοράν
2622 831 2742 865 τινα
2764 814 2841 882 τῷ
2862 816 3062 885 μακρῷ
3085 818 3262 885 χρόνῳ
3294 820 3537 872 παθόντα

1951 898 2206 967 ἀμυδρῶς
2248 919 2363 963 πως
2401 903 2809 971 ὑπεμῳαίνουσι
2832 906 2929 974 τὴν
2964 907 3248 974 ἀλήθειαν,
3277 910 3382 960 Τὸν
3429 910 3538 981 γάρ

1949 991 2144 1056 τοιτῆς
2163 991 2428 1056 Βοιωτίας
2460 996 2551 1047 καὶ
2576 996 2684 1048 τῶν
2710 996 2907 1065 Θηϐῶν
2929 998 3196 1067 ἀρχηγὸν,
3222 1000 3339 1051 om
3362 1003 3540 1067 μεγά-

1949 1079 2041 1132 λου
2102 1085 2537 1152 πριμμικηρέου.
2584 1087 2820 1154 μεγάλον
2852 1087 3040 1156 κύριον
3066 1086 3534 1174 ὸνοὶιάζουσινῦν,

1950 1174 2029 1232 εἰς
2059 1174 2213 1225 τοῦτο
2248 1176 2681 1244 παρενεχθέντες
2712 1179 2775 1229 ἐκ
2832 1179 2927 1231 τοῦ
2965 1181 3371 1249 παρενεχθῆναι
3435 1180 3540 1251 τὴν

1948 1266 2174 1334 πρώτην
2227 1265 2517 1334 συλλαϐήν.
2578 1268 2730 1333 Quod
2781 1285 2909 1321 vero
2986 1273 3264 1338 pramittit
3318 1271 3540 1326 Bmotite

1950 1359 2254 1427 principem
2286 1359 2396 1426 jam
2426 1374 2452 1409 a
2476 1361 2838 1414 Constantino
2865 1362 3159 1425 primicerii
3187 1379 3385 1416 nomen
3411 1365 3539 1417 ade~

1947 1459 2122 1518 ptum,
2155 1448 2356 1502 nullam
2393 1451 2537 1518 apud
2580 1466 2663 1504 me
2695 1453 2853 1504 ﬁdem
2888 1462 3149 1506 meretur.
3188 1452 3387 1524 Goan.]

2018 1536 2079 1593 P.
2113 1540 2145 1594 9
2190 1539 2414 1609 Magnus
2453 1530 2846 1604 contostaulu‘s,
2873 1559 3057 1598 comes
3102 1545 3323 1617 stabuli,
3369 1544 3535 1598 Gallis

1944 1633 2302 1686 connestable.
2320 1631 2527 1685 Nomen
2551 1632 2842 1686 conﬂatum
2865 1650 2928 1686 ex
2965 1643 3143 1685 contos
3167 1651 3258 1687 seu
3278 1647 3429 1687 conto
3448 1652 3540 1689 co-

260 1730 361 1783 χην
382 1726 687 1766 caStrornm
708 1724 892 1763 curam
909 1710 1140 1778 gessisse
1154 1726 1217 1763 ex
1238 1712 1453 1764 nomine
1470 1714 1711 1766 scribunt
1732 1715 1844 1780 alii,

1956 1733 2161 1784 mes.et
2185 1724 2385 1777 stoulos
2417 1724 2710 1777 stabulum.
2730 1724 3168 1787 Camacuzcnus,
3200 1725 3351 1786 LM]:
3380 1728 3538 1778 Com-

263 1804 463 1872 quibus
493 1801 789 1866 assentior;
850 1800 1075 1853 idenim
1133 1815 1354 1869 qttoque
1411 1802 1683 1857 muneris”
1707 1819 1847 1873 prm-

261 1897 418 1950 slitit.
455 1896 853 1948 Auctoritatem
888 1902 938 1946 et
967 1892 1070 1945 alia
1135 1894 1199 1947 ad
1232 1902 1396 1960 caput
1429 1895 1682 1962 quintum
1722 1912 1847 1964 pro-

264 1993 460 2043 teram.
496 1986 871 2049 Eumathium,
900 1996 957 2039 ut
980 1984 1215 2055 Cyprum
1253 1999 1623 2055 recuperatam
1663 1999 1843 2043 tut-rc—

262 2078 894 2146 tur,slratoped:ireliam
921 2078 987 2131 ab
1011 2078 1201 2131 Alexio
1231 2091 1471 2132 creatum
1503 2080 1672 2134 refert
1692 2083 1845 2133 Anna

262 2172 393 2233 tilia,
429 2169 464 2221 l.
497 2181 594 2221 VIII
627 2168 774 2221 εδεῖν
804 2166 1193 2232 ἔγνωἋλεξιος
1222 2168 1286 2219 τὲ
1316 2169 1455 2221 κατὰ
1489 2170 1589 2237 τὴν
1622 2169 1846 2239 Κύπρον

261 2241 685 2327 ἀσφαλίσαέθαι,
749 2258 847 2309 καὶ
910 2257 1002 2308 τὸν
1067 2257 1372 2326 Φιλοκάλην
1430 2259 1707 2326 Εύμάθιον
1749 2261 1846 2328 τὴν

261 2347 469 2413 ταύτης
500 2347 835 2415 ἀναθέμενος
870 2345 1114 2415 φρουρὰν
1146 2347 1627 2415 στρατοπεδάρχην
1675 2365 1843 2417 προε-

261 2441 561 2509 χειρίσατο,
586 2454 589 2457 ⁷
618 2438 749 2500 ναῦς
779 2438 1081 2506 πολεμικὰς
1103 2437 1350 2499 δεδωκὼς
1382 2439 1532 2508 αὑτῷ
1561 2440 1655 2492 καὶ
1689 2441 1848 2492 ἱππὸ-

262 2534 457 2599 τας.ἐφ
489 2518 533 2597 ᾧ
560 2522 629 2581 τὰ
657 2529 801 2581 κατὰ
827 2530 925 2599 τὴν
977 2530 1200 2600 Κύπρον
1231 2531 1318 2583 διά
1349 2548 1409 2582 τε
1441 2533 1719 2602 Θαλάσσης
1749 2534 1847 2585 καὶ

263 2625 498 2692 ἠπείρου
529 2623 953 2692 ἀσφαλιζεςθαι.
1000 2621 1246 2691 Explicat
1278 2622 1577 2692 Logotheta
1616 2640 1846 2692 στρατο-

262 2714 543 2783 πεδάρχην
600 2728 728 2766 voce.
753 2711 985 2767 Turcica
1037 2714 1147 2780 jam
1182 2713 1386 2767 Grzrcis
1423 2715 1556 2768 satis
1589 2713 1843 2767 lamiliari

261 2805 662 2874 πελάρπακινε
698 2804 1065 2859 Leunclavius
1130 2804 1422 2872 Peclarpax
1466 2805 1541 2858 ait
1590 2819 1713 2859 esse
1748 2805 1847 2857 Be-

262 2895 537 2965 gler-Beg,
580 2911 741 2964 quem
803 2896 1027 2965 exponit
1086 2905 1383 2964 pra'torem,
1441 2896 1742 2964 prwsidem,
1791 2905 1845 2949 et

262 2986 486 3041 tandem
528 3005 827 3059 supremum
872 2996 1172 3041 castrorum
1224 2988 1548 3055 principem;
1584 2988 1843 3054 additque

261 3096 451 3136 vocem
508 3081 750 3136 Graecam
814 3080 1319 3150 στρατοπεδάρχην.
1408 3078 1660 3149 Magnum
1696 3081 1843 3137 hunc

262 3173 769 3242 stratopedarcham
877 3180 1115 3237 quatuor
1189 3170 1494 3225 minoribus
1560 3172 1844 3240 praefuisse

262 3262 453 3317 scribit
504 3259 795 3314 Meursius:
829 3268 883 3313 at
912 3274 1023 3313 non
1057 3274 1287 3325 magnus
1322 3275 1536 3327 semper
1566 3260 1657 3329 qui
1725 3262 1846 3314 aliis

264 3362 480 3421 praeest,
513 3353 604 3408 sed
632 3353 724 3421 qui
757 3351 939 3406 oﬂicio
988 3359 1250 3420 praestat.
1291 3350 1492 3423 Genu]

332 3449 399 3502 Ρ.
455 3447 509 3501 9.
558 3445 787 3515 Magnus
834 3446 1184 3512 primicerius.
1229 3443 1303 3499 De
1358 3446 1682 3513 primiceriis
1735 3447 1844 3515 jam

266 3540 369 3609 egi.
393 3537 431 3591 ι.
457 3555 495 3602 ι,
527 3552 578 3592 c.
612 3536 670 3591 9.
709 3536 864 3606 181
899 3537 1035 3590 lllud
1071 3538 1158 3590 hic
1186 3536 1441 3597 observa.
1469 3538 1598 3590 olim
1630 3537 1849 3593 Bmouze

264 3642 315 3685 ct
339 3631 655 3685 Thebarum
716 3630 1012 3698 principem
1072 3630 1250 3696 magni
1302 3629 1593 3696 primicerii
1651 3646 1846 3683 nomen

266 3726 479 3789 tulisse,
518 3732 653 3778 teste
683 3721 920 3791 Grcgora
945 3720 982 3774 l.
1010 3737 1111 3783 vn,
1138 3721 1247 3790 ‘qui
1277 3722 1427 3776 addit
1481 3722 1627 3775 hunc
1674 3724 1846 3789 ipsum

266 3814 568 3887 principem
623 3814 856 3884 posteris
900 3812 1236 3880 temporibus
1269 3829 1367 3881 pro
1406 3830 1603 3884 magno
1661 3815 1851 3883 primi-

263 3910 408 3961 cerio
440 3908 611 3976 μέγαν
661 3906 852 3974 κύριον
884 3902 1213 3972 appellatum
1248 3918 1389 3967 esse,
1456 3919 1488 3955 a
1537 3905 1709 3971 prima
1741 3906 1849 3971 syl-

266 4001 388 4051 laba
421 3999 693 4051 occasione
726 4007 957 4063 sumpta,
990 4010 1017 4047 a
1071 3995 1243 4063 prima
1320 3994 1578 4049 nimirum
1644 3995 1849 4070 syllaba

266 4091 519 4144 vocabuli
570 4088 767 4157 κηρίου
820 4086 1115 4157 amputatis
1173 4085 1482 4154 compendii
1540 4088 1737 4155 gratia,
1796 4099 1853 4143 ut

265 4183 460 4251 Vulgus
487 4182 645 4245 solet,
683 4194 748 4232 ex
771 4179 1037 4231 vocabulo
1068 4164 1605 4247 primicerii'dnabus
1656 4179 1856 4248 priori-

270 4278 369 4327 bus
403 4274 643 4343 syllabis.
676 4270 749 4324 Ex
780 4287 890 4341 quo
919 4272 1143 4339 colligas
1164 4270 1273 4339 jam
1306 4282 1415 4325 tum
1444 4289 1477 4343 η
1508 4280 1561 4326 et
1588 4290 1616 4324 υ
1664 4274 1851 4326 eodem

1948 1816 2166 1885 periunt
2192 1815 2483 1884 principem
2517 1813 2825 1879 Sabaudiaz,
2845 1831 2995 1884 quem
3016 1813 3328 1868 Latinorum
3354 1817 3537 1886 lingua

1948 1915 2137 1959 conten
2164 1918 2349 1971 vocat;
2377 1906 2505 1974 quia
2542 1920 2603 1958 ea
2639 1915 2802 1959 :etate
2856 1906 3112 1972 princeps
3147 1905 3247 1960 iste
3299 1910 3534 1961 necdum

1947 2000 2194 2053 eratdux
2231 1998 2326 2052 sed
2362 2014 2571 2052 comes.
2624 1996 2878 2068 Synodus
2914 1995 3268 2053 Florentino:
3312 1999 3537 2055 Ἐκαθέ-
3600 2000 3605 2009 ³

1948 2091 2105 2154 ζοντο
2134 2092 2191 2143 δὲ
2243 2090 2603 2160 καϐαλλάριοί
2625 2107 2683 2143 τε
2733 2090 2827 2142 καὶ
2866 2092 3178 2159 μαρκέσιοι,
3231 2093 3411 2146 κόντοι
3443 2096 3538 2146 καὶ

1946 2183 2224 2246 δουκάδες.
2257 2182 2354 2237 Est
2407 2182 2575 2237 etiam
2641 2183 3045 2238 recentioribus
3091 2183 3297 2239 Graecis
3351 2185 3540 2239 κοντόν

1948 2277 2113 2335 breve,
2150 2284 2381 2338 curtum,
2413 2271 2563 2337 kurz,
2593 2290 2851 2341 parvum;
2885 2271 3028 2329 unde
3052 2278 3355 2337 contacium
3393 2278 3535 2331 sacri

1948 2365 2119 2419 odarii
2149 2380 2341 2435 genus.
2391 2364 2676 2419 Ccdreuus
2728 2367 2919 2419 scribit
2969 2367 3263 2434 quemdam
3300 2352 3541 2437 appella-

1949 2463 2062 2507 ιυιιι
2109 2470 2229 2509 esse
2266 2442 2638 2507 Κόνταλὲοντα
2673 2466 2726 2507 et
2776 2455 2940 2507 alium
2983 2457 3434 2523 Κοντοστέφανον
3468 2458 3543 2511 ob

1948 2545 2298 2614 parvitatem,
2323 2543 2479 2613 quasi
2504 2559 2725 2612 parvum
2750 2543 2952 2596 leonem
2986 2554 3039 2598 ct
3073 2562 3292 2611 parvum
3320 2546 3542 2615 Stepha-

1948 2654 2095 2693 num.
2130 2636 2221 2691 Est
2252 2636 2414 2689 etiam
2460 2635 2649 2695 κοντὰ,
2675 2636 2925 2704 πλησίον,
2955 2653 3132 2705 prope.
3172 2637 3409 2689 Σταῦλον
3445 2654 3540 2693 seu

1949 2727 2178 2789 auito;
2236 2743 2298 2779 ex
2330 2725 2525 2779 Latino
2551 2726 2816 2778 stabulum
2850 2726 3123 2779 detortum
3160 2744 3173 2780 :
3224 2742 3348 2780 nam
3374 2730 3543 2781 extri-

1948 2826 2001 2871 ta
2038 2821 2195 2871 unica
2237 2817 2476 2871 litterula
2505 2818 2531 2868 b
2570 2816 2737 2871 habes
2761 2818 3020 2871 stantum.
3050 2816 3187 2871 Hinc
3213 2818 3378 2871 etiam
3409 2819 3545 2872 Ger-

1949 2908 2123 2962 manis
2151 2918 2227 2962 est
2251 2906 2412 2972 Stall,
2449 2907 2727 2977 Stallung,
2757 2909 3139 2974 einstallieren,
3174 2911 3320 2980 quod
3346 2910 3544 2965 barba-

1948 3000 2024 3053 ris
2058 2999 2363 3063 installare,
2397 2999 2618 3054 stallum
2648 3016 2741 3054 seu
2770 3004 3063 3057 stationem
3099 2992 3402 3074 assignare.
3429 3004 3542 3059 Nec

1951 3090 2165 3145 mireris
2199 3090 2243 3145 si
2276 3092 2468 3145 talium
2496 3088 2669 3162 origio
2699 3106 2727 3144 a
2778 3094 3047 3149 vocabulo
3088 3094 3359 3147 stabulum
3392 3112 3546 3167 repe-

1950 3192 2114 3248 tatur,
2150 3198 2275 3236 cum
2314 3184 2503 3237 eadem
2542 3200 2643 3237 vox
2687 3186 3033 3239 contostaulo
3062 3202 3258 3241 nomen
3318 3188 3539 3252 tribuat,

1946 3285 2000 3328 et
2030 3276 2248 3344 quidem
2304 3274 2697 3340 honorificum;
2734 3276 3005 3346 hodieque
3041 3277 3125 3331 die
3181 3277 3545 3343 stallmeister,

1948 3365 2193 3433 magistri
2228 3364 2449 3426 stabuli,
2499 3379 2693 3433 magno
2736 3364 2854 3419 loco
2895 3374 3021 3419 sunt
3059 3366 3113 3418 in
3157 3366 3300 3420 aulis
3332 3367 3544 3434 princi-

1948 3473 2100 3527 pum.
2135 3454 2406 3510 Scribitur
2454 3457 2618 3509 etiam
2669 3456 3023 3521 κονσταῦλος,
3072 3458 3164 3512 sed
3222 3458 3422 3513 rectius
3459 3469 3544 3514 est

1950 3549 2101 3618 prius
2130 3548 2281 3602 illud.
2334 3547 2619 3602 llabebant
2651 3564 2868 3618 quoque
2907 3559 3117 3604 veteres
3150 3549 3345 3603 Franci
3375 3552 3544 3622 cpmi-

1952 3649 2060 3695 tem
2094 3639 2294 3694 stabuli
2320 3651 2378 3693 ut
2402 3641 2571 3695 viderl
2607 3642 2761 3694 estin
2790 3643 2948 3709 epist.
2973 3642 3007 3694 5
3034 3640 3333 3704 llincmari,
3367 3657 3415 3693 ς.
3446 3642 3541 3705 l6;

1953 3747 2114 3801 quem
2135 3732 2329 3801 vulgus
2358 3742 2613 3798 corrupte
2631 3733 2935 3801 appellabat
2955 3729 3357 3793 consiahulum,
3384 3741 3439 3785 ut
3461 3742 3547 3787 est

1955 3824 2097 3893 apud
2128 3823 2463 3893 Reginonem
2496 3822 2538 3875 Ι.
2570 3838 2630 3884 ιι.
2654 3832 2705 3874 et
2728 3823 2870 3892 apud
2897 3821 3117 3897 Tyrium
3145 3821 3340 3889 passim
3368 3821 3546 3887 legere

1954 3927 2036 3970 est
2080 3915 2534 3968 constabularius.
2595 3912 2770 3967 Habes
2819 3923 2875 3967 et
2921 3911 3149 3982 simplex
3205 3910 3540 3966 stabularius

1955 4005 2096 4072 apud
2140 4018 2473 4073 anonymum
2510 4018 2628 4067 vin,
2660 4002 2714 4066 6,
2751 4002 2825 4077 De
2858 4004 2997 4057 bello
3030 4017 3186 4057 sacro
3221 4022 3234 4057 :
3271 4003 3546 4058 Conradus

1958 4095 2177 4149 Henrici
2210 4093 2308 4148 111
2341 4094 2692 4149 stabularius.
2734 4093 2950 4148 GRETS.

2032 4189 2191 4257 182
2217 4187 2553 4259 [Habuerunt
2577 4187 2807 4243 Romani
2839 4190 3055 4242 comites
3090 4190 3286 4242 stabuli
3311 4191 3544 4260 impera-

1963 4285 2110 4347 torii,
2136 4290 2203 4337 de
2246 4282 2446 4351 quibus
2494 4282 2699 4336 Paulus
2759 4282 3026 4337 Diaconos
3059 4283 3094 4335 Ι.
3122 4299 3252 4347 xvn,
3278 4295 3325 4337 et
3354 4284 3392 4338 Ι.
3418 4300 3546 4338 nix

268 4383 429 4427 anno.
456 4368 630 4420 instar
679 4364 811 4427 iota,
849 4363 1058 4432 prolata
1112 4364 1296 4418 fuisse:
1328 4365 1531 4435 alioqui
1564 4366 1700 4419 duas
1730 4367 1847 4420 illas
1877 4379 1929 4438 ι)
1959 4392 2008 4430 ο,
2048 4374 2321 4429 Thermus,
2352 4374 2429 4427 De
2490 4388 2707 4428 annona
2742 4383 2793 4429 ει
2828 4375 3049 4429 tributis
3079 4374 3118 4427 ι,
3145 4390 3223 4427 χι,
3252 4373 3423 4428 Gnaei
3458 4391 3551 4443 pa.

272 4460 489 4513 voculas
554 4460 749 4529 κήριος
780 4467 835 4512 et
892 4456 1082 4527 κύριος
1151 4458 1297 4526 vulgi
1347 4461 1684 4515 consuetudo
1741 4477 1849 4514 non

270 4550 626 4603 cooiudisset.
658 4550 868 4604 (iners.

344 4642 423 4715 [Si
459 4644 802 4713 primicerius
834 4657 897 4695 ex
930 4638 1095 4712 Sttida
1129 4640 1345 4710 πρῶτος
1377 4640 1579 4705 τάξειιις
1608 4642 1707 4712 τῆς
1756 4661 1851 4694 τυ-

272 4734 492 4803 χούσης,
520 4750 585 4787 ex
618 4732 866 4787 Heraclio
891 4733 946 4785 in
988 4731 1197 4786 Novell.
1234 4748 1291 4786 ιι.
1325 4730 1469 4786 Juris
1494 4730 1613 4787 GR.
1639 4734 1696 4785 ὲν
1721 4735 1850 4785 ἑκά-

273 4843 387 4895 στῳ
436 4830 679 4894 τάγματι
712 4826 950 4891 πρῶτος,
980 4834 1036 4877 ιιι
1067 4824 1209 4878 inter
1241 4834 1518 4889 cantores,
1551 4824 1620 4879 de
1652 4826 1853 4895 quibus

271 4919 536 4987 superiori
575 4932 720 4987 cap.,
748 4917 889 4971 inter
918 4918 1232 4976 advocatos.
1268 4917 1335 4970 de
1386 4918 1587 4987 quibus
1608 4917 1706 4972 Jus
1732 4920 1851 4974 Glt.

272 5010 469 5078 p.225,
492 5012 641 5081 prior
669 5022 751 5065 est
772 5011 1132 5076 primicerius,
1158 5026 1226 5063 an
1249 5012 1318 5063 ita
1346 5011 1433 5063 hic
1466 5028 1693 5082 magnus
1718 5013 1857 5066 inter

271 5105 452 5154 varios
475 5102 687 5170 imperii
716 5093 1059 5169 primicerius
1084 5108 1140 5154 ut
1163 5100 1377 5154 cunctis
1399 5099 1666 5168 imperet?
1701 5102 1855 5154 Atiir-

276 5204 412 5255 mat,
439 5202 491 5247 ut
516 5210 691 5264 nuper
711 5196 778 5247 de
814 5193 1285 5259 stratopedarcha,
1328 5191 1622 5247 Meursius.
1642 5194 1707 5244 At
1733 5208 1855 5245 cmn

275 5285 345 5336 sit
370 5284 423 5337 in
470 5290 589 5337 aula
636 5284 984 5353 primicerius
1008 5281 1439 5353 (πριμμικήριος
1472 5284 1617 5337 enim
1642 5284 1739 5353 τῆς
1766 5284 1860 5335 αὖ·

275 5376 378 5443 λῆς
403 5377 589 5447 legitur
610 5377 949 5445 frequentius
973 5376 1024 5429 in
1057 5378 1462 5445 sequentibus),
1489 5376 1608 5430 ideo
1634 5393 1901 5447 magnus__

276 5468 390 5530 hic,
417 5472 537 5538 quia
578 5470 653 5522 illi
688 5470 1006 5538 ueterisque
1040 5470 1352 5537 ptweminet
1375 5486 1388 5532 ;
1410 5478 1461 5522 et
1483 5487 1543 5524 ea
1562 5486 1727 5525 causa
1753 5473 1866 5539 pri-

278 5562 725 5634 micerius,quod.
742 5572 799 5615 ut
815 5563 951 5615 infra
972 5579 1048 5616 sci
1064 5562 1159 5617 ibit
1179 5578 1387 5626 anetor,
1408 5562 1477 5616 si:
1493 5566 1570 5625 εἰς
1593 5563 1653 5616 τὸ
1667 5565 1865 5632 φοσσά-

277 5666 374 5704 τον
399 5656 602 5719 κεφαλὴ
628 5655 716 5719 τῆς
751 5652 1034 5721 βασιλικῆς
1066 5652 1392 5718 συντάξεως,
1414 5655 1461 5707 in
1502 5657 1734 5708 exercitu
1766 5658 1865 5707 im-

1956 4467 2087 4519 riter
2118 4466 2283 4520 etiam
2328 4466 2554 4518 vocibus
2586 4468 2813 4520 consoni
2854 4465 3149 4519 Badurium
3180 4464 3382 4520 Justini
3439 4465 3550 4518 fra-

1960 4568 2094 4612 trem
2146 4558 2367 4629 κόμη-τα
2420 4558 2530 4610 τῶν
2584 4556 2884 4626 βασιλικῶν
2940 4556 3209 4619 σταύλων,
3270 4558 3551 4626 aliumque

1958 4666 2293 4721 auonymum
2350 4650 2541 4704 eadem
2604 4649 2971 4719 appellatione
3022 4647 3343 4715 insignitum
3399 4650 3544 4716 apud

1958 4740 2345 4811 Theophanem
2378 4752 2432 4796 et
2467 4738 2704 4793 Leonem
2755 4738 3190 4792 Grannnaticum
3250 4738 3303 4790 in
3360 4730 3543 4791 Theo-

1961 4832 2108 4901 philo
2132 4832 2364 4901 iactant.
2397 4832 2477 4885 Ab
2523 4832 2587 4884 iis
2637 4831 2833 4883 vetuSti
2884 4828 3080 4882 Franci
3124 4830 3398 4895 regiorum
3430 4837 3592 4901 ειη-1

1960 4926 2215 4980 bulorum
2278 4926 2506 4979 comites
2555 4921 2937 4986 connestables,
2989 4920 3157 4976 Graeci
3214 4922 3551 4975 recentiores

1963 5010 2092 5069 Suos
2128 5013 2520 5076 κονεσταύλους
2574 5013 2969 5076 κονοσταύλους
3007 5014 3089 5068 vel
3123 5012 3545 5074 κοντοσταύλους
3594 5062 3597 5066 ι

1963 5108 2272 5162 deducunt:
2331 5107 2432 5161 hos
2460 5116 2638 5159 tamen
2676 5108 2742 5159 ab
2781 5107 2919 5161 istis.
2951 5107 3084 5160 Rem
3116 5107 3303 5176 paucis
3339 5106 3550 5175 aperio.

1963 5198 2201 5253 Comites
2232 5197 2488 5254 neoterici
2519 5198 2741 5261 κὸντους
2775 5196 2866 5269 (ne
2890 5198 3132 5262 κοντούς,
3171 5199 3274 5253 hoc
3297 5210 3383 5252 est
3429 5200 3553 5252 bre-

1966 5308 2071 5357 ves,
2097 5290 2324 5361 dixeris)
2360 5291 2653 5361 appellant,
2681 5303 2735 5345 ut
2767 5290 2986 5347 Nic-etas
3020 5291 3073 5344 in
3108 5291 3417 5345 Andronico
3443 5292 3552 5345 LI:

1968 5382 2174 5437 Οὐκοῦν
2211 5386 2323 5445 τοῖς
2384 5387 2713 5454 στρατηγοῖς
2757 5385 3140 5452 ὀπτανόμενος,
3161 5382 3252 5444 οὓς
3310 5382 3553 5445 κόντους,

1969 5475 2096 5544 εἴπῃ
2114 5491 2192 5536 τις
2218 5473 2284 5527 ἂν
2306 5474 2512 5544 Λατίνῃ
2536 5475 2802 5541 διαλέκτῳ
2827 5476 3128 5545 χρώμενος.
3148 5472 3375 5526 Stabula
3392 5473 3557 5525 σταῦ-

1969 5569 2038 5622 λα
2066 5568 2146 5621 vel
2175 5566 2462 5631 σταύλονς.
2507 5567 2899 5637 Μοβοιιομιιιιιθ
2930 5582 2944 5618 :
3002 5564 3251 5628 ἱππῶνες
3290 5559 3559 5618 innectu—

1975 5676 2107 5723 σεις,
2132 5660 2371 5711 ataui-at.
2404 5658 2475 5712 Ex
2500 5669 2732 5725 tttqune
2758 5657 2903 5720 nullo
2932 5657 3145 5723 negotio
3164 5654 3558 5717 κοντοσταῦλος

3439 238 3553 313 l98’
3622 240 3635 253 ’
