3952 6222
445 258 547 324 199

1515 262 1600 323 ΙΝ
1632 262 1941 322 LIBRUM
1985 262 2084 326 DE
2117 258 2462 321 OFFlCIlS
2505 256 2615 320 CP.

3573 256 3674 322 200

437 381 679 428 creatur.
709 369 783 424 Ex
812 371 1019 428 Gallico
1073 374 1409 429 councstuble
1443 375 1740 443 deduxisti,
1768 376 2004 446 inquies.
2035 387 2080 443 Α
2113 374 2272 444 183
2309 388 2374 427 ac
2429 373 2647 428 tandem
2701 383 2825 425 eum
2866 370 2935 425 ab
2992 368 3320 439 imperatore
3379 368 3465 426 bis
3508 372 3675 439 verbis

437 464 649 517 Dictum
684 464 824 517 volo.
867 462 1060 520 Franci
1094 481 1347 536 namque,
1373 468 1881 523 utCIn-istianorum
1914 470 2006 523 bo-

439 569 510 606 no
528 554 659 615 nati,
694 568 755 608 ea
789 569 894 624 qua
931 555 1168 620 gaudent
1196 558 1249 611 iu
1284 569 1501 611 exteras
1533 558 1783 626 regiones
1810 575 2007 614 excur-

436 644 588 696 rendi
616 642 852 707 licentia,
881 642 1221 713 frequentius
1252 662 1278 698 a
1312 646 1534 711 Graecis,
1568 647 1728 703 tidem
1759 649 1810 703 in
1843 651 2006 704 Sara-

434 746 599 784 cenos
631 733 1047 800 propugnaturi,
1095 735 1362 803 Stipendia
1418 738 1869 804 promerebantur
1923 742 2005 809 (ut

436 822 691 877 illiselius
719 825 806 876 ille
852 824 944 892 qui
1011 825 1419 895 quadringentis
1458 826 1678 882 Francis
1719 830 1861 897 apud
1893 829 2002 884 Cu-

433 914 731 981 ropalatem
763 923 818 968 et
844 916 1053 967 Annam
1082 916 1414 971 Comneuam
1449 920 1735 989 adjunctus
1783 912 2017 976 Graeco?

432 1018 551 1055 rum
602 1004 899 1057 exercitum
930 1004 1208 1075 ducebat),
1239 1007 1539 1079 ducemque
1592 1028 1751 1067 suum
1786 1011 1999 1067 nonnisi

430 1092 786 1159 appellatione
823 1094 964 1163 apud
1000 1110 1128 1150 suos
1175 1099 1402 1153 colenda
1442 1101 1643 1155 dictum
1690 1106 1997 1157 voluerunt.

430 1182 560 1248 Quae
594 1198 720 1237 vero
756 1186 954 1237 stabuli
984 1188 1193 1249 comite,
1228 1189 1386 1256 vulgo
1426 1192 1839 1259 comtabuluria,
1899 1194 1997 1248 bo-

429 1275 668 1326 noratior
690 1288 809 1328 esse
844 1277 1015 1343 potuit
1044 1286 1137 1328 aut
1166 1278 1268 1330 sibi
1323 1281 1624 1340 decentior,
1654 1282 1749 1333 τοῦ
1785 1299 1999 1335 courtes-

428 1362 601 1417 toblc?
639 1362 718 1416 En
756 1373 814 1416 ut
846 1364 911 1416 ad
946 1365 1083 1418 hanc
1108 1381 1294 1419 vocem
1332 1369 1479 1421 velut
1512 1369 1563 1421 iu
1597 1371 1795 1423 luntem
1826 1370 1997 1426 Graeci

427 1440 663 1507 referant
696 1469 829 1508 suos
860 1455 1316 1521 κοντοσταύλους,
1375 1460 1514 1513 inter
1552 1477 1691 1528 quos
1729 1462 1998 1533 Gregoras

425 1554 475 1595 et
517 1542 914 1615 Chalcondyles
935 1546 1328 1610 κονοσταύλους
1370 1553 1747 1617 pronuntiant.
1795 1553 1997 1607 Dictio-

424 1649 546 1687 nem
589 1636 948 1705 tamen‘apud
985 1647 1237 1692 auctores
1283 1640 1472 1693 Alexio
1511 1639 1790 1697 Comneno
1829 1660 1992 1713 supe-

2110 464 2449 519 institutum:
2480 462 2555 516 Tu
2586 478 2805 533 magnus
2824 461 3089 531 [agat/aeta
3107 470 3252 526 esto;
3281 476 3400 530 qua:
3419 462 3521 515 sibi
3541 463 3674 519 dicta

2106 559 2380 613 Phranzes
2427 557 2647 619 asserit,
2711 556 2965 626 quamvis
3003 554 3143 634 clam
3195 557 3269 608 ita
3328 564 3546 609 creatus
3582 570 3674 624 pro

2106 665 2257 704 more
2286 648 2444 704 ofﬁcii
2476 649 2861 718 imperatorem
2895 645 3144 700 venerari
3194 660 3258 700 ac
3291 646 3506 715 publice
3541 648 3675 702 ado-

2106 756 2227 794 rare
2260 741 2462 794 vetitus
2489 739 2673 793 fuerit.
2705 738 2978 792 Caeterum
3010 750 3077 790 an
3111 736 3199 791 hic
3235 738 3409 818 péy’af
3466 736 3676 805 λογοθέ-

2102 848 2202 900 της
2237 831 2378 885 idem
2404 832 2471 886 sit
2494 831 2586 900 qui
2618 830 2725 882 τῶν
2788 827 3067 898 σεκρέτων
3095 837 3146 883 et
3181 828 3499 894 amplissimi
3525 844 3675 885 sena-

2104 931 2191 975 tus
2220 928 2403 988 caput,
2461 920 2591 973 mihi
2638 934 2774 988 [tene
2826 918 3149 973 iudubium:
3193 918 3281 973 ubi
3335 918 3482 973 enim
3518 920 3672 989 lmjus

2102 1013 2328 1077 mentio,
2366 1013 2432 1065 de
2466 1011 2557 1065 illo
2583 1011 2751 1064 altum
2785 1010 2842 1064 lit
2871 1009 3174 1073 silentimn,
3205 1024 3268 1064 ac
3299 1025 3422 1063 cum
3451 1027 3672 1079 magnus

2102 1101 2191 1156 ille
2223 1111 2498 1171 personat,
2527 1102 2663 1155 alius
2695 1110 2906 1155 secrete
2936 1099 3150 1154 latitat:
3175 1116 3244 1155 an
3272 1115 3376 1154 non
3411 1102 3530 1155 ideo
3550 1102 3671 1169 quia

2102 1188 2432 1243 bin0minem
2466 1190 2697 1244 diversis
2732 1188 3069 1258 temporibus
3114 1179 3172 1244 se
3202 1189 3325 1244 fecit
3363 1190 3477 1243 haec
3504 1191 3671 1259 iligni-

2102 1278 2226 1333 tas?
2262 1280 2420 1334 Certe
2454 1282 2771 1347 scrupulum
2803 1296 3020 1335 onmem
3055 1297 3084 1335 a
3123 1282 3343 1336 terenda
3392 1286 3671 1337 sententia:

2102 1366 2410 1435 hujusmodi
2442 1369 2635 1423 semita
2670 1369 2880 1426 Nicetas
2912 1382 3125 1425 amovet
3166 1373 3217 1425 in
3250 1372 3512 1426 librorum
3548 1372 3672 1426 titu-

2100 1458 2152 1512 lo
2183 1475 2293 1528 quo
2315 1476 2375 1515 se
2403 1461 2694 1533 λογοθέτην
2726 1464 2834 1515 τῶν
2858 1465 3130 1532 σεκρέτων
3156 1468 3248 1519 καὶ
3292 1466 3514 1519 ἐπὶτῶν
3558 1468 3672 1537 κρι-

2082 1567 2257 1616 νσεων,
2275 1554 2465 1607 secreti
2485 1554 2813 1623 logothetam
2833 1564 2888 1610 et
2914 1557 3111 1626 judicia
3144 1559 3520 1628 prmpositum,
3541 1571 3592 1613 et
3618 1561 3669 1614 in

2098 1641 2545 1712 MurzuphloJ-ni
2562 1645 2658 1699 τοῦ
2689 1646 2862 1716 ἄκρου
2886 1647 3083 1717 στῆσαι
3113 1649 3212 1718 τῆς
3242 1649 3549 1718 συγκλήτου
3574 1650 3669 1721 βα-

424 1740 621 1788 nores,
651 1740 752 1779 nec
803 1725 1119 1795 dignitatem
1149 1743 1213 1783 eo
1243 1732 1480 1799 priorem
1542 1734 1810 1800 reperias:
1841 1744 1896 1787 at
1928 1736 1983 1789 de

2096 1732 2261 1802 τῆρος
2294 1736 2387 1787 καὶ
2418 1736 2476 1787 ἐν
2507 1738 2618 1798 τοῖς
2658 1740 2936 1809 σεκρέτοις
2970 1717 3344 1809 λογοοετῆσαι,
3372 1717 3671 1797 insununo

424 1817 626 1868 comite
652 1816 851 1869 stabuli
889 1817 969 1870 vel
996 1819 1341 1873 contostaulo
1362 1836 1461 1876 ceu
1495 1822 1829 1877 Francorum
1859 1826 1996 1879 duce

424 1911 653 1957 testatur
686 1914 894 1968 auctor,
924 1922 971 1959 c.
1095 1904 1245 1960 Goan
1274 1906 1294 1980 ]

494 1994 556 2049 P.
600 1996 654 2050 9.
691 1994 917 2065 Magnus
948 1997 1229 2065 logotlteta.
1261 1999 1400 2063 Quid
1434 2002 1505 2056 sit
1552 2003 1844 2073 logotheta,
1879 2006 1990 2074 jaut

424 2085 460 2140 Ι.
485 2100 523 2147 ι,
556 2100 605 2140 c.
642 2085 1139 2157 6,__€Xplic:l\'imlls.
1202 2090 1262 2145 Et
1302 2094 1549 2161 quamvis
1586 2095 1797 2149 Nicetas
1847 2097 1991 2152 dicat

421 2192 543 2235 esse
575 2192 698 2231 eum
759 2180 851 2247 qui
915 2177 1124 2235 Latinis
1152 2182 1221 2236 sit
1267 2185 1647 2249 cancellarius,
1706 2196 1883 2243 tamen
1938 2192 1990 2244 id

420 2267 621 2335 ubique
641 2268 821 2322 locum
850 2270 1044 2323 habere
1066 2287 1170 2326 non
1198 2281 1395 2343 potest.
1424 2275 1557 2342 Quis
1576 2276 1719 2333 enim
1749 2278 1991 2345 logothe-

422 2367 530 2412 tam
559 2359 771 2426 ἀγελῶν
792 2361 1057 2428 pecuaria:
1106 2378 1205 2417 seu
1257 2380 1470 2434 gregum
1513 2376 1672 2422 vocet
1716 2371 1990 2425 cancella-

422 2448 586 2512 rium,
617 2457 676 2502 ut
708 2459 758 2503 ct
794 2451 1119 2520 lugothetam
1147 2452 1242 2505 τοῦ
1268 2454 1497 2525 δρόμου,
1522 2473 1708 2513 cursus
1732 2460 1758 2513 2’
1785 2459 1989 2518 (ἵκετο.

489 2536 655 2609 [Ιὺὶά.
687 2539 996 2610 Λογοθέτην
1030 2555 1060 2594 a
1093 2542 1293 2614 Cyrillo
1330 2555 1381 2601 et
1419 2562 1449 2599 a
1488 2547 1877 2621 Chrysostomo
1917 2539 2023 2610 De'

419 2627 611 2698 puenit.
643 2644 705 2682 ac
735 2630 972 2699 primum
1002 2646 1031 2686 a
1078 2632 1329 2689 Cedreno
1358 2638 1408 2690 iu
1440 2638 1730 2695 Anastasio
1789 2658 1993 2698 memo-

417 2728 619 2785 ratum,
657 2736 846 2774 verum
896 2722 949 2775 in
984 2722 1092 2776 alio
1121 2741 1281 2790 quam
1333 2728 1425 2796 qui
1474 2740 1837 2797 pertractatur
1862 2748 1989 2788 sen-

415 2824 480 2862 su
512 2808 755 2876 reperio;
786 2824 1029 2877 praesens
1066 2813 1212 2865 enim
1254 2825 1337 2868 est
1367 2831 1474 2870 non
1522 2821 1613 2886 qui
1644 2821 1844 2885 aerarii,
1893 2824 1988 2879 sed

412 2899 507 2965 qui
544 2896 746 2966 publici
774 2898 1053 2967 regiminis
1078 2903 1309 2956 rationes
1355 2907 1521 2973 ponit.
1576 2908 1798 2980 Magnus
1830 2928 1986 2968 nam-

2098 1834 2323 1881 senatus
2345 1828 2482 1881 solio
2515 1830 2825 1886 consedisse
2852 1837 2907 1884 et
2963 1831 3017 1886 in
3069 1834 3294 1887 secretis
3341 1833 3669 1903 judiciorum

2098 1918 2361 1971 rationem
2386 1935 2693 1989 supremam
2723 1923 2978 1980 habuisse
3011 1925 3241 1981 aﬂlrtnat
3270 1943 3285 1980 :
3325 1936 3376 1980 at
3414 1929 3544 1994 quid
3571 1932 3671 1983 hoc

2096 2006 2238 2060 aliud
2282 2023 2444 2077 quam
2494 2026 2749 2080 magnum
2789 2012 3114 2083 logothetam
3152 2018 3360 2085 egisse?
3398 2016 3669 2089 Logothe-

2096 2108 2204 2151 tam
2242 2098 2465 2169 insuper
2498 2113 2548 2155 et
2580 2104 2729 2159 urbis
2779 2105 3090 2175 praefectum
3132 2107 3283 2176 jubet
3324 2109 3667 2175 Anastasius,

2095 2188 2362 2245 relerente
2408 2193 2654 2248 Cedreno
2697 2196 2750 2249 in
2774 2198 2891 2266 ejus
2934 2199 3065 2263 vita,
3088 2216 3389 2255 conscenso
3437 2205 3670 2255 amhone

2093 2282 2485 2349 Acephalorum
2518 2285 2765 2341 haeresim
2815 2289 3155 2358 proclamare
3182 2308 3195 2345 :
3233 2293 3359 2360 quid
3386 2295 3490 2348 hoc
3518 2296 3665 2348 aliud

2093 2387 2255 2440 quam
2274 2386 2493 2433 senatus
2517 2380 2799 2449 pmsiitem
2826 2382 3111 2452 populique
3134 2386 3297 2440 rebus
3317 2388 3664 2454 praepositum

2092 2463 2264 2520 eidem
2306 2469 2541 2525 voluisse
2570 2470 2752 2526 favere
2782 2482 2834 2527 et
2858 2476 3181 2529 auctoritate
3228 2479 3440 2545 publica
3466 2480 3671 2533 centur-

2093 2556 2284 2611 mare?
2314 2557 2643 2629 logothetam
2678 2565 2871 2617 secreti
2899 2565 3072 2619 Annae
3121 2566 3414 2621 Comm-na:
3436 2568 3472 2622 l.
3503 2585 3583 2633 Ill,
3616 2580 3671 2623 ct

2091 2648 2231 2713 apud
2265 2634 2525 2703 'Nicetant
2566 2653 2751 2706 statim
2803 2653 2904 2707 sub
2951 2654 3194 2710 historiae
3246 2656 3467 2719 limine,
3512 2668 3572 2712 et
3612 2660 3668 2711 in
3732 2646 3737 2647 γ

2091 2735 2281 2792 lsaacii
2323 2740 2509 2810 Angeli
2538 2740 2574 2796 Ι.
2607 2757 2669 2795 ιιι
2708 2743 2848 2811 lego,
2883 2759 3133 2812 magnum
3162 2747 3488 2813 logothotam
3516 2748 3668 2817 apud

2088 2830 2448 2904 Nicephorum
2471 2835 2765 2906 Gregoram
2798 2845 2850 2891 et
2872 2853 2936 2891 eo
2960 2840 3306 2906 posteriores,
3328 2842 3666 2912 lngothetam

2093 2926 2239 2981 nude
2288 2936 2563 2996 sumptum
2605 2929 2688 2982 vel
2720 2927 2813 2981 τοῦ
2846 2929 3060 2996 γενικοῦ
3086 2930 3272 2986 addito
3298 2936 3436 3002 apud
3467 2952 3669 2991 euntes

413 3003 521 3056 que
553 2988 824 3058 logotheta
853 3004 979 3044 cum
1016 2990 1347 3062 imperatore
1384 3002 1691 3057 communis
1733 3004 1858 3060 boni
1900 3023 1988 3061 ra-
2008 3054 2057 3119 c
2091 3014 2275 3069 Niceta
2306 2988 2572 3084 scri'pim
2598 3018 2930 3084 superiores.
2965 3017 3161 3091 60AM

413 3084 612 3119 linnnrn
648 3082 806 3119 Imhm
867 3098 951 3119 rm
998 3086 1142 3119 “mla
1174 3090 1483 3119 ..οςηηιειιηη
1545 3099 1882 3119 ---η-.-ιιμω
1964 3110 1979 3119 .
2162 3105 2198 3119 ρ.
2248 3105 2277 3119 ι.
2354 3103 2393 3119 ἢ
2464 3113 2475 3119 -
2583 3106 2596 3119 .
2690 3118 2694 3119 ,
2893 3110 2904 3119 .

413 3084 614 3136 tionem
647 3082 831 3149 habet,
866 3098 953 3139 res
998 3086 1142 3141 unde
1174 3090 1485 3158 reipublicae
1542 3099 1887 3155 commodum
1930 3110 2004 3161 et.

410 3174 574 3227 simul
602 3174 863 3242 principis
896 3174 1189 3233 thesaurus
1246 3185 1490 3251 augescit
1518 3186 1887 3254 administrat.
1929 3202 1983 3250 et

409 3264 643 3329 denique
676 3265 887 3318 cunctis
921 3267 1188 3334 providet.
1228 3269 1301 3325 De
1333 3272 1425 3327 illo
1454 3273 1743 3347 Gregoras,
1786 3282 1876 3336 ubi
1913 3284 1981 3338 tle

412 3353 715 3417 Muzaloue,
750 3369 825 3417 VI,
860 3354 896 3409 2
927 3374 940 3411 :
987 3351 1099 3409 Ἦν
1127 3359 1156 3412 ὁ
1181 3360 1483 3426 Μουζαλὼν
1516 3365 1849 3440 (λο-ίοοέτηςὶ
1901 3373 1978 3444 τῷ

410 3441 621 3512 βασιλεῖ
650 3444 1144 3512 παραδυναστεύων
1160 3449 1303 3514 τότε,
1368 3453 1465 3504 καὶ
1495 3455 1606 3517 τοῖς
1668 3441 1975 3524 βασιλικοῑξ

409 3533 505 3584 καὶ
533 3534 820 3602 δημοσίοις
854 3536 1157 3603 μεσιτεύων
1199 3539 1511 3608 πράγμασι,
1558 3547 1653 3599 καὶ
1693 3549 1844 3617 παρά
1882 3547 1974 3601 τοῦ

408 3621 676 3693 βασιλέως
709 3627 974 3697 μεγίστην
1008 3632 1391 3701 καρπούμενος
1447 3633 1544 3703 τὴν
1575 3636 1705 3688 αἰδῶ
1764 3637 1854 3692 διά
1913 3657 1973 3692 τε

407 3714 600 3782 σοφίαν
637 3716 734 3769 καὶ
758 3719 935 3788 γῆρας
989 3725 1208 3791 μακρὰν
1236 3725 1330 3775 καὶ
1381 3724 1636 3796 ποικίλην
1678 3729 1974 3799 ἐμπειρίαν

406 3808 751 3875 πραγμάτων
786 3811 928 3878 μετὰ
976 3814 1291 3883 φρονήσεως
1327 3815 1485 3885 ἔχων.
1522 3815 1737 3875 Nicetes
1771 3820 1861 3876 ubi
1906 3824 1973 3879 de

404 3898 904 3969 llagiotheodortte,
942 3903 993 3956 in
1025 3902 1293 3968 Manuele,
1338 3906 1379 3961 1.
1416 3923 1429 3961 ι
1480 3926 1494 3963 :
1554 3909 1871 3965 Μελεδωνὸν
1913 3913 1971 3968 δὲ

406 3991 705 4060 μεσεύοντα
728 3993 823 4044 καὶ
849 3994 956 4044 τῶν
986 3995 1206 4049 οἰκείων
1227 3997 1624 4069 ὑποδρηστῆρα
1666 4000 1971 4073 διαταγμά-

400 4097 511 4133 των
534 4083 624 4134 τὸν
662 4082 1153 4155 ’Δγιοθεωδορξτην
1185 4087 1403 4156 τίθησιν
1443 4089 1721 4160 Ἰωάννην.
1750 4094 1860 4149 Καὶ
1902 4091 1969 4167 ἧν

399 4172 480 4239 τῷ
508 4171 783 4241 προσώπῳ
817 4173 912 4225 τοῦ
944 4174 1208 4241 βασιλέως
1238 4181 1325 4230 ἀεὶ
1350 4180 1736 4251 ὀπτανόμενος,
1774 4186 1869 4238 καὶ
1901 4188 1970 4241 τὰ

398 4261 592 4313 τούτου
632 4264 942 4332 ἐντάλματα
988 4267 1087 4318 ὅσα
1113 4271 1207 4322 καὶ
1251 4270 1523 4338 ἐμφάσεις
1545 4274 1612 4326 ἐκ
1662 4277 1968 4344 κρείττονος

2158 3105 2221 3158 Ρ.
2247 3105 2299 3161 9.
2352 3103 2772 3161 Protosehastus
2822 3110 3235 3178 primaugustus,
3303 3120 3363 3165 ut
3425 3111 3667 3169 Wolﬁus

2083 3208 2293 3251 vertere
2323 3197 2559 3252 amabat.
2595 3198 2835 3266 Rogcrus
2857 3201 2908 3254 in
2964 3200 3268 3257 Annalibus
3300 3206 3663 3276 Anglicanis:

2084 3283 2185 3348 Qui
2214 3287 2499 3337 vocabatur
2539 3285 2719 3341 Graece
2768 3290 3197 3355 protosebostos;
3258 3294 3449 3350 Latine
3483 3315 3663 3354 comes

2079 3374 2368 3443 palatinas.
2400 3368 2772 3432 Protosebasti
2796 3379 3035 3449 dignitas
3056 3383 3256 3449 tlit‘lllll‘
3306 3386 3395 3441 hic
3461 3391 3663 3445 ordine

2078 3464 2289 3519 decima
2326 3467 2521 3531 tertia;
2555 3476 2611 3521 et
2646 3468 2719 3522 ita
2740 3480 2824 3523 est
2846 3471 2898 3524 in
2962 3481 3148 3527 nostro
3202 3474 3417 3531 indice:
3478 3480 3534 3532 in
3564 3493 3662 3534 ca-

2079 3556 2258 3625 talogo
2307 3555 2453 3612 Jnris
2497 3557 2812 3614 Graecorum
2862 3561 2899 3614 l.
2955 3578 3015 3627 lt,
3061 3565 3336 3623 decimum
3389 3580 3659 3639 quartum

2078 3648 2258 3701 locum
2288 3649 2520 3702 obtinet.
2547 3649 2603 3703 ln
2639 3662 2831 3705 nostro
2856 3668 3086 3724 magnus
3117 3655 3451 3715 domesticus
3486 3678 3663 3733 quaro

2077 3748 2161 3793 tus
2180 3750 2288 3803 est,
2331 3739 2385 3803 in
2422 3741 2511 3795 illo
2555 3743 2841 3811 septimus.
2879 3743 3085 3802 (Iners.
3162 3760 3183 3817 ;

2139 3830 2237 3902 [Ὃ
2263 3832 2779 3899 πρωτοσέόἲιστος.
2805 3820 3110 3892 inauditum
3136 3851 3260 3895 ante
3280 3842 3453 3899 Alexii
3486 3848 3659 3901 Com-

2072 3920 2217 3975 mcni
2263 3932 2473 3991 tempus
2526 3938 2756 3989 nomen;
2785 3940 2848 3980 ac
2874 3928 2965 3981 ubi
3010 3945 3134 3983 eum
3178 3932 3659 3994 scbastocratoros

2073 4019 2127 4064 et
2157 4009 2651 4081 panhyperscbasti
2684 4028 3055 4071 commentum
3084 4023 3238 4075 Anna
3296 4024 3401 4078 lilia
3459 4039 3662 4083 narrat

2072 4101 2215 4166 Lm,
2248 4102 2320 4156 ibi
2355 4118 2613 4173 generum
2640 4103 2953 4162 Tarouitem
2992 4114 3345 4179 protosebasti
3374 4126 3429 4171 et
3467 4131 3661 4186 proto-

2072 4193 2322 4249 vestiarii
2345 4192 2608 4263 dignitate
2630 4206 2871 4261 anetum,
2924 4201 3225 4260 Adrianum
3258 4222 3387 4262 vero
3416 4209 3656 4266 fratrem

2069 4282 2507 4349 protosebastum
2544 4286 2910 4343 clarissimum
2973 4302 3265 4361 vocatum,
3316 4299 3542 4357 refert:
3593 4303 3657 4357 '0

405 4350 598 4419 μοίρας
631 4351 944 4420 δεχόμενος.
973 4353 1331 4424 Curopalates
1358 4361 1408 4413 in
1453 4361 1712 4419 Michaele
1740 4363 1958 4436 Parapi-

2087 4372 2361 4441 Ἀδριανὸς
2388 4377 2417 4426 ὁ
2434 4374 2665 4445 ἁδελφὸς
2692 4380 2785 4432 τοῦ
2830 4384 3164 4451 κρατοῦντος
3185 4350 3656 4459 πρωτοσέὅαστος

401 4442 593 4495 nacio:
626 4442 719 4503 Et;
742 4444 843 4512 τὴν
870 4444 981 4496 τῶν
1005 4448 1201 4499 κοινῶν
1231 4448 1500 4520 διοίκησιν
1549 4455 1969 4526 καταστησάμε·

399 4545 510 4591 νος,
543 4529 836 4602 λογοθέτην
866 4534 1028 4587 αὐτὸν
1062 4538 1487 4610 προϐαλόμενος.
1524 4542 1575 4601 Is
1608 4560 1716 4625 pou
1746 4547 1971 4602 absimi-

399 4622 469 4674 lis
501 4635 715 4675 summo
743 4624 873 4693 regii
913 4624 1228 4697 publicique
1264 4630 1406 4698 juris
1449 4622 1772 4692 administro
1809 4654 1966 4709 quem

396 4726 711 4781 supremum
737 4716 1121 4772 canceltarium
1173 4718 1360 4778 Graeco
1412 4721 1599 4781 Niccta
1632 4737 1767 4784 teste.
1804 4744 1969 4786 voca-

398 4818 550 4858 mus:
593 4800 654 4856 '0
683 4804 782 4874 μέν
817 4807 909 4860 τὸν
965 4809 1188 4875 οἰκεῖον,
1234 4815 1366 4887 ὡςή
1418 4816 1667 4873 Λατίνων
1713 4820 1968 4893 βούλεται

398 4894 573 4966 φωνὴ,
604 4897 1024 4969 καγκιλλάριον.
1058 4901 1136 4957 Ita
1193 4906 1379 4961 scribit
1404 4909 1650 4977 ejusdem
1701 4911 1967 4971 Manuelis

399 4983 438 5037 Ι.
474 5000 571 5048 vlt,
599 4985 673 5048 ὼς
706 4987 751 5041 δ’
774 4988 1034 5060 Ἕλληνες
1060 4996 1270 5049 εἷποιεν
1297 4996 1589 5072 λογοθέτην
1617 4997 1706 5075 (ἦν
1725 5003 1781 5058 δέ
1810 4998 1966 5069 οὗτος

393 5076 767 5169 ξΔΜαγέντζης
792 5084 1111 5154 ἐπίσκοπος)
1140 5088 1407 5160 ἐπεμψεν.
1432 5091 1542 5149 Fax
1571 5097 1702 5162 alia,
1727 5113 1831 5169 qua
1860 5116 1960 5156 vox

395 5163 712 5235 illustretur,
754 5173 885 5227 mihi
946 5177 1218 5246 superﬂua
1254 5196 1356 5242 est.
1391 5163 1775 5243 Animadverte
1806 5193 1966 5246 modo

390 5255 724 5327 lugothetam
756 5265 904 5333 prius
934 5265 1102 5323 fuisse
1138 5274 1230 5341 qui
1260 5276 1463 5342 publici
1515 5280 1693 5333 aerarii
1727 5293 1966 5351 quaestor

390 5358 643 5417 vocatur;
678 5354 746 5408 de
776 5370 885 5424 quo
938 5374 1103 5431 sensti
1157 5377 1258 5417 nos
1314 5366 1475 5429 infra,
1513 5371 1601 5425 ubi
1637 5371 1961 5443 logothetam

388 5440 485 5492 τοῦ
546 5446 763 5510 γενικοῦ
814 5463 1167 5519 exponemus.
1222 5454 1414 5525 Μέγαν
1469 5461 1615 5518 hunc
1674 5440 1965 5539 λογοθέτην

390 5537 517 5583 ante
549 5532 720 5587 Alexii
767 5544 1008 5607 tempora
1041 5541 1128 5595 vix
1181 5544 1429 5600 auditum
1479 5550 1629 5606 seio:
1686 5532 1962 5628 διοικητοῦ

390 5632 580 5677 vocem
598 5624 718 5694 ejus
737 5642 937 5683 munus
956 5632 1098 5703 apud
1123 5635 1377 5705 antiquos
1398 5638 1733 5710 signiﬁcasse
1762 5624 1959 5717 fateor;

2072 4460 2319 4526 ἀξιοῦται
2336 4467 2822 4536 περιφανέστατος.
2846 4472 2965 4526 Mox
2987 4473 3195 4544 absque
3210 4479 3392 4533 medio
3412 4484 3611 4538 subdit
3639 4501 3654 4538 :

2072 4552 2288 4615 Τούτων
2314 4555 2369 4607 δέ
2399 4557 2506 4608 τῶν
2542 4558 2870 4626 ἀξιωμάτων
2906 4565 3002 4633 τὴν
3054 4570 3456 4639 καινοτομίανό
3512 4574 3654 4643 ἐμὸς

2070 4644 2254 4715 πατὴρ
2286 4648 2710 4719 προσεξεύρατο.
2763 4654 2913 4709 Alios
2948 4660 3354 4725 protosebastos
3383 4678 3655 4734 protere-

2069 4736 2239 4790 stiarii
2269 4739 2531 4808 dignitate
2569 4744 2862 4813 conjuncta
2894 4745 3108 4804 Nicetes
3130 4792 3147 4819 ,
3174 4752 3465 4826 Gregoras,
3496 4762 3657 4819 Can-

2075 4834 2377 4885 tacuzenus
2403 4847 2708 4890 recensent.
2742 4839 2820 4893 Ad
2852 4841 3100 4898 Alexium
3128 4856 3183 4900 et
3210 4848 3419 4905 Annam
3453 4859 3651 4913 redeo.

2068 4920 2188 4990 Ipsa
2225 4924 2314 4977 ubi
2354 4923 2587 4981 Venetos
2617 4928 2885 4986 bellorum
2918 4936 3098 4991 socios
3126 4937 3290 4996 donis
3345 4954 3397 4998 et
3465 4946 3655 5004 bono.

2069 5029 2190 5068 rum
2211 5019 2449 5072 cumulis
2478 5035 2505 5073 a
2554 5032 2709 5089 patre
2765 5040 3152 5095 compensatos
3203 5050 3409 5102 narrat;
3457 5040 3650 5108 ipsum

2068 5107 2381 5176 reipublicae.
2440 5113 2633 5167 ducem
2711 5121 3207 5184 protoscbastorum
3270 5127 3539 5199 dignitate
3592 5146 3653 5191 et

2066 5200 2371 5269 stipendiis,
2409 5204 2773 5271 patri-archani
2805 5224 2935 5264 vero
2963 5220 3355 5280 pervenerandi
3390 5225 3648 5292 appella-

2068 5293 2235 5354 tione,
2264 5293 2465 5349 collato
2496 5312 2601 5350 non
2628 5297 2879 5356 illiberali
2901 5302 3180 5375 donativo,
3215 5312 3649 5374 cohonestatum

2066 5383 2278 5437 scribit.
2314 5384 2484 5440 Verba
2512 5388 2631 5456 ejus
2662 5402 2790 5445 sunt
2825 5411 2839 5448 :
2879 5396 2975 5459 Ὃς
3005 5397 3096 5451 διὰ
3136 5402 3347 5459 πολλῶν
3406 5407 3654 5477 τούτους

2064 5473 2439 5546 ἀμειψάμενος
2467 5479 2692 5551 δωρεῶν
2742 5486 2838 5539 καὶ
2871 5490 3035 5560 τιμῆς
3062 5497 3151 5546 καὶ
3169 5496 3333 5551 αὐτὸν
3354 5498 3442 5551 τὸν
3463 5473 3651 5558 ξοῦκα

2064 5564 2321 5632 Bantia;
2340 5570 2416 5641 τῷ
2444 5572 2550 5625 τῶν
2575 5578 3046 5644 πρωτοσεόάστων
3071 5585 3341 5657 ἀξιώματι
3374 5594 3518 5659 μετά
3542 5596 3653 5666 τῆς

2068 5656 2232 5725 priva;
2274 5659 2560 5733 {:tpr‘oev,
2607 5665 2910 5739 ὑπέρτιμον
2949 5670 3005 5724 δὲ
3039 5676 3129 5730 καὶ
3160 5656 3248 5733 τον
3281 5656 3652 5758 πατριάρχιίν
