3952 6222
474 274 584 340 Ξῦὶ

1554 282 1633 341 IN
1707 282 2009 341 LIBRUM
2059 280 2157 341 DE
2196 282 2536 342 OFFHJIS
2572 283 2680 342 CP;

3638 278 3732 346 20l

474 403 829 464 nuncupatus
857 392 1079 447 lsaurus
1110 393 1478 448 Artabasdum
1527 396 1654 449 data
1693 398 1746 450 in
1776 398 2062 466 conjugem
2092 404 2137 458 Α
2165 408 2217 449 et
2251 399 2532 469 πρνὲκοιτοι
2562 413 2589 451 a
2619 397 2829 450 Zonara
2856 395 3121 450 dicuntur
3152 398 3205 451 in
3232 382 3519 466 Theophili
3547 397 3679 467 Vita,
3705 420 3730 456 ει

462 487 581 539 ‘tilia
613 482 987 553 curopalatem
1038 481 1186 547 fecit,
1222 498 1286 538 ex
1335 485 1528 540 eodem
1563 485 1924 553 Theophane,
1965 486 2062 554 qui

476 573 801 627 Mauricium
833 586 943 640 quo
966 587 1055 642 lue
1100 584 1351 642 nepetem
1389 575 1786 630 Domisntiolum
1819 592 1885 631 eo
1931 578 2064 629 titti-

475 667 526 718 lo
554 663 721 718 refert
750 665 994 720 auxisse.
1036 664 1192 721 llunc
1221 667 1485 722 honorem
1525 668 1866 723 Domentiolo
1913 666 2065 722 fratri

468 755 704 809 contulit
738 755 976 823 Phoras,
1013 767 1073 812 ut
1132 758 1415 814 Cedrenus
1440 760 1490 813 in
1521 761 1639 830 cjus
1666 760 1812 827 Vita,
1845 770 1900 817 et
1922 762 2068 830 pari-

473 859 556 902 ter
585 864 849 920 germano
880 849 1172 904 Theodoro
1215 851 1520 915 lleraclius.
1555 865 1611 906 ut
1642 854 1986 924 Nlcepborus
2012 854 2064 913 in

472 939 770 996 Breviario.
793 941 1027 997 Michael
1050 941 1107 997 S.
1132 944 1318 1014 lgnatii
1359 956 1511 1015 pater
1540 962 1607 1000 ex
1637 947 1954 1017 curopalate
1987 946 2067 1002 la-

471 1040 593 1086 ctus
610 1043 693 1090 est
719 1033 1039 1107 imperator.
1054 1036 1259 1091 Bardas
1273 1035 1775 1106 lgnatiojulensus,
1793 1028 2063 1093 summam

470 1125 719 1181 ambiens
753 1135 1101 1195 potestatem,
1126 1130 1474 1199 curopalates
1508 1133 1773 1198 primum,
1809 1141 1922 1185 tum
1947 1131 2066 1185 Cte-

470 1233 567 1272 sar
594 1228 678 1272 est
706 1220 995 1275 salutatus.
1026 1222 1103 1277 De
1153 1223 1274 1290 ejus
1305 1224 1614 1293 insignibus
1659 1234 1714 1280 et
1744 1227 2066 1281 ministeriis

472 1325 575 1364 suo
607 1312 731 1365 loco
754 1329 769 1366 :
796 1313 950 1382 plura
975 1322 1027 1367 et
1042 1315 1263 1370 diversa
1292 1317 1536 1385 reperies
1568 1317 1712 1385 apud
1744 1317 2064 1384 Meursium,

471 1398 813 1467 Gretsernm,
843 1403 1229 1472 Bulengerum,
1248 1403 1552 1460 ‘Fahtotum
1576 1408 1629 1460 in
1653 1408 1883 1463 Cedreni
1908 1408 2064 1464 Glos-

392 1508 405 1519 ·
469 1495 636 1557 sario,
676 1494 1056 1562 Detnpsterum
1098 1498 1165 1550 de
1200 1502 1382 1569 Antiq.
1417 1499 1576 1554 ltum.
1622 1502 1660 1563 Ι,
1696 1503 1751 1562 4.
1798 1503 2061 1555 Sacarum

474 1587 525 1636 in
550 1583 766 1639 Sidonii
806 1588 1138 1656 Apollinaris
1161 1606 1386 1646 carmen
1426 1593 1515 1647 25.
1549 1592 1750 1667 Com.)

544 1674 607 1730 Ρ.
636 1676 695 1730 9.
736 1674 805 1730 Ὃ
833 1680 1325 1752 παρακειμὼμενος
1376 1684 1473 1752 τῆς
1518 1686 1832 1754 σφενδόνης.
1863 1685 2061 1741 Junius

2175 490 2357 543 Niceta
2394 490 2446 543 in
2488 489 2698 542 Joanne
2751 487 3031 542 Comueno
3084 488 3300 541 οίκίδιοι
3330 489 3421 541 καὶ
3450 488 3731 557 πρόκιιτοι,

2169 599 2197 635 a
2223 580 2555 649 Theophane
2597 582 2645 633 in
2666 578 2981 635 JnSIiniano
3015 580 3453 651 κουϐικου).άριοι
3479 581 3571 635 καὶ
3599 600 3733 637 σπαο

2169 666 2385 745 οέίριοιε
2418 673 2611 727 armati
2670 679 2870 744 quippe
2926 672 3139 742 spathis
3174 687 3388 726 sacrum
3436 673 3733 737 cubiculum

2168 765 2556 821 observabant.
2590 763 2719 818 Eam
2757 765 2828 818 ob
2865 778 2976 817 rem
3022 763 3236 816 somnio
3261 802 3277 818 .
3312 766 3456 831 quod
3502 765 3737 820 itttct'ilus

2170 860 2270 911 fuit
2305 857 2620 919 oraculum,
2648 855 2947 910 exterritus
2976 852 3273 909 Mauricius
3295 856 3434 921 apud
3469 853 3738 919 Theopha-

2166 969 2290 1007 nem
2329 951 2670 1014 ὀιυπνισθεὶς
2717 949 2946 1006 ἐκάλεσε
2966 947 3059 1001 τὸν
3104 945 3603 1017 παρακοιμὼμενον
3645 948 3735 1003 αὐ-

2165 1042 2285 1108 τοῦ,
2322 1052 2380 1095 ιιι
2400 1042 2491 1112 qni
2520 1040 2808 1096 dormienti
2828 1038 3062 1108 principi
3087 1038 3244 1107 juxta
3269 1050 3467 1091 nomen
3491 1036 3737 1093 excubias

2165 1149 2338 1203 agens
2394 1134 2708 1187 accol-.aret.
2743 1129 2947 1201 Cosm]

2238 1224 2322 1279 1b.
2362 1224 2647 1293 Logotlieta
2681 1224 2863 1277 wrarii
2898 1221 3189 1292 generalis.
3231 1219 3307 1275 ita
3335 1221 3473 1275 verti
3530 1219 3738 1276 Glossa-

2166 1320 2313 1374 rium
2333 1317 2816 1372 Crmcoburharunt
2841 1325 3089 1372 secutus.
3116 1312 3336 1378 Junius,
3362 1312 3624 1383 logothetn
3649 1330 3739 1381 pu-

2166 1410 2315 1464 blica:
2364 1412 2460 1463 rei.
2518 1409 2703 1476 Longe
2753 1408 2931 1476 aptius
2987 1424 3149 1475 quam
3210 1407 3478 1474 interpres
3525 1407 3739 1460 Joannis

2164 1504 2504 1571 (Inropalatze
2555 1502 2825 1564 historici,
2858 1502 2944 1556 cui
2976 1499 3360 1569 Nicephorusb
3384 1496 3497 1551 ἀπὸ
3524 1500 3740 1566 γενικῶν

2164 1603 2246 1649 est
2282 1594 2608 1662 Nicepltorus
2633 1611 2664 1645 ιι
2690 1592 2917 1647 Grnicis.
2977 1591 3252 1660 lnterpres
3281 1588 3427 1645 Juris
3462 1588 3555 1643 CB
3594 1606 3740 1643 cura-

2167 1698 2330 1739 torem
2367 1685 2536 1757 genici
2596 1684 2870 1754 indigitat.
2932 1682 3163 1737 Wolﬁus
3222 1683 3383 1735 vertit
3431 1680 3737 1751 generalem.

474 1769 748 1822 accubilor
779 1772 977 1839 fatu/tn.
1014 1773 1073 1827 ln
1117 1778 1368 1845 catalogo
1413 1776 1561 1834 Juris
1608 1778 2059 1835 Graeco-Itomani
2097 1773 2132 1825 Ρ
2164 1780 2432 1842 absolute,
2470 1785 2525 1831 et
2564 1776 2860 1845 generalem
2888 1776 3228 1845 logotlietam,
3257 1776 3383 1844 quia
3419 1768 3661 1829 Zonaras
3689 1774 3737 1828 in

472 1863 500 1912 ὁ
524 1863 1018 1931 παρακςιμώμενος
1042 1867 1139 1935 τῆς
1156 1868 1403 1938 μεγάλης
1428 1872 1719 1943 σφενδόνης
1745 1892 1755 1925 :
1784 1874 2057 1944 interpres

473 1954 749 2007 accubilor
780 1972 986 2026 magum
1023 1959 1185 2027 palm.
1232 1962 1340 2028 ligo
1392 1964 1641 2019 versione
1678 1984 1791 2019 mea
1826 1982 1938 2019 rem
1981 1969 2056 2036 ip-

432 2102 437 2105 ,
471 2060 586 2098 sam
610 2046 880 2115 explicare
900 2051 1110 2111 studui.
1132 2068 1253 2106 cum
1275 2054 1407 2107 nihil
1446 2065 1695 2124 suppetat
1731 2060 1875 2126 quod
1907 2057 2057 2113 Grae-

471 2152 532 2190 ca
574 2148 701 2207 apte
729 2142 1018 2209 exprimat.
1074 2141 1207 2197 Nam
1259 2149 1760 2217 παρακοιμώμενος
1807 2151 1907 2205 iste
1938 2162 2055 2205 erat

470 2229 722 2297 sigilliler
769 2247 866 2286 seu
903 2244 1091 2288 custos
1121 2238 1310 2291 annuli
1339 2238 1695 2306 imperatorii.
1729 2258 1838 2308 quo
1868 2242 2061 2295 littera:

470 2323 948 2394 obsignabantur;
973 2330 1067 2397 qui
1089 2328 1329 2383 annulus
1352 2346 1449 2399 per
1471 2341 1679 2399 partem
1703 2348 1879 2396 suam,
1910 2348 2061 2385 nem-

466 2431 539 2482 pe
566 2431 663 2485 per
697 2414 992 2489 σφὶνδόνην
1013 2435 1129 2474 seu,
1138 2421 1341 2488 palam,
1365 2424 1734 2493 signiﬁcatur:
1761 2440 1886 2495 pars
1910 2427 2058 2481 enim

472 2509 592 2562 tunc
620 2510 789 2565 servit
821 2512 1141 2579 signatum,
1180 2524 1238 2568 ut
1269 2516 1350 2570 sic
1384 2517 1596 2586 loquar.
1639 2517 1845 2573 (iners.

536 2602 813 2673 jAnnulos
837 2607 1174 2675 signatorios
1200 2609 1316 2663 sive
1345 2609 1524 2678 sigilla
1548 2610 1600 2664 in
1632 2612 1852 2665 annulis
1883 2611 2063 2666 adhuc

469 2695 767 2764 postremis
824 2699 1040 2753 sreculis
1092 2699 1455 2768 imperatores
1515 2712 1761 2771 gestasse
1814 2703 2062 2758 declarat

470 2787 691 2842 Nicetas
725 2796 837 2841 tum
872 2787 925 2841 in
954 2787 1167 2844 Joanne
1199 2792 1481 2845 Comueno
1525 2794 1708 2847 statim
1766 2795 1929 2865 186
1958 2797 2061 2851 sub

475 2878 724 2931 historiae
772 2892 889 2931 sua:
929 2878 1137 2944 limine,
1169 2895 1278 2949 quo
1304 2882 1419 2950 ipse
1444 2881 1638 2934 εἴσεισι
1688 2886 1779 2937 τὸν
1828 2887 2059 2940 κοιτῶνα

472 2969 564 3021 τὸν
598 2969 894 3037 πατρικὸν,
923 2971 1017 3022 καὶ
1052 2971 1377 3041 προσπεσὼν
1440 2974 1515 3034 ὡς
1565 2975 1727 3046 δῆθεν
1778 2976 2060 3047 θρηνήσων

475 3064 787 3133 ὑφαιρεῖται
854 3064 1039 3135 λάθρα
1079 3066 1179 3134 τῆς
1215 3067 1427 3121 ἐκείνου
1459 3072 1639 3139 χειρὸς
1696 3070 1789 3122 τὸν
1829 3088 2060 3141 σφραγι-

477 3156 655 3227 στῆρα
682 3157 1002 3212 δακτύλιονι
1035 3165 1151 3211 tum
1186 3158 1236 3212 in
1259 3161 1448 3215 Alexio
1468 3163 1672 3218 laudati
1701 3161 1927 3218 Joannis
1959 3181 2054 3220 ne-

474 3257 603 3317 pote
644 3248 710 3301 ad
749 3248 978 3309 calcem,
1004 3248 1098 3303 ubi
1134 3264 1200 3304 eo
1253 3252 1549 3306 crudeliter
1588 3254 1917 3308 obtruncato
1951 3269 2047 3308 au~

476 3340 550 3394 ris
581 3340 824 3395 abscissa
855 3341 1048 3395 subula
1102 3342 1434 3411 perforatur,
1482 3344 1819 3415 trajectoqne
1877 3346 1966 3401 ﬁlo
2000 3360 2055 3401 et

473 3433 723 3502 apposita
755 3448 879 3487 cera
914 3434 1210 3489 Andronici
1250 3437 1586 3504 tyrannidem
1620 3439 1929 3494 invadentis
1957 3454 2054 3493 an-

474 3526 605 3578 nulo
643 3526 891 3594 signatur
919 3544 933 3581 :
966 3527 1230 3596 Τιτρᾶται
1262 3528 1530 3599 ὀϐελίσκῳ
1557 3530 1618 3582 τὸ
1636 3530 1745 3594 οὒς,
1779 3534 1872 3583 καὶ
1926 3532 2054 3602 κρό-

472 3634 576 3687 κης
603 3618 934 3687 ἐξαφθείσης
973 3620 1143 3689 κηρὸς
1169 3620 1566 3690 περιπλασίὴὶς
1592 3623 1669 3693 τῷ
1710 3625 2050 3694 Ἀνδρονίκου

478 3711 902 3782 σφραγιστηρίῳ
925 3713 1312 3781 ἐνσημαίνεται
1346 3714 1631 3784 δακτυλίῳ.
1664 3716 1915 3773 Annulns
1963 3718 2053 3773 ille

470 3809 527 3854 et
556 3802 789 3869 quodvis
810 3801 953 3856 aliud
979 3802 1213 3871 sigillum
1268 3805 1559 3874 σφενδόνης
1599 3821 1796 3860 nomen
1819 3810 2049 3879 accepit.

472 3895 761 3963 Σφενδόνῃ,
803 3894 981 3963 inquit
1006 3896 1223 3962 Suiilas,
1263 3897 1296 3966 ἡ
1355 3896 1449 3951 τοῦ
1494 3898 1780 3952 δακτυλίου
1826 3901 2054 3970 περιφέ-

476 4004 617 4055 ρεια,
652 3988 746 4040 καὶ
774 3990 807 4057 ἡ
837 3990 915 4051 είς
945 3987 1092 4041 λίθου
1122 3988 1379 4059 ἐπιϐολὴν
1414 3991 1691 4062 ἐπιτηδεία
1725 3993 1943 4061 χρῆσις.
1984 3993 2048 4048 ll-

473 4079 580 4130 lius
608 4078 793 4132 annuli
830 4088 885 4132 et
921 4078 1211 4146 cujuslibet
1252 4081 1477 4136 alterius
1509 4083 1641 4152 regii
1679 4084 1840 4153 sigilli
1865 4094 2053 4141 custos

473 4169 618 4225 fores
651 4170 771 4239 ejus
802 4171 855 4224 in
885 4186 994 4241 quo
1027 4172 1309 4239 reponitur
1359 4174 1461 4226 loci
1514 4174 1787 4237 observat,
1820 4176 1883 4229 ad
1935 4176 2052 4230 illas

472 4264 643 4328 sedet,
679 4250 942 4324 moratur,
975 4263 1183 4332 vigilat,
1227 4274 1281 4318 et
1326 4280 1424 4333 pro
1467 4266 1847 4321 excubitorum
1903 4283 2055 4323 more

474 4356 639 4411 etiam
667 4371 918 4410 somnum
950 4359 1118 4425 capit,
1161 4358 1661 4427 παρακοιμώμενος
1686 4358 1784 4425 τῆς
1836 4360 2054 4428 σφενδό-

2167 1868 2398 1937 impcrio
2428 1869 2612 1922 [renes
2639 1875 2693 1921 et
2715 1865 3063 1920 Constantini
3090 1863 3572 1933 liliiNicephnrum
3605 1881 3740 1931 γενι-

2163 1961 2256 2014 κδν
2283 1960 2574 2030 λογοοέτην
2603 1959 2861 2028 appellat.
2900 1958 3172 2013 Theodori
3238 1957 3542 2012 Metochitze
3574 1957 3741 2011 triari-

2166 2070 2288 2109 n.ns
2335 2051 2699 2107 encomiastcs
2728 2060 2811 2105 est
2856 2050 3201 2120 Nicephorus
3240 2048 3510 2119 Gregoras
3546 2049 3597 2102 in
3646 2065 3738 2101 sua

2165 2146 2406 2206 historia,
2445 2143 2716 2212 praecipue
2765 2141 2804 2195 l.
2838 2156 2910 2195 vn
2970 2182 2988 2207 ,
3021 2157 3128 2195 non
3182 2140 3373 2211 procul
3410 2156 3437 2193 a
3468 2141 3596 2194 line.
3649 2139 3741 2196 llic

2166 2232 2486 2286 Metochites
2512 2231 2677 2284 etiam
2728 2229 2898 2300 hujus
2936 2230 3229 2300 logotbette
3267 2245 3496 2285 munere
3526 2230 3739 2286 functus

2161 2334 2263 2379 est.
2298 2323 2507 2379 Gns'rs.

2247 2414 2344 2487 ['0
2367 2417 2699 2485 ,ιογοθέτης
2725 2416 2835 2472 τοῦ
2852 2415 3117 2485 rer-moi).
3148 2415 3346 2473 Lucem
3368 2418 3469 2474 sibi
3500 2427 3739 2472 mutuam

2160 2508 2475 2564 accendunt
2507 2508 2589 2561 hae
2638 2524 2821 2563 voces.
2856 2510 3081 2563 Γενικόν
3120 2511 3275 2564 locus
3305 2520 3384 2565 est
3431 2511 3609 2580 Cpuli,
3638 2526 3742 2578 quo

2158 2602 2251 2670 jus
2317 2600 2645 2665 tributorum
2677 2601 2882 2655 subditi
2920 2601 3212 2656 exsolvunt
3262 2610 3320 2657 et
3374 2606 3741 2673 negotiatoris

2162 2692 2452 2761 vectigalia
2486 2702 2746 2761 pensant,
2802 2708 2964 2763 quem
3001 2692 3244 2748 Zonaras
3293 2694 3743 2763 periphrastixtii;

2161 2782 2229 2835 τὰ
2263 2783 2461 2851 ἀρχεῖα
2487 2782 2615 2846 τοὺς
2645 2783 2974 2852 φορολόγους
2991 2783 3478 2853 λογοπρακτοῦντα
3525 2786 3742 2854 scripst

2164 2874 2218 2928 in
2252 2874 2614 2931 Constantino
2653 2872 2836 2942 Duca;
2869 2875 2936 2929 de
2965 2889 3073 2944 quo
3101 2875 3382 2930 Cedrenus
3418 2876 3470 2928 in
3506 2877 3740 2931 Basilio:

2167 2968 2273 3018 Καὶ
2303 2965 2384 3029 είς
2415 2966 2477 3019 τὸ
2501 2966 2795 3037 λεγόμενον
2816 2966 3037 3020 Γενικὸν
3063 2966 3270 3021 κατιὼν
3299 2968 3426 3031 τοὺς
3468 2969 3740 3038 εἰσπρατ-

2163 3061 2420 3128 τομένους
2448 3061 2849 3129 ἑσκόπειπαρὰ
2900 3060 2994 3114 τοῦ
3020 3061 3309 3132 δημοσίου,
3375 3064 3451 3133 μή
3501 3064 3610 3117 πού
3660 3081 3744 3123 τις

2158 3153 2362 3216 ἀδίκως
2392 3152 2806 3222 εἰσπράττοιτο,
2842 3153 2941 3205 καὶ
2980 3150 3160 3215 οὕτως
3186 3154 3304 3217 τοῖς
3357 3151 3743 3221 ἀδικουμένοις

2154 3247 2421 3314 ἐπήμυνε.
2450 3243 2520 3297 Et
2548 3244 2859 3299 descendens
2894 3245 2963 3298 ad
3013 3244 3286 3310 Genicunt,
3331 3247 3513 3300 aerarii
3545 3245 3741 3307 κάειν,

2152 3350 2239 3389 eos
2272 3336 2363 3405 qui
2395 3334 2461 3389 ab
2488 3336 2667 3389 wrarii
2711 3335 2968 3390 ministris
2996 3338 3273 3407 uectigalia
3304 3338 3658 3407 exigerentur,
3684 3353 3743 3387 ne

2154 3429 2273 3497 quis
2301 3428 2428 3497 quid
2451 3429 2646 3499 injuste
2675 3430 3011 3496 persolveret,
3034 3430 3429 3496 speculabatur,
3463 3445 3530 3483 ac
3554 3431 3634 3483 ita
3665 3431 3745 3482 in.

2150 3522 2355 3590 iuriam
2389 3524 2565 3591 passis
2600 3524 2983 3590 opitulabatur.
3018 3523 3245 3585 Γενικός
3279 3524 3474 3578 exinde
3514 3522 3740 3591 portorii

2158 3616 2619 3685 vectigaliumque
2670 3628 2886 3671 exactor
2934 3627 3038 3684 est,
3095 3626 3153 3670 nt
3220 3617 3394 3679 aiunt,
3451 3617 3742 3686 generalis.

2156 3707 2354 3764 Suidas
2387 3725 2437 3763 ν.
2474 3709 2695 3771 Γενικός
2736 3728 2749 3762 :
2786 3711 3141 3773 Ἀναστάσιος
3191 3709 3450 3778 βασιλεὺς
3490 3706 3739 3778 Ῥωμαί-

2155 3821 2231 3857 ων
2263 3802 2592 3872 αἰσθόμενος
2625 3801 2821 3870 στολὴν
2878 3801 3220 3871 Σαρακηνῶν
3280 3800 3543 3871 ἔρχεσθαι
3605 3802 3744 3853 κατα

2158 3897 2260 3965 τῆς
2280 3897 2489 3959 πόλεως
2513 3935 2528 3958 ,
2574 3896 2839 3965 Ἰωάννην
2878 3895 3036 3964 187
3067 3893 3353 3962 ἐφίστησιν
3373 3894 3627 3964 ἡγεμόνα
3650 3889 3741 3944 τοῦ

2156 3978 2425 4059 πολέμου.
2462 3989 2713 4043 διάκονον
2739 3990 2835 4056 τῆς
2899 3987 3140 4057 μεγάλης
3165 3986 3463 4056 ἐκκλησίας
3481 3988 3583 4039 καὶ
3599 3985 3746 4050 λογι-

2158 4083 2292 4151 στὴν
2350 4081 2461 4134 τῶν
2490 4081 2699 4149 φόρων,
2753 4080 2810 4132 ὃ)
2851 4079 3076 4132 rev-.be
3133 4080 3411 4132 καλοῦσιν.
3454 4079 3743 4133 Cedrettus

2156 4187 2374 4243 quoque
2413 4170 2777 4240 Nicephorum
2838 4172 3182 4237 exgenicum,
3216 4172 3325 4223 ἀπὸ
3365 4168 3620 4237 γενικοῦ,
3659 4166 3742 4219 vel

2156 4275 2215 4321 nt
2261 4265 2448 4321 scribit
2509 4264 2863 4332 (Iuropalates
2916 4265 3022 4317 ἀπὸ
3056 4263 3313 4330 γενικῶν.
3350 4264 3743 4333 imperatorem

2157 4358 2361 4412 factum
2397 4364 2626 4411 testatur
2654 4356 2704 4408 in
2738 4356 2977 4410 historiae
3009 4356 3232 4408 limine:
3269 4355 3395 4410 hinc
3425 4356 3545 4425 ipse
3575 4355 3742 4409 audi-

473 4465 593 4517 νης,
624 4449 781 4515 regite
803 4447 1098 4516 signatum
1117 4449 1360 4514 antistes,
1386 4450 1529 4503 sacri
1553 4452 1747 4504 cerarii
1766 4452 2051 4515 exercitus,

2163 4448 2235 4502 rit
2260 4448 2478 4516 γενικδς
2527 4447 2840 4515 λογοθέτης,
2874 4430 3118 4516 qualem.
3142 4445 3483 4501 Theodotum
3515 4463 3743 4518 quoque

471 4538 636 4607 garde
662 4537 753 4590 des
776 4552 968 4591 sceaua:
987 4538 1049 4591 de
1083 4537 1336 4608 l‘empire.
1359 4539 1562 4612 60am]

546 4628 606 4681 P.
632 4630 685 4683 9.
714 4626 1012 4683 Praefectus
1036 4644 1131 4683 seu
1152 4630 1437 4685 accubitor
1463 4632 1698 4687 cubiculi
1722 4649 1736 4699 ;
1763 4634 1929 4704 aliqui
1958 4635 2055 4688 ad-

473 4724 613 4777 dunt
640 4724 800 4786 sacri,
842 4732 1027 4792 utpote
1058 4723 1415 4792 imperatorii.
1459 4722 1629 4779 Hodie
1681 4726 1733 4779 in
1785 4728 1923 4779 aulis
1958 4742 2055 4778 vo-

472 4826 668 4870 cantur
683 4814 1100 4878 ltammerlierrn,
1124 4816 1426 4881 ramerarii,
1453 4817 1634 4871 aureis
1657 4817 1902 4870 clavibus
1924 4833 2054 4872 con-

473 4906 671 4974 spicni.
699 4905 908 4960 Gnns.

544 4996 713 5068 [Ibid.
733 4994 967 5064 Exponit
995 4996 1388 5050 Constantinus
1407 4995 1688 5052 Manasses
1720 4998 2055 5067 παράκοπον

474 5090 571 5141 καὶ
604 5088 822 5156 φύλακα
841 5088 942 5156 τῆς
986 5088 1262 5158 βασιλείου
1295 5088 1505 5156 κλίνης,
1547 5089 1647 5143 sub
1676 5090 1834 5160 cujus
1867 5090 2049 5159 dispo-

475 5181 677 5234 sitione
697 5189 858 5232 erant
888 5180 1172 5248 πρόκοιτοι
1219 5181 1313 5230 καὶ
1353 5180 1726 5248 προφύλακες.
1761 5181 1829 5235 de
1855 5183 2053 5250 quibus

476 5268 715 5333 Nicetas,
742 5268 836 5337 qui
873 5279 998 5322 ante
1036 5268 1182 5324 fores
1215 5271 1555 5326 excubabant
1584 5282 1639 5325 et
1669 5273 2049 5343 imperatorem

479 5359 880 5413 custodiebant.
916 5359 978 5412 Οἱ
1014 5364 1113 5426 μὲν
1138 5361 1248 5428 γὰρ
1300 5360 1768 5428 σωματοφύλακες
1816 5363 1912 5413 καὶ
1962 5362 2048 5413 δο-

480 5451 708 5519 ρυφὸροι
738 5449 943 5502 ἄποθέν
982 5466 1087 5501 που
1112 5448 1205 5502 τοῦ
1246 5449 1536 5519 βασιλικοῦ
1568 5453 1825 5514 κοιτῶνος
1859 5452 2048 5514 νυκτὸς

476 5541 836 5609 κατηύναζον,
857 5543 933 5596 ait
960 5542 1046 5597 ille
1069 5542 1122 5595 in
1147 5542 1477 5598 Andronico.
1504 5543 1541 5596 l.
1568 5560 1624 5600 ιι.
1648 5543 1786 5613 Ergo
1809 5544 1897 5598 isti
1920 5561 2045 5614 pro-

477 5634 627 5696 pius,
646 5633 712 5687 ad
732 5632 876 5687 fores
898 5633 1153 5687 nimirum
1181 5633 1439 5703 principis
1462 5649 1523 5688 ac
1547 5635 1696 5703 juxta
1716 5636 2048 5700 cubiculum,

480 5722 574 5797 qui
615 5729 716 5781 hac
754 5726 820 5781 de
852 5740 1017 5781 causa
1065 5726 1374 5783 κοιτωνῖταιι
1410 5741 1436 5782 a
1477 5726 1649 5781 Leone
1678 5727 2047 5811 Grammatico

2160 4540 2561 4603 iniquissimum
2597 4539 2927 4593 monachum
2969 4538 3209 4608 reperies
3242 4538 3384 4606 apud
3447 4538 3743 4609 Theopha-

2156 4647 2279 4687 nem
2306 4641 2362 4686 et
2390 4631 2695 4687 Cedrenum
2727 4632 2779 4684 in
2802 4630 3110 4686 Justini-mn
3136 4631 3457 4698 posteriore.
3476 4630 3602 4686 Jam
3632 4648 3743 4701 quo

2155 4718 2372 4780 Constet
2403 4723 2731 4793 logothctam
2762 4722 2907 4776 hune
2938 4740 2963 4775 ιι
2998 4722 3327 4777 caucellario
3375 4725 3534 4791 longe
3556 4724 3742 4778 diver-

2156 4826 2302 4873 sum,
2343 4827 2444 4867 nec
2478 4812 2595 4880 ejus
2623 4823 2714 4864 aut
2765 4811 2963 4867 similis
3011 4812 3233 4865 alterius
3293 4828 3519 4867 munere
3570 4813 3744 4868 fuisse

2155 4896 2499 4972 implicitum.
2535 4904 2630 4959 sed
2666 4919 2932 4967 summam
2961 4903 3135 4956 aerarii
3186 4903 3566 4972 pra-tecturam
3615 4919 3742 4973 ges-

2154 4992 2312 5053 sisse,
2332 4993 2583 5055 observo,
2604 4990 2761 5057 λόγον
2782 5002 3107 5058 computum,
3129 4994 3433 5058 ratiocinia,
3454 4995 3741 5055 rationem.

2155 5085 2363 5150 ﬁscum,
2396 5098 2554 5149 teque
2580 5098 2644 5135 ac
2692 5084 2796 5135 alia
2834 5084 3075 5146 referre;
3125 5100 3231 5152 qua
3275 5086 3343 5139 de
3380 5101 3547 5139 causa
3603 5086 3745 5140 dixit

2153 5172 2512 5242 Theophanes
2548 5174 2598 5225 in
2630 5171 3006 5242 Copronytno:
3043 5176 3124 5227 Τὰ
3145 5176 3201 5227 δὲ
3231 5174 3502 5243 λεγόμενα
3534 5194 3746 5244 naept-

2156 5266 2334 5335 μώνια
2387 5265 2496 5316 τῶν
2552 5266 2610 5316 ἐν
2662 5263 2848 5338 Ῥώμῃ
2907 5266 3051 5317 ναῶν
3075 5265 3183 5317 τῶν
3219 5266 3394 5332 ἁγίων
3438 5268 3531 5319 καὶ¹
3572 5284 3745 5339 κορυ-

2152 5358 2329 5425 φαίων
2372 5356 2718 5418 ἀποστόλων,
2753 5358 2821 5409 τὰ
2875 5357 3106 5411 ἔκπαλαι
3138 5358 3443 5429 τελούμενα
3490 5359 3748 5413 τάλαντα

2151 5450 2278 5519 τρία
2321 5448 2519 5517 ἥμισυ,
2566 5448 2644 5519 τῷ
2704 5450 2977 5519 δημοσίῳ,
3022 5449 3165 5519 λόγῳ
3213 5449 3488 5502 τελεῖσθαι
3530 5454 3747 5519 προσέ-

2151 5542 2334 5607 ταξεν,
2372 5539 2582 5609 publica
2609 5543 2803 5596 aerario
2829 5524 3006 5609 ﬂendi,
3056 5543 3109 5595 in
3166 5542 3355 5610 fiscum
3391 5542 3610 5610 referri.
3640 5558 3746 5611 pu-

2152 5632 2297 5689 blicis
2329 5634 2623 5688 rationibus
2687 5637 2957 5688 accenseri
3006 5636 3191 5703 jussit.
3232 5634 3564 5703 Λογοθέτης,
3626 5634 3747 5689 ἀπὸ

2152 5723 2244 5777 τοῦ
2300 5724 2480 5793 λόγου,
2523 5728 2764 5797 public—as
2807 5728 3046 5782 rationes
3100 5727 3395 5797 componit,
3458 5739 3573 5795 quo
3639 5740 3747 5797 ρει·
3844 5716 3849 5721 ”
