3952 6222
251 279 353 361 ιιι
1026 304 1049 317 κ

1338 280 1727 348 GltETSEiil
1775 286 1870 346 ET
1905 288 2137 354 GOARI
2192 294 2430 357 ΝυΤίῙῖ.

3395 303 3500 368 ἨΞ

254 408 367 450 ctus
396 393 591 460 publici
622 410 830 459 cursus,
868 394 1227 460 l'ostmeister,
1255 408 1306 452 et
1335 400 1822 469 πρωταλλαγάτωρ

1936 407 2287 478 ταλλαγὰτωρ
2330 414 2407 466 sic
2432 428 2490 466 se
2524 416 2760 469 habeant
2787 425 2843 470 ut
2867 416 2959 470 ille
2983 417 3252 485 praecedat
3282 433 3494 487 agmen-

254 487 506 557 generalia
549 485 745 551 publici
776 504 984 545 cursus.
1042 490 1363 543 Subscribat
1396 492 1489 557 qui
1529 492 1692 551 volet,
1725 505 1825 559 ego

253 579 393 649 quod
449 579 594 632 edidi
650 580 970 649 amplector,
1008 597 1131 633 cum
1169 581 1332 634 etiam
1389 580 1729 636 Glossarium
1771 598 1823 636 v.

256 669 698 741 πρωταλογάτωρ
732 684 762 721 a
795 670 952 722 nobis
983 680 1111 734 stet,
1132 681 1417 740 vertatque
1445 670 1723 740 praefectus
1746 687 1831 739 ge-

256 761 444 815 neralis
474 761 727 828 equitum.
758 760 872 825 Quo
898 771 1095 826 tamen,
1126 762 1321 830 inquit,
1345 763 1518 831 major
1538 772 1650 814 erat
1680 764 1707 813 ὁ
1730 762 1829 830 ἄρ-

254 874 357 924 χων
402 856 497 906 τοῦ
545 855 794 921 ἁλογίου,
829 855 1075 923 princeps
1114 854 1350 921 equitum
1407 856 1483 909 vel
1535 869 1825 919 equorum:

252 948 442 1014 ἄλογον
462 947 609 1001 enim
630 947 839 1001 Graecis
860 957 944 1001 est
967 963 1127 1013 equus
1152 963 1247 1003 seu
1273 948 1597 1017 jumentum.
1621 946 1824 1000 Gasrs.

318 1037 461 1094 Ibid.
499 1036 598 1108 [Ὀ
627 1038 830 1106 ἄρχων
847 1038 952 1091 τοῦ
977 1038 1248 1103 ἀλοτίου.
1278 1039 1522 1092 Oliicium
1551 1037 1692 1090 haud
1726 1052 1827 1089 ex—

253 1132 450 1199 plicato
484 1129 726 1193 difﬁcile,
758 1145 823 1182 ex
866 1130 1017 1182 vocis
1063 1130 1423 1184 nihilominus
1462 1122 1681 1196 ἀλογξου
1729 1128 1829 1181 dna

254 1223 449 1275 bietatc
469 1229 526 1275 ct
543 1204 876 1275 obscuritate
894 1221 1004 1289 jam
1032 1236 1165 1290 pene
1186 1221 1454 1275 incertum
1483 1230 1535 1273 et
1556 1220 1825 1289 ignotum.

256 1313 461 1381 legunt
493 1313 580 1366 hic
611 1313 832 1381 quidam
868 1313 1111 1380 ἁλόγιον,
1147 1326 1198 1365 at
1231 1312 1478 1379 ἁλόγωςε
1511 1322 1566 1367 et
1602 1329 1664 1365 ex
1696 1326 1829 1367 voce

253 1406 445 1472 ἄλογον
501 1405 607 1459 sibi
650 1415 776 1458 nota
810 1404 957 1473 (quis
984 1405 1130 1458 enim
1173 1422 1356 1472 equum
1411 1405 1710 1474 ignoraret)
1736 1404 1828 1454 τὸν

255 1500 490 1568 ἄρχοντα
538 1496 636 1551 τοῦ
699 1498 918 1563 ἀλογίου
955 1498 1367 1569 veredarim-utn
1425 1507 1477 1550 et
1536 1508 1824 1550 cursorum

256 1591 567 1661 praaiectutn
598 1599 808 1645 creant.
830 1589 1055 1650 Lexica,
1078 1588 1458 1651 auctoritates,
1496 1588 1825 1654 conjecturae

256 1690 617 1749 queruntur:
654 1695 844 1733 verum
876 1678 1051 1741 οὐδεὶς
1071 1677 1247 1744 λόγος.
1289 1677 1486 1731 Sanior
1532 1676 1693 1730 lectio
1736 1676 1845 1728 hic.

256 1775 506 1828 restituta
536 1785 747 1827 certum
778 1774 1017 1843 proferet
1043 1788 1287 1834 sensum,
1335 1781 1386 1824 et
1416 1771 1665 1823 abdicato
1706 1768 1828 1837 jure

258 1866 452 1921 alieno.
481 1869 768 1935 proprium
789 1865 965 1919 ollicio
990 1864 1287 1934 reparabit.
1308 1863 1622 1932 Legendum
1644 1860 1829 1929 itaque

254 1956 536 2024 ἁλλαγίου,
574 1957 720 2026 quod
754 1957 1074 2024 frequenter
1098 1967 1209 2011 tum
1242 1958 1331 2011 hic
1354 1965 1467 2009 tum
1497 1973 1546 2010 c.
1576 1955 1608 2008 5
1630 1970 1829 2025 posue-

257 2060 373 2102 runt
403 2047 579 2117 Regia
613 2064 738 2103 cum
783 2050 997 2103 duobus
1035 2049 1326 2103 Mazariuis
1347 2062 1477 2103 mss.
1501 2046 1828 2112 exemplaria-

257 2140 351 2193 hus
382 2140 740 2208 postmodum
765 2140 1130 2208 proferendis,
1155 2142 1298 2207 quod
1323 2148 1641 2192 constanter
1667 2138 1829 2191 habet

254 2230 648 2293 Cantacuzeni,
689 2231 918 2299 Regium
958 2231 1082 2284 item
1122 2231 1399 2300 exemplar
1455 2230 1635 2311 aliud,
1684 2233 1827 2293 quod

260 2322 478 2377 indubie
544 2323 888 2377 retinendum
939 2323 1155 2378 censuit
1211 2332 1404 2376 auctor
1460 2320 1726 2375 Glossarii
1773 2335 1821 2373 v.

257 2415 675 2485 ἁλὶαξιμάριον,
694 2414 974 2481 ἀλλάγιον.
1012 2415 1388 2478 Ert'attameu,
1415 2424 1472 2468 ut
1494 2427 1635 2481 saepe
1665 2412 1825 2471 solet.

255 2507 377 2560 dum
404 2508 675 2575 ἀλλάγιον
695 2516 751 2561 et
774 2506 1020 2575 ἀλλαγήν
1037 2506 1342 2568 confundit,
1375 2521 1438 2559 ac
1464 2519 1529 2558 eo
1553 2505 1695 2575 quod
1726 2505 1825 2555 60t-

255 2592 387 2663 λαγὴ
417 2594 565 2658 ζῶον
602 2596 885 2665 δρομικόν,
927 2596 1257 2649 veredarium
1287 2605 1335 2649 et
1366 2611 1558 2664 equum
1596 2602 1828 2647 mutato-

256 2688 403 2752 rium,
429 2688 667 2752 indicat,
699 2704 763 2743 ex
796 2689 1031 2758 pr0priis
1067 2688 1121 2741 in
1162 2688 1351 2743 eodetn
1383 2704 1547 2743 sensu
1575 2686 1638 2742 τὸ
1664 2685 1829 2739 ἀλλά-

254 2794 369 2844 γιον
397 2781 653 2848 exponit.
693 2779 950 2834 Errorem
994 2780 1453 2836 animadvertisse
1481 2780 1714 2843 diceres,
1734 2777 1828 2833 ubi

255 2870 582 2941 subjungit:
621 2871 943 2927 Scholiasta
975 2872 1206 2942 Oppiani
1241 2872 1483 2928 "alieut.
1522 2873 1558 2927 ι.
1587 2890 1603 2927 t
1637 2891 1650 2927 :
1688 2871 1828 2943 Τοὺς

251 2960 440 3030 λόχους
496 2964 884 3031 interpretatur
910 2954 1146 3033 ἀλλάγιοι
1179 2983 1193 3019 :
1228 2973 1305 3030 at,
1353 2964 1508 3033 quasi
1547 2960 1826 3034 repudiata

1928 496 2017 549 hic
2050 511 2310 567 sequatur
2339 520 2353 564 ;
2398 504 2489 557 ille
2522 507 2724 561 milites
2761 509 2944 569 durat,
2981 490 3326 562 hic'ordinet
3356 524 3370 566 :
3409 509 3499 561 illo

1928 599 2150 655 paratos
2193 593 2245 644 in
2292 594 2462 646 aciem
2500 607 2553 648 et
2588 597 2772 651 hostes
2808 597 3057 667 exemplo
3095 609 3374 667 provocet,
3412 600 3498 652 hic

1930 679 2176 733 militiam
2205 682 2541 757 deserturos,
2582 697 2641 741 ut
2672 688 2727 740 in
2761 690 2951 742 ordine
2983 700 3148 751 stent,
3189 690 3236 742 vi
3267 691 3500 757 compel-

1929 768 2038 833 lat;
2072 771 2160 825 ille
2193 786 2336 828 recta
2392 776 2570 829 fronte
2604 780 2654 831 in
2709 781 2891 833 hostes
2926 782 3117 848 pergit,
3151 783 3238 835 hic
3278 798 3305 833 a
3349 794 3499 847 tergo

1930 861 2201 931 imperitis
2226 871 2423 922 cbsola
2478 869 2613 923 facie
2642 872 2926 924 conversis
2962 871 3275 933 confestim,
3311 888 3374 926 cx
3408 890 3498 940 pe-

1928 952 2211 1022 dissequo,
2245 958 2440 1012 ductor
2478 971 2738 1028 apparet;
2777 963 2920 1014 unde
2967 977 3032 1013 ex
3083 963 3291 1015 honore
3338 980 3497 1032 quem

1928 1055 2060 1099 tunc
2112 1052 2443 1115 assequitur,
2484 1056 2689 1121 etquia
2731 1054 2869 1120 μετὰ
2938 1053 3032 1106 τοῦ
3091 1054 3355 1122 ἄρχοντος
3406 1056 3499 1107 τοῦ

1927 1136 2191 1204 ἀλλαγιου
2243 1140 2563 1207 dignitatem
2605 1152 2659 1196 et
2692 1158 2834 1196 onus
2869 1144 3099 1196 bellandi
3154 1144 3502 1214 ducendique

1928 1226 2143 1288 dividit,
2178 1232 2730 1300 πρωταλλαγάτωρος
2778 1234 2825 1285 ei
2872 1248 3067 1285 nomen
3105 1233 3500 1297 inconditum.

1928 1317 2084 1385 201
2125 1317 2216 1372 Ille
2264 1320 2428 1372 Leoni
2483 1322 2737 1389 λοχαγός.
2784 1324 2871 1377 hic
2902 1321 3136 1392 οὐραγός
3188 1324 3392 1375 dicitur
3439 1324 3490 1375 in

1929 1406 2084 1465 Tact.
2113 1413 2335 1463 constil.
2361 1411 2390 1461 7
2410 1428 2427 1463 :
2465 1413 2807 1481 Στρατιῶται
2832 1415 3198 1482 στρεφόμενοι
3221 1413 3294 1476 ὡς
3320 1412 3504 1465 ἵσταν-

1927 1520 2016 1553 ται
2069 1502 2452 1557 ἀντιϐλέπωσι
2490 1507 2629 1556 κατὰ
2660 1503 2753 1557 τοῦ
2809 1506 3001 1567 νώτου,
3037 1507 3207 1573 ἦγουν
3235 1505 3293 1556 τὸ
3320 1506 3501 1556 ὀπίσω

1931 1591 2119 1661 μέρος.
2164 1593 2350 1644 οὐκέτι
2382 1593 2475 1645 τοῦ
2503 1593 2740 1662 λοχαγοῦ
2803 1594 3221 1664 εὑρισκομένου,
3259 1592 3396 1645 ἀλλὰ
3440 1588 3503 1643 τὴ
3536 1638 3541 1643 .

1929 1684 2315 1748 ἐξκαιδεκάιου
2346 1686 2606 1755 οὐραγοῦ.
2651 1685 2707 1739 Μ
2715 1687 2853 1738 ilites
2887 1687 3332 1754 quemadmodum
3380 1696 3502 1738 ante

1930 1772 2143 1826 stabant
2166 1776 2424 1838 conversi,
2461 1775 2635 1828 solum
2660 1775 2730 1828 ad
2761 1787 2965 1844 tergum
2996 1789 3292 1829 extremam
3337 1775 3502 1826 aciem

1932 1867 2241 1933 respiciant,
2263 1866 2481 1935 lochago
2504 1867 2612 1919 sive
2638 1867 2875 1934 pra'stite
2910 1867 2963 1917 in
3017 1867 3334 1918 anteriorem
3377 1878 3504 1931 par-

1931 1969 2032 2011 tem
2073 1959 2304 2024 minime,
2336 1960 2424 2011 sed
2464 1959 2729 2013 ultimuno
2747 1959 2865 2025 jant
2903 1960 3145 2026 infrortte
3182 1959 3499 2017 constituto,

1928 2062 2077 2115 quem
2098 2047 2357 2114 οὐραγόν,
2386 2047 2439 2098 id
2467 2058 2540 2099 est
2574 2048 2902 2109 caudanum,
2964 2050 3279 2100 nominant.
3328 2047 3506 2114 Supe-

1930 2138 2045 2190 rius
2080 2136 2239 2190 dictis
2266 2146 2564 2190 attestatur
2595 2138 2737 2191 idem
2769 2154 2785 2192 :
2814 2139 2932 2207 Χρὴ
2963 2139 3020 2189 δὲ
3060 2138 3187 2199 τοὺς
3221 2137 3511 2205 οὐραγοὺς

1930 2227 2434 2295 παραγγέλλεσθαι,
2470 2228 2565 2279 καὶ
2594 2230 2658 2281 ὲδι
2682 2230 2793 2294 τῶν
2826 2228 3057 2280 ὄπισθεν
3082 2227 3359 2295 προωθεῖν
3407 2227 3503 2277 καὶ

1928 2318 2208 2387 ἀποροοῦν
2232 2320 2402 2380 αὐτὰς
2434 2322 2513 2381 εἰς
2542 2322 2643 2386 τὴν
2693 2321 2903 2387 χρείαν,
2927 2320 3012 2372 ἵνα
3051 2318 3126 2387 μὴ
3185 2317 3502 2386 ἁπομένωπί

1928 2429 2096 2476 τινες,
2130 2413 2205 2475 ὡς
2232 2416 2398 2476 εἰκξς,
2424 2415 2760 2476 ὂειλιῶντες.
2799 2412 3334 2489 Ιιρωταλλαγάτ‹ι›ρα
3368 2410 3506 2465 Sen—

1930 2506 2209 2558 ttacherim
2263 2507 2449 2558 laudat
2507 2504 2929 2558 Cantacuzenos
2955 2519 2995 2563 ι,
3024 2503 3129 2565 9.6;
3180 2517 3342 2569 quem
3372 2502 3502 2554 dum

1927 2599 2073 2668 equis
2104 2599 2407 2651 cursoribus
2441 2596 2754 2664 prwfectunt
2790 2601 3041 2646 autumat
3065 2593 3116 2644 in
3153 2591 3396 2658 margine
3421 2591 3504 2641 iu-

1930 2698 2159 2757 terpres,
2191 2691 2242 2741 in
2277 2705 2522 2742 errorem
2550 2702 2693 2756 equo
2748 2685 2930 2738 celoce
2959 2683 3124 2736 citius
3184 2679 3491 2735 contendit.

2001 2784 2060 2837 P.
2092 2785 2178 2836 ll.
2212 2782 2303 2853 [Ὀ
2333 2783 2518 2849 μέγας
2540 2777 2868 2846 διοικητὴς,
2901 2778 3150 2830 collector
3179 2776 3501 2828 tributorum

1929 2886 2034 2931 est.
2061 2875 2170 2930 Leo
2203 2875 2420 2928 Novella
2451 2875 2512 2926 (il
2546 2890 2559 2926 :
2592 2874 2730 2933 Τοὺς
2775 2871 2867 2923 ἐπὶ
2924 2868 3194 2934 συλλογὴν
3239 2867 3347 2920 τῶν
3398 2867 3505 2934 δτι-

1934 2968 2138 3039 μοσίων
2193 2968 2373 3034 φόρων
2411 2966 2842 3032 καθισταμένους
2893 2945 3174 3031 διοικητὰς
3199 2962 3232 3030 ἡ
3268 2961 3508 3029 συνήθης

252 3057 478 3112 veritate
524 3073 688 3126 quam
735 3059 1073 3127 palpaverat,
1113 3058 1301 3112 exsilit
1353 3057 1640 3113 confestim
1672 3067 1725 3111 et
1758 3058 1824 3110 ad

1936 3061 2114 3131 ὁμιλία
2136 3062 2320 3113 καλεῖν
2335 3054 2466 3112 οἶδε.
2492 3059 2777 3112 Cedrenus
2802 3057 2854 3110 in
2890 3055 3073 3111 Leone
3103 3054 3314 3116 Isauro,
3346 3052 3507 3122 cujus

253 3162 416 3217 equos
465 3149 863 3216 publicumque
909 3163 1136 3203 cursum
1186 3148 1369 3202 nervis
1407 3147 1666 3202 omnibus
1696 3162 1829 3202 con-

257 3240 442 3293 tendit.
475 3240 969 3294 Adha'remus’nos
1000 3239 1196 3306 λογίως
1225 3239 1410 3294 sensui
1441 3239 1583 3306 apud
1620 3256 1827 3294 memo-

254 3341 423 3385 ratum
449 3332 816 3387 scholiastem
850 3341 1086 3400 reperto.
1122 3331 1412 3398 Ἀλλάγιον
1440 3332 1620 3399 itaque
1641 3341 1725 3385 est
1745 3331 1829 3383 λό-

255 3442 362 3493 χος,
388 3441 608 3495 agmen,
657 3435 858 3487 turma,
913 3425 1076 3487 acies,
1098 3431 1153 3478 et
1188 3424 1375 3492 ἄρχων
1422 3422 1518 3474 τοῦ
1548 3423 1826 3489 uilla-(too,

252 3519 340 3587 qui
365 3534 489 3570 eam
526 3518 723 3583 quavis
759 3518 969 3571 ratione
993 3516 1145 3570 ducit
1173 3523 1229 3569 et
1255 3515 1329 3568 illi
1355 3512 1606 3582 imperat.
1632 3512 1828 3568 Verum

254 3611 528 3677 quodnam
562 3623 782 3678 agmen,
813 3607 1048 3676 inquies,
1083 3607 1226 3674 regit
1277 3605 1366 3658 hic
1392 3606 1577 3673 ἄρχων
1608 3603 1702 3656 τοῦ
1733 3606 1829 3655 ἁλ-

256 3702 465 3770 λαγιου,
492 3710 553 3757 ut
582 3717 708 3757 cum
740 3701 1061 3765 domestico,
1081 3700 1282 3755 comite
1312 3697 1532 3757 stabuli.
1562 3706 1831 3765 strat0pc-

257 3794 453 3849 darclta
475 3805 534 3848 et
578 3794 707 3848 aliis
738 3800 1061 3861 potestatem
1102 3800 1352 3845 exerceat
1383 3800 1438 3844 et
1468 3789 1711 3843 obtineat
1751 3791 1831 3844 di—

256 3887 515 3952 gnitatem
546 3885 571 3938 ?
619 3883 933 3954 Respondet
985 3893 1177 3945 auctor
1213 3901 1263 3939 c.
1296 3886 1365 3939 5:
1400 3887 1464 3938 Ὀ
1504 3888 1685 3955 ἄρχων
1738 3886 1831 3938 τοῦ

255 3980 505 4047 ἀλλαγίον
539 3980 621 4040 εἰς
648 3976 752 4048 τὴν
779 3976 873 4029 τοῦ
914 3976 1179 4045 βασιλέως
1220 3977 1539 4047 εὑρίσκεται
1569 3979 1669 4045 μὲν
1702 3978 1831 4030 σύνο

254 4071 423 4135 ταξιν,
457 4071 560 4125 καὶ
603 4070 712 4121 ὑπὸ
741 4070 917 4137 μέγαν
946 4068 1003 4119 δὲ
1043 4069 1477 4140 πριμμικήριον·
1540 4069 1832 4137 Prtefectus

255 4163 431 4231 atiagii
460 4163 644 4215 locum
675 4160 875 4213 obtinet
907 4161 959 4212 in
987 4161 1329 4225 imperatori:
1364 4161 1641 4225 comitatu,
1666 4170 1715 4214 et
1741 4178 1835 4213 su-

258 4253 356 4305 best
381 4268 577 4323 magno
607 4251 927 4322 primicerio.
960 4251 1199 4306 Observa
1237 4254 1634 4321 praetermissos
1670 4253 1840 4307 silena

261 4345 327 4398 tio
348 4362 523 4414 equos
563 4356 618 4399 ct
652 4344 907 4409 a-ivtagw
944 4352 1327 4398 metnoratatn.
1372 4346 1443 4398 At
1471 4343 1601 4413 quid
1633 4342 1837 4396 σύντα-

259 4439 333 4500 ξις
354 4453 522 4505 quam
554 4439 861 4499 comitatus,
894 4452 1104 4505 agmen,
1139 4436 1278 4489 acies
1306 4436 1331 4488 ?
1363 4434 1502 4501 Quid
1542 4436 1704 4503 igitur
1732 4436 1836 4506 ἄρα

261 4548 363 4596 κων
395 4528 492 4582 τοῦ
538 4528 798 4596 alluvies
834 4543 997 4596 quam
1054 4528 1240 4595 ἄρχων
1265 4524 1368 4597 τῆς
1416 4530 1746 4595 συντάξεως,
1782 4541 1837 4584 et

262 4620 611 4691 εὑρίσκεσθαι
641 4620 800 4675 ducis
824 4635 975 4673 tttore
1005 4620 1086 4682 εἰς
1111 4620 1211 4688 τὴν
1231 4618 1521 4690 βασιλικὴν
1544 4622 1837 4687 σύνταξινῗ

266 4713 525 4784 Βισιλικὴ
553 4729 680 4767 vero
706 4711 959 4778 σύνταξις
992 4711 1377 4780 imperatorias
1427 4713 1509 4766 vel
1550 4728 1704 4768 sacer
1757 4725 1839 4769 cst

264 4806 580 4870 comitatus,
608 4804 777 4881 cujus
794 4817 1026 4871 magnus
1057 4802 1411 4873 primicerius
1447 4814 1531 4858 est
1560 4815 1747 4875 caput,
1771 4822 1836 4860 ex

266 4908 488 4952 auctore
537 4912 589 4951 c.
620 4899 652 4952 5
677 4897 890 4966 κεφαλὴ
919 4898 1015 4965 τῆς
1054 4895 1345 4967 βασιλικῆς
1384 4898 1689 4962 συντάξεως
1719 4916 1734 4952 :
1762 4900 1838 4952 illi

265 4993 586 5061 supponitur
620 4991 649 5043 ὁ
672 4991 855 5059 ἄρχων
875 4989 971 5042 τοῦ
1006 4990 1289 5057 ἀλλαγίου,
1327 5003 1393 5043 ac
1421 4987 1547 5057 ejus
1579 4990 1723 5042 vices
1751 5005 1843 5059 ge-

270 5084 356 5137 rit.
388 5084 530 5154 Ergo
563 5098 672 5137 non
703 5096 993 5151 equorum,
1032 5082 1126 5136 sed
1163 5082 1483 5145 comitatus,
1519 5081 1619 5134 sub
1653 5081 1843 5148 primi-

266 5177 412 5230 cerio
446 5176 641 5231 ductor
663 5173 938 5237 fatendus,
972 5173 1062 5241 qui
1104 5174 1385 5229 nonnullis
1407 5174 1730 5241 primipilus.

338 5267 422 5320 Ib.
467 5270 526 5320 '0
545 5265 1035 5341 πρωταλογὰτωρ,
1075 5265 1265 5321 Verius
1292 5282 1356 5322 ac
1382 5269 1756 5331 communitis,
1787 5268 1841 5322 in

267 5357 472 5426 Regiis,
498 5355 640 5425 apud
664 5354 981 5420 Meursium,
1007 5355 1317 5413 Mattlneum
1348 5359 1677 5411 monachum
1704 5358 1842 5412 infra

269 5449 638 5511 referendum,
689 5457 742 5501 et
771 5446 1219 5501 Cantacuzenum
1256 5449 1530 5518 superiori
1566 5458 1690 5503 nota
1730 5467 1847 5501 tunc-

267 5546 562 5608 moratum,
601 5542 719 5611 lego
768 5542 1279 5611 πρωταλ).αγάτωρ,
1318 5556 1508 5597 vocent
1545 5543 1612 5595 ab
1650 5543 1839 5595 eadem

271 5633 457 5688 radice
477 5649 579 5701 qua
607 5635 917 5702 praecedens
940 5632 1255 5695 deductam,
1286 5633 1395 5687 ἀπὸ
1452 5634 1545 5686 τοῦ
1578 5634 1839 5701 ἀλλαγίοο

270 5723 553 5794 nimirum,
576 5728 649 5787 ita
675 5734 853 5783 tamen
884 5735 941 5781 ttt
970 5726 1154 5797 ἄρχων
1184 5725 1274 5779 τοῦ
1304 5725 1563 5797 amnica
1596 5736 1649 5784 et
1675 5744 1828 5798 upw-

1932 3150 2583 3224 prtecessor'l‘heodosius
2615 3148 2793 3202 fuerat
2815 3148 3119 3215 διοικητὴς,
3148 3161 3308 3215 quem
3344 3144 3509 3198 modo

1930 3256 2348 3314 procuratorem,
2382 3243 2542 3295 modo
2586 3251 2895 3309 quwstorem
2949 3237 3131 3292 reddit
3182 3236 3503 3302 interpres:

1932 3335 2355 3407 ﬂpoaeriﬁzpev
2379 3334 2489 3394 τοῖς
2521 3333 2817 3399 διοικηταῖς
2836 3331 2944 3382 τῶν
2966 3330 3221 3399 Θεμάτων
3255 3328 3509 3381 ἀπαιτεῖν

1930 3431 2010 3489 εἰς
2028 3427 2119 3479 τὸν
2149 3426 2369 3485 κανόνα.
2400 3424 2541 3476 κατὰ
2568 3422 2839 3491 νόμισμα,
2894 3420 3232 3491 μιλιαρεσιον
3293 3418 3373 3481 ἓν,
3407 3420 3505 3471 καὶ

1930 3518 2198 3587 λαμϐάνει
2239 3514 2370 3570 αὐτὸ
2389 3516 2421 3584 ἡ
2441 3514 2710 3584 βασιλεία,
2742 3514 2836 3566 καὶ
2860 3513 3127 3597 κτίζειοτὰ
3151 3513 3331 3581 τείχη.
3358 3510 3508 3562 Κάν-

1931 3610 2122 3663 τεῦθεν
2151 3607 2537 3677 ἁπεξιράτησεν
2564 3608 2596 3677 ἡ
2631 3604 2909 3675 συνήθεια,
2957 3607 3218 3674 παρέχειν
3248 3605 3315 3654 τὰ
3363 3599 3508 3653 δικέ-

1934 3712 2072 3774 ραθια
2096 3704 2208 3766 τοῖς
2250 3672 2979 3771 stotxqrzi;.-Frequentius
3002 3672 3165 3765 quam
3207 3703 3265 3748 ut
3301 3690 3506 3747 refera—

1936 3805 2024 3849 tur
2055 3794 2250 3865 legitur
2273 3795 2417 3858 apud
2436 3791 2743 3845 Cedreuutn
2772 3789 3049 3851 eumdem,
3079 3786 3501 3853 Theophanem,

1934 3888 2169 3941 Leonem
2209 3882 2664 3942 Grammaticum,
2710 3880 2957 3933 Nicetam
2993 3887 3046 3931 et
3074 3877 3210 3931 alios
3241 3873 3509 3928 recent-io-

1936 3994 2024 4031 res
2061 3975 2302 4031 historize
2326 3973 2531 4028 Greca
2586 3969 2901 4037 scriptores.
2948 3967 3219 4035 Graphice
3269 3967 3363 4018 τὸν
3416 3967 3508 4017 ἐπὶ

1934 4071 2043 4123 τῶν
2088 4067 2309 4121 εἰσόδων
2340 4067 2438 4134 τῆς
2474 4063 2681 4123 πόλεως
2708 4060 2950 4130 depingit
2982 4060 3174 4114 ultimo
3238 4073 3507 4112 memora-

1938 4171 2025 4214 tus
2048 4169 2238 4213 auctor
2266 4159 2319 4212 iu
2352 4156 2566 4211 Joanne
2589 4152 2893 4215 Comneno,
2925 4150 3309 4221 quispeciatim
3329 4149 3509 4202 urbira

1940 4252 2138 4303 tributa
2165 4248 2330 4317 legit;
2352 4248 2439 4303 cui
2476 4246 2620 4299 lavet
2650 4244 2936 4301 Cedrenos
2964 4246 3075 4314 jatn
3107 4244 3434 4311 productus.

2011 4340 2093 4394 Ib.
2122 4337 2220 4410 [Ὀ
2247 4338 2722 4407 ὀρφανοτρόφος.
2750 4333 2967 4390 Clarior
2994 4341 3079 4387 est
3124 4334 3294 4386 dit-tio
3346 4348 3509 4401 quam

1941 4443 1998 4487 ut
2030 4449 2150 4486 eam
2177 4433 2425 4486 dicamus
2456 4430 2720 4495 orphanis
2775 4426 3083 4481 nutriendis
3131 4426 3511 4495 praepositum,

1941 4537 2197 4593 tanquam
2227 4532 2464 4577 tutorem
2513 4531 2568 4576 et
2606 4528 2918 4576 curatorem
2942 4520 3237 4581 minorum,
3307 4517 3516 4586 signiti-

1938 4633 2064 4671 care
2098 4637 2108 4670 :
2147 4614 2515 4670 clarissimum
2546 4626 2767 4681 quoque
2792 4611 3058 4674 cilicium,
3087 4610 3232 4678 quod
3258 4609 3379 4678 jura
3406 4622 3515 4661 non

1941 4709 2105 4777 silent
2152 4707 2204 4759 in
2254 4706 2386 4776 Leg.
2435 4704 2906 4773 Orpltanotrophos
2966 4702 3017 4754 in
3065 4701 3337 4769 principio
3391 4702 3514 4753 cod.

1940 4802 2006 4854 de
2035 4801 2308 4869 episcopis
2333 4809 2387 4853 et
2416 4796 2652 4860 clericis,
2685 4810 2740 4849 et
2771 4796 2824 4849 itt
2856 4795 2993 4862 lege,
3074 4791 3273 4844 Omnia
3303 4788 3517 4859 privile-

1941 4898 2050 4967 gia.
2086 4895 2301 4948 Primus
2322 4894 2368 4948 ei
2393 4891 2728 4947 instituendo
2746 4887 2897 4942 dedit
2914 4900 3103 4941 ansam
3123 4884 3518 4940 Constantinus

1942 4989 2035 5058 qui
2069 5003 2132 5041 ex
2165 4985 2508 5054 Theophane
2544 4982 2896 5051 σιτομέτριον
2931 4980 3075 5033 κατὰ
3120 4977 3276 5030 πόλιν
3326 4975 3518 5045 ἐχαρί-

1946 5095 2078 5131 σατο
2108 5079 2227 5137 ταῖς
2246 5077 2565 5143 ἐκκλησίαις
2589 5074 2669 5136 εἰς
2698 5070 2995 5143 διατροφὴν
3025 5068 3289 5140 διηνεκῶς
3321 5067 3521 5137 χήραις

1946 5178 2041 5225 καὶ
2065 5172 2324 5240 ὀρφανοῖς
2353 5169 2448 5220 καὶ
2473 5166 2648 5232 ξένοις
2691 5164 2889 5234 πένησι
2949 5180 3007 5216 τε
3071 5162 3167 5215 καὶ
3211 5159 3519 5228 κληρικοίς.

1946 5261 2255 5318 Palatinum
2314 5260 2563 5327 insuper,
2599 5274 2710 5312 non
2756 5255 3197 5312 ecclesiasticum
3261 5251 3369 5307 fuit
3419 5251 3524 5304 hoc
3608 5300 3615 5305 η

1948 5369 2165 5414 munus,
2225 5361 2281 5405 ut
2328 5350 2622 5406 commode
2653 5347 2885 5418 orphani
2953 5346 3342 5402 educarentur.
3398 5341 3523 5396 Alia

1945 5461 2076 5502 vero
2118 5446 2380 5514 pleraque
2403 5443 2815 5508 misericordiae,
2840 5458 2961 5512 qua:
2982 5440 3130 5495 circa
3164 5453 3390 5507 corpus
3421 5452 3523 5491 oc-
3572 5440 3575 5441 ⁷

1946 5551 2198 5607 cupatur,
2227 5538 2548 5593 exercendae
2586 5537 2772 5591 munia
2828 5531 3200 5590 ecclesiastica
3264 5532 3418 5585 fuere
3470 5540 3523 5584 ct

1946 5632 2187 5702 episcopi
2225 5629 2587 5697 recogttitioni
2619 5627 2890 5696 subjecta.
2940 5626 3165 5695 Ecloga»
3202 5622 3405 5680 Leonis
3468 5634 3522 5677 et

1942 5723 2294 5787 Constantini
2314 5723 2428 5778 AA.
2456 5722 2539 5779 tit.
2563 5722 2595 5778 8
2614 5740 2627 5778 ε
2649 5722 2859 5793 Ὠσπερ
2884 5719 3144 5792 κληρικὺν
3177 5719 3293 5785 οἷον
3320 5719 3519 5792 δήποτε
