3952 6222
246 283 338 362 999

1308 292 1694 356 GRETSERI
1744 292 1839 351 ET
1897 290 2140 351 GOARI
2183 291 2402 402 NOTAE

3382 294 3485 356 E330

243 419 333 470 cbo
360 409 576 467 canitiei
604 408 764 464 titulo
801 420 1033 480 praeerat
1063 411 1439 474 Tlteoctistus,
1493 416 1644 463 tanta
1678 423 1801 479 gra-
1834 425 1875 476 Α
1907 414 2051 459 tatus
2079 408 2354 475 [unctione
2384 406 2479 460 illa
2508 406 2731 460 abierat.
2758 406 3122 483 Nihilominus
3147 424 3348 461 summa
3374 424 3493 461 cum

242 507 306 561 tia
337 505 465 575 apud
534 503 898 573 Theophilum
960 505 1172 572 pollens
1220 515 1279 559 ut
1326 504 1480 573 quasi
1528 507 1805 558 secundus

246 596 515 665 imperator
538 604 704 657 esset,
736 602 875 648 teste
909 593 1120 647 Zonara
1186 595 1241 648 in
1305 591 1634 663 TbeOpbilo.
1699 592 1809 646 Ad-

243 690 467 758 junctum
495 695 617 738 erat
655 687 903 754 ejusdem
954 688 1196 741 nominis
1262 690 1689 747 monasterium,
1751 684 1805 737 in

246 777 372 849 quod
416 775 758 845 Nicephorus
814 776 1136 832 Botoniates
1186 778 1362 832 Alexii
1423 778 1693 840 Comneni
1750 784 1806 831 et

248 871 454 924 aliorum
487 867 908 936 coniuratorum
946 879 1176 931 matrem
1215 880 1267 924 et
1302 870 1568 941 coniuges
1617 886 1808 925 amau-

245 962 391 1021 (lavit,
415 969 472 1011 ut
513 958 707 1015 scribit
739 962 880 1015 idem
911 959 1228 1017 Zonarasin
1274 962 1466 1017 Alexio
1504 962 1805 1017 Comneno.

306 1052 373 1104 De
394 1052 637 1104 canicleo
665 1067 760 1108 seu
802 1053 1057 1120 praefecto
1087 1053 1317 1108 cauiclei
1352 1053 1592 1108 Codinus
1617 1070 1672 1123 p.
1740 1056 1807 1109 l7

246 1144 324 1196 ed.
351 1140 476 1194 Jun.
521 1161 534 1196 :
581 1142 640 1194 '0
670 1145 761 1195 ἐπὶ
806 1142 900 1195 τοῦ
949 1142 1259 1197 muka
1315 1144 1632 1214 ὀχούμενος,
1666 1160 1809 1215 equo

248 1234 433 1293 scilicet
475 1233 557 1287 vel
592 1233 701 1287 alio
731 1234 982 1287 vehiculo
1015 1234 1155 1287 intra
1196 1233 1375 1287 aulam
1428 1234 1806 1304 Cpolitauam;

246 1325 373 1390 quod
393 1325 525 1377 nulli
562 1325 715 1380 alteri
760 1340 1107 1380 concessum.
1140 1326 1338 1395 Magna
1396 1335 1516 1379 erat
1547 1325 1807 1394 dignitas,

246 1409 387 1477 cujus
414 1412 621 1481 passim
666 1411 725 1465 ﬁt
761 1413 964 1466 mentio
1020 1414 1161 1484 apud
1220 1413 1515 1470 historicos
1563 1415 1808 1469 Gnaeos.

247 1497 468 1554 Joannes
492 1501 815 1569 Curopalata
851 1505 903 1557 in
950 1504 1214 1563 Micltaele
1263 1506 1514 1561 Ranrabe
1548 1524 1560 1560 :
1604 1508 1811 1561 Anima:

249 1592 489 1657 quasdam
517 1594 753 1647 maculas
784 1595 1006 1649 simulat
1031 1614 1086 1651 se
1117 1599 1330 1653 cuidam
1370 1599 1614 1668 religioso
1638 1598 1809 1667 expli.

249 1697 355 1734 care
378 1682 504 1736 uelle
557 1700 651 1751 per
703 1684 1081 1753 Theoctistum,
1136 1706 1289 1759 quem
1357 1699 1539 1759 postea
1586 1691 1807 1743 caniclei

1912 500 2108 552 honore
2165 502 2455 569 imperator
2493 502 2926 568 prosequebatur.

1986 591 2061 644 Et
2129 590 2230 643 hoc
2266 600 2322 645 et
2383 592 2644 658 prmdicto
2727 590 2981 662 Gregorze
3052 594 3175 649 loco
3244 591 3498 662 intelligis

1911 698 2077 752 quare
2134 682 2424 752 praefectus
2500 682 2731 738 caniclei
2817 702 3064 739 consocer
3148 685 3497 755 imperatoris

1913 774 2325 843 appellare-tur;
2387 774 2513 844 quia
2570 784 2715 829 tanta
2770 786 2887 830 erat
2954 778 3067 833 hac
3123 778 3381 847 dignitas,
3440 786 3501 829 ut

1914 864 2203 933 praefectus
2237 866 2465 920 caniclei
2500 875 2687 933 posset
2723 868 2834 920 ﬁlio
2860 883 2962 922 suo
2992 868 3286 937 impetrare
3315 867 3481 920 tiliam
3546 926 3553 945 Χ

1913 955 2257 1023 imperatoris
2291 966 2347 1010 et
2372 956 2495 1010 ﬁlia:
2525 957 2717 1012 ﬁlium.
2751 957 2887 1013 Hinc
2909 958 3282 1027 συμπένοερος
3314 975 3330 1018 ς
3370 972 3496 1009 nam

1913 1046 2207 1113 prailectus
2237 1047 2465 1101 cauiclci
2495 1063 2524 1100 a
2560 1049 2666 1102 ﬁlia
2706 1049 3078 1118 imperatoris.
3113 1049 3160 1102 si
3196 1056 3360 1115 nupta
3389 1048 3499 1099 ﬁlio

1914 1147 2089 1201 esset,
2122 1139 2429 1195 vocabatur
2456 1148 2692 1205 socer,et
2722 1141 3024 1211 imperator
3059 1156 3088 1195 a
3122 1140 3228 1193 tilia
3261 1138 3440 1209 prtel'ct
3462 1140 3498 1189 ti

1912 1228 2139 1282 cauiclci
2182 1244 2357 1284 socer.
2400 1230 2542 1285 Idem
2576 1232 2776 1287 factum
2814 1234 3035 1301 quando
3087 1232 3230 1286 ﬁlius
3262 1233 3498 1299 impera-

1913 1318 2048 1373 toris
2083 1320 2136 1374 in
2172 1322 2526 1378 matrimonio
2571 1323 2810 1379 habebat
2847 1323 3011 1378 ﬁliam
3054 1324 3298 1394 praefecti
3345 1326 3501 1380 cani-

1912 1413 2056 1467 cleo.

1982 1503 2601 1574 ldemCantacuzenus,
2628 1525 2703 1571 tv,
2725 1509 2794 1565 40
2820 1529 2831 1563 ε
2861 1510 3194 1580 Pala'alogus
3225 1511 3500 1577 prtesidem

1910 1597 2133 1651 eanielei
2167 1599 2420 1666 Angelum
2448 1601 2677 1669 legatum
2708 1604 2890 1677 mittit.
2950 1603 3168 1659 Nicetas
3198 1604 3499 1659 Cbnniatvs

1914 1683 2008 1740 lib.
2048 1688 2069 1741 1
2110 1689 2175 1743 de
2205 1691 2370 1744 rebus
2399 1693 2571 1760 gestis
2613 1692 2880 1748 Manuelis
2917 1692 3206 1759 Comiteni,
3242 1698 3308 1749 de
3341 1697 3535 1765 δην-λ

250 1773 487 1841 dignitate
534 1776 832 1833 honoravit.
891 1780 1092 1835 Eadem
1151 1783 1219 1837 de
1280 1783 1505 1838 caniclei
1556 1761 1886 1853 prtel'ecto‘B
1914 1778 2061 1846 piota
2094 1794 2301 1847 agens:
2342 1778 2575 1835 Tandem
2602 1781 2673 1835 ad
2704 1783 2930 1835 caniclei
2952 1783 3287 1852 magnificum
3312 1761 3501 1835 munus

252 1864 552 1922 Tlieoctisto
585 1868 893 1935 Cedrenus,
930 1872 1023 1927 ubi
1048 1872 1117 1927 de
1160 1874 1310 1930 Caede
1369 1872 1569 1929 Leonis
1585 1874 1811 1928 Armcni

252 1963 364 2032 agit.
396 1964 543 2020 Idem
576 1966 861 2022 Cedrenus
892 1969 1085 2024 scribit
1116 1971 1297 2026 occiso
1337 1971 1594 2040 praedicto
1636 1968 1814 2025 Theo-

252 2055 394 2109 ctisto
430 2071 460 2109 a
501 2057 699 2122 Barda,
733 2058 965 2117 Bardam
1028 2062 1348 2133 dignitatem
1388 2062 1617 2117 cauiclei
1676 2062 1729 2116 in
1755 2075 1816 2115 se

252 2146 607 2205 transtulisse.
650 2148 980 2222 Curopalata
1046 2154 1101 2207 in
1184 2151 1551 2208 Cortstantino
1616 2151 1817 2207 Leonis

256 2234 390 2292 lilio:
420 2240 601 2295 Paulo
625 2252 741 2310 post
770 2244 962 2297 missus
994 2253 1070 2297 est
1131 2246 1195 2296 ab
1248 2233 1489 2314 Augusta
1553 2243 1816 2312 patricius

253 2328 471 2384 Basilius
506 2334 728 2387 caniclei
750 2326 1053 2402 pra'fectus.
1096 2334 1169 2389 De
1201 2335 1389 2390 eodem
1426 2334 1655 2389 caniclei
1686 2349 1820 2403 prae.

254 2422 381 2476 iectu
401 2424 722 2480 Tthrtisto
749 2425 993 2481 Zonaras
1022 2429 1076 2482 iu
1110 2428 1411 2498 TheOphilo
1436 2427 1765 2498 imperatore
1799 2443 1815 2481 :

254 2513 469 2570 Uxorem
502 2527 553 2569 et
589 2520 813 2572 caniclei
865 2521 1171 2591 prwfeetum
1224 2521 1452 2575 multum
1522 2523 1817 2575 obtestatus

254 2617 322 2660 est
351 2608 713 2678 (Theophilus
742 2615 759 2677 )
785 2627 846 2663 ne
897 2622 1203 2679 paterentur
1252 2612 1573 2667 uenerandus
1626 2614 1819 2683 imagi-

254 2716 335 2753 nes
361 2703 560 2769 reponi.
586 2702 730 2756 Idem
754 2702 1067 2760 Zonarasin
1087 2708 1275 2760 Alexio
1307 2706 1624 2762 Comneno:
1661 2706 1819 2760 Com-

255 2794 360 2846 ueni
404 2796 560 2847 rebus
598 2797 710 2849 suis
730 2797 853 2865 jam
884 2797 937 2850 in
971 2806 1084 2852 tuto
1135 2800 1428 2863 collocatis,
1491 2808 1712 2852 matrem
1770 2809 1820 2853 et

255 2882 493 2953 conjuges
529 2886 591 2938 ἐκ
620 2886 720 2953 τῆς
743 2887 908 2955 μονῆς
925 2888 1017 2942 τοῦ
1042 2890 1383 2953 κανακ>.είου,
1406 2906 1471 2947 ea:
1498 2891 1821 2944 monasterio

256 2973 486 3037 canit-lci,
524 2975 594 3026 ad
621 2976 820 3044 regiam
851 2978 1251 3034 accersiverunt.
1320 2980 1424 3036 Ubi
1463 2977 1697 3034 Wolﬁus
1741 2980 1824 3033 in—

1915 1880 1961 1922 et
1993 1866 2239 1923 intimam
2282 1871 2442 1925 etiam
2466 1872 2797 1938 imperatoris
2830 1873 3255 1942 familiaritatem
3291 1890 3504 1942 promo-

1918 1968 2027 2016 tum
2057 1964 2223 2032 magis
2246 1963 2404 2018 etiam
2422 1964 2635 2019 extulit.
2662 1963 2814 2021 Hanc
2842 1975 3021 2020 tamen
3055 1974 3260 2020 tantam
3319 1966 3468 2036 digni
3486 1994 3503 2005 -

1920 2062 2084 2109 tatem
2105 2069 2205 2109 sua
2256 2055 2566 2125 granditate
2596 2056 2910 2112 inferiorem
2937 2057 3503 2112 duxitConstautinus

1919 2145 2358 2215 Mesopotamlta,
2431 2158 2489 2202 ut
2558 2149 2700 2203 libro
2768 2164 2803 2203 ιι
2860 2149 2927 2204 de
2990 2149 3178 2204 Alexio
3222 2149 3505 2205 Comneno

1918 2238 2111 2293 scribit
2172 2239 2315 2294 idem
2364 2240 2626 2296 Nicetas:
2688 2240 2926 2297 Caniclei
2974 2242 3241 2311 ofﬁcium,
3302 2241 3501 2309 inquit.

1918 2331 2058 2400 quod
2090 2331 2279 2386 Isaaco
2313 2336 2604 2403 imperante
2641 2334 2962 2399 obtinuerat,
3013 2344 3063 2389 et
3103 2352 3289 2389 rursus
3320 2334 3505 2404 offere—

1920 2422 2097 2486 batur,
2125 2431 2183 2477 ut
2214 2439 2309 2476 suo
2329 2423 2545 2493 fastigio
2568 2425 2788 2494 inferius
2812 2426 3004 2480 renuit.
3062 2423 3330 2494 Georgius
3355 2425 3508 2491 logo-

1923 2514 2067 2568 tbeta
2103 2515 2415 2583 Acropolita
2455 2516 2509 2569 in
2548 2515 2824 2573 Chronico
2845 2518 3152 2587 Cpolitan'o,
3182 2533 3290 2573 non
3317 2518 3507 2585 procul

1921 2620 1952 2659 a
1982 2605 2086 2659 ﬁne
2118 2622 2133 2659 :
2171 2605 2318 2660 Hisit
2352 2607 2641 2674 imperator
2676 2610 2746 2662 ad
2776 2625 2948 2678 regem
2999 2609 3200 2663 Sicilia:
3245 2620 3509 2676 apostata!

1920 2712 2167 2766 generum
2194 2714 2286 2766 per
2320 2695 2677 2767 Nicephorum
2705 2700 3043 2765 canicleum;
3084 2701 3175 2754 ubi
3248 2702 3364 2770 ipse
3414 2717 3511 2755 cas

1924 2790 2099 2843 nirlco
2130 2789 2419 2858 praefectus
2450 2792 2715 2846 canicleus
2745 2793 3070 2863 appellatur,
3131 2802 3188 2847 ut
3222 2804 3279 2849 et
3304 2795 3357 2848 in
3391 2796 3507 2848 dis-

1924 2884 2203 2954 putatione
2227 2875 2501 2955 Gregentii
2557 2885 2908 2940 κανικλείων.

2001 2976 2224 3031 Duravit
2255 2978 2369 3032 haec
2398 2977 2634 3047 dignitas
2661 2978 2727 3031 ad
2766 2977 2980 3046 imperii
3011 2977 3283 3048 Cpolitani
3320 2986 3506 3034 extro-

257 3068 479 3128 lerpres,
505 3079 571 3115 ea:
606 3061 857 3118 Canicleo
890 3069 1233 3121 monasterio.
1287 3067 1364 3122 Ex
1402 3084 1509 3138 qua
1568 3071 1824 3124 versione
1851 3085 1893 3144 ε
1926 3084 2014 3123 ma
2049 3084 2224 3138 usque
2257 3079 2526 3139 tempora.
2572 3069 2908 3139 l‘alzeologus
2958 3070 3105 3137 apud
3164 3071 3497 3133 Pbranzcm,

255 3151 516 3219 suspicari
548 3154 673 3222 quis
692 3167 877 3223 posset
898 3158 1197 3214 cruricleum
1213 3159 1382 3217 fuisse
1409 3162 1819 3225 monasterium,

254 3245 457 3321 tametsi
485 3246 753 3314 adjuncto
789 3250 1031 3316 palatio:
1066 3266 1189 3307 nam
1225 3253 1594 3315 monasteriis,
1647 3254 1827 3307 nerui-

256 3336 413 3388 natiui
443 3337 492 3390 ei
532 3338 680 3406 quod
713 3338 1035 3411 llodegetria
1070 3343 1480 3409 nominabatur,
1504 3354 1555 3399 et
1610 3345 1826 3413 templis

257 3427 564 3495 praecipuis,
610 3440 667 3484 ut
697 3431 1108 3501 Blacberniano,
1142 3414 1579 3507 ad'jungebantur
1604 3437 1826 3506 palatia,

260 3519 306 3573 in
333 3520 539 3586 quibus
586 3521 944 3589 imperatores
973 3528 1052 3581 vel
1085 3528 1301 3597 pietatis
1336 3529 1420 3583 vel
1473 3529 1829 3584 recreationis

256 3626 407 3667 causa
434 3615 743 3685 aliquando
773 3618 1150 3676 versabantur.
1192 3622 1329 3677 Hinc
1371 3620 1571 3677 Junius
1595 3623 1687 3675 τὸν
1738 3623 1830 3675 ἐπὶ

256 3707 688 3763 τοῦ.κανικλεῑου
716 3716 871 3778 putat
904 3711 1212 3779 praelectum
1242 3712 1410 3768 fuisse
1431 3713 1575 3767 arcis
1610 3724 1658 3767 et
1708 3726 1828 3769 mo-

258 3800 475 3853 nas:erii
509 3801 614 3854 huc
641 3801 864 3857 nomine
923 3804 975 3857 in
1007 3804 1141 3859 urbe
1200 3806 1507 3874 Cpolitana.
1544 3804 1675 3873 Quae
1727 3804 1831 3861 fuit

256 3890 410 3941 etiam
444 3892 721 3946 sententia
753 3891 937 3948 Wolﬁi
970 3896 1023 3949 in
1062 3896 1239 3950 indice
1269 3899 1336 3950 ad
1368 3896 1659 3952 Zonaram.
1724 3897 1831 3959 (ἔας-

260 3979 503 4041 nicleum,
531 3984 729 4052 inquit,
772 3986 1154 4038 monasterium
1201 3987 1362 4057 207
1402 4003 1455 4057 p.
1484 3989 1584 4042 123
1617 4000 1669 4042 et
1702 3990 1828 4046 9.9.4.

260 4071 541 4141 Xylauder
567 4076 620 4127 in
662 4075 806 4130 notis
835 4075 902 4129 ad
931 4076 1240 4131 Cedrenum
1278 4094 1431 4133 nutu.
1464 4079 1562 4135 196
1596 4081 1832 4151 ingenue

260 4160 462 4219 fatetur
485 4181 547 4221 se
567 4168 778 4221 nescire
796 4167 926 4237 quid
953 4169 1021 4222 sit
1043 4169 1263 4223 caniclei
1285 4171 1540 4240 dignitas.
1562 4171 1833 4243 Nicepho-

262 4274 351 4311 rus
374 4258 675 4329 Gregoras,
704 4261 797 4315 lib.
830 4276 903 4314 vn
942 4279 954 4313 :
991 4260 1122 4315 Erat
1151 4272 1261 4316 tum
1296 4274 1619 4335 procurator
1677 4282 1834 4337 nega-

265 4350 457 4403 tiorum
485 4353 698 4419 imperii
734 4352 810 4404 vir
834 4354 1064 4419 prudens
1097 4363 1144 4406 et
1180 4355 1243 4408 ob
1274 4356 1594 4410 industriam
1627 4370 1673 4412 et
1731 4360 1833 4412 rei-

260 4442 487 4505 publiere
510 4443 755 4512 gerendw
783 4446 1054 4499 scientiam
1087 4446 1394 4512 imperatori
1427 4449 1642 4513 chorus,
1699 4452 1838 4505 unde

262 4544 304 4583 et
328 4536 656 4589 auctoritate
683 4544 735 4587 et
769 4534 948 4602 opibus
993 4536 1237 4604 pollebat,
1275 4536 1606 4607 Nicephorus
1628 4541 1839 4595 caniclii

261 4628 571 4692 pra-fectus.
608 4626 659 4679 Is
688 4625 894 4681 blandis
925 4630 1249 4682 sermonibus
1269 4642 1317 4684 et
1343 4630 1602 4706 obsguiis
1621 4632 1839 4687 lenitate

262 4720 608 4785 imperatoris
632 4721 946 4781 conciliata.
966 4722 1094 4790 petit
1116 4732 1163 4774 et
1186 4724 1379 4791 accipit
1406 4740 1652 4792 generum
1667 4725 1840 4792 ﬁlium

257 4811 373 4877 ejus
401 4809 696 4877 Joannem,
726 4813 1028 4882 indignante
1058 4815 1266 4881 quidem
1295 4827 1343 4869 et
1404 4816 1702 4887 refragante
1732 4820 1845 4878 ,ἰηι-

258 4904 549 4966 peratrice,
584 4902 675 4956 sed
703 4910 873 4955 tamen
910 4899 1124 4971 accipit.
1185 4904 1258 4958 De
1312 4907 1502 4960 eodem
1534 4907 1841 4977 Nicephoro

257 4995 498 5048 caniclei
529 4993 782 5063 praefecto
817 4993 1253 5060 Cantacuzenus,
1291 4998 1427 5061 1,“
1457 5013 1471 5050 :
1526 4996 1604 5052 De
1655 5013 1843 5054 senatu

258 5090 508 5154 palatino
546 5097 830 5153 prwsetttes
863 5090 1081 5142 aderant
1119 5106 1342 5159 magnus
1377 5090 1644 5159 logotheta
1675 5093 1844 5148 Meto—

258 5184 452 5240 chites.
487 5181 637 5249 cujus
678 5190 835 5234 antea
869 5181 1219 5245 meminimus,
1273 5193 1322 5235 et
1359 5181 1691 5251 Nicephorus
1758 5189 1846 5251 qui

258 5275 505 5325 canicleo
533 5283 756 5338 paverat
786 5282 834 5325 et
868 5273 978 5325 vehi
1006 5272 1231 5335 solebat,
1296 5274 1604 5327 admirabili
1634 5276 1845 5343 sapien-

258 5371 331 5419 tia
351 5367 688 5436 consilioque
705 5367 979 5433 prwditus,
1005 5374 1053 5417 et
1076 5366 1140 5417 ab
1184 5367 1499 5435 imperatore
1540 5368 1846 5421 benevolen-

259 5465 335 5513 tia
369 5461 673 5529 honoreque
700 5460 959 5536 singula’ri
990 5458 1257 5527 dignatus.
1304 5459 1379 5512 ita
1418 5469 1477 5511 ut
1525 5460 1686 5513 etiam
1733 5458 1847 5513 Ire-

252 5567 371 5601 nem
394 5540 589 5617 “ﬁliam
614 5549 731 5615 ejus
794 5546 995 5601 Joanni
1059 5549 1289 5617 despotaa
1338 5549 1449 5615 ﬁlio
1484 5554 1593 5601 suo
1653 5549 1844 5616 nuptiis

256 5643 629 5707 wnjungeret.
665 5638 768 5692 Hic
804 5638 1131 5708 Nicephorus
1155 5641 1301 5708 prius
1354 5642 1687 5708 imperatoris
1755 5642 1848 5693 do-

256 5737 488 5792 mestica
522 5734 969 5789 administrabat:
1003 5745 1113 5793 tum
1146 5743 1324 5791 autem
1358 5736 1593 5797 podagra
1617 5732 1838 5791 conflic-

1930 3162 2132 3223 ".17:
2188 3162 2332 3218 Duxi
2368 3178 2464 3232 ego
2513 3170 2733 3215 uxorem
2794 3160 3053 3217 Helenam
3120 3163 3291 3232 ﬁliam
3336 3164 3513 3221 Alexii

1929 3251 2221 3322 Palcologi
2271 3251 2700 3319 Exemplaconis,
2731 3254 2821 3323 qui
2878 3253 3113 3307 canicleo
3158 3266 3404 3320 pra'erat.
3454 3256 3510 3312 lu

1926 3343 2296 3410 disputatione
2313 3340 2589 3411 Gregeulii
2613 3343 2942 3411 imperator:
2966 3342 3123 3397 Erbte
3143 3359 3239 3399 seu
3262 3344 3511 3401 llerbano

1925 3435 2163 3502 patriuus
2195 3450 2287 3487 seu
2312 3444 2580 3504 susceptor
2609 3436 2662 3488 in
2688 3435 2945 3503 baptismo
2973 3437 3148 3505 factus
3207 3438 3397 3493 Leonis
3420 3457 3516 3495 no.

1930 3544 2047 3581 men
2109 3527 2382 3596 imposuit,
2437 3536 2486 3581 et
2541 3529 2984 3598 hypecclesionem
3061 3531 3514 3602 (ὑπεκκλησιονα)

1928 3634 2047 3672 eum
2074 3619 2219 3687 fecit,
2250 3635 2402 3690 quem
2430 3618 2655 3674 Romani
2696 3623 2983 3689 patricium
3056 3632 3108 3676 et
3163 3625 3512 3679 caniclionem

1932 3712 2218 3781 appellant.
2296 3712 2486 3767 Exstat
2546 3712 2660 3769 inec
2707 3714 3004 3784 disputatio
3057 3723 3097 3769 t.
3127 3714 3191 3768 IV
3248 3715 3509 3768 llibliotb.

1931 3802 2182 3869 Patrum,
2216 3804 2374 3873 cujus
2402 3805 2694 3860 occasione
2749 3804 3019 3859 Meursius
3078 3805 3227 3858 varia
3283 3805 3514 3872 pluLlusu-

1932 3895 2134 3964 phatur
2157 3896 2207 3951 iu
2238 3910 2339 3950 suo
2372 3896 2594 3957 Lexico,
2629 3912 2681 3951 ν.
2718 3894 3039 3963 nuptum;
3100 3892 3347 3949 Observa
3402 3910 3509 3949 nun

1933 4002 2148 4042 omnem
2185 3988 2474 4056 patricium
2522 3986 2695 4039 fuisse
2750 3985 3141 4049 eanielionem,
3206 3988 3350 4039 sicut
3402 3990 3514 4040 hare

1935 4080 2233 4149 disputatio
2254 4078 2530 4147 Gregentii
2583 4077 2852 4131 aﬁirmare
2906 4078 3140 4142 videtur,
3197 4080 3324 4147 quia
3374 4096 3515 4133 unus

1935 4171 2181 4226 canicleo
2207 4168 2498 4240 praefectus
2520 4178 2658 4236 erat,
2686 4170 2842 4225 multi
2870 4182 3049 4224 autem
3083 4171 3249 4240 208
3279 4173 3515 4239 patricii,

1937 4262 2262 4333 Contingore
2316 4261 2536 4331 quidem
2591 4272 2803 4332 poterat
2863 4272 2919 4316 ut
2992 4265 3236 4317 cauicleu
3292 4266 3515 4332 prad'c-c-

1868 4364 2028 4432 Dtus
2100 4354 2364 4423 patricius
2419 4362 2588 4422 esset,
2642 4354 2737 4408 sed
2796 4354 2849 4409 id
2925 4369 3031 4408 nou
3099 4362 3226 4439 erat
3268 4372 3519 4411 necessu.

1938 4460 2104 4499 filim.

2012 4539 2253 4595 Observa
2323 4541 2573 4596 secundo
2630 4538 2826 4594 falsum
2888 4554 3011 4595 esse
3059 4543 3205 4610 quod
3250 4540 3518 4595 Meursius

1942 4634 2160 4688 scribit:
2197 4634 2565 4700 imperatorem
2592 4632 2824 4686 eccletiw
2851 4640 2901 4685 et
2954 4632 3103 4684 rebus
3149 4634 3516 4686 ecclesiasticis

1941 4727 2218 4798 praefuisse
2256 4726 2413 4779 veluti
2442 4741 2737 4794 supremum
2765 4733 2944 4791 caput.
2972 4721 3163 4776 Nullus
3221 4725 3518 4806 impr-ratur

1943 4816 2285 4870 orthodoxus
2312 4815 2455 4869 hunc
2480 4813 2695 4869 titulum
2733 4813 2836 4867 sibi
2876 4812 3193 4879 arrogavit:
3243 4812 3513 4865 sebiSma-

1946 4907 2177 4960 ticorum
2229 4914 2285 4958 et
2323 4903 2698 4956 limreticorum
2736 4902 2836 4954 hoc
2870 4900 3149 4969 proprium
3181 4914 3282 4954 est.
3312 4903 3517 4955 Orto-

1943 4999 2069 5054 doxi
2093 4998 2450 5065 imperatores
2476 5003 2677 5047 norunt
2699 5008 2757 5047 se
2791 5009 2913 5046 esse
2941 5008 3073 5046 oves
3106 4992 3380 5058 Ecclesiae,
3409 5010 3514 5048 non

1946 5099 2214 5158 pastores,
2243 5087 2513 5151 subditos,
2547 5100 2653 5138 non
2680 5084 2879 5151 capita.
2945 5084 3267 5139 Defensores
3328 5085 3513 5138 itidem

1945 5181 2188 5237 ecclesia:
2237 5188 2413 5231 sunt:
2467 5178 2659 5244 capitis
2723 5192 2919 5229 nomen
2974 5192 3192 5231 summo
3252 5178 3515 5245 pontiﬁci,
3590 5212 3597 5221 υ

1946 5251 2144 5325 Lhristi
2179 5270 2386 5322 vicario
2408 5268 2667 5337 Petriquo
2692 5270 2993 5322 successuri
3029 5284 3133 5321 non
3168 5268 3322 5322 inviti
3358 5271 3520 5323 relin-

1947 5373 2138 5434 quuul.
2200 5360 2276 5416 Ne
2331 5361 2645 5415 Calvinistre
2706 5360 2925 5430 quidem
3006 5360 3248 5415 Puritani
3323 5364 3521 5430 capitis

1948 5454 2305 5509 ecl-lesiastiai
2339 5454 2541 5507 nomen
2576 5455 2796 5523 regibus
2866 5453 3026 5506 tribui
3061 5452 3262 5506 ferunt.
3321 5450 3518 5508 Notum

1947 5558 2217 5616 estquam
2256 5548 2398 5601 limis
2422 5547 2597 5601 oculis
2652 5547 2905 5600 Calvinus
2961 5560 3138 5616 regem
3191 5545 3400 5617 Anglia:
3452 5549 3521 5601 ob

1953 5640 2325 5694 Inuictitulum
2364 5651 2707 5709 assumptum
2766 5640 3060 5707 aspexerit,
3122 5648 3173 5692 et
3226 5640 3280 5693 in
3339 5639 3522 5707 Belgio

1945 5748 2108 5792 quam
2146 5731 2502 5789 fcrtcutiorcs
2534 5729 2844 5788 Calviuista:
2864 5730 3135 5786 obsistunt
3175 5747 3239 5788 nu
3274 5729 3518 5787 Γωιωωιὶ
