3952 6222
283 284 380 347 233

1347 236 1736 342 euersam
1769 282 1864 341 ET
1896 281 2135 371 coam
2180 284 2422 347 nom:

3396 282 3501 345 234

286 396 412 467 μετὰ
465 392 624 445 λίθων
680 391 976 462 λαμπρῶν.
1014 390 1154 448 llinc
1186 394 1228 448 si
1266 394 1358 447 τοῦ
1393 396 1486 448 ἐπὶ
1520 395 1831 449 κανικλειου

1943 393 2129 449 iisdem
2148 396 2500 451 librariorum
2526 393 2656 448 vitio
2673 401 2725 448 et
2752 392 3008 448 aliiuitate
3028 407 3222 447 vocum
3244 394 3497 447 ῐηοηίιιιιη

279 488 540 556 appium,
572 497 631 539 ut
665 484 832 539 habet
870 485 1093 539 Nicetas
1124 487 1177 539 in
1207 482 1421 552 Alexio,
1449 502 1532 550 ιιι,
1566 488 1621 550 '5,
1654 503 1833 541 carne-

283 580 398 633 rarii
427 592 549 632 cum
603 576 890 632 Gonthero
942 578 1023 630 vel
1052 578 1359 632 cancellarii
1403 594 1527 632 cum
1562 577 1834 633 Radevico

281 668 544 739 proprium
572 667 766 722 debeat
788 682 1063 731 asserere,
1084 684 1272 736 atquus
1296 669 1466 723 lector
1485 669 1830 737 indicaverit.

284 763 403 817 illud
427 760 571 814 circa
602 758 805 813 Leonis
824 759 1065 814 Armenii
1090 769 1331 829 tempora
1363 761 1538 828 primo
1555 761 1833 815 inventum

283 857 354 909 νει
393 854 638 908 auditum
684 868 748 906 ex
773 851 1108 921 Theophane
1137 861 1190 906 et
1216 851 1462 907 Cedreno
1491 853 1542 906 in
1568 854 1684 922 ejus
1715 853 1833 906 Vita

281 946 523 1014 coniicio.
558 944 759 1007 Munus
813 944 975 997 etiam
1030 945 1277 1011 ejusdem
1321 943 1833 1011 fuitimperatorum

282 1034 762 1104 subscriptionibus
791 1034 1062 1088 attestari.
1099 1032 1188 1087 Sic
1219 1049 1342 1088 cum
1369 1032 1836 1098 subscripsisseut

280 1133 468 1179 octavae
494 1120 687 1191 synodi
714 1121 913 1175 actioni
938 1119 1165 1174 decimie
1200 1120 1556 1189 imperatores
1576 1119 1834 1187 Basilius,

280 1215 656 1271 Constantinus
681 1222 734 1266 et
766 1212 898 1274 Leo,
921 1214 1158 1266 exaratis
1190 1212 1448 1265 nimirum
1479 1222 1603 1266 ante
1637 1213 1834 1279 scripta

282 1308 488 1361 nomina
523 1307 802 1370 crucibus,
837 1306 898 1357 τὸ
925 1306 1023 1374 τῆς
1044 1306 1264 1375 γραφῆς
1305 1302 1599 1358 ὑπόλοιπον
1625 1306 1835 1375 γέγρα-

279 1419 339 1467 φε
359 1390 733 1468 Χριστοφὸρος
768 1399 1264 1468 πρωτασηκρήτης
1326 1399 1422 1451 καὶ
1448 1398 1539 1450 ἐπὶ
1559 1397 1656 1450 τοῦ
1685 1414 1839 1451 xcv:-

278 1492 469 1543 κλεῖον.
493 1483 615 1542 Hoc
646 1497 729 1542 est
780 1488 1076 1556 unicuique
1121 1487 1328 1542 nomini
1366 1488 1573 1555 scripto
1598 1488 1711 1557 ipse
1736 1503 1835 1542 sua

279 1599 427 1637 manu
479 1581 755 1650 adjunxit,
800 1581 861 1632 ὲν
895 1580 1126 1650 Χριστῷ
1174 1579 1294 1650 Θεῷ
1331 1580 1523 1643 πιστὸς
1558 1580 1855 1657 βασιλεύς.-

1936 485 2221 556 irrepsisse
2248 487 2595 556 conjicimus.
2630 485 2822 557 Gesn]

2006 576 2186 633 9.15.
2226 577 2449 645 Magnus
2491 577 2726 645 bajnlus.
2783 577 3113 648 l’mrlagogus
3154 570 3236 631 vel
3267 578 3508 645 impera-

1936 668 2092 732 toris,
2123 683 2246 722 cum
2292 668 2482 736 junior
2522 676 2689 729 esset,
2729 667 2814 721 vel
2863 667 3097 721 ﬁliorum
3130 667 3501 736 imperatoris.

1936 756 2361 826 Moschopulus:
2400 756 2750 825 Παιδαγωγὺς
2776 761 2869 810 καὶ
2898 758 3271 829 παιδοτρίϐης,
3294 760 3322 811 6
3350 758 3503 825 λεγό-

1939 865 2099 917 μενος
2136 838 2409 917 βαῖουλος.
2476 849 2798 905 Cedrcnus:
2854 848 3131 911 Θεοδόσιος
3173 850 3201 901 6
3248 848 3507 918 βασιλεὺς

1946 940 2235 1009 Ἀντίοχον,
2253 941 2612 1009 πραιπόσιτον
2648 940 2741 994 καὶ
2775 940 3084 1009 πατρίκιον,
3116 941 3206 992 τὸν
3253 940 3505 1009 βαῖουλον

1937 1030 2102 1083 αὑτοῦ
2129 1034 2318 1085 nat-trav
2347 1034 2592 1101 ἐποίησε.
2630 1034 2802 1087 Etiam
2831 1033 3004 1087 Latini
3047 1034 3147 1087 hoc
3178 1030 3498 1086 vocabulum

1937 1120 2042 1173 hac
2084 1120 2305 1173 notione
2333 1129 2688 1188 usurparunt.
2728 1119 2913 1187 Lupus
2944 1118 3309 1171 Ferrariensis
3334 1118 3501 1184 epist.

1936 1212 2003 1265 54
2043 1228 2055 1262 :
2092 1209 2212 1263 Non
2246 1229 2367 1281 ergo
2399 1212 2745 1264 odmitteutur
2774 1229 2803 1262 a
2838 1211 2980 1264 vobis
3031 1210 3341 1271 monitores,
3374 1223 3504 1276 quos

1937 1301 2146 1371 bajnlos
2178 1302 2361 1371 vulgus
2426 1302 2678 1370 appellat,
2717 1318 2779 1355 ne
2820 1303 3050 1371 gloriam
3098 1312 3330 1355 vestrum
3369 1300 3508 1352 intcr

1937 1410 1991 1446 se
2022 1395 2123 1461 ipsi
2155 1395 2486 1461 partiuntur.
2537 1392 2890 1457 [lini-morus,
2924 1394 3091 1462 epist.
3128 1396 3185 1455 Ξ,
3240 1393 3305 1446 ad
3335 1392 3508 1446 Caro-

1938 1485 2049 1539 lnm
2084 1483 2344 1539 Crassum
2391 1484 2526 1553 imp.
2557 1501 2606 1540 c.
2640 1485 2714 1539 2:
2753 1485 2879 1539 Istis
2908 1485 3217 1552 juvenibus,
3258 1485 3506 1554 ﬁdelibus

1937 1577 2068 1645 ﬁliis
2100 1578 2304 1638 vestris,
2361 1577 2571 1645 regibus
2604 1581 2825 1642 nostris,
2858 1590 3100 1631 maturos
3131 1595 3193 1630 ac
3228 1577 3509 1646 prudentes
3578 1622 3591 1629 ρ

277 1675 423 1729 Addit
470 1675 597 1728 haec
640 1670 1007 1755 Bullengerus
1052 1674 1296 1729 auctoris
1351 1673 1518 1728 tacito
1574 1675 1829 1727 nomine:
1866 1686 1910 1744 Β
1937 1677 2097 1738 atque
2127 1666 2326 1721 sobrios
2354 1668 2560 1735 bajulos
2590 1670 2813 1737 singulis
2874 1670 3200 1731 constituite,
3227 1668 3384 1738 211
3422 1670 3512 1735 qui

276 1766 524 1833 Μανουὴλ
575 1760 691 1832 εἶχε
723 1765 784 1818 τὸ
814 1762 1046 1831 σύνηθες
1074 1763 1408 1834 κανίκ).ωμα
1438 1765 1529 1817 καὶ
1560 1763 1653 1817 τοῦ
1679 1763 1832 1833 βασι-

277 1858 398 1919 λέως
420 1855 758 1926 ὑπογραφὴν
808 1852 1033 1924 ταύτην,
1072 1856 1337 1926 Μανουὴλ
1371 1858 1429 1908 ὲν
1459 1857 1684 1927 Χριστῷ
1712 1856 1832 1927 Θεῷ

278 1948 450 2010 πιστὸς
479 1948 760 2018 βασιλεὺς,
780 1948 873 2001 καὶ
902 1947 1146 2001 κάτωθεν
1172 1949 1404 2020 ἀπῃωρη
1415 1949 1583 2018 μένην
1606 1948 1834 2016 βοῦλλαν

276 2039 470 2109 χρυσῆν
531 2038 621 2091 διὰ
658 2038 899 2108 μετάξης
952 2037 1155 2105 ὀξείας,
1189 2041 1282 2094 καὶ
1317 2039 1514 2105 ἔξωθεν
1544 2040 1603 2091 τδ
1629 2039 1717 2093 διὰ
1739 2037 1833 2091 τοῦ

274 2132 356 2183 ἐπὶ
383 2129 699 2185 κανικλείου
759 2131 854 2183 καὶ
886 2130 1220 2185 δικαιοδότου
1250 2130 1551 2201 Θεοδώρου.
1588 2130 1743 2197 Quod
1781 2132 1832 2185 in

279 2223 744 2279 Christianissima
800 2224 950 2277 curia
1000 2233 1378 2293 exsequuntur
1410 2222 1710 2287 secretarii,
1746 2221 1833 2274 ubi

276 2315 529 2385 principis
546 2314 946 2387 subscriptione
974 2316 1205 2370 inl‘erius
1220 2317 1301 2369 vel
1319 2332 1346 2370 a
1376 2327 1527 2387 tergo
1554 2316 1834 2385 proprium

278 2421 461 2460 nomen
511 2417 811 2476 apponunt.
870 2406 943 2459 Ex
988 2407 1070 2462 his
1123 2409 1191 2462 de
1246 2408 1479 2461 canicleo
1511 2420 1563 2462 et
1586 2408 1834 2463 canicula

275 2498 512 2553 collectis
536 2513 565 2551 a
598 2497 854 2553 Grelsero
881 2499 1120 2569 copiosis
1156 2500 1487 2554 testimoniis
1527 2500 1836 2556 desiderata

276 2591 358 2643 lux
390 2591 651 2646 accessit.

338 2723 398 2778 Ρ.
431 2725 525 2777 12.
560 2723 1025 2797 [Συμπένθερος.
1063 2727 1161 2793 Qui
1201 2726 1367 2780 lilium
1397 2726 1480 2781 vel
1514 2728 1676 2780 liliam
1710 2726 1840 2781 alte-

278 2815 382 2868 rius
417 2816 533 2870 lilio
551 2817 648 2879 yel
677 2816 799 2871 tiliae
826 2817 880 2871 in
909 2818 1312 2872 matrimonium
1348 2817 1512 2881 locat,
1540 2818 1599 2871 tit
1622 2818 1671 2873 ei
1701 2836 1839 2887 συμ-

273 2907 558 2977 πένθερος.
619 2907 892 2965 innumeri
943 2925 1076 2966 vero
1131 2912 1499 2967 aconsoceris
1526 2910 1836 2981 huiusmodi

271 2998 508 3053 distincti
544 3000 859 3070 dignitatem
892 3002 1120 3058 caniclei
1152 3002 1523 3057 obtinuerunt.

336 3130 453 3184 Ibid
508 3130 1205 3203 [‘Ozodperoc.Corrupta
1246 3133 1411 3188 lectio
1452 3136 1767 3205 corrigitur,
1796 3137 1841 3189 si

270 3223 529 3293 legatur-6
558 3223 833 3292 Χοῦμνος.
897 3223 1018 3280 ista:
1066 3240 1198 3279 vero
1252 3224 1648 3282 emendationis
1685 3227 1845 3282 insti-

270 3320 302 3362 ιι
324 3313 479 3366 entia:
542 3321 676 3366 sunt
736 3315 999 3370 rationes.
1052 3316 1255 3378 Prima,
1302 3317 1444 3383 quod
1482 3317 1741 3373 inusitata
1771 3319 1843 3372 sit

234 3388 241 3395 ’
269 3401 449 3457 Graeca
510 3404 733 3471 phrasis
761 3405 826 3458 ad
860 3406 1068 3474 adepta:
1113 3406 1393 3475 dignitatis
1456 3408 1716 3462 indicium
1749 3413 1843 3461 ἐπὶ

268 3495 355 3546 τοῦ
391 3495 716 3549 κανικλείου
746 3496 1012 3565 ὀχεῖσθαι.
1041 3494 1290 3552 Secunda
1327 3499 1494 3568 quod,
1523 3514 1644 3553 cum
1676 3499 1843 3551 inter-

271 3598 387 3651 pres
413 3586 722 3640 reddiderit
748 3590 835 3641 hic
861 3589 928 3641 ad
960 3590 1273 3659 dignitatem
1300 3590 1465 3652 evehi,
1491 3590 1541 3643 in
1566 3606 1843 3645 commcn-

269 3678 417 3732 tariis
438 3680 652 3745 absque
711 3688 945 3734 auctore
991 3683 1243 3749 exposuit
1272 3684 1596 3744 canicleum,
1632 3694 1688 3737 ut
1715 3700 1841 3753 equo

208 3764 214 3771 ’
268 3770 558 3834 veheretur,
602 3770 656 3823 in
702 3771 903 3836 palatio
965 3772 1057 3840 ius
1122 3773 1400 3827 habuisse.
1463 3773 1665 3837 Tertia,
1719 3792 1840 3829 cum

271 3859 520 3925 prmsenti
558 3860 664 3914 hoc
704 3861 882 3928 capite
914 3868 1133 3915 constet
1190 3872 1469 3917 auctorem
1525 3864 1688 3932 paulo
1724 3874 1844 3933 post

271 3950 641 4005 Andronicum
708 3953 1001 4016 seniorem,
1035 3954 1101 4007 de
1150 3969 1259 4024 quo
1294 3955 1535 4024 scripsit,
1571 3954 1839 4016 ﬂoruisse.

270 4059 373 4096 non
394 4043 762 4112 incongruum
781 4052 863 4095 est
892 4059 1014 4097 eum
1036 4045 1105 4098 de
1128 4056 1406 4115 cozetaneo
1428 4047 1532 4100 sibi
1570 4048 1836 4110 canicleo,

269 4134 355 4201 qui
389 4149 665 4188 consocer
700 4134 1055 4202 imperatoris
1111 4136 1300 4202 fuerit,
1330 4138 1593 4192 habuisse
1627 4153 1837 4192 sermo-

268 4238 423 4278 nem:
465 4225 519 4279 is
564 4235 749 4279 autem
797 4225 899 4279 fuit
926 4226 1242 4297 Νικηφόρος
1279 4232 1305 4282 6
1343 4230 1617 4299 Χοῦμνος,
1676 4246 1834 4300 quem

270 4311 540 4383 Gregoras
590 4316 646 4369 in
691 4317 1007 4370 Andronico
1058 4318 1094 4372 1.
1152 4336 1243 4383 vn,
1302 4336 1352 4386 p.
1396 4320 1497 4375 168
1540 4330 1647 4375 vet.
1679 4322 1833 4379 edit..

267 4404 585 4475 Νικηφόρον
641 4407 734 4458 τὸν
795 4409 890 4459 ἐπὶ
942 4408 1036 4460 τοῦ
1099 4410 1413 4471 κανικλείου
1475 4411 1836 4473 nominat,dc

268 4504 374 4557 quo
433 4491 871 4556 Cantacuzenus,
907 4510 943 4556 ι,
1000 4496 1095 4548 H:
1144 4496 1200 4549 '0
1240 4497 1333 4549 ἐπὶ
1372 4497 1465 4550 τοῦ
1530 4499 1839 4552 κανικλεεου

266 4577 583 4651 Νικηφόρος
615 4582 645 4633 6
690 4581 937 4651 Χοῦμνος
970 4584 1131 4652 σοφὸς
1155 4585 1294 4653 ἀνὴρ
1333 4586 1429 4638 καὶ
1460 4585 1762 4649 Gaviniano;
1783 4589 1840 4640 ὲν

210 4680 220 4690 ’
268 4672 552 4739 φρονήσει,
618 4672 823 4742 πολλῆς
848 4689 906 4725 τε
937 4673 1233 4727 ἀπολαύων
1284 4677 1419 4746 πρὸς
1455 4675 1722 4745 βασιλέως
1749 4677 1837 4729 e6-

268 4761 414 4820 νοέας
445 4778 505 4813 τε
535 4761 633 4813 καὶ
685 4765 872 4832 τιμῆς,
900 4763 966 4815 δι’
1005 4763 1073 4831 ἣν
1101 4766 1195 4816 καὶ
1225 4765 1323 4835 τὴν
1349 4766 1513 4820 αὐτοῦ
1559 4767 1836 4838 θυγατέρα

267 4850 505 4920 Εἰρήνην
523 4854 602 4923 τῷ
636 4854 736 4922 υἱῷ
760 4853 923 4907 αὑτόὖ
942 4854 1183 4929 δεσπότῃ
1220 4856 1444 4929 Ἰωάννῃ
1480 4860 1616 4928 πρὸς
1656 4862 1835 4931 γάμου

269 4946 556 4998 κοινωνίαν
588 4946 796 5015 ἧγαγεν
820 4947 847 5000 6
884 4945 1160 5014 βασιλεύς.
1195 4947 1262 5001 Et
1287 4940 1538 5015 quamvis
1563 4951 1834 5003 Pontanus
1876 4984 1881 4989 ι

268 5034 543 5104 interpres
579 5038 707 5090 olim
748 5039 939 5106 legerit
970 5038 1263 5109 ὀχούμενος
1298 5055 1359 5091 ac
1388 5040 1689 5095 reddiderit
1718 5043 1831 5094 vehi

266 5129 499 5193 solebat,
552 5131 764 5182 nullum
797 5140 980 5184 tamen
1046 5130 1165 5199 ejus
1194 5130 1457 5183 sententia
1478 5132 1835 5201 consequitur

264 5233 518 5283 sensum,
551 5220 598 5273 Ν
607 5222 884 5289 icephorus
914 5222 1003 5292 qui
1028 5221 1260 5276 canicleo
1279 5234 1504 5290 pra’erat
1530 5233 1578 5276 et
1613 5224 1721 5276 vehi
1750 5240 1836 5276 so-

263 5311 430 5366 lebat.
473 5312 598 5367 Eam
623 5317 692 5369 ob
708 5330 819 5367 rem
850 5330 1027 5368 novus
1052 5316 1371 5369 scholiastes
1407 5316 1662 5386 ascripsit
1690 5331 1831 5370 mar-

263 5405 426 5474 gini:
478 5408 743 5476 interpres
794 5408 921 5479 legit
968 5411 1285 5479 ὀχούμενος,
1344 5411 1529 5474 male;
1581 5408 1723 5464 nam
1753 5420 1833 5465 cst

261 5502 289 5551 6
316 5500 597 5569 Χοῦμνος.
640 5502 863 5565 Ultima,
893 5518 1014 5571 qua:
1045 5503 1195 5557 litem
1239 5492 1454 5557 omnem
1501 5504 1733 5567 dirimit,
1762 5520 1828 5556 cx

264 5592 460 5657 Regiis
506 5592 904 5659 exemplaribus
952 5594 1179 5662 petitur.
1206 5595 1259 5647 in
1295 5595 1492 5664 quibus
1532 5611 1636 5648 non
1674 5595 1827 5665 ὀχού-

263 5699 300 5746 μ
337 5700 454 5744 νος,
506 5686 591 5736 Sed
633 5689 659 5736 ὁ
705 5684 950 5752 Χοῦίινος
999 5686 1282 5738 manifeste
1353 5688 1582 5753 legitur;
1639 5698 1687 5740 ct
1751 5702 1815 5741 ex

613 5778 869 5835 l’nuon.
921 5778 1035 5835 Gn.
1084 5777 1315 5836 CLVII.

1943 1759 2146 1812 oderint
2195 1761 2476 1833 avaritiam
2524 1770 2570 1813 et
2603 1776 2689 1813 eos
2721 1760 2871 1812 verba
2894 1768 2941 1812 et
2982 1760 3216 1824 exemplo
3245 1761 3511 1825 justitiam

1941 1851 2158 1919 diligere
2199 1851 2443 1915 doceant,
2503 1852 2786 1905 secundum
2835 1851 3173 1920 Scripturam.
3215 1856 3509 1905 dicentem:

1945 1945 2153 2015 Diligile
2208 1945 2503 2011 justitiam,
2580 1944 2675 2015 qui
2722 1946 2987 2013 judicatis
3038 1957 3257 2000 terram.
3304 1944 3505 1999 Eadem

1942 2038 2103 2102 epist.
2137 2051 2187 2089 c.
2222 2034 2252 2089 6
2285 2054 2297 2088 :
2337 2034 2451 2105 Ipsi
2487 2046 2658 2090 autem
2700 2037 2872 2106 bajuli
2899 2054 3211 2107 magnopere
3234 2040 3507 2105 providere

1942 2137 2124 2189 debent
2152 2152 2215 2190 ne
2251 2152 2405 2201 super
2436 2136 2604 2190 socios
2633 2152 2754 2188 suos
2778 2152 2831 2189 se
2860 2135 3139 2201 extollant,
3173 2136 3264 2188 sed
3295 2133 3502 2206 [agant]

1946 2224 2095 2287 iuxta
2127 2223 2461 2295 Scripturom
2505 2224 2813 2279 dicentem:
2853 2226 3100 2291 «Quanto
3155 2241 3376 2293 magnus
3430 2241 3504 2288 es,

1945 2310 2263 2383 humil.tc
2291 2317 2340 2369 in
2377 2317 2639 2381 omnibus,
2676 2328 2723 2369 et
2778 2333 2955 2369 coram
2988 2316 3091 2368 Deo
3141 2316 3368 2369 invenies
3385 2332 3512 2385 gra-

1946 2406 2091 2459 tiam.
2110 2424 2128 2456 ι
2150 2404 2297 2460 idem
2328 2406 2489 2476 epist.
2508 2406 2562 2469 5,
2582 2405 2662 2459 c.l
2695 2404 2971 2475 :Legimus
3002 2408 3258 2476 quomodo
3281 2407 3512 2460 Alexan-

1947 2496 2038 2547 der
2057 2497 2108 2547 in
2138 2497 2361 2563 pueritia
2390 2514 2483 2549 sua
2506 2496 2686 2549 habuit
2710 2495 2946 2562 bajulum
2982 2498 3187 2549 nomine
3207 2497 3509 2562 Leonidam,

1947 2590 2123 2643 citatis
2184 2589 2417 2642 moribus
2464 2600 2509 2641 et
2553 2590 2897 2653 incomposito
2963 2589 3167 2642 incessu
3206 2589 3510 2651 notabilem,

1947 2697 2063 2750 quo:
2093 2695 2222 2748 puer
2246 2681 2401 2749 quasi
2442 2681 2524 2733 lac
2564 2680 2924 2733 adulterinum
2958 2696 3144 2750 sugens
3178 2682 3243 2734 ob
3269 2698 3331 2735 eo
3361 2698 3509 2735 sum-

1946 2770 2069 2838 psit.
2134 2768 2281 2822 Unde
2323 2769 2378 2822 in
2416 2770 2601 2824 adulta
2636 2780 2788 2823 celate
2835 2771 3045 2838 sapiens
3072 2780 3236 2824 eirea:
3276 2772 3425 2839 [ortis
3457 2788 3510 2826 te

1947 2864 2115 2929 ipsum
2147 2862 2553 2931 reprehendebat
2576 2873 2622 2916 et
2652 2863 2820 2916 vitare
2855 2863 3074 2925 volebat,
3105 2864 3196 2917 sed
3220 2875 3275 2916 ut
3299 2865 3509 2931 legitur,

1950 2968 2065 3006 cum
2103 2954 2281 3005 omnia
2324 2969 2485 3023 regna
2525 2953 2726 3018 vicerit,
2759 2954 2813 3005 in
2854 2953 2950 3006 hoc
3005 2970 3058 3006 se
3113 2956 3279 3019 ipsum
3313 2955 3515 3010 vincere

1871 3035 1915 3091 C
1949 3061 2047 3097 non
2084 3045 2275 3111 potuit.
2316 3043 2511 3098 (ἔπι-ης.

2013 3137 2314 3209 [Βαΐουλοῃ
2366 3139 2456 3205 qui
2529 3136 2761 3204 βάγυλος
2815 3152 3035 3208 quoque
3084 3136 3408 3208 Theophani
3456 3140 3509 3194 in

1942 3227 2124 3282 Leone
2169 3226 2503 3297 Copronymi
2543 3224 2604 3279 Γ.
2655 3228 2938 3291 srribitur,
3000 3229 3296 3302 ἐπίτροπος
3331 3230 3515 3297 καλεῖ-

1941 3332 2053 3377 ται,
2082 3315 2159 3371 ait
2200 3316 2492 3386 Gregoras,
2523 3334 2597 3380 tv,
2632 3318 2684 3372 9.
2720 3318 3102 3388 Moschopulus
3159 3321 3513 3390 παιδαγωγὸν

1928 3408 2037 3458 ’κχὶ
2070 3407 2424 3477 παιδοτρίϐην
2446 3409 2535 3461 τὸν
2570 3409 2817 3477 βαῖουὶον
2841 3412 3059 3466 asserit.
3101 3412 3176 3465 De
3207 3412 3512 3467 Theodosio

1943 3499 2234 3553 Theodosii
2254 3498 2495 3556 Junioris
2536 3502 2719 3573 bajuio
2741 3504 3096 3574 TheOphanes
3123 3515 3178 3559 et
3206 3506 3510 3573 Cedrenus,

1944 3590 1995 3643 in
2022 3604 2181 3657 quem
2230 3605 2330 3645 nos
2376 3592 2502 3661 alia,
2540 3595 2803 3665 pluraque
2839 3592 2943 3649 vir'
2968 3596 3371 3652 eruditissimus
3407 3597 3512 3651 Fa-

1908 3728 1909 3731 η
1947 3682 2133 3736 brotus
2187 3684 2428 3754 collegit,
2462 3701 2527 3741 ac
2561 3701 2590 3739 a
2634 3688 2871 3741 Meursio
2932 3688 3170 3741 diversa.
3205 3688 3327 3742 "rec
3355 3689 3512 3742 nobis

1944 3774 2032 3841 Qui
2068 3790 2268 3842 pueros
2321 3791 2428 3829 non
2460 3777 2701 3846 regimus
2743 3776 2827 3829 de
2855 3777 3041 3844 bajulo
3066 3778 3222 3842 satis,
3273 3791 3339 3830 ne
3372 3775 3512 3831 forte

1908 3862 2118 3917 'alicna
2171 3865 2314 3919 dicta
2377 3866 2481 3920 huc
2509 3876 2869 3935 congerentes
2931 3866 3160 3923 infames
3218 3867 3378 3936 bajuli
3417 3869 3513 3922 liae

1945 3969 2087 4007 mus.
2115 3953 2287 4009 GOAR.

1945 4066 2821 4138 (quantoousaucrton
2862 4069 3159 4125 comam
3231 4073 3313 4127 ac
3383 4074 3511 4133 uu-

2077 4137 2261 4194 ΤΑΤο
2298 4136 2629 4215 NONNIIIIL
2662 4136 2916 4195 ORDINE
2950 4140 3377 4213 DISPOSITUS,

2011 4268 2075 4305 ex
2108 4262 2232 4307 octo
2254 4254 2477 4308 circiter
2508 4254 2692 4323 Regiis
2719 4254 2851 4335 hiSS
2869 4256 2934 4307 ad
2968 4254 3194 4319 invicem
3228 4261 3442 4318 collatis

2555 4335 2892 4391 exscriptus.

2013 4421 2080 4468 α’.
2115 4416 2142 4467 6
2167 4415 2453 4483 δεσπότης.
2515 4414 2580 4485 β’.
2613 4415 2641 4467 6
2670 4415 3146 4487 σεϐαστοκράτωρ.
3213 4418 3281 4487 γ’.
3329 4423 3356 4475 6
3388 4425 3510 4477 καῖ-

1944 4522 2067 4576 σαρ.
2091 4508 2153 4562 δ’.
2185 4506 2213 4559 6
2254 4507 2794 4575 πανυπερσέόαστος.
2832 4508 2891 4563 ε’.
2922 4512 2950 4563 6
2992 4514 3508 4584 πρωτοὸεστιάριος.

1944 4603 2019 4659 ς’.
2054 4597 2082 4649 6
2116 4596 2290 4666 μέγας
2314 4596 2461 4663 δούξ.
2487 4597 2550 4660 ζ’.
2572 4598 2600 4649 6
2632 4600 2801 4666 μέγας
2833 4599 3169 4668 δομέστικος.
3202 4592 3275 4669 ἢο.
3300 4606 3331 4656 6
3364 4622 3508 4674 πρω-

1939 4687 2274 4758 τοστράτωρ.
2304 4686 2369 4741 θ’.
2404 4690 2431 4740 6
2467 4688 2645 4757 μέγας
2679 4688 2989 4757 λογοθέτης.
3027 4697 3075 4744 ι’.
3096 4694 3123 4743 6
3150 4694 3319 4761 μέγας
3346 4711 3511 4763 στραο

1940 4778 2294 4849 τοπεδάρχης.
2330 4780 2417 4833 ια’.
2442 4782 2469 4832 6
2508 4781 2677 4846 μέγας
2702 4781 3122 4848 πριμμικήριος.
3154 4782 3240 4849 ιβ’.
3278 4784 3304 4833 6
3335 4784 3510 4851 μέγας

1941 4871 2316 4933 κονοαταῠλος.
2342 4877 2430 4937 ιγ’.
2464 4871 2491 4922 6
2518 4872 2608 4923 ἐπὶ
2638 4869 2733 4923 τοῦ
2767 4869 3095 4925 κανικλείου.
3149 4870 3209 4924 ιδ’
3217 4913 3231 4927 .
3280 4876 3308 4927 6
3360 4891 3508 4943 πρω-

1938 4958 2280 5018 τοσέϐαστος.
2318 4952 2398 5010 ιε’.
2422 4959 2450 5008 6
2481 4958 2572 5009 ἐπὶ
2597 4960 2819 5028 κέρνης.
2855 4965 2951 5023 ις’.
3008 4961 3036 5012 6
3077 4962 3509 5033 παρακοιμώμε-

1939 5066 2025 5111 νος
2046 5049 2144 5118 τῆς
2182 5048 2422 5118 μεγάλης
2465 5048 2774 5117 σφενδόνης.
2830 5051 2916 5114 ιζ’.
2946 5053 2973 5104 6
3008 5054 3506 5125 rrapzxmptbpevo;

1936 5139 2030 5193 τοῦ
2061 5139 2341 5202 κοιτῶνος.
2383 5137 2473 5207 ιη’.
2503 5142 2531 5191 6
2566 5140 2739 5209 μέγας
2773 5141 3039 5229 βαῖουλος.
3113 5144 3203 5199 t0'.
3256 5149 3285 5199 6
3320 5165 3508 5217 κουρο-

1938 5230 2204 5298 παλὰτης.
2240 5237 2309 5282 κ’.
2342 5231 2369 5281 6
2408 5228 2966 5302 npuroﬁsattapirqg.
2995 5231 3099 5288 xa'.
3143 5235 3507 5306 ὀδομέστικος

1935 5322 2033 5387 τῆς
2066 5319 2349 5387 βασιλικῆς
2378 5320 2675 5390 τραπέζης.
2708 5320 2813 5391 κβ’.
2838 5324 2865 5375 6
2895 5323 2985 5375 ἐπὶ
3013 5324 3309 5396 τραπέζης.
3339 5334 3442 5394 κγ’.
3478 5332 3506 5384 6

1934 5411 2224 5481 λογοθέτης
2257 5409 2348 5463 τοῦ
2379 5411 2620 5467 Γενικοῦ.
2652 5410 2755 5466 κδ’.
2802 5416 2830 5467 6
2862 5414 3033 5484 μέγας
3069 5417 3299 5479 παπίας.
3354 5416 3452 5473 κε’.
3476 5423 3508 5475 6

1934 5503 2194 5572 ἐποιρκος·
2262 5498 2375 5565 κξό
2407 5502 2435 5554 ὁ
2486 5502 2656 5572 μέγας
2684 5504 3065 5577 δρθυγγάριοις
3096 5510 3193 5576 τῆς
3228 5511 3505 5582 βασιλικῆς

1938 5594 2146 5663 βίγλης.
2176 5593 2279 5658 κζ’.
2303 5595 2332 5645 ὁ
2359 5596 2525 5663 μέγας
2559 5597 2969 5668 ὲταιρειάρχης.
3028 5598 3135 5667 κη’.
3160 5604 3188 5654 6
3218 5602 3507 5676 λογοθέτης

1930 5686 2018 5741 τοῦ
2061 5686 2281 5757 δρόμου.
2350 5689 2451 5742 κο’.
2509 5692 2533 5741 6
2578 5688 2782 5752 ὕπατος
2818 5682 2938 5742 ’τῶν
2988 5692 3310 5763 φιλοσόφων.
3373 5695 3439 5753 λ’.
3477 5700 3504 5751 ὁ

2991 5788 3031 5849 8
